  <div class='ocr_page' id='page_1' title='image "/cluster/home/n/w/nwhite01/storage/ocr_20150623/56/nnc1.0114695758/412.png"; bbox 0 0 3982 6218; ppageno 0'>
   <div class='ocr_carea' id='block_1_1' title="bbox 208 384 324 439">
    <p class='ocr_par' dir='ltr' id='par_1_1' title="bbox 208 384 324 439">
     <span class='ocr_line' id='line_1_1' title="bbox 208 384 324 439; baseline 0.043 -5"><span class='ocrx_word' id='word_1_1' title='bbox 208 384 324 439; x_wconf 79' lang='grc'>423</span> 
     </span>
    </p>
   </div>
   <div class='ocr_carea' id='block_1_2' title="bbox 280 502 1757 574">
    <p class='ocr_par' dir='ltr' id='par_1_2' title="bbox 280 502 1757 574">
     <span class='ocr_line' id='line_1_2' title="bbox 280 502 1757 574; baseline -0.007 -20"><span class='ocrx_word' id='word_1_2' title='bbox 280 509 352 564; x_wconf 85' lang='grc' dir='ltr'>ς’.</span> <span class='ocrx_word' id='word_1_3' title='bbox 405 502 618 572; x_wconf 81' lang='grc' dir='ltr'>Ἐπειδὴ</span> <span class='ocrx_word' id='word_1_4' title='bbox 647 504 736 556; x_wconf 82' lang='grc' dir='ltr'>τὸν</span> <span class='ocrx_word' id='word_1_5' title='bbox 764 504 955 574; x_wconf 76' lang='grc' dir='ltr'>ἐχθρὸν</span> <span class='ocrx_word' id='word_1_6' title='bbox 987 505 1264 573; x_wconf 74' lang='grc' dir='ltr'>γυμνάξω,</span> <span class='ocrx_word' id='word_1_7' title='bbox 1293 503 1464 558; x_wconf 86' lang='grc' dir='ltr'>ταῦτά</span> <span class='ocrx_word' id='word_1_8' title='bbox 1496 522 1583 574; x_wconf 92' lang='grc' dir='ltr'>μοι</span> <span class='ocrx_word' id='word_1_9' title='bbox 1608 507 1757 574; x_wconf 86' lang='grc' dir='ltr'>εἴρη-</span> 
     </span>
    </p>
   </div>
   <div class='ocr_carea' id='block_1_3' title="bbox 199 590 1761 662">
    <p class='ocr_par' dir='ltr' id='par_1_3' title="bbox 199 590 1761 662">
     <span class='ocr_line' id='line_1_3' title="bbox 199 590 1761 662; baseline 0.004 -21"><span class='ocrx_word' id='word_1_10' title='bbox 199 605 328 654; x_wconf 86' lang='grc' dir='ltr'>ται,</span> <span class='ocrx_word' id='word_1_11' title='bbox 361 590 446 642; x_wconf 83' lang='grc' dir='ltr'>ἵνα</span> <span class='ocrx_word' id='word_1_12' title='bbox 479 593 610 662; x_wconf 86' lang='grc' dir='ltr'>μηδέ</span> <span class='ocrx_word' id='word_1_13' title='bbox 637 610 776 656; x_wconf 88' lang='grc' dir='ltr'>τινες</span> <span class='ocrx_word' id='word_1_14' title='bbox 802 595 908 646; x_wconf 84' lang='grc' dir='ltr'>τῶν</span> <span class='ocrx_word' id='word_1_15' title='bbox 936 594 1235 648; x_wconf 76' lang='grc' dir='ltr'>διαϐάλλειν</span> <span class='ocrx_word' id='word_1_16' title='bbox 1265 596 1555 662; x_wconf 80' lang='grc' dir='ltr'>φιλούντων</span> <span class='ocrx_word' id='word_1_17' title='bbox 1593 597 1761 648; x_wconf 84' lang='grc' dir='ltr'>εῐπω-</span> 
     </span>
    </p>
   </div>
   <div class='ocr_carea' id='block_1_4' title="bbox 203 680 1761 753">
    <p class='ocr_par' dir='ltr' id='par_1_4' title="bbox 203 680 1761 753">
     <span class='ocr_line' id='line_1_4' title="bbox 203 680 1761 753; baseline 0.006 -22"><span class='ocrx_word' id='word_1_18' title='bbox 203 697 311 731; x_wconf 81' lang='grc' dir='ltr'>σιν·</span> <span class='ocrx_word' id='word_1_19' title='bbox 343 682 482 751; x_wconf 87' lang='grc' dir='ltr'>Ὅρα</span> <span class='ocrx_word' id='word_1_20' title='bbox 510 683 622 747; x_wconf 84' lang='grc' dir='ltr'>πῶς</span> <span class='ocrx_word' id='word_1_21' title='bbox 643 680 813 746; x_wconf 73' lang='grc' dir='ltr'>εἶπεν,</span> <span class='ocrx_word' id='word_1_22' title='bbox 833 685 911 736; x_wconf 82' lang='grc' dir='ltr'>ὅτι</span> <span class='ocrx_word' id='word_1_23' title='bbox 939 686 1111 737; x_wconf 89' lang='grc' dir='ltr'>πάντα</span> <span class='ocrx_word' id='word_1_24' title='bbox 1131 686 1220 738; x_wconf 91' lang='grc' dir='ltr'>τοῦ</span> <span class='ocrx_word' id='word_1_25' title='bbox 1251 684 1377 737; x_wconf 88' lang='grc' dir='ltr'>Υἰοῦ</span> <span class='ocrx_word' id='word_1_26' title='bbox 1405 688 1538 749; x_wconf 82' lang='grc' dir='ltr'>ἐστι,</span> <span class='ocrx_word' id='word_1_27' title='bbox 1558 689 1668 753; x_wconf 68' lang='grc' dir='ltr'>καὶ,</span> <span class='ocrx_word' id='word_1_28' title='bbox 1701 687 1761 740; x_wconf 86' lang='lat'>&#39;0</span> 
     </span>
    </p>
   </div>
   <div class='ocr_carea' id='block_1_5' title="bbox 204 768 1761 846">
    <p class='ocr_par' dir='ltr' id='par_1_5' title="bbox 204 768 1761 846">
     <span class='ocr_line' id='line_1_5' title="bbox 204 768 1761 846; baseline 0.005 -25"><span class='ocrx_word' id='word_1_29' title='bbox 204 768 332 833; x_wconf 83' lang='grc' dir='ltr'>Υἶδς</span> <span class='ocrx_word' id='word_1_30' title='bbox 348 772 656 839; x_wconf 78' lang='grc' dir='ltr'>φθέγγεται,</span> <span class='ocrx_word' id='word_1_31' title='bbox 676 775 765 826; x_wconf 73' lang='grc' dir='ltr'>καὶ</span> <span class='ocrx_word' id='word_1_32' title='bbox 788 774 1060 838; x_wconf 78' lang='grc' dir='ltr'>ἀπέδειξεν</span> <span class='ocrx_word' id='word_1_33' title='bbox 1088 775 1185 843; x_wconf 87' lang='grc' dir='ltr'>μὲν</span> <span class='ocrx_word' id='word_1_34' title='bbox 1202 775 1480 844; x_wconf 83' lang='grc' dir='ltr'>ἀλλοτρίαν</span> <span class='ocrx_word' id='word_1_35' title='bbox 1504 775 1601 844; x_wconf 83' lang='grc' dir='ltr'>τὴν</span> <span class='ocrx_word' id='word_1_36' title='bbox 1631 794 1761 846; x_wconf 85' lang='grc' dir='ltr'>προ-</span> 
     </span>
    </p>
   </div>
   <div class='ocr_carea' id='block_1_6' title="bbox 206 861 1760 936">
    <p class='ocr_par' dir='ltr' id='par_1_6' title="bbox 206 861 1760 936">
     <span class='ocr_line' id='line_1_6' title="bbox 206 861 1760 936; baseline 0.004 -25"><span class='ocrx_word' id='word_1_37' title='bbox 206 861 433 928; x_wconf 78' lang='grc' dir='ltr'>φητείαν</span> <span class='ocrx_word' id='word_1_38' title='bbox 463 861 554 913; x_wconf 89' lang='grc' dir='ltr'>τοῦ</span> <span class='ocrx_word' id='word_1_39' title='bbox 577 863 804 932; x_wconf 85' lang='grc' dir='ltr'>Πατρὸς,</span> <span class='ocrx_word' id='word_1_40' title='bbox 825 863 968 935; x_wconf 71' lang='grc'>[429]</span> <span class='ocrx_word' id='word_1_41' title='bbox 995 863 1126 916; x_wconf 74' lang='grc' dir='ltr'>ἰδίαν</span> <span class='ocrx_word' id='word_1_42' title='bbox 1144 863 1198 916; x_wconf 86' lang='grc' dir='ltr'>δὲ</span> <span class='ocrx_word' id='word_1_43' title='bbox 1226 864 1319 918; x_wconf 90' lang='grc' dir='ltr'>τοῦ</span> <span class='ocrx_word' id='word_1_44' title='bbox 1347 865 1488 920; x_wconf 87' lang='grc' dir='ltr'>Υίοῦ.</span> <span class='ocrx_word' id='word_1_45' title='bbox 1525 865 1760 936; x_wconf 82' lang='grc' dir='ltr'>’Ἑστηκέ</span> 
     </span>
    </p>
   </div>
   <div class='ocr_carea' id='block_1_7' title="bbox 204 950 1761 1022">
    <p class='ocr_par' dir='ltr' id='par_1_7' title="bbox 204 950 1761 1022">
     <span class='ocr_line' id='line_1_7' title="bbox 204 950 1761 1022; baseline 0.006 -22"><span class='ocrx_word' id='word_1_46' title='bbox 204 966 296 1018; x_wconf 87' lang='grc' dir='ltr'>μοι</span> <span class='ocrx_word' id='word_1_47' title='bbox 343 950 633 1013; x_wconf 75' lang='grc' dir='ltr'>ἀσάλευτος</span> <span class='ocrx_word' id='word_1_48' title='bbox 665 953 692 1002; x_wconf 97' lang='lat'>6</span> <span class='ocrx_word' id='word_1_49' title='bbox 723 954 846 1021; x_wconf 86' lang='grc' dir='ltr'>ὄρος</span> <span class='ocrx_word' id='word_1_50' title='bbox 891 954 989 1021; x_wconf 62' lang='grc' dir='ltr'>τῆς</span> <span class='ocrx_word' id='word_1_51' title='bbox 1032 954 1283 1017; x_wconf 86' lang='grc' dir='ltr'>πίστεως.</span> <span class='ocrx_word' id='word_1_52' title='bbox 1343 956 1511 1022; x_wconf 86' lang='grc' dir='ltr'>Ἀγών</span> <span class='ocrx_word' id='word_1_53' title='bbox 1541 959 1655 1009; x_wconf 75' lang='grc' dir='ltr'>ἐστι</span> <span class='ocrx_word' id='word_1_54' title='bbox 1700 957 1761 1009; x_wconf 81' lang='grc' dir='ltr'>τὸ</span> 
     </span>
    </p>
   </div>
   <div class='ocr_carea' id='block_1_8' title="bbox 201 1039 1761 1116">
    <p class='ocr_par' dir='ltr' id='par_1_8' title="bbox 201 1039 1761 1116">
     <span class='ocr_line' id='line_1_8' title="bbox 201 1039 1761 1116; baseline 0.007 -27"><span class='ocrx_word' id='word_1_55' title='bbox 201 1039 621 1110; x_wconf 77' lang='grc' dir='ltr'>γυμναζόμενον.</span> <span class='ocrx_word' id='word_1_56' title='bbox 651 1043 904 1112; x_wconf 87' lang='grc' dir='ltr'>Δείκνυμι</span> <span class='ocrx_word' id='word_1_57' title='bbox 933 1042 1162 1096; x_wconf 77' lang='grc' dir='ltr'>ἐνταῦθα</span> <span class='ocrx_word' id='word_1_58' title='bbox 1187 1044 1277 1096; x_wconf 83' lang='grc' dir='ltr'>τὸν</span> <span class='ocrx_word' id='word_1_59' title='bbox 1309 1047 1428 1098; x_wconf 83' lang='grc' dir='ltr'>Υίὸν</span> <span class='ocrx_word' id='word_1_60' title='bbox 1459 1046 1761 1116; x_wconf 87' lang='grc' dir='ltr'>φθεγγόμε-</span> 
     </span>
    </p>
   </div>
   <div class='ocr_carea' id='block_1_9' title="bbox 201 1132 1760 1208">
    <p class='ocr_par' dir='ltr' id='par_1_9' title="bbox 201 1132 1760 1208">
     <span class='ocr_line' id='line_1_9' title="bbox 201 1132 1760 1208; baseline 0.006 -26"><span class='ocrx_word' id='word_1_61' title='bbox 201 1147 312 1191; x_wconf 89' lang='grc' dir='ltr'>νον,</span> <span class='ocrx_word' id='word_1_62' title='bbox 339 1132 429 1183; x_wconf 74' lang='grc' dir='ltr'>καὶ</span> <span class='ocrx_word' id='word_1_63' title='bbox 456 1133 582 1185; x_wconf 82' lang='grc' dir='ltr'>ὅταν</span> <span class='ocrx_word' id='word_1_64' title='bbox 612 1150 668 1184; x_wconf 88' lang='grc' dir='ltr'>σε</span> <span class='ocrx_word' id='word_1_65' title='bbox 693 1133 883 1197; x_wconf 87' lang='grc' dir='ltr'>πείσω,</span> <span class='ocrx_word' id='word_1_66' title='bbox 911 1135 1033 1187; x_wconf 89' lang='grc' dir='ltr'>τότε</span> <span class='ocrx_word' id='word_1_67' title='bbox 1061 1136 1293 1202; x_wconf 76' lang='grc' dir='ltr'>ἐμαυτὸν</span> <span class='ocrx_word' id='word_1_68' title='bbox 1321 1137 1509 1200; x_wconf 89' lang='grc' dir='ltr'>πείθω,</span> <span class='ocrx_word' id='word_1_69' title='bbox 1541 1138 1760 1208; x_wconf 83' lang='grc' dir='ltr'>Πατέρα</span> 
     </span>
    </p>
   </div>
   <div class='ocr_carea' id='block_1_10' title="bbox 200 1216 1758 1293">
    <p class='ocr_par' dir='ltr' id='par_1_10' title="bbox 200 1216 1758 1293">
     <span class='ocr_line' id='line_1_10' title="bbox 200 1216 1758 1293; baseline 0.006 -24"><span class='ocrx_word' id='word_1_70' title='bbox 200 1216 460 1270; x_wconf 77' lang='grc' dir='ltr'>λαλοῦντα</span> <span class='ocrx_word' id='word_1_71' title='bbox 480 1257 494 1280; x_wconf 96' lang='grc'>,</span> <span class='ocrx_word' id='word_1_72' title='bbox 530 1218 655 1271; x_wconf 79' lang='grc' dir='ltr'>Υίὸν</span> <span class='ocrx_word' id='word_1_73' title='bbox 683 1221 1035 1290; x_wconf 79' lang='grc' dir='ltr'>κηρύττοντά,</span> <span class='ocrx_word' id='word_1_74' title='bbox 1061 1223 1120 1274; x_wconf 81' lang='grc' dir='ltr'>τὸ</span> <span class='ocrx_word' id='word_1_75' title='bbox 1147 1223 1366 1293; x_wconf 82' lang='grc' dir='ltr'>Πνεῦμα</span> <span class='ocrx_word' id='word_1_76' title='bbox 1389 1226 1450 1278; x_wconf 84' lang='grc' dir='ltr'>τὸ</span> <span class='ocrx_word' id='word_1_77' title='bbox 1483 1227 1636 1292; x_wconf 75' lang='grc' dir='ltr'>ἅγιον</span> <span class='ocrx_word' id='word_1_78' title='bbox 1679 1227 1758 1279; x_wconf 74' lang='grc' dir='ltr'>θερ</span> 
     </span>
    </p>
   </div>
   <div class='ocr_carea' id='block_1_11' title="bbox 202 1307 1757 1381">
    <p class='ocr_par' dir='ltr' id='par_1_11' title="bbox 202 1307 1757 1381">
     <span class='ocr_line' id='line_1_11' title="bbox 202 1307 1757 1381; baseline 0.008 -23"><span class='ocrx_word' id='word_1_79' title='bbox 202 1307 409 1368; x_wconf 79' lang='grc' dir='ltr'>σπίζον.</span> <span class='ocrx_word' id='word_1_80' title='bbox 461 1307 607 1374; x_wconf 85' lang='grc' dir='ltr'>Ἐγὼ</span> <span class='ocrx_word' id='word_1_81' title='bbox 642 1309 891 1374; x_wconf 81' lang='grc' dir='ltr'>πρῶτον,</span> <span class='ocrx_word' id='word_1_82' title='bbox 921 1311 1036 1379; x_wconf 88' lang='grc' dir='ltr'>ἐγὼ</span> <span class='ocrx_word' id='word_1_83' title='bbox 1066 1312 1164 1364; x_wconf 77' lang='grc' dir='ltr'>καὶ</span> <span class='ocrx_word' id='word_1_84' title='bbox 1206 1316 1356 1381; x_wconf 86' lang='grc' dir='ltr'>μετὰ</span> <span class='ocrx_word' id='word_1_85' title='bbox 1407 1315 1624 1379; x_wconf 83' lang='grc' dir='ltr'>ταῦτα,</span> <span class='ocrx_word' id='word_1_86' title='bbox 1659 1318 1757 1371; x_wconf 75' lang='grc' dir='ltr'>καὶ</span> 
     </span>
    </p>
   </div>
   <div class='ocr_carea' id='block_1_12' title="bbox 199 1391 1756 1473">
    <p class='ocr_par' dir='ltr' id='par_1_12' title="bbox 199 1391 1756 1473">
     <span class='ocr_line' id='line_1_12' title="bbox 199 1391 1756 1473; baseline 0.011 -32"><span class='ocrx_word' id='word_1_87' title='bbox 199 1391 368 1457; x_wconf 76' lang='grc' dir='ltr'>πλὴν</span> <span class='ocrx_word' id='word_1_88' title='bbox 412 1393 559 1459; x_wconf 81' lang='grc' dir='ltr'>ἐμοῦ</span> <span class='ocrx_word' id='word_1_89' title='bbox 592 1393 732 1458; x_wconf 85' lang='grc' dir='ltr'>Θεὸς</span> <span class='ocrx_word' id='word_1_90' title='bbox 773 1398 882 1449; x_wconf 86' lang='grc' dir='ltr'>οὐκ</span> <span class='ocrx_word' id='word_1_91' title='bbox 927 1397 1116 1452; x_wconf 81' lang='grc' dir='ltr'>ἐστιν.</span> <span class='ocrx_word' id='word_1_92' title='bbox 1169 1404 1305 1454; x_wconf 83' lang='grc' dir='ltr'>Κατ’</span> <span class='ocrx_word' id='word_1_93' title='bbox 1349 1403 1492 1471; x_wconf 89' lang='grc' dir='ltr'>ἐμοῦ</span> <span class='ocrx_word' id='word_1_94' title='bbox 1541 1407 1756 1473; x_wconf 83' lang='grc' dir='ltr'>ὀμνύω.</span> 
     </span>
    </p>
   </div>
   <div class='ocr_carea' id='block_1_13' title="bbox 199 1477 1759 1556">
    <p class='ocr_par' dir='ltr' id='par_1_13' title="bbox 199 1477 1759 1556">
     <span class='ocr_line' id='line_1_13' title="bbox 199 1477 1759 1556; baseline 0.012 -29"><span class='ocrx_word' id='word_1_95' title='bbox 199 1477 296 1540; x_wconf 87' lang='grc' dir='ltr'>Τίς</span> <span class='ocrx_word' id='word_1_96' title='bbox 330 1480 476 1531; x_wconf 75' lang='grc' dir='ltr'>ἐστιν</span> <span class='ocrx_word' id='word_1_97' title='bbox 505 1482 532 1531; x_wconf 98' lang='lat'>6</span> <span class='ocrx_word' id='word_1_98' title='bbox 574 1481 764 1548; x_wconf 88' lang='grc' dir='ltr'>λέγων,</span> <span class='ocrx_word' id='word_1_99' title='bbox 808 1484 888 1536; x_wconf 86' lang='grc' dir='ltr'>ὃτι</span> <span class='ocrx_word' id='word_1_100' title='bbox 947 1485 1090 1554; x_wconf 83' lang='grc' dir='ltr'>Ἐγώ</span> <span class='ocrx_word' id='word_1_101' title='bbox 1124 1490 1272 1556; x_wconf 86' lang='grc' dir='ltr'>ειμι,</span> <span class='ocrx_word' id='word_1_102' title='bbox 1305 1491 1402 1544; x_wconf 78' lang='grc' dir='ltr'>καὶ</span> <span class='ocrx_word' id='word_1_103' title='bbox 1435 1495 1543 1545; x_wconf 79' lang='grc' dir='ltr'>οὐκ</span> <span class='ocrx_word' id='word_1_104' title='bbox 1591 1494 1759 1546; x_wconf 76' lang='grc' dir='ltr'>ἐστιν</span> 
     </span>
    </p>
   </div>
   <div class='ocr_carea' id='block_1_14' title="bbox 199 1567 1757 1647">
    <p class='ocr_par' dir='ltr' id='par_1_14' title="bbox 199 1567 1757 1647">
     <span class='ocr_line' id='line_1_14' title="bbox 199 1567 1757 1647; baseline 0.012 -29"><span class='ocrx_word' id='word_1_105' title='bbox 199 1567 428 1631; x_wconf 55' lang='lat' dir='ltr'>illoc;</span> <span class='ocrx_word' id='word_1_106' title='bbox 478 1571 570 1622; x_wconf 71' lang='grc' dir='ltr'>καὶ</span> <span class='ocrx_word' id='word_1_107' title='bbox 607 1572 687 1623; x_wconf 87' lang='grc' dir='ltr'>ὅτι</span> <span class='ocrx_word' id='word_1_108' title='bbox 746 1573 839 1626; x_wconf 83' lang='grc' dir='ltr'>Ἐκ</span> <span class='ocrx_word' id='word_1_109' title='bbox 881 1577 1177 1643; x_wconf 88' lang='grc' dir='ltr'>στόματός</span> <span class='ocrx_word' id='word_1_110' title='bbox 1220 1596 1338 1647; x_wconf 83' lang='grc' dir='ltr'>μου</span> <span class='ocrx_word' id='word_1_111' title='bbox 1379 1581 1757 1644; x_wconf 80' lang='grc' dir='ltr'>ἐξελεύσεται</span> 
     </span>
    </p>
   </div>
   <div class='ocr_carea' id='block_1_15' title="bbox 196 1656 1758 1745">
    <p class='ocr_par' dir='ltr' id='par_1_15' title="bbox 196 1656 1758 1745">
     <span class='ocr_line' id='line_1_15' title="bbox 196 1656 1758 1745; baseline 0.015 -36"><span class='ocrx_word' id='word_1_112' title='bbox 196 1656 581 1728; x_wconf 80' lang='grc' dir='ltr'>δικαιοσύνη;</span> <span class='ocrx_word' id='word_1_113' title='bbox 614 1663 726 1725; x_wconf 81' lang='grc' dir='ltr'>καὶ,</span> <span class='ocrx_word' id='word_1_114' title='bbox 776 1667 838 1716; x_wconf 81' lang='grc' dir='ltr'><em>Οὶ</em></span> <span class='ocrx_word' id='word_1_115' title='bbox 872 1666 1034 1734; x_wconf 84' lang='grc' dir='ltr'>λόγοι</span> <span class='ocrx_word' id='word_1_116' title='bbox 1074 1686 1193 1736; x_wconf 92' lang='grc' dir='ltr'>μου</span> <span class='ocrx_word' id='word_1_117' title='bbox 1232 1673 1343 1724; x_wconf 88' lang='grc' dir='ltr'>οὐκ</span> <span class='ocrx_word' id='word_1_118' title='bbox 1373 1673 1758 1745; x_wconf 75' lang='grc' dir='ltr'>ἀποστραφή-</span> 
     </span>
    </p>
   </div>
   <div class='ocr_carea' id='block_1_16' title="bbox 195 1751 1756 1828">
    <p class='ocr_par' dir='ltr' id='par_1_16' title="bbox 195 1751 1756 1828">
     <span class='ocr_line' id='line_1_16' title="bbox 195 1751 1756 1828; baseline 0.014 -29"><span class='ocrx_word' id='word_1_119' title='bbox 195 1762 428 1802; x_wconf 80' lang='grc' dir='ltr'>σονταιο</span> <span class='ocrx_word' id='word_1_120' title='bbox 477 1751 564 1804; x_wconf 86' lang='grc' dir='ltr'>ὅτι</span> <span class='ocrx_word' id='word_1_121' title='bbox 613 1752 738 1820; x_wconf 76' lang='grc' dir='ltr'>ἐμοὶ</span> <span class='ocrx_word' id='word_1_122' title='bbox 790 1754 1009 1824; x_wconf 79' lang='grc' dir='ltr'>κάμψει</span> <span class='ocrx_word' id='word_1_123' title='bbox 1054 1757 1176 1812; x_wconf 85' lang='grc' dir='ltr'>πᾶν</span> <span class='ocrx_word' id='word_1_124' title='bbox 1221 1761 1399 1828; x_wconf 80' lang='grc' dir='ltr'>γόνυ,</span> <span class='ocrx_word' id='word_1_125' title='bbox 1449 1765 1546 1817; x_wconf 79' lang='grc' dir='ltr'>καὶ</span> <span class='ocrx_word' id='word_1_126' title='bbox 1590 1767 1756 1820; x_wconf 86' lang='grc' dir='ltr'>πᾶσα</span> 
     </span>
    </p>
   </div>
   <div class='ocr_carea' id='block_1_17' title="bbox 195 1837 1756 1921">
    <p class='ocr_par' dir='ltr' id='par_1_17' title="bbox 195 1837 1756 1921">
     <span class='ocr_line' id='line_1_17' title="bbox 195 1837 1756 1921; baseline 0.012 -30"><span class='ocrx_word' id='word_1_127' title='bbox 195 1837 446 1905; x_wconf 82' lang='grc' dir='ltr'>γλῶσσα</span> <span class='ocrx_word' id='word_1_128' title='bbox 469 1841 967 1910; x_wconf 72' lang='grc' dir='ltr'>ἐξομολογήσεται</span> <span class='ocrx_word' id='word_1_129' title='bbox 995 1849 1144 1901; x_wconf 90' lang='grc' dir='ltr'>Θεὸν</span> <span class='ocrx_word' id='word_1_130' title='bbox 1169 1850 1274 1902; x_wconf 87' lang='grc' dir='ltr'>τὸν</span> <span class='ocrx_word' id='word_1_131' title='bbox 1293 1852 1613 1919; x_wconf 82' lang='grc' dir='ltr'>ἀληθινόν;</span> <span class='ocrx_word' id='word_1_132' title='bbox 1635 1858 1756 1921; x_wconf 85' lang='grc' dir='ltr'>Πῶς</span> 
     </span>
    </p>
   </div>
   <div class='ocr_carea' id='block_1_18' title="bbox 191 1927 1756 2012">
    <p class='ocr_par' dir='ltr' id='par_1_18' title="bbox 191 1927 1756 2012">
     <span class='ocr_line' id='line_1_18' title="bbox 191 1927 1756 2012; baseline 0.013 -33"><span class='ocrx_word' id='word_1_133' title='bbox 191 1927 349 1996; x_wconf 80' lang='grc' dir='ltr'>τίθης</span> <span class='ocrx_word' id='word_1_134' title='bbox 371 1929 432 1981; x_wconf 87' lang='grc' dir='ltr'>τὺ</span> <span class='ocrx_word' id='word_1_135' title='bbox 458 1931 635 1999; x_wconf 60' lang='lat' dir='ltr'>pium;</span> <span class='ocrx_word' id='word_1_136' title='bbox 663 1934 740 1996; x_wconf 90' lang='grc' dir='ltr'>είς</span> <span class='ocrx_word' id='word_1_137' title='bbox 761 1935 880 1987; x_wconf 87' lang='grc' dir='ltr'>τίνα</span> <span class='ocrx_word' id='word_1_138' title='bbox 902 1937 1254 2006; x_wconf 77' lang='grc' dir='ltr'>ὲκλαμϐάνεις</span> <span class='ocrx_word' id='word_1_139' title='bbox 1273 1941 1332 1993; x_wconf 83' lang='grc' dir='ltr'>τὸ</span> <span class='ocrx_word' id='word_1_140' title='bbox 1357 1943 1523 2012; x_wconf 78' lang='grc' dir='ltr'>ὄνομα</span> <span class='ocrx_word' id='word_1_141' title='bbox 1543 1963 1558 2012; x_wconf 89' lang='lat'><strong>;</strong></span> <span class='ocrx_word' id='word_1_142' title='bbox 1599 1948 1756 2001; x_wconf 82' lang='grc' dir='ltr'>Ἀλλά</span> 
     </span>
    </p>
   </div>
   <div class='ocr_carea' id='block_1_19' title="bbox 197 2018 1754 2104">
    <p class='ocr_par' dir='ltr' id='par_1_19' title="bbox 197 2018 1754 2104">
     <span class='ocr_line' id='line_1_19' title="bbox 197 2018 1754 2104; baseline 0.013 -36"><span class='ocrx_word' id='word_1_143' title='bbox 197 2018 335 2086; x_wconf 88' lang='grc' dir='ltr'>μήτε</span> <span class='ocrx_word' id='word_1_144' title='bbox 357 2021 420 2072; x_wconf 86' lang='grc' dir='ltr'>σὺ</span> <span class='ocrx_word' id='word_1_145' title='bbox 448 2020 618 2088; x_wconf 76' lang='grc' dir='ltr'>φράζε</span> <span class='ocrx_word' id='word_1_146' title='bbox 645 2023 681 2074; x_wconf 79' lang='grc' dir='ltr'><strong>ἃ</strong></span> <span class='ocrx_word' id='word_1_147' title='bbox 713 2022 784 2092; x_wconf 78' lang='grc' dir='ltr'>μὴ</span> <span class='ocrx_word' id='word_1_148' title='bbox 827 2022 971 2087; x_wconf 76' lang='grc' dir='ltr'>οἶδας</span> <span class='ocrx_word' id='word_1_149' title='bbox 992 2067 1006 2090; x_wconf 95' lang='grc'>,</span> <span class='ocrx_word' id='word_1_150' title='bbox 1040 2028 1172 2096; x_wconf 79' lang='grc' dir='ltr'>μήτε</span> <span class='ocrx_word' id='word_1_151' title='bbox 1219 2028 1328 2096; x_wconf 77' lang='grc' dir='ltr'>ἐγὼ</span> <span class='ocrx_word' id='word_1_152' title='bbox 1357 2032 1754 2104; x_wconf 67' lang='grc' dir='ltr'>ἐπαγγέλλομαι</span> 
     </span>
    </p>
   </div>
   <div class='ocr_carea' id='block_1_20' title="bbox 192 2104 1751 2186">
    <p class='ocr_par' dir='ltr' id='par_1_20' title="bbox 192 2104 1751 2186">
     <span class='ocr_line' id='line_1_20' title="bbox 192 2104 1751 2186; baseline 0.01 -31"><span class='ocrx_word' id='word_1_153' title='bbox 192 2104 230 2156; x_wconf 75' lang='grc' dir='ltr'>ἃ.</span> <span class='ocrx_word' id='word_1_154' title='bbox 265 2106 340 2176; x_wconf 84' lang='grc' dir='ltr'>μὴ</span> <span class='ocrx_word' id='word_1_155' title='bbox 380 2108 690 2179; x_wconf 78' lang='grc' dir='ltr'>ἐπίσταμαι.</span> <span class='ocrx_word' id='word_1_156' title='bbox 738 2111 1209 2181; x_wconf 85' lang='grc' dir='ltr'>Ἀκολουθήσωμεν</span> <span class='ocrx_word' id='word_1_157' title='bbox 1253 2116 1552 2186; x_wconf 78' lang='grc' dir='ltr'>διδασκάλῳ</span> <span class='ocrx_word' id='word_1_158' title='bbox 1588 2135 1751 2171; x_wconf 90' lang='grc' dir='ltr'>πνευ-</span> 
     </span>
    </p>
   </div>
   <div class='ocr_carea' id='block_1_21' title="bbox 193 2197 1750 2277">
    <p class='ocr_par' dir='ltr' id='par_1_21' title="bbox 193 2197 1750 2277">
     <span class='ocr_line' id='line_1_21' title="bbox 193 2197 1750 2277; baseline 0.01 -29"><span class='ocrx_word' id='word_1_159' title='bbox 193 2197 440 2266; x_wconf 81' lang='grc' dir='ltr'>ματικῷ,</span> <span class='ocrx_word' id='word_1_160' title='bbox 486 2199 760 2269; x_wconf 81' lang='grc' dir='ltr'>δυναμένῳ</span> <span class='ocrx_word' id='word_1_161' title='bbox 787 2203 931 2271; x_wconf 78' lang='grc' dir='ltr'>ἡμᾶς</span> <span class='ocrx_word' id='word_1_162' title='bbox 963 2206 1238 2274; x_wconf 79' lang='grc' dir='ltr'>στοιχῆσαι</span> <span class='ocrx_word' id='word_1_163' title='bbox 1280 2206 1416 2277; x_wconf 86' lang='grc' dir='ltr'>πρὸς</span> <span class='ocrx_word' id='word_1_164' title='bbox 1455 2210 1750 2262; x_wconf 81' lang='grc' dir='ltr'>εὐσέϐειαν.</span> 
     </span>
    </p>
   </div>
   <div class='ocr_carea' id='block_1_22' title="bbox 189 2287 1748 2369">
    <p class='ocr_par' dir='ltr' id='par_1_22' title="bbox 189 2287 1748 2369">
     <span class='ocr_line' id='line_1_22' title="bbox 189 2287 1748 2369; baseline 0.009 -29"><span class='ocrx_word' id='word_1_165' title='bbox 189 2287 282 2355; x_wconf 77' lang='grc' dir='ltr'>Μὴ</span> <span class='ocrx_word' id='word_1_166' title='bbox 324 2289 500 2341; x_wconf 83' lang='grc' dir='ltr'>τοίνυν</span> <span class='ocrx_word' id='word_1_167' title='bbox 538 2291 696 2344; x_wconf 84' lang='grc' dir='ltr'>ἀκουε</span> <span class='ocrx_word' id='word_1_168' title='bbox 724 2295 850 2359; x_wconf 82' lang='grc' dir='ltr'>παρ’</span> <span class='ocrx_word' id='word_1_169' title='bbox 879 2295 1046 2362; x_wconf 79' lang='grc' dir='ltr'>ἐμοῦ,</span> <span class='ocrx_word' id='word_1_170' title='bbox 1075 2297 1186 2348; x_wconf 82' lang='grc' dir='ltr'>ἀλλ’</span> <span class='ocrx_word' id='word_1_171' title='bbox 1230 2298 1390 2350; x_wconf 84' lang='grc' dir='ltr'>ἄκουε</span> <span class='ocrx_word' id='word_1_172' title='bbox 1435 2301 1551 2368; x_wconf 77' lang='grc' dir='ltr'>μετ’</span> <span class='ocrx_word' id='word_1_173' title='bbox 1595 2301 1748 2369; x_wconf 78' lang='grc' dir='ltr'>ἐμοῦ.</span> 
     </span>
    </p>
   </div>
   <div class='ocr_carea' id='block_1_23' title="bbox 201 2379 1752 2460">
    <p class='ocr_par' dir='ltr' id='par_1_23' title="bbox 201 2379 1752 2460">
     <span class='ocr_line' id='line_1_23' title="bbox 201 2379 1752 2460; baseline 0.012 -30"><span class='ocrx_word' id='word_1_174' title='bbox 201 2379 345 2445; x_wconf 82' lang='grc' dir='ltr'>Ἐγὼ</span> <span class='ocrx_word' id='word_1_175' title='bbox 387 2382 494 2434; x_wconf 87' lang='grc' dir='ltr'>τῶν</span> <span class='ocrx_word' id='word_1_176' title='bbox 550 2384 1011 2453; x_wconf 75' lang='grc' dir='ltr'>ἐκκλησιαπικῶν</span> <span class='ocrx_word' id='word_1_177' title='bbox 1071 2390 1350 2460; x_wconf 86' lang='grc' dir='ltr'>δογμάτων</span> <span class='ocrx_word' id='word_1_178' title='bbox 1402 2393 1493 2446; x_wconf 86' lang='grc' dir='ltr'>τὸν</span> <span class='ocrx_word' id='word_1_179' title='bbox 1545 2395 1752 2449; x_wconf 88' lang='grc' dir='ltr'>Παῦλον</span> 
     </span>
    </p>
   </div>
   <div class='ocr_carea' id='block_1_24' title="bbox 186 2462 1752 2555">
    <p class='ocr_par' dir='ltr' id='par_1_24' title="bbox 186 2462 1752 2555">
     <span class='ocr_line' id='line_1_24' title="bbox 186 2462 1752 2555; baseline 0.012 -35"><span class='ocrx_word' id='word_1_180' title='bbox 186 2462 308 2520; x_wconf 75' lang='grc' dir='ltr'>οἶδα</span> <span class='ocrx_word' id='word_1_181' title='bbox 337 2471 666 2526; x_wconf 81' lang='grc' dir='ltr'>διδάσκαλον.</span> <span class='ocrx_word' id='word_1_182' title='bbox 717 2477 880 2529; x_wconf 85' lang='grc' dir='ltr'>Ὅταν</span> <span class='ocrx_word' id='word_1_183' title='bbox 913 2479 1121 2531; x_wconf 84' lang='grc' dir='ltr'>Παῦλον</span> <span class='ocrx_word' id='word_1_184' title='bbox 1164 2480 1338 2545; x_wconf 85' lang='grc' dir='ltr'>εἴπω,</span> <span class='ocrx_word' id='word_1_185' title='bbox 1381 2485 1610 2555; x_wconf 79' lang='grc' dir='ltr'>Χριστὸν</span> <span class='ocrx_word' id='word_1_186' title='bbox 1652 2505 1752 2555; x_wconf 87' lang='grc' dir='ltr'>κη-</span> 
     </span>
    </p>
   </div>
   <div class='ocr_carea' id='block_1_25' title="bbox 187 2557 1752 2641">
    <p class='ocr_par' dir='ltr' id='par_1_25' title="bbox 187 2557 1752 2641">
     <span class='ocr_line' id='line_1_25' title="bbox 187 2557 1752 2641; baseline 0.012 -32"><span class='ocrx_word' id='word_1_187' title='bbox 187 2557 389 2628; x_wconf 70' lang='grc' dir='ltr'>ρύττω⁸</span> <span class='ocrx_word' id='word_1_188' title='bbox 424 2563 580 2624; x_wconf 78' lang='grc' dir='ltr'>αὐτὸς</span> <span class='ocrx_word' id='word_1_189' title='bbox 609 2565 716 2633; x_wconf 88' lang='grc' dir='ltr'>γάρ</span> <span class='ocrx_word' id='word_1_190' title='bbox 745 2560 809 2633; x_wconf 80' lang='grc' dir='ltr'>ἧν</span> <span class='ocrx_word' id='word_1_191' title='bbox 835 2568 862 2617; x_wconf 95' lang='lat'>6</span> <span class='ocrx_word' id='word_1_192' title='bbox 893 2568 950 2617; x_wconf 81' lang='grc' dir='ltr'>ὲν</span> <span class='ocrx_word' id='word_1_193' title='bbox 985 2568 1175 2637; x_wconf 83' lang='grc' dir='ltr'>Παύλῳ</span> <span class='ocrx_word' id='word_1_194' title='bbox 1201 2570 1583 2641; x_wconf 80' lang='grc' dir='ltr'>φθεγγόμενος,</span> <span class='ocrx_word' id='word_1_195' title='bbox 1613 2577 1752 2628; x_wconf 86' lang='grc' dir='ltr'>κατά</span> 
     </span>
    </p>
   </div>
   <div class='ocr_carea' id='block_1_26' title="bbox 183 2647 1748 2734">
    <p class='ocr_par' dir='ltr' id='par_1_26' title="bbox 183 2647 1748 2734">
     <span class='ocr_line' id='line_1_26' title="bbox 183 2647 1748 2734; baseline 0.013 -35"><span class='ocrx_word' id='word_1_196' title='bbox 183 2647 249 2700; x_wconf 72' lang='grc' dir='ltr'>τὸ</span> <span class='ocrx_word' id='word_1_197' title='bbox 293 2650 604 2720; x_wconf 81' lang='grc' dir='ltr'>εἰρημένον·</span> <span class='ocrx_word' id='word_1_198' title='bbox 656 2657 724 2706; x_wconf 79' lang='lat' dir='ltr'><em>El</em></span> <span class='ocrx_word' id='word_1_199' title='bbox 772 2655 1024 2723; x_wconf 80' lang='grc' dir='ltr'>δοκιμὴν</span> <span class='ocrx_word' id='word_1_200' title='bbox 1083 2657 1296 2724; x_wconf 80' lang='grc' dir='ltr'>ζητεῖτε</span> <span class='ocrx_word' id='word_1_201' title='bbox 1347 2663 1454 2715; x_wconf 89' lang='grc' dir='ltr'>τοῦ</span> <span class='ocrx_word' id='word_1_202' title='bbox 1509 2665 1578 2717; x_wconf 81' lang='grc' dir='ltr'>ἐν</span> <span class='ocrx_word' id='word_1_203' title='bbox 1621 2668 1748 2734; x_wconf 80' lang='grc' dir='ltr'>ἐμοὶ</span> 
     </span>
    </p>
   </div>
   <div class='ocr_carea' id='block_1_27' title="bbox 182 2740 1749 2824">
    <p class='ocr_par' dir='ltr' id='par_1_27' title="bbox 182 2740 1749 2824">
     <span class='ocr_line' id='line_1_27' title="bbox 182 2740 1749 2824; baseline 0.011 -33"><span class='ocrx_word' id='word_1_204' title='bbox 182 2740 524 2806; x_wconf 79' lang='grc' dir='ltr'>λαλοῦντος</span> <span class='ocrx_word' id='word_1_205' title='bbox 550 2745 801 2810; x_wconf 75' lang='grc' dir='ltr'>Χριστοῦ</span> <span class='ocrx_word' id='word_1_206' title='bbox 824 2764 844 2810; x_wconf 91' lang='grc'><strong><em>;</em></strong></span> <span class='ocrx_word' id='word_1_207' title='bbox 864 2748 1074 2818; x_wconf 83' lang='grc' dir='ltr'>Ταύτην</span> <span class='ocrx_word' id='word_1_208' title='bbox 1098 2749 1271 2802; x_wconf 79' lang='grc' dir='ltr'>τοίνυν</span> <span class='ocrx_word' id='word_1_209' title='bbox 1301 2753 1398 2822; x_wconf 84' lang='grc' dir='ltr'>τὴν</span> <span class='ocrx_word' id='word_1_210' title='bbox 1420 2757 1749 2824; x_wconf 75' lang='grc' dir='ltr'>προφητείαν</span> 
     </span>
    </p>
   </div>
   <div class='ocr_carea' id='block_1_28' title="bbox 195 2828 1749 2910">
    <p class='ocr_par' dir='ltr' id='par_1_28' title="bbox 195 2828 1749 2910">
     <span class='ocr_line' id='line_1_28' title="bbox 195 2828 1749 2910; baseline 0.013 -31"><span class='ocrx_word' id='word_1_211' title='bbox 195 2828 419 2881; x_wconf 77' lang='grc' dir='ltr'>Ἡσαΐου</span> <span class='ocrx_word' id='word_1_212' title='bbox 452 2833 548 2900; x_wconf 82' lang='grc' dir='ltr'>τὴν</span> <span class='ocrx_word' id='word_1_213' title='bbox 582 2836 999 2905; x_wconf 82' lang='grc' dir='ltr'>προειρημένην,</span> <span class='ocrx_word' id='word_1_214' title='bbox 1041 2838 1121 2900; x_wconf 84' lang='grc' dir='ltr'>τὸ,</span> <span class='ocrx_word' id='word_1_215' title='bbox 1165 2839 1309 2906; x_wconf 80' lang='grc' dir='ltr'>Ἐγώ</span> <span class='ocrx_word' id='word_1_216' title='bbox 1335 2845 1445 2910; x_wconf 80' lang='grc' dir='ltr'>ειμι</span> <span class='ocrx_word' id='word_1_217' title='bbox 1467 2883 1482 2907; x_wconf 95' lang='grc'>,</span> <span class='ocrx_word' id='word_1_218' title='bbox 1512 2845 1608 2896; x_wconf 82' lang='grc' dir='ltr'>καί</span> <span class='ocrx_word' id='word_1_219' title='bbox 1641 2848 1749 2898; x_wconf 84' lang='grc' dir='ltr'>οὐκ</span> 
     </span>
    </p>
   </div>
   <div class='ocr_carea' id='block_1_29' title="bbox 179 2916 1748 3001">
    <p class='ocr_par' dir='ltr' id='par_1_29' title="bbox 179 2916 1748 3001">
     <span class='ocr_line' id='line_1_29' title="bbox 179 2916 1748 3001; baseline 0.009 -31"><span class='ocrx_word' id='word_1_220' title='bbox 179 2916 356 2970; x_wconf 75' lang='grc' dir='ltr'>ἐστιν</span> <span class='ocrx_word' id='word_1_221' title='bbox 386 2919 596 2985; x_wconf 74' lang='grc' dir='ltr'>ἄλλος’</span> <span class='ocrx_word' id='word_1_222' title='bbox 631 2924 722 2974; x_wconf 74' lang='grc' dir='ltr'>καὶ</span> <span class='ocrx_word' id='word_1_223' title='bbox 742 2963 755 2986; x_wconf 93' lang='grc'>,</span> <span class='ocrx_word' id='word_1_224' title='bbox 786 2926 920 2977; x_wconf 79' lang='grc' dir='ltr'>Κατ’</span> <span class='ocrx_word' id='word_1_225' title='bbox 953 2927 1208 2994; x_wconf 81' lang='grc' dir='ltr'>ἐμαυτοῦ</span> <span class='ocrx_word' id='word_1_226' title='bbox 1237 2932 1432 2997; x_wconf 82' lang='grc' dir='ltr'>ὀμνύω</span> <span class='ocrx_word' id='word_1_227' title='bbox 1453 2970 1466 2988; x_wconf 86' lang='grc'>.</span> <span class='ocrx_word' id='word_1_228' title='bbox 1503 2933 1588 2984; x_wconf 81' lang='grc' dir='ltr'>ὅτι</span> <span class='ocrx_word' id='word_1_229' title='bbox 1621 2934 1748 3001; x_wconf 77' lang='grc' dir='ltr'>ἐμοι</span> 
     </span>
    </p>
   </div>
   <div class='ocr_carea' id='block_1_30' title="bbox 181 3007 1746 3091">
    <p class='ocr_par' dir='ltr' id='par_1_30' title="bbox 181 3007 1746 3091">
     <span class='ocr_line' id='line_1_30' title="bbox 181 3007 1746 3091; baseline 0.01 -32"><span class='ocrx_word' id='word_1_230' title='bbox 181 3007 407 3076; x_wconf 75' lang='grc' dir='ltr'>κάμψει</span> <span class='ocrx_word' id='word_1_231' title='bbox 443 3010 562 3064; x_wconf 85' lang='grc' dir='ltr'>πᾶν</span> <span class='ocrx_word' id='word_1_232' title='bbox 591 3014 751 3080; x_wconf 86' lang='grc' dir='ltr'>γόνυ,</span> <span class='ocrx_word' id='word_1_233' title='bbox 788 3016 883 3069; x_wconf 83' lang='grc' dir='ltr'>καὶ</span> <span class='ocrx_word' id='word_1_234' title='bbox 914 3015 1080 3069; x_wconf 80' lang='grc' dir='ltr'>πᾶσα</span> <span class='ocrx_word' id='word_1_235' title='bbox 1113 3018 1362 3085; x_wconf 75' lang='grc' dir='ltr'>γλῶσσα</span> <span class='ocrx_word' id='word_1_236' title='bbox 1389 3021 1746 3091; x_wconf 75' lang='grc' dir='ltr'>ἐξομολογή-</span> 
     </span>
    </p>
   </div>
   <div class='ocr_carea' id='block_1_31' title="bbox 176 3099 1745 3180">
    <p class='ocr_par' dir='ltr' id='par_1_31' title="bbox 176 3099 1745 3180">
     <span class='ocr_line' id='line_1_31' title="bbox 176 3099 1745 3180; baseline 0.01 -33"><span class='ocrx_word' id='word_1_237' title='bbox 176 3110 351 3149; x_wconf 85' lang='grc' dir='ltr'>σεται</span> <span class='ocrx_word' id='word_1_238' title='bbox 383 3099 487 3151; x_wconf 85' lang='grc' dir='ltr'>τὸν</span> <span class='ocrx_word' id='word_1_239' title='bbox 522 3103 667 3154; x_wconf 88' lang='grc' dir='ltr'>Θεὸν</span> <span class='ocrx_word' id='word_1_240' title='bbox 699 3105 803 3157; x_wconf 90' lang='grc' dir='ltr'>τὸν</span> <span class='ocrx_word' id='word_1_241' title='bbox 833 3105 1138 3172; x_wconf 80' lang='grc' dir='ltr'>ἀληθινὸν,</span> <span class='ocrx_word' id='word_1_242' title='bbox 1180 3107 1382 3171; x_wconf 81' lang='grc' dir='ltr'>Παῦλος</span> <span class='ocrx_word' id='word_1_243' title='bbox 1411 3113 1488 3173; x_wconf 79' lang='grc' dir='ltr'>εἰς</span> <span class='ocrx_word' id='word_1_244' title='bbox 1514 3113 1745 3180; x_wconf 74' lang='grc' dir='ltr'>Χριστὸν</span> 
     </span>
    </p>
   </div>
   <div class='ocr_carea' id='block_1_32' title="bbox 176 3185 1743 3268">
    <p class='ocr_par' dir='ltr' id='par_1_32' title="bbox 176 3185 1743 3268">
     <span class='ocr_line' id='line_1_32' title="bbox 176 3185 1743 3268; baseline 0.012 -33"><span class='ocrx_word' id='word_1_245' title='bbox 176 3185 564 3254; x_wconf 77' lang='grc' dir='ltr'>ἀναλαμϐάνει.</span> <span class='ocrx_word' id='word_1_246' title='bbox 602 3191 708 3244; x_wconf 82' lang='grc' dir='ltr'>Καὶ</span> <span class='ocrx_word' id='word_1_247' title='bbox 740 3193 841 3244; x_wconf 87' lang='grc' dir='ltr'>ποῦ</span> <span class='ocrx_word' id='word_1_248' title='bbox 872 3195 1070 3261; x_wconf 88' lang='grc' dir='ltr'>ταύτην</span> <span class='ocrx_word' id='word_1_249' title='bbox 1102 3197 1372 3264; x_wconf 88' lang='grc' dir='ltr'>εὑρίσκεις</span> <span class='ocrx_word' id='word_1_250' title='bbox 1404 3200 1498 3268; x_wconf 79' lang='grc' dir='ltr'>τὴν</span> <span class='ocrx_word' id='word_1_251' title='bbox 1531 3201 1743 3254; x_wconf 87' lang='grc' dir='ltr'>ἀπόδει-</span> 
     </span>
    </p>
   </div>
   <div class='ocr_carea' id='block_1_33' title="bbox 177 3273 1742 3356">
    <p class='ocr_par' dir='ltr' id='par_1_33' title="bbox 177 3273 1742 3356">
     <span class='ocr_line' id='line_1_33' title="bbox 177 3273 1742 3356; baseline 0.012 -31"><span class='ocrx_word' id='word_1_252' title='bbox 177 3273 264 3336; x_wconf 81' lang='grc' dir='ltr'>ξιν</span> <span class='ocrx_word' id='word_1_253' title='bbox 293 3292 308 3340; x_wconf 89' lang='lat'><strong>;</strong></span> <span class='ocrx_word' id='word_1_254' title='bbox 350 3276 702 3332; x_wconf 82' lang='grc' dir='ltr'>Ἐπιστέλλων</span> <span class='ocrx_word' id='word_1_255' title='bbox 743 3283 1028 3352; x_wconf 88' lang='grc' dir='ltr'>Ῥωμαίοις</span> <span class='ocrx_word' id='word_1_256' title='bbox 1060 3287 1209 3353; x_wconf 86' lang='grc' dir='ltr'>φησί·</span> <span class='ocrx_word' id='word_1_257' title='bbox 1241 3287 1321 3339; x_wconf 87' lang='grc' dir='ltr'>Σὺ</span> <span class='ocrx_word' id='word_1_258' title='bbox 1348 3287 1415 3340; x_wconf 83' lang='grc' dir='ltr'>δὲ</span> <span class='ocrx_word' id='word_1_259' title='bbox 1446 3291 1500 3341; x_wconf 82' lang='grc' dir='ltr'>τί</span> <span class='ocrx_word' id='word_1_260' title='bbox 1526 3292 1742 3356; x_wconf 81' lang='grc' dir='ltr'>κρίνεις</span> 
     </span>
    </p>
   </div>
   <div class='ocr_carea' id='block_1_34' title="bbox 172 3364 1742 3446">
    <p class='ocr_par' dir='ltr' id='par_1_34' title="bbox 172 3364 1742 3446">
     <span class='ocr_line' id='line_1_34' title="bbox 172 3364 1742 3446; baseline 0.014 -32"><span class='ocrx_word' id='word_1_261' title='bbox 172 3364 286 3423; x_wconf 79' lang='grc' dir='ltr'>τὸν</span> <span class='ocrx_word' id='word_1_262' title='bbox 323 3365 585 3435; x_wconf 71' lang='grc' dir='ltr'>ἀδελφόν</span> <span class='ocrx_word' id='word_1_263' title='bbox 630 3386 779 3434; x_wconf 89' lang='grc' dir='ltr'>σου;</span> <span class='ocrx_word' id='word_1_264' title='bbox 824 3373 861 3439; x_wconf 78' lang='grc' dir='ltr'><em>ἢ</em></span> <span class='ocrx_word' id='word_1_265' title='bbox 897 3376 994 3427; x_wconf 76' lang='grc' dir='ltr'>καὶ</span> <span class='ocrx_word' id='word_1_266' title='bbox 1047 3377 1128 3430; x_wconf 84' lang='grc' dir='ltr'>σὺ</span> <span class='ocrx_word' id='word_1_267' title='bbox 1174 3379 1231 3430; x_wconf 87' lang='grc' dir='ltr'>τί</span> <span class='ocrx_word' id='word_1_268' title='bbox 1273 3378 1608 3446; x_wconf 80' lang='grc' dir='ltr'>ἐξουθενεῖς</span> <span class='ocrx_word' id='word_1_269' title='bbox 1638 3384 1742 3435; x_wconf 86' lang='grc' dir='ltr'>τὸν</span> 
     </span>
    </p>
   </div>
   <div class='ocr_carea' id='block_1_35' title="bbox 170 3454 1740 3540">
    <p class='ocr_par' dir='ltr' id='par_1_35' title="bbox 170 3454 1740 3540">
     <span class='ocr_line' id='line_1_35' title="bbox 170 3454 1740 3540; baseline 0.012 -34"><span class='ocrx_word' id='word_1_270' title='bbox 170 3454 442 3522; x_wconf 66' lang='grc' dir='ltr'>ἀδελφόν</span> <span class='ocrx_word' id='word_1_271' title='bbox 493 3473 644 3524; x_wconf 88' lang='grc' dir='ltr'>σου;</span> <span class='ocrx_word' id='word_1_272' title='bbox 677 3463 734 3514; x_wconf 88' lang='grc' dir='ltr'>τί</span> <span class='ocrx_word' id='word_1_273' title='bbox 763 3464 1070 3530; x_wconf 75' lang='grc' dir='ltr'>ἀλλήλους</span> <span class='ocrx_word' id='word_1_274' title='bbox 1091 3468 1317 3534; x_wconf 84' lang='grc' dir='ltr'>κρίνετε</span> <span class='ocrx_word' id='word_1_275' title='bbox 1337 3485 1355 3531; x_wconf 85' lang='grc'><strong><em>;</em></strong></span> <span class='ocrx_word' id='word_1_276' title='bbox 1376 3471 1599 3535; x_wconf 79' lang='grc' dir='ltr'>Πάντες</span> <span class='ocrx_word' id='word_1_277' title='bbox 1633 3473 1740 3540; x_wconf 86' lang='grc' dir='ltr'>γὰρ</span> 
     </span>
    </p>
   </div>
   <div class='ocr_carea' id='block_1_36' title="bbox 169 3552 1735 3627">
    <p class='ocr_par' dir='ltr' id='par_1_36' title="bbox 169 3552 1735 3627">
     <span class='ocr_line' id='line_1_36' title="bbox 169 3552 1735 3627; baseline 0.013 -30"><span class='ocrx_word' id='word_1_278' title='bbox 169 3552 683 3618; x_wconf 75' lang='grc' dir='ltr'>παραστησόμεθα</span> <span class='ocrx_word' id='word_1_279' title='bbox 734 3553 812 3618; x_wconf 84' lang='grc' dir='ltr'>τῷ</span> <span class='ocrx_word' id='word_1_280' title='bbox 863 3557 1086 3625; x_wconf 77' lang='grc' dir='ltr'>βήματι</span> <span class='ocrx_word' id='word_1_281' title='bbox 1136 3559 1244 3613; x_wconf 89' lang='grc' dir='ltr'>τοῦ</span> <span class='ocrx_word' id='word_1_282' title='bbox 1298 3563 1576 3627; x_wconf 81' lang='grc' dir='ltr'>Χριστοῦ.</span> <span class='ocrx_word' id='word_1_283' title='bbox 1631 3563 1735 3615; x_wconf 89' lang='grc' dir='ltr'>Γέ-</span> 
     </span>
    </p>
   </div>
   <div class='ocr_carea' id='block_1_37' title="bbox 169 3639 1740 3721">
    <p class='ocr_par' dir='ltr' id='par_1_37' title="bbox 169 3639 1740 3721">
     <span class='ocr_line' id='line_1_37' title="bbox 169 3639 1740 3721; baseline 0.011 -34"><span class='ocrx_word' id='word_1_284' title='bbox 169 3653 424 3704; x_wconf 66' lang='grc' dir='ltr'>γραπται</span> <span class='ocrx_word' id='word_1_285' title='bbox 449 3639 577 3708; x_wconf 72' lang='grc' dir='ltr'>γάρ’</span> <span class='ocrx_word' id='word_1_286' title='bbox 608 3642 697 3696; x_wconf 85' lang='grc' dir='ltr'>Ζῶ</span> <span class='ocrx_word' id='word_1_287' title='bbox 722 3644 854 3713; x_wconf 83' lang='grc' dir='ltr'>ἐγὼ,</span> <span class='ocrx_word' id='word_1_288' title='bbox 882 3647 1040 3715; x_wconf 83' lang='grc' dir='ltr'>λέγει</span> <span class='ocrx_word' id='word_1_289' title='bbox 1067 3650 1300 3715; x_wconf 83' lang='grc' dir='ltr'>Κύριος,</span> <span class='ocrx_word' id='word_1_290' title='bbox 1326 3649 1412 3703; x_wconf 85' lang='grc' dir='ltr'>ὅτι</span> <span class='ocrx_word' id='word_1_291' title='bbox 1443 3651 1569 3718; x_wconf 78' lang='grc' dir='ltr'>ἐμοὶ</span> <span class='ocrx_word' id='word_1_292' title='bbox 1596 3653 1740 3721; x_wconf 85' lang='grc' dir='ltr'>κάμ-</span> 
     </span>
    </p>
   </div>
   <div class='ocr_carea' id='block_1_38' title="bbox 167 3727 1735 3811">
    <p class='ocr_par' dir='ltr' id='par_1_38' title="bbox 167 3727 1735 3811">
     <span class='ocr_line' id='line_1_38' title="bbox 167 3727 1735 3811; baseline 0.015 -35"><span class='ocrx_word' id='word_1_293' title='bbox 167 3727 274 3792; x_wconf 66' lang='grc' dir='ltr'>¹ψει</span> <span class='ocrx_word' id='word_1_294' title='bbox 303 3728 425 3780; x_wconf 81' lang='grc' dir='ltr'>πᾶν</span> <span class='ocrx_word' id='word_1_295' title='bbox 450 3731 612 3795; x_wconf 79' lang='grc' dir='ltr'>γόνυ,</span> <span class='ocrx_word' id='word_1_296' title='bbox 632 3735 730 3785; x_wconf 79' lang='grc' dir='ltr'>καὶ</span> <span class='ocrx_word' id='word_1_297' title='bbox 759 3735 924 3789; x_wconf 85' lang='grc' dir='ltr'>πᾶσα</span> <span class='ocrx_word' id='word_1_298' title='bbox 951 3737 1201 3805; x_wconf 85' lang='grc' dir='ltr'>γλῶσσα</span> <span class='ocrx_word' id='word_1_299' title='bbox 1230 3742 1735 3811; x_wconf 78' lang='grc' dir='ltr'>ἐξομολογήσεται</span> 
     </span>
    </p>
   </div>
   <div class='ocr_carea' id='block_1_39' title="bbox 165 3812 1736 3901">
    <p class='ocr_par' dir='ltr' id='par_1_39' title="bbox 165 3812 1736 3901">
     <span class='ocr_line' id='line_1_39' title="bbox 165 3812 1736 3901; baseline 0.013 -36"><span class='ocrx_word' id='word_1_300' title='bbox 165 3812 282 3865; x_wconf 79' lang='grc' dir='ltr'>τὸν</span> <span class='ocrx_word' id='word_1_301' title='bbox 323 3815 466 3867; x_wconf 84' lang='grc' dir='ltr'>Θεὸν</span> <span class='ocrx_word' id='word_1_302' title='bbox 498 3818 604 3870; x_wconf 87' lang='grc' dir='ltr'>τὸν</span> <span class='ocrx_word' id='word_1_303' title='bbox 647 3822 949 3887; x_wconf 78' lang='grc' dir='ltr'>ἀληθινόν.</span> <span class='ocrx_word' id='word_1_304' title='bbox 1017 3826 1247 3889; x_wconf 82' lang='grc' dir='ltr'>Ἐκεῖνος</span> <span class='ocrx_word' id='word_1_305' title='bbox 1275 3831 1300 3880; x_wconf 90' lang='grc' dir='ltr'><strong>ὁ</strong></span> <span class='ocrx_word' id='word_1_306' title='bbox 1344 3830 1550 3897; x_wconf 79' lang='grc' dir='ltr'>λέγων’</span> <span class='ocrx_word' id='word_1_307' title='bbox 1594 3834 1736 3901; x_wconf 84' lang='grc' dir='ltr'>Ἐγώ</span> 
     </span>
    </p>
   </div>
   <div class='ocr_carea' id='block_1_40' title="bbox 163 3904 1731 3988">
    <p class='ocr_par' dir='ltr' id='par_1_40' title="bbox 163 3904 1731 3988">
     <span class='ocr_line' id='line_1_40' title="bbox 163 3904 1731 3988; baseline 0.014 -35"><span class='ocrx_word' id='word_1_308' title='bbox 163 3904 307 3969; x_wconf 80' lang='grc' dir='ltr'>ειμι,</span> <span class='ocrx_word' id='word_1_309' title='bbox 351 3907 446 3958; x_wconf 78' lang='grc' dir='ltr'>καὶ</span> <span class='ocrx_word' id='word_1_310' title='bbox 486 3910 594 3960; x_wconf 85' lang='grc' dir='ltr'>οὐκ</span> <span class='ocrx_word' id='word_1_311' title='bbox 621 3909 788 3963; x_wconf 69' lang='grc' dir='ltr'>ἐστιν</span> <span class='ocrx_word' id='word_1_312' title='bbox 814 3912 1019 3978; x_wconf 76' lang='grc' dir='ltr'>ἄλλος·</span> <span class='ocrx_word' id='word_1_313' title='bbox 1058 3917 1183 3968; x_wconf 82' lang='grc' dir='ltr'>κατ’</span> <span class='ocrx_word' id='word_1_314' title='bbox 1222 3919 1476 3984; x_wconf 79' lang='grc' dir='ltr'>ἐμαυτοῦ</span> <span class='ocrx_word' id='word_1_315' title='bbox 1517 3923 1731 3988; x_wconf 80' lang='grc' dir='ltr'>ὀμνύω,</span> 
     </span>
    </p>
   </div>
   <div class='ocr_carea' id='block_1_41' title="bbox 161 3991 1733 4078">
    <p class='ocr_par' dir='ltr' id='par_1_41' title="bbox 161 3991 1733 4078">
     <span class='ocr_line' id='line_1_41' title="bbox 161 3991 1733 4078; baseline 0.016 -35"><span class='ocrx_word' id='word_1_316' title='bbox 161 3991 260 4045; x_wconf 77' lang='grc' dir='ltr'>ὅτι</span> <span class='ocrx_word' id='word_1_317' title='bbox 292 3993 416 4061; x_wconf 76' lang='grc' dir='ltr'>ἐμοὶ</span> <span class='ocrx_word' id='word_1_318' title='bbox 449 3997 667 4066; x_wconf 71' lang='grc' dir='ltr'>κάμψει</span> <span class='ocrx_word' id='word_1_319' title='bbox 705 4001 825 4055; x_wconf 85' lang='grc' dir='ltr'>πᾶν</span> <span class='ocrx_word' id='word_1_320' title='bbox 854 4005 1018 4072; x_wconf 88' lang='grc' dir='ltr'>γόνυ.</span> <span class='ocrx_word' id='word_1_321' title='bbox 1049 4007 1110 4058; x_wconf 71' lang='lat' dir='ltr'>EE</span> <span class='ocrx_word' id='word_1_322' title='bbox 1142 4009 1316 4062; x_wconf 86' lang='grc' dir='ltr'>τοίνυν</span> <span class='ocrx_word' id='word_1_323' title='bbox 1345 4014 1371 4063; x_wconf 94' lang='lat'>6</span> <span class='ocrx_word' id='word_1_324' title='bbox 1412 4013 1614 4076; x_wconf 80' lang='grc' dir='ltr'>Παῦλος</span> <span class='ocrx_word' id='word_1_325' title='bbox 1656 4019 1733 4078; x_wconf 88' lang='grc' dir='ltr'>εἰς</span> 
     </span>
    </p>
   </div>
   <div class='ocr_carea' id='block_1_42' title="bbox 161 4084 1727 4173">
    <p class='ocr_par' dir='ltr' id='par_1_42' title="bbox 161 4084 1727 4173">
     <span class='ocr_line' id='line_1_42' title="bbox 161 4084 1727 4173; baseline 0.013 -37"><span class='ocrx_word' id='word_1_326' title='bbox 161 4084 403 4154; x_wconf 79' lang='grc' dir='ltr'>Χριστὸν</span> <span class='ocrx_word' id='word_1_327' title='bbox 431 4089 686 4158; x_wconf 76' lang='grc' dir='ltr'>ἀναφέρει</span> <span class='ocrx_word' id='word_1_328' title='bbox 718 4093 815 4162; x_wconf 81' lang='grc' dir='ltr'>τὴν</span> <span class='ocrx_word' id='word_1_329' title='bbox 853 4098 1202 4164; x_wconf 59' lang='grc' dir='ltr'>προφητείαν</span> <span class='ocrx_word' id='word_1_330' title='bbox 1239 4102 1266 4151; x_wconf 86' lang='lat'>6</span> <span class='ocrx_word' id='word_1_331' title='bbox 1301 4101 1355 4153; x_wconf 84' lang='grc' dir='ltr'>δὲ</span> <span class='ocrx_word' id='word_1_332' title='bbox 1389 4105 1444 4154; x_wconf 87' lang='grc' dir='ltr'>ἐν</span> <span class='ocrx_word' id='word_1_333' title='bbox 1479 4104 1554 4171; x_wconf 82' lang='grc' dir='ltr'>τῷ</span> <span class='ocrx_word' id='word_1_334' title='bbox 1600 4122 1727 4173; x_wconf 73' lang='grc' dir='ltr'>προσ</span> 
     </span>
    </p>
   </div>
   <div class='ocr_carea' id='block_1_43' title="bbox 157 4175 1726 4263">
    <p class='ocr_par' dir='ltr' id='par_1_43' title="bbox 157 4175 1726 4263">
     <span class='ocr_line' id='line_1_43' title="bbox 157 4175 1726 4263; baseline 0.011 -34"><span class='ocrx_word' id='word_1_335' title='bbox 157 4175 312 4245; x_wconf 79' lang='grc' dir='ltr'>φήτῃ</span> <span class='ocrx_word' id='word_1_336' title='bbox 345 4177 705 4249; x_wconf 81' lang='grc' dir='ltr'>φθεγγόμενος</span> <span class='ocrx_word' id='word_1_337' title='bbox 734 4184 964 4249; x_wconf 85' lang='grc' dir='ltr'>Χριστός</span> <span class='ocrx_word' id='word_1_338' title='bbox 997 4189 1134 4251; x_wconf 79' lang='grc' dir='ltr'>ἐστι,</span> <span class='ocrx_word' id='word_1_339' title='bbox 1175 4190 1320 4257; x_wconf 86' lang='grc' dir='ltr'>λέγει</span> <span class='ocrx_word' id='word_1_340' title='bbox 1346 4193 1400 4244; x_wconf 83' lang='grc' dir='ltr'>δὲ</span> <span class='ocrx_word' id='word_1_341' title='bbox 1425 4196 1451 4245; x_wconf 93' lang='lat'>6</span> <span class='ocrx_word' id='word_1_342' title='bbox 1479 4197 1726 4263; x_wconf 81' lang='grc' dir='ltr'>Χριστός·</span> 
     </span>
    </p>
   </div>
   <div class='ocr_carea' id='block_1_44' title="bbox 171 4263 1728 4344">
    <p class='ocr_par' dir='ltr' id='par_1_44' title="bbox 171 4263 1728 4344">
     <span class='ocr_line' id='line_1_44' title="bbox 171 4263 1728 4344; baseline 0.014 -29"><span class='ocrx_word' id='word_1_343' title='bbox 171 4263 326 4330; x_wconf 85' lang='grc' dir='ltr'>Ἐγώ</span> <span class='ocrx_word' id='word_1_344' title='bbox 345 4267 458 4333; x_wconf 80' lang='grc' dir='ltr'>εἰμι</span> <span class='ocrx_word' id='word_1_345' title='bbox 485 4269 694 4334; x_wconf 83' lang='grc' dir='ltr'>μόνος,</span> <span class='ocrx_word' id='word_1_346' title='bbox 716 4271 812 4324; x_wconf 77' lang='grc' dir='ltr'>καί</span> <span class='ocrx_word' id='word_1_347' title='bbox 839 4275 949 4326; x_wconf 83' lang='grc' dir='ltr'>οὐκ</span> <span class='ocrx_word' id='word_1_348' title='bbox 987 4275 1158 4328; x_wconf 80' lang='grc' dir='ltr'>ἔστιν</span> <span class='ocrx_word' id='word_1_349' title='bbox 1189 4279 1394 4344; x_wconf 80' lang='grc' dir='ltr'>ἄλλος·</span> <span class='ocrx_word' id='word_1_350' title='bbox 1427 4283 1619 4335; x_wconf 84' lang='grc' dir='ltr'>οὐκοῦν</span> <span class='ocrx_word' id='word_1_351' title='bbox 1648 4288 1728 4338; x_wconf 78' lang='grc' dir='ltr'>ὲκ-</span> 
     </span>
    </p>
   </div>
   <div class='ocr_carea' id='block_1_45' title="bbox 156 4353 1723 4433">
    <p class='ocr_par' dir='ltr' id='par_1_45' title="bbox 156 4353 1723 4433">
     <span class='ocr_line' id='line_1_45' title="bbox 156 4353 1723 4433; baseline 0.017 -32"><span class='ocrx_word' id='word_1_352' title='bbox 156 4353 348 4408; x_wconf 79' lang='grc' dir='ltr'>6άλλει</span> <span class='ocrx_word' id='word_1_353' title='bbox 375 4355 463 4407; x_wconf 80' lang='grc' dir='ltr'>τὸν</span> <span class='ocrx_word' id='word_1_354' title='bbox 494 4358 708 4425; x_wconf 82' lang='grc' dir='ltr'>Πατέρα</span> <span class='ocrx_word' id='word_1_355' title='bbox 729 4360 828 4427; x_wconf 82' lang='grc' dir='ltr'>τῆς</span> <span class='ocrx_word' id='word_1_356' title='bbox 854 4362 1132 4433; x_wconf 86' lang='grc' dir='ltr'>θεότητος;</span> <span class='ocrx_word' id='word_1_357' title='bbox 1170 4367 1303 4419; x_wconf 82' lang='grc' dir='ltr'>Ἀλλ’</span> <span class='ocrx_word' id='word_1_358' title='bbox 1333 4371 1430 4421; x_wconf 88' lang='grc' dir='ltr'>ούκ</span> <span class='ocrx_word' id='word_1_359' title='bbox 1460 4374 1723 4430; x_wconf 77' lang='grc' dir='ltr'>ἐκϐάλλει.</span> 
     </span>
    </p>
   </div>
   <div class='ocr_carea' id='block_1_46' title="bbox 151 4441 1726 4528">
    <p class='ocr_par' dir='ltr' id='par_1_46' title="bbox 151 4441 1726 4528">
     <span class='ocr_line' id='line_1_46' title="bbox 151 4441 1726 4528; baseline 0.015 -35"><span class='ocrx_word' id='word_1_360' title='bbox 151 4443 349 4512; x_wconf 82' lang='grc' dir='ltr'>ὥσπερ</span> <span class='ocrx_word' id='word_1_361' title='bbox 371 4441 462 4496; x_wconf 81' lang='grc' dir='ltr'>οὖν</span> <span class='ocrx_word' id='word_1_362' title='bbox 483 4448 578 4499; x_wconf 87' lang='grc' dir='ltr'>οὐκ</span> <span class='ocrx_word' id='word_1_363' title='bbox 603 4448 867 4503; x_wconf 81' lang='grc' dir='ltr'>ὲκόάλλει’</span> <span class='ocrx_word' id='word_1_364' title='bbox 900 4454 1189 4522; x_wconf 81' lang='grc' dir='ltr'>ἀμέριστος</span> <span class='ocrx_word' id='word_1_365' title='bbox 1223 4458 1328 4527; x_wconf 80' lang='grc' dir='ltr'>γὰρ</span> <span class='ocrx_word' id='word_1_366' title='bbox 1357 4462 1387 4528; x_wconf 85' lang='grc' dir='ltr'>ή</span> <span class='ocrx_word' id='word_1_367' title='bbox 1424 4461 1563 4525; x_wconf 75' lang='grc' dir='ltr'>δόξα.</span> <span class='ocrx_word' id='word_1_368' title='bbox 1590 4465 1726 4515; x_wconf 69' lang='lat' dir='ltr'>06x-</span> 
     </span>
    </p>
   </div>
   <div class='ocr_carea' id='block_1_47' title="bbox 149 4527 1722 4618">
    <p class='ocr_par' dir='ltr' id='par_1_47' title="bbox 149 4527 1722 4618">
     <span class='ocr_line' id='line_1_47' title="bbox 149 4527 1722 4618; baseline 0.015 -37"><span class='ocrx_word' id='word_1_369' title='bbox 149 4527 254 4581; x_wconf 85' lang='grc' dir='ltr'>οῦν</span> <span class='ocrx_word' id='word_1_370' title='bbox 276 4531 644 4584; x_wconf 80' lang='grc' dir='ltr'>ἀποδέδεικται</span> <span class='ocrx_word' id='word_1_371' title='bbox 680 4538 881 4601; x_wconf 83' lang='grc' dir='ltr'>σαφῶς,</span> <span class='ocrx_word' id='word_1_372' title='bbox 905 4540 984 4591; x_wconf 83' lang='grc' dir='ltr'>ὅτι</span> <span class='ocrx_word' id='word_1_373' title='bbox 1001 4541 1186 4612; x_wconf 82' lang='grc' dir='ltr'>ὥσπερ</span> <span class='ocrx_word' id='word_1_374' title='bbox 1215 4547 1241 4597; x_wconf 90' lang='lat'>6</span> <span class='ocrx_word' id='word_1_375' title='bbox 1265 4527 1385 4607; x_wconf 76' lang='grc' dir='ltr'>Υίδς</span> <span class='ocrx_word' id='word_1_376' title='bbox 1411 4549 1535 4601; x_wconf 83' lang='grc' dir='ltr'>ὅταν</span> <span class='ocrx_word' id='word_1_377' title='bbox 1557 4551 1722 4618; x_wconf 80' lang='grc' dir='ltr'>λέγει,</span> 
     </span>
    </p>
   </div>
   <div class='ocr_carea' id='block_1_48' title="bbox 164 4620 1721 4708">
    <p class='ocr_par' dir='ltr' id='par_1_48' title="bbox 164 4620 1721 4708">
     <span class='ocr_line' id='line_1_48' title="bbox 164 4620 1721 4708; baseline 0.017 -39"><span class='ocrx_word' id='word_1_378' title='bbox 164 4620 312 4687; x_wconf 82' lang='grc' dir='ltr'>Ἐγώ</span> <span class='ocrx_word' id='word_1_379' title='bbox 335 4622 448 4688; x_wconf 75' lang='grc' dir='ltr'>ειμι</span> <span class='ocrx_word' id='word_1_380' title='bbox 478 4624 685 4689; x_wconf 86' lang='grc' dir='ltr'>μόνος,</span> <span class='ocrx_word' id='word_1_381' title='bbox 724 4628 821 4678; x_wconf 85' lang='grc' dir='ltr'>ούκ</span> <span class='ocrx_word' id='word_1_382' title='bbox 849 4631 1093 4684; x_wconf 76' lang='grc' dir='ltr'>ἐκϐάλλει</span> <span class='ocrx_word' id='word_1_383' title='bbox 1127 4635 1214 4686; x_wconf 81' lang='grc' dir='ltr'>τὸν</span> <span class='ocrx_word' id='word_1_384' title='bbox 1250 4638 1483 4706; x_wconf 80' lang='grc' dir='ltr'>Πατέρα·</span> <span class='ocrx_word' id='word_1_385' title='bbox 1531 4642 1721 4708; x_wconf 71' lang='grc' dir='ltr'>οὕτως,</span> 
     </span>
    </p>
   </div>
   <div class='ocr_carea' id='block_1_49' title="bbox 145 4711 1720 4793">
    <p class='ocr_par' dir='ltr' id='par_1_49' title="bbox 145 4711 1720 4793">
     <span class='ocr_line' id='line_1_49' title="bbox 145 4711 1720 4793; baseline 0.015 -32"><span class='ocrx_word' id='word_1_386' title='bbox 145 4711 278 4762; x_wconf 79' lang='grc' dir='ltr'>οὐδὲ</span> <span class='ocrx_word' id='word_1_387' title='bbox 326 4712 449 4764; x_wconf 81' lang='grc' dir='ltr'>ὅταν</span> <span class='ocrx_word' id='word_1_388' title='bbox 483 4716 609 4783; x_wconf 77' lang='grc' dir='ltr'>περὶ</span> <span class='ocrx_word' id='word_1_389' title='bbox 655 4716 862 4786; x_wconf 79' lang='grc' dir='ltr'>Πατρὸς</span> <span class='ocrx_word' id='word_1_390' title='bbox 898 4719 1070 4786; x_wconf 88' lang='grc' dir='ltr'>λέγει,</span> <span class='ocrx_word' id='word_1_391' title='bbox 1118 4725 1240 4774; x_wconf 78' lang='grc' dir='ltr'>Ἵνα</span> <span class='ocrx_word' id='word_1_392' title='bbox 1274 4729 1609 4793; x_wconf 79' lang='grc' dir='ltr'>γινώσκωσί</span> <span class='ocrx_word' id='word_1_393' title='bbox 1649 4752 1720 4785; x_wconf 86' lang='grc' dir='ltr'>σε</span> 
     </span>
    </p>
   </div>
   <div class='ocr_carea' id='block_1_50' title="bbox 145 4801 1719 4886">
    <p class='ocr_par' dir='ltr' id='par_1_50' title="bbox 145 4801 1719 4886">
     <span class='ocr_line' id='line_1_50' title="bbox 145 4801 1719 4886; baseline 0.016 -39"><span class='ocrx_word' id='word_1_394' title='bbox 145 4801 261 4852; x_wconf 84' lang='grc' dir='ltr'>τὸν</span> <span class='ocrx_word' id='word_1_395' title='bbox 301 4803 494 4867; x_wconf 83' lang='grc' dir='ltr'>μόνον</span> <span class='ocrx_word' id='word_1_396' title='bbox 541 4804 828 4870; x_wconf 80' lang='grc' dir='ltr'>ἀληθινὸν</span> <span class='ocrx_word' id='word_1_397' title='bbox 880 4809 1043 4870; x_wconf 83' lang='grc' dir='ltr'>Θεὸν,</span> <span class='ocrx_word' id='word_1_398' title='bbox 1102 4812 1287 4865; x_wconf 78' lang='grc' dir='ltr'>ἑαυτὸν</span> <span class='ocrx_word' id='word_1_399' title='bbox 1325 4818 1570 4885; x_wconf 78' lang='grc' dir='ltr'>ἀφορίζει</span> <span class='ocrx_word' id='word_1_400' title='bbox 1621 4822 1719 4886; x_wconf 80' lang='grc' dir='ltr'>τῆς</span> 
     </span>
    </p>
   </div>
   <div class='ocr_carea' id='block_1_51' title="bbox 143 4888 1717 4976">
    <p class='ocr_par' dir='ltr' id='par_1_51' title="bbox 143 4888 1717 4976">
     <span class='ocr_line' id='line_1_51' title="bbox 143 4888 1717 4976; baseline 0.015 -39"><span class='ocrx_word' id='word_1_401' title='bbox 143 4888 431 4957; x_wconf 80' lang='grc' dir='ltr'>ἀληθείας.</span> <span class='ocrx_word' id='word_1_402' title='bbox 463 4893 569 4944; x_wconf 79' lang='grc' dir='ltr'>Καὶ</span> <span class='ocrx_word' id='word_1_403' title='bbox 591 4895 650 4945; x_wconf 86' lang='grc' dir='ltr'>ού</span> <span class='ocrx_word' id='word_1_404' title='bbox 680 4895 836 4948; x_wconf 89' lang='grc' dir='ltr'>τοῦτο</span> <span class='ocrx_word' id='word_1_405' title='bbox 867 4900 1021 4966; x_wconf 83' lang='grc' dir='ltr'>μόνον</span> <span class='ocrx_word' id='word_1_406' title='bbox 1053 4902 1214 4962; x_wconf 74' lang='grc' dir='ltr'>ἰᾶται,</span> <span class='ocrx_word' id='word_1_407' title='bbox 1244 4905 1375 4958; x_wconf 76' lang='grc' dir='ltr'>ἀλλὰ</span> <span class='ocrx_word' id='word_1_408' title='bbox 1402 4909 1507 4976; x_wconf 74' lang='grc' dir='ltr'>γάρ</span> <span class='ocrx_word' id='word_1_409' title='bbox 1540 4910 1628 4960; x_wconf 81' lang='grc' dir='ltr'>καὶ</span> <span class='ocrx_word' id='word_1_410' title='bbox 1660 4910 1717 4960; x_wconf 85' lang='grc' dir='ltr'>τὸ</span> 
     </span>
    </p>
   </div>
   <div class='ocr_carea' id='block_1_52' title="bbox 145 4975 1712 5067">
    <p class='ocr_par' dir='ltr' id='par_1_52' title="bbox 145 4975 1712 5067">
     <span class='ocr_line' id='line_1_52' title="bbox 145 4975 1712 5067; baseline 0.011 -34"><span class='ocrx_word' id='word_1_411' title='bbox 145 4975 296 5033; x_wconf 72' lang='grc' dir='ltr'>εἶναι</span> <span class='ocrx_word' id='word_1_412' title='bbox 325 4980 574 5048; x_wconf 85' lang='grc' dir='ltr'>ἀληθινὸν</span> <span class='ocrx_word' id='word_1_413' title='bbox 600 4983 729 5036; x_wconf 85' lang='grc' dir='ltr'>Θεὸν</span> <span class='ocrx_word' id='word_1_414' title='bbox 761 4987 850 5038; x_wconf 85' lang='grc' dir='ltr'>τὸν</span> <span class='ocrx_word' id='word_1_415' title='bbox 878 4990 1126 5058; x_wconf 81' lang='grc' dir='ltr'>Χριστὸν,</span> <span class='ocrx_word' id='word_1_416' title='bbox 1159 4993 1218 5056; x_wconf 77' lang='grc' dir='ltr'>ἐξ</span> <span class='ocrx_word' id='word_1_417' title='bbox 1254 4997 1418 5064; x_wconf 74' lang='grc' dir='ltr'>αὐτῆς</span> <span class='ocrx_word' id='word_1_418' title='bbox 1448 4975 1544 5065; x_wconf 73' lang='grc' dir='ltr'>τῆς</span> <span class='ocrx_word' id='word_1_419' title='bbox 1575 5017 1712 5067; x_wconf 82' lang='grc' dir='ltr'>μαρ-</span> 
     </span>
    </p>
   </div>
   <div class='ocr_carea' id='block_1_53' title="bbox 143 5068 1712 5153">
    <p class='ocr_par' dir='ltr' id='par_1_53' title="bbox 143 5068 1712 5153">
     <span class='ocr_line' id='line_1_53' title="bbox 143 5068 1712 5153; baseline 0.015 -35"><span class='ocrx_word' id='word_1_420' title='bbox 143 5068 346 5134; x_wconf 81' lang='grc' dir='ltr'>τυρίας</span> <span class='ocrx_word' id='word_1_421' title='bbox 370 5070 715 5139; x_wconf 83' lang='grc' dir='ltr'>προφέρεται·</span> <span class='ocrx_word' id='word_1_422' title='bbox 748 5075 936 5141; x_wconf 78' lang='grc' dir='ltr'>ἐπάγει</span> <span class='ocrx_word' id='word_1_423' title='bbox 964 5080 1069 5147; x_wconf 85' lang='grc' dir='ltr'>γάρ</span> <span class='ocrx_word' id='word_1_424' title='bbox 1095 5098 1107 5110; x_wconf 90' lang='grc'><strong>·</strong></span> <span class='ocrx_word' id='word_1_425' title='bbox 1139 5085 1243 5134; x_wconf 80' lang='grc' dir='ltr'>Καὶ</span> <span class='ocrx_word' id='word_1_426' title='bbox 1275 5085 1438 5137; x_wconf 83' lang='grc' dir='ltr'>πᾶσα</span> <span class='ocrx_word' id='word_1_427' title='bbox 1468 5087 1712 5153; x_wconf 80' lang='grc' dir='ltr'>γλῶσσα</span> 
     </span>
    </p>
   </div>
   <div class='ocr_carea' id='block_1_54' title="bbox 143 5157 1712 5234">
    <p class='ocr_par' dir='ltr' id='par_1_54' title="bbox 143 5157 1712 5234">
     <span class='ocr_line' id='line_1_54' title="bbox 143 5157 1712 5234; baseline 0.012 -25"><span class='ocrx_word' id='word_1_428' title='bbox 143 5157 654 5224; x_wconf 74' lang='grc' dir='ltr'>ἐξομολογήσεται</span> <span class='ocrx_word' id='word_1_429' title='bbox 678 5161 784 5212; x_wconf 85' lang='grc' dir='ltr'>τὸν</span> <span class='ocrx_word' id='word_1_430' title='bbox 810 5165 955 5215; x_wconf 82' lang='grc' dir='ltr'>Θεὸν</span> <span class='ocrx_word' id='word_1_431' title='bbox 990 5169 1092 5219; x_wconf 85' lang='grc' dir='ltr'>τὸν</span> <span class='ocrx_word' id='word_1_432' title='bbox 1118 5171 1424 5234; x_wconf 79' lang='grc' dir='ltr'>ἀληθινόν.</span> <span class='ocrx_word' id='word_1_433' title='bbox 1460 5177 1662 5227; x_wconf 76' lang='grc' dir='ltr'>Οὐκοῦν</span> <span class='ocrx_word' id='word_1_434' title='bbox 1685 5180 1712 5228; x_wconf 89' lang='lat'>6</span> 
     </span>
    </p>
   </div>
   <div class='ocr_carea' id='block_1_55' title="bbox 143 5252 1705 5330">
    <p class='ocr_par' dir='ltr' id='par_1_55' title="bbox 143 5252 1705 5330">
     <span class='ocr_line' id='line_1_55' title="bbox 143 5252 1705 5330; baseline 0.014 -28"><span class='ocrx_word' id='word_1_435' title='bbox 143 5252 347 5317; x_wconf 86' lang='grc' dir='ltr'>λέγων,</span> <span class='ocrx_word' id='word_1_436' title='bbox 541 5254 748 5319; x_wconf 85' lang='grc' dir='ltr'>μόνος,</span> <span class='ocrx_word' id='word_1_437' title='bbox 777 5257 872 5307; x_wconf 81' lang='grc' dir='ltr'>καὶ</span> <span class='ocrx_word' id='word_1_438' title='bbox 904 5258 1017 5323; x_wconf 69' lang='grc' dir='ltr'>ἐγὼ</span> <span class='ocrx_word' id='word_1_439' title='bbox 1035 5262 1336 5330; x_wconf 77' lang='grc' dir='ltr'>ἀληθινὸς,</span> <span class='ocrx_word' id='word_1_440' title='bbox 1366 5270 1392 5318; x_wconf 95' lang='lat'>6</span> <span class='ocrx_word' id='word_1_441' title='bbox 1423 5270 1543 5330; x_wconf 79' lang='grc' dir='ltr'>Υἱός</span> <span class='ocrx_word' id='word_1_442' title='bbox 1571 5274 1705 5323; x_wconf 81' lang='grc' dir='ltr'>ἐστι.</span> 
     </span>
    </p>
   </div>
   <div class='ocr_carea' id='block_1_56' title="bbox 141 5344 1710 5434">
    <p class='ocr_par' dir='ltr' id='par_1_56' title="bbox 141 5344 1710 5434">
     <span class='ocr_line' id='line_1_56' title="bbox 141 5344 1710 5434; baseline 0.013 -37"><span class='ocrx_word' id='word_1_443' title='bbox 141 5345 214 5397; x_wconf 88' lang='grc' dir='ltr'>Τί</span> <span class='ocrx_word' id='word_1_444' title='bbox 243 5344 416 5397; x_wconf 77' lang='grc' dir='ltr'>τοίνυν</span> <span class='ocrx_word' id='word_1_445' title='bbox 444 5345 679 5414; x_wconf 79' lang='grc' dir='ltr'>διαφέρει</span> <span class='ocrx_word' id='word_1_446' title='bbox 703 5349 825 5416; x_wconf 72' lang='grc' dir='ltr'>περὶ</span> <span class='ocrx_word' id='word_1_447' title='bbox 850 5349 914 5423; x_wconf 69' lang='grc' dir='ltr'>τά</span> <span class='ocrx_word' id='word_1_448' title='bbox 942 5354 1178 5420; x_wconf 75' lang='grc' dir='ltr'>ῥήματα,</span> <span class='ocrx_word' id='word_1_449' title='bbox 1205 5363 1590 5431; x_wconf 84' lang='grc' dir='ltr'>συμφωνούσης</span> <span class='ocrx_word' id='word_1_450' title='bbox 1616 5370 1710 5434; x_wconf 80' lang='grc' dir='ltr'>τῆς</span> 
     </span>
    </p>
   </div>
   <div class='ocr_carea' id='block_1_57' title="bbox 136 5436 1710 5523">
    <p class='ocr_par' dir='ltr' id='par_1_57' title="bbox 136 5436 1710 5523">
     <span class='ocr_line' id='line_1_57' title="bbox 136 5436 1710 5523; baseline 0.006 -31"><span class='ocrx_word' id='word_1_451' title='bbox 136 5438 436 5507; x_wconf 86' lang='grc' dir='ltr'>ἁληθείας;</span> <span class='ocrx_word' id='word_1_452' title='bbox 478 5441 623 5491; x_wconf 83' lang='grc' dir='ltr'>Διατί</span> <span class='ocrx_word' id='word_1_453' title='bbox 665 5436 753 5492; x_wconf 78' lang='grc' dir='ltr'>οὖν</span> <span class='ocrx_word' id='word_1_454' title='bbox 792 5438 931 5505; x_wconf 76' lang='grc' dir='ltr'>εἶπε,</span> <span class='ocrx_word' id='word_1_455' title='bbox 969 5446 1043 5496; x_wconf 82' lang='grc' dir='ltr'>Σέ</span> <span class='ocrx_word' id='word_1_456' title='bbox 1074 5448 1180 5498; x_wconf 85' lang='grc' dir='ltr'>τὸν</span> <span class='ocrx_word' id='word_1_457' title='bbox 1207 5454 1397 5517; x_wconf 79' lang='grc' dir='ltr'>μόνον</span> <span class='ocrx_word' id='word_1_458' title='bbox 1423 5457 1710 5523; x_wconf 65' lang='grc' dir='ltr'>ἀληθινὸν</span> 
     </span>
    </p>
   </div>
   <div class='ocr_carea' id='block_1_58' title="bbox 138 5533 1708 5623">
    <p class='ocr_par' dir='ltr' id='par_1_58' title="bbox 138 5533 1708 5623">
     <span class='ocr_line' id='line_1_58' title="bbox 138 5533 1708 5623; baseline 0.018 -46"><span class='ocrx_word' id='word_1_459' title='bbox 138 5533 316 5595; x_wconf 76' lang='grc' dir='ltr'>Θεὸν,</span> <span class='ocrx_word' id='word_1_460' title='bbox 351 5534 602 5586; x_wconf 83' lang='grc' dir='ltr'>παιδεύου</span> <span class='ocrx_word' id='word_1_461' title='bbox 622 5576 634 5595; x_wconf 93' lang='grc'>,</span> <span class='ocrx_word' id='word_1_462' title='bbox 668 5536 758 5586; x_wconf 78' lang='grc' dir='ltr'>καὶ</span> <span class='ocrx_word' id='word_1_463' title='bbox 783 5536 856 5604; x_wconf 85' lang='grc' dir='ltr'>μὴ</span> <span class='ocrx_word' id='word_1_464' title='bbox 888 5537 1081 5604; x_wconf 83' lang='grc' dir='ltr'>μάχου.</span> <span class='ocrx_word' id='word_1_465' title='bbox 1131 5543 1187 5593; x_wconf 90' lang='grc' dir='ltr'><strong>Ὀ</strong></span> <span class='ocrx_word' id='word_1_466' title='bbox 1215 5546 1399 5616; x_wconf 76' lang='grc' dir='ltr'>Σωτὴρ</span> <span class='ocrx_word' id='word_1_467' title='bbox 1418 5554 1708 5623; x_wconf 70' lang='grc' dir='ltr'>παιδευτὴς</span> 
     </span>
    </p>
   </div>
   <div class='ocr_carea' id='block_1_59' title="bbox 136 5628 1706 5713">
    <p class='ocr_par' dir='ltr' id='par_1_59' title="bbox 136 5628 1706 5713">
     <span class='ocr_line' id='line_1_59' title="bbox 136 5628 1706 5713; baseline 0.003 -34"><span class='ocrx_word' id='word_1_468' title='bbox 136 5631 262 5680; x_wconf 84' lang='grc' dir='ltr'>ἐστι</span> <span class='ocrx_word' id='word_1_469' title='bbox 303 5628 398 5680; x_wconf 86' lang='grc' dir='ltr'>τοῦ</span> <span class='ocrx_word' id='word_1_470' title='bbox 453 5629 686 5697; x_wconf 81' lang='grc' dir='ltr'>κόσμου,</span> <span class='ocrx_word' id='word_1_471' title='bbox 739 5631 1025 5700; x_wconf 79' lang='grc' dir='ltr'>διορθωτὴς</span> <span class='ocrx_word' id='word_1_472' title='bbox 1059 5635 1154 5701; x_wconf 76' lang='grc' dir='ltr'>τῆς</span> <span class='ocrx_word' id='word_1_473' title='bbox 1211 5642 1546 5713; x_wconf 53' lang='grc' dir='ltr'>οξκουμένης,</span> <span class='ocrx_word' id='word_1_474' title='bbox 1588 5654 1614 5700; x_wconf 64' lang='grc' dir='ltr'>ὁ</span> <span class='ocrx_word' id='word_1_475' title='bbox 1641 5653 1706 5702; x_wconf 60' lang='grc' dir='ltr'><strong>τὰ</strong></span> 
     </span>
    </p>
   </div>
   <div class='ocr_carea' id='block_1_60' title="bbox 1171 365 2422 438">
    <p class='ocr_par' dir='ltr' id='par_1_60' title="bbox 1171 365 2422 438">
     <span class='ocr_line' id='line_1_60' title="bbox 1171 365 2422 438; baseline 0.002 -15"><span class='ocrx_word' id='word_1_476' title='bbox 1171 367 1235 423; x_wconf 74' lang='grc' dir='ltr'>ΙΝ</span> <span class='ocrx_word' id='word_1_477' title='bbox 1273 367 1496 433; x_wconf 86' lang='lat' dir='ltr'>ILLUD,</span> <span class='ocrx_word' id='word_1_478' title='bbox 1533 366 1597 421; x_wconf 82' lang='lat' dir='ltr'>IN</span> <span class='ocrx_word' id='word_1_479' title='bbox 1635 365 1778 433; x_wconf 84' lang='lat' dir='ltr'>QUA</span> <span class='ocrx_word' id='word_1_480' title='bbox 1817 367 2238 438; x_wconf 71' lang='lat' dir='ltr'>POTESTATE,</span> <span class='ocrx_word' id='word_1_481' title='bbox 2275 370 2422 427; x_wconf 85' lang='lat' dir='ltr'>ETC.</span> 
     </span>
    </p>
   </div>
   <div class='ocr_carea' id='block_1_61' title="bbox 3295 384 3405 438">
    <p class='ocr_par' dir='ltr' id='par_1_61' title="bbox 3295 384 3405 438">
     <span class='ocr_line' id='line_1_61' title="bbox 3295 384 3405 438; baseline 0.018 -2"><span class='ocrx_word' id='word_1_482' title='bbox 3295 384 3405 438; x_wconf 81' lang='lat'>424</span> 
     </span>
    </p>
   </div>
   <div class='ocr_carea' id='block_1_62' title="bbox 1864 505 3422 581">
    <p class='ocr_par' dir='ltr' id='par_1_62' title="bbox 1864 505 3422 581">
     <span class='ocr_line' id='line_1_62' title="bbox 1864 505 3422 581; baseline 0.006 -26"><span class='ocrx_word' id='word_1_483' title='bbox 1864 510 2184 560; x_wconf 79' lang='grc' dir='ltr'>πεπτωκότα</span> <span class='ocrx_word' id='word_1_484' title='bbox 2246 509 2495 577; x_wconf 79' lang='grc' dir='ltr'>ἐγείρων,</span> <span class='ocrx_word' id='word_1_485' title='bbox 2553 508 2581 559; x_wconf 91' lang='lat'>6</span> <span class='ocrx_word' id='word_1_486' title='bbox 2626 505 2692 559; x_wconf 77' lang='grc' dir='ltr'>τά</span> <span class='ocrx_word' id='word_1_487' title='bbox 2742 507 3127 578; x_wconf 80' lang='grc' dir='ltr'>πεπλανημένα</span> <span class='ocrx_word' id='word_1_488' title='bbox 3172 511 3422 581; x_wconf 80' lang='grc' dir='ltr'>ἐπιστρέ-</span> 
     </span>
    </p>
   </div>
   <div class='ocr_carea' id='block_1_63' title="bbox 1859 597 3420 673">
    <p class='ocr_par' dir='ltr' id='par_1_63' title="bbox 1859 597 3420 673">
     <span class='ocr_line' id='line_1_63' title="bbox 1859 597 3420 673; baseline 0.005 -26"><span class='ocrx_word' id='word_1_489' title='bbox 1859 613 1992 664; x_wconf 87' lang='grc' dir='ltr'>φων,</span> <span class='ocrx_word' id='word_1_490' title='bbox 2038 597 2131 650; x_wconf 73' lang='grc' dir='ltr'>καὶ</span> <span class='ocrx_word' id='word_1_491' title='bbox 2177 598 2244 651; x_wconf 82' lang='grc' dir='ltr'>τά</span> <span class='ocrx_word' id='word_1_492' title='bbox 2294 597 2718 666; x_wconf 84' lang='grc' dir='ltr'>πεπαλαιωμένα</span> <span class='ocrx_word' id='word_1_493' title='bbox 2762 599 3140 663; x_wconf 75' lang='grc' dir='ltr'>ἀνακαινίζων.</span> <span class='ocrx_word' id='word_1_494' title='bbox 3207 600 3420 673; x_wconf 79' lang='grc' dir='ltr'>Ἐπειδὴ</span> 
     </span>
    </p>
   </div>
   <div class='ocr_carea' id='block_1_64' title="bbox 1856 686 3420 762">
    <p class='ocr_par' dir='ltr' id='par_1_64' title="bbox 1856 686 3420 762">
     <span class='ocr_line' id='line_1_64' title="bbox 1856 686 3420 762; baseline 0.005 -24"><span class='ocrx_word' id='word_1_495' title='bbox 1856 686 1970 755; x_wconf 76' lang='grc' dir='ltr'>ᾔδει</span> <span class='ocrx_word' id='word_1_496' title='bbox 2004 688 2093 740; x_wconf 84' lang='grc' dir='ltr'>τὸν</span> <span class='ocrx_word' id='word_1_497' title='bbox 2136 689 2326 740; x_wconf 80' lang='grc' dir='ltr'>ἑαυτοῦ</span> <span class='ocrx_word' id='word_1_498' title='bbox 2376 689 2531 756; x_wconf 86' lang='grc' dir='ltr'>λόγον</span> <span class='ocrx_word' id='word_1_499' title='bbox 2579 692 2834 758; x_wconf 83' lang='grc' dir='ltr'>προϊόντα</span> <span class='ocrx_word' id='word_1_500' title='bbox 2890 693 2983 744; x_wconf 77' lang='grc' dir='ltr'>καὶ</span> <span class='ocrx_word' id='word_1_501' title='bbox 3017 692 3307 762; x_wconf 82' lang='grc' dir='ltr'>ἰσχύσαντα</span> <span class='ocrx_word' id='word_1_502' title='bbox 3341 696 3420 756; x_wconf 88' lang='grc' dir='ltr'>είς</span> 
     </span>
    </p>
   </div>
   <div class='ocr_carea' id='block_1_65' title="bbox 1857 778 3420 854">
    <p class='ocr_par' dir='ltr' id='par_1_65' title="bbox 1857 778 3420 854">
     <span class='ocr_line' id='line_1_65' title="bbox 1857 778 3420 854; baseline 0.007 -26"><span class='ocrx_word' id='word_1_503' title='bbox 1857 778 2034 830; x_wconf 80' lang='grc' dir='ltr'>πᾶσαν</span> <span class='ocrx_word' id='word_1_504' title='bbox 2057 779 2154 849; x_wconf 86' lang='grc' dir='ltr'>τὴν</span> <span class='ocrx_word' id='word_1_505' title='bbox 2176 779 2267 832; x_wconf 78' lang='grc' dir='ltr'>ὑπ’</span> <span class='ocrx_word' id='word_1_506' title='bbox 2287 780 2534 848; x_wconf 82' lang='grc' dir='ltr'>οὐρανὸν,</span> <span class='ocrx_word' id='word_1_507' title='bbox 2566 783 2645 843; x_wconf 82' lang='grc' dir='ltr'>είς</span> <span class='ocrx_word' id='word_1_508' title='bbox 2664 781 2944 851; x_wconf 88' lang='grc' dir='ltr'>διόρθωσιν</span> <span class='ocrx_word' id='word_1_509' title='bbox 2964 784 3070 853; x_wconf 83' lang='grc' dir='ltr'>τῆς</span> <span class='ocrx_word' id='word_1_510' title='bbox 3107 784 3420 854; x_wconf 84' lang='grc' dir='ltr'>Ἑλληνικῆς</span> 
     </span>
    </p>
   </div>
   <div class='ocr_carea' id='block_1_66' title="bbox 1857 864 3416 937">
    <p class='ocr_par' dir='ltr' id='par_1_66' title="bbox 1857 864 3416 937">
     <span class='ocr_line' id='line_1_66' title="bbox 1857 864 3416 937; baseline 0.004 -22"><span class='ocrx_word' id='word_1_511' title='bbox 1857 864 2096 934; x_wconf 88' lang='grc' dir='ltr'>πλάνης,</span> <span class='ocrx_word' id='word_1_512' title='bbox 2148 867 2241 918; x_wconf 70' lang='grc' dir='ltr'>καὶ</span> <span class='ocrx_word' id='word_1_513' title='bbox 2273 867 2350 928; x_wconf 87' lang='grc' dir='ltr'>είς</span> <span class='ocrx_word' id='word_1_514' title='bbox 2384 866 2597 936; x_wconf 76' lang='grc' dir='ltr'>ἔλεγχον</span> <span class='ocrx_word' id='word_1_515' title='bbox 2630 867 2726 937; x_wconf 82' lang='grc' dir='ltr'>τῆς</span> <span class='ocrx_word' id='word_1_516' title='bbox 2771 868 3062 936; x_wconf 81' lang='grc' dir='ltr'>Ἰουδαϊκῆς</span> <span class='ocrx_word' id='word_1_517' title='bbox 3108 869 3416 934; x_wconf 83' lang='grc' dir='ltr'>ἀπειθείας,</span> 
     </span>
    </p>
   </div>
   <div class='ocr_carea' id='block_1_67' title="bbox 1854 953 3418 1028">
    <p class='ocr_par' dir='ltr' id='par_1_67' title="bbox 1854 953 3418 1028">
     <span class='ocr_line' id='line_1_67' title="bbox 1854 953 3418 1028; baseline 0.006 -23"><span class='ocrx_word' id='word_1_518' title='bbox 1854 953 2102 1025; x_wconf 87' lang='grc' dir='ltr'>δίστομον</span> <span class='ocrx_word' id='word_1_519' title='bbox 2131 958 2392 1028; x_wconf 83' lang='grc' dir='ltr'>προφέρει</span> <span class='ocrx_word' id='word_1_520' title='bbox 2423 957 2512 1010; x_wconf 78' lang='grc' dir='ltr'>τὸν</span> <span class='ocrx_word' id='word_1_521' title='bbox 2539 958 2690 1026; x_wconf 89' lang='grc' dir='ltr'>λόγον</span> <span class='ocrx_word' id='word_1_522' title='bbox 2712 975 2725 988; x_wconf 87' lang='grc'><strong>·</strong></span> <span class='ocrx_word' id='word_1_523' title='bbox 2759 960 2843 1011; x_wconf 80' lang='grc' dir='ltr'>ἵνα</span> <span class='ocrx_word' id='word_1_524' title='bbox 2888 959 2952 1011; x_wconf 86' lang='grc' dir='ltr'>δι’</span> <span class='ocrx_word' id='word_1_525' title='bbox 2983 961 3082 1028; x_wconf 79' lang='grc' dir='ltr'>ἐμὲ</span> <span class='ocrx_word' id='word_1_526' title='bbox 3135 961 3243 1014; x_wconf 86' lang='grc' dir='ltr'>Τὸν</span> <span class='ocrx_word' id='word_1_527' title='bbox 3273 962 3418 1028; x_wconf 81' lang='grc' dir='ltr'>ἀλη-</span> 
     </span>
    </p>
   </div>
   <div class='ocr_carea' id='block_1_68' title="bbox 1856 1044 3418 1115">
    <p class='ocr_par' dir='ltr' id='par_1_68' title="bbox 1856 1044 3418 1115">
     <span class='ocr_line' id='line_1_68' title="bbox 1856 1044 3418 1115; baseline 0.002 -17"><span class='ocrx_word' id='word_1_528' title='bbox 1856 1044 2025 1098; x_wconf 84' lang='grc' dir='ltr'>θινὸν</span> <span class='ocrx_word' id='word_1_529' title='bbox 2050 1057 2074 1085; x_wconf 75' lang='grc' dir='ltr'>ι</span> <span class='ocrx_word' id='word_1_530' title='bbox 2115 1049 2211 1099; x_wconf 80' lang='grc' dir='ltr'>καί</span> <span class='ocrx_word' id='word_1_531' title='bbox 2240 1050 2432 1115; x_wconf 86' lang='grc' dir='ltr'>μόνον</span> <span class='ocrx_word' id='word_1_532' title='bbox 2468 1050 2640 1101; x_wconf 73' lang='grc' dir='ltr'>εἰπεῖν</span> <span class='ocrx_word' id='word_1_533' title='bbox 2675 1050 2779 1102; x_wconf 86' lang='grc' dir='ltr'>τὸν</span> <span class='ocrx_word' id='word_1_534' title='bbox 2811 1049 2977 1113; x_wconf 80' lang='grc' dir='ltr'>Θεὸν,</span> <span class='ocrx_word' id='word_1_535' title='bbox 3023 1052 3148 1111; x_wconf 80' lang='grc' dir='ltr'>τοὺς</span> <span class='ocrx_word' id='word_1_536' title='bbox 3193 1050 3418 1113; x_wconf 86' lang='grc' dir='ltr'>πολλοὺς</span> 
     </span>
    </p>
   </div>
   <div class='ocr_carea' id='block_1_69' title="bbox 1855 1135 3414 1209">
    <p class='ocr_par' dir='ltr' id='par_1_69' title="bbox 1855 1135 3414 1209">
     <span class='ocr_line' id='line_1_69' title="bbox 1855 1135 3414 1209; baseline 0.003 -22"><span class='ocrx_word' id='word_1_537' title='bbox 1855 1136 1948 1188; x_wconf 73' lang='grc' dir='ltr'>καὶ</span> <span class='ocrx_word' id='word_1_538' title='bbox 1973 1135 2351 1205; x_wconf 84' lang='grc' dir='ltr'>ψευδωνύμους</span> <span class='ocrx_word' id='word_1_539' title='bbox 2395 1137 2731 1209; x_wconf 74' lang='grc' dir='ltr'>στηλιτεύσῃο</span> <span class='ocrx_word' id='word_1_540' title='bbox 2775 1138 2863 1190; x_wconf 87' lang='grc' dir='ltr'>διά</span> <span class='ocrx_word' id='word_1_541' title='bbox 2900 1140 2956 1192; x_wconf 83' lang='grc' dir='ltr'>δὲ</span> <span class='ocrx_word' id='word_1_542' title='bbox 2985 1140 3046 1191; x_wconf 84' lang='grc' dir='ltr'>τὺ</span> <span class='ocrx_word' id='word_1_543' title='bbox 3096 1141 3414 1206; x_wconf 74' lang='grc' dir='ltr'>ἐπαγαγεῖν,</span> 
     </span>
    </p>
   </div>
   <div class='ocr_carea' id='block_1_70' title="bbox 1856 1225 3417 1300">
    <p class='ocr_par' dir='ltr' id='par_1_70' title="bbox 1856 1225 3417 1300">
     <span class='ocr_line' id='line_1_70' title="bbox 1856 1225 3417 1300; baseline 0.003 -22"><span class='ocrx_word' id='word_1_544' title='bbox 1856 1226 1964 1278; x_wconf 79' lang='grc' dir='ltr'>Καὶ</span> <span class='ocrx_word' id='word_1_545' title='bbox 1987 1225 2425 1292; x_wconf 80' lang='grc' dir='ltr'>ὂνάπέστειλας</span> <span class='ocrx_word' id='word_1_546' title='bbox 2446 1229 2720 1296; x_wconf 79' lang='grc' dir='ltr'>Χριστὸν,</span> <span class='ocrx_word' id='word_1_547' title='bbox 2737 1229 2861 1292; x_wconf 81' lang='grc' dir='ltr'>τοὺς</span> <span class='ocrx_word' id='word_1_548' title='bbox 2884 1232 3018 1300; x_wconf 79' lang='grc' dir='ltr'>ἠρνη</span> <span class='ocrx_word' id='word_1_549' title='bbox 3029 1231 3219 1299; x_wconf 84' lang='grc' dir='ltr'>μένους</span> <span class='ocrx_word' id='word_1_550' title='bbox 3232 1230 3326 1300; x_wconf 79' lang='grc' dir='ltr'>τὴν</span> <span class='ocrx_word' id='word_1_551' title='bbox 3347 1233 3417 1282; x_wconf 83' lang='grc' dir='ltr'>οἰ-</span> 
     </span>
    </p>
   </div>
   <div class='ocr_carea' id='block_1_71' title="bbox 1855 1318 3410 1391">
    <p class='ocr_par' dir='ltr' id='par_1_71' title="bbox 1855 1318 3410 1391">
     <span class='ocr_line' id='line_1_71' title="bbox 1855 1318 3410 1391; baseline 0.002 -21"><span class='ocrx_word' id='word_1_552' title='bbox 1855 1319 2107 1387; x_wconf 74' lang='grc' dir='ltr'>κονομίαν</span> <span class='ocrx_word' id='word_1_553' title='bbox 2127 1318 2338 1389; x_wconf 74' lang='grc' dir='ltr'>ἐλέγξῃ.</span> <span class='ocrx_word' id='word_1_554' title='bbox 2362 1320 2444 1390; x_wconf 81' lang='grc' dir='ltr'>Κη</span> <span class='ocrx_word' id='word_1_555' title='bbox 2455 1319 2632 1389; x_wconf 88' lang='grc' dir='ltr'>ρύττει</span> <span class='ocrx_word' id='word_1_556' title='bbox 2656 1321 2812 1389; x_wconf 90' lang='grc' dir='ltr'>μόνον</span> <span class='ocrx_word' id='word_1_557' title='bbox 2828 1321 3073 1390; x_wconf 77' lang='grc' dir='ltr'>ἀληθινὸν</span> <span class='ocrx_word' id='word_1_558' title='bbox 3099 1320 3410 1391; x_wconf 19' lang='grc' dir='ltr'>11450]Θεόνο</span> 
     </span>
    </p>
   </div>
   <div class='ocr_carea' id='block_1_72' title="bbox 1853 1409 3414 1484">
    <p class='ocr_par' dir='ltr' id='par_1_72' title="bbox 1853 1409 3414 1484">
     <span class='ocr_line' id='line_1_72' title="bbox 1853 1409 3414 1484; baseline 0.003 -25"><span class='ocrx_word' id='word_1_559' title='bbox 1853 1409 1947 1477; x_wconf 80' lang='grc' dir='ltr'>οὐχ</span> <span class='ocrx_word' id='word_1_560' title='bbox 1995 1409 2181 1461; x_wconf 78' lang='grc' dir='ltr'>ἑαυτὸν</span> <span class='ocrx_word' id='word_1_561' title='bbox 2207 1411 2495 1481; x_wconf 74' lang='grc' dir='ltr'>ἀφορίζων,</span> <span class='ocrx_word' id='word_1_562' title='bbox 2530 1411 2662 1463; x_wconf 75' lang='grc' dir='ltr'>ἀλλὰ</span> <span class='ocrx_word' id='word_1_563' title='bbox 2699 1412 2794 1463; x_wconf 73' lang='grc' dir='ltr'>καὶ</span> <span class='ocrx_word' id='word_1_564' title='bbox 2831 1411 3037 1481; x_wconf 72' lang='grc' dir='ltr'>ὄργανα</span> <span class='ocrx_word' id='word_1_565' title='bbox 3078 1414 3174 1482; x_wconf 82' lang='grc' dir='ltr'>τῆς</span> <span class='ocrx_word' id='word_1_566' title='bbox 3208 1414 3414 1484; x_wconf 88' lang='grc' dir='ltr'>πλάνης</span> 
     </span>
    </p>
   </div>
   <div class='ocr_carea' id='block_1_73' title="bbox 1853 1496 3413 1570">
    <p class='ocr_par' dir='ltr' id='par_1_73' title="bbox 1853 1496 3413 1570">
     <span class='ocr_line' id='line_1_73' title="bbox 1853 1496 3413 1570; baseline 0.004 -23"><span class='ocrx_word' id='word_1_567' title='bbox 1853 1496 2144 1562; x_wconf 75' lang='grc' dir='ltr'>ἀφανίζων.</span> <span class='ocrx_word' id='word_1_568' title='bbox 2175 1498 2282 1550; x_wconf 80' lang='grc' dir='ltr'>Καὶ</span> <span class='ocrx_word' id='word_1_569' title='bbox 2311 1498 2395 1550; x_wconf 79' lang='grc' dir='ltr'>ἵνα</span> <span class='ocrx_word' id='word_1_570' title='bbox 2428 1498 2621 1570; x_wconf 82' lang='grc' dir='ltr'>μάθῃς,</span> <span class='ocrx_word' id='word_1_571' title='bbox 2650 1498 2865 1566; x_wconf 83' lang='grc' dir='ltr'>ἀδελφὲ,</span> <span class='ocrx_word' id='word_1_572' title='bbox 2887 1500 2966 1552; x_wconf 83' lang='grc' dir='ltr'>ὅτι</span> <span class='ocrx_word' id='word_1_573' title='bbox 2995 1500 3154 1561; x_wconf 77' lang='grc' dir='ltr'>αὑτός</span> <span class='ocrx_word' id='word_1_574' title='bbox 3179 1503 3290 1553; x_wconf 77' lang='grc' dir='ltr'>ἐστι</span> <span class='ocrx_word' id='word_1_575' title='bbox 3321 1503 3413 1554; x_wconf 73' lang='grc' dir='ltr'>καὶ</span> 
     </span>
    </p>
   </div>
   <div class='ocr_carea' id='block_1_74' title="bbox 1853 1584 3413 1660">
    <p class='ocr_par' dir='ltr' id='par_1_74' title="bbox 1853 1584 3413 1660">
     <span class='ocr_line' id='line_1_74' title="bbox 1853 1584 3413 1660; baseline 0.005 -24"><span class='ocrx_word' id='word_1_576' title='bbox 1853 1584 2098 1654; x_wconf 86' lang='grc' dir='ltr'>ἀληθινὸς</span> <span class='ocrx_word' id='word_1_577' title='bbox 2130 1587 2258 1650; x_wconf 80' lang='grc' dir='ltr'>Θεὸς</span> <span class='ocrx_word' id='word_1_578' title='bbox 2277 1629 2290 1651; x_wconf 92' lang='grc'>,</span> <span class='ocrx_word' id='word_1_579' title='bbox 2321 1589 2412 1640; x_wconf 68' lang='grc' dir='ltr'>καὶ</span> <span class='ocrx_word' id='word_1_580' title='bbox 2443 1587 2690 1656; x_wconf 80' lang='grc' dir='ltr'>ἀληθινοῦ</span> <span class='ocrx_word' id='word_1_581' title='bbox 2727 1587 2860 1640; x_wconf 84' lang='grc' dir='ltr'>Θεοῦ</span> <span class='ocrx_word' id='word_1_582' title='bbox 2892 1590 3019 1651; x_wconf 83' lang='grc' dir='ltr'>Υίὸς</span> <span class='ocrx_word' id='word_1_583' title='bbox 3040 1628 3055 1653; x_wconf 95' lang='grc'>,</span> <span class='ocrx_word' id='word_1_584' title='bbox 3092 1590 3340 1660; x_wconf 81' lang='grc' dir='ltr'>Ἰωάννης</span> <span class='ocrx_word' id='word_1_585' title='bbox 3385 1595 3413 1644; x_wconf 97' lang='lat'>6</span> 
     </span>
    </p>
   </div>
   <div class='ocr_carea' id='block_1_75' title="bbox 1853 1671 3412 1750">
    <p class='ocr_par' dir='ltr' id='par_1_75' title="bbox 1853 1671 3412 1750">
     <span class='ocr_line' id='line_1_75' title="bbox 1853 1671 3412 1750; baseline 0.004 -25"><span class='ocrx_word' id='word_1_586' title='bbox 1853 1671 2272 1746; x_wconf 81' lang='grc' dir='ltr'>Εὑαγγελιστὴς,</span> <span class='ocrx_word' id='word_1_587' title='bbox 2309 1679 2364 1729; x_wconf 86' lang='grc' dir='ltr'>ὲν</span> <span class='ocrx_word' id='word_1_588' title='bbox 2411 1672 2453 1744; x_wconf 78' lang='grc' dir='ltr'>ᾧ</span> <span class='ocrx_word' id='word_1_589' title='bbox 2488 1677 2657 1729; x_wconf 84' lang='grc' dir='ltr'>ταῦτα</span> <span class='ocrx_word' id='word_1_590' title='bbox 2691 1678 2994 1748; x_wconf 88' lang='grc' dir='ltr'>γέγραπται</span> <span class='ocrx_word' id='word_1_591' title='bbox 3034 1681 3131 1748; x_wconf 82' lang='grc' dir='ltr'>(ὲν</span> <span class='ocrx_word' id='word_1_592' title='bbox 3178 1681 3283 1749; x_wconf 86' lang='grc' dir='ltr'>γὰρ</span> <span class='ocrx_word' id='word_1_593' title='bbox 3335 1681 3412 1750; x_wconf 81' lang='grc' dir='ltr'>τῷ</span> 
     </span>
    </p>
   </div>
   <div class='ocr_carea' id='block_1_76' title="bbox 1852 1764 3415 1838">
    <p class='ocr_par' dir='ltr' id='par_1_76' title="bbox 1852 1764 3415 1838">
     <span class='ocr_line' id='line_1_76' title="bbox 1852 1764 3415 1838; baseline 0.004 -22"><span class='ocrx_word' id='word_1_594' title='bbox 1852 1764 2164 1836; x_wconf 83' lang='grc' dir='ltr'>Εὐαγγελίῳ</span> <span class='ocrx_word' id='word_1_595' title='bbox 2181 1768 2256 1837; x_wconf 80' lang='grc' dir='ltr'>τῷ</span> <span class='ocrx_word' id='word_1_596' title='bbox 2280 1769 2418 1820; x_wconf 84' lang='grc' dir='ltr'>κατά</span> <span class='ocrx_word' id='word_1_597' title='bbox 2450 1769 2694 1836; x_wconf 82' lang='grc' dir='ltr'>Ἰωάννην</span> <span class='ocrx_word' id='word_1_598' title='bbox 2716 1773 2906 1821; x_wconf 82' lang='grc' dir='ltr'>κεῖται·</span> <span class='ocrx_word' id='word_1_599' title='bbox 2923 1770 3055 1823; x_wconf 84' lang='grc' dir='ltr'>Ἵνα</span> <span class='ocrx_word' id='word_1_600' title='bbox 3076 1770 3415 1838; x_wconf 75' lang='grc' dir='ltr'>γινώσκωσι</span> 
     </span>
    </p>
   </div>
   <div class='ocr_carea' id='block_1_77' title="bbox 1850 1855 3408 1930">
    <p class='ocr_par' dir='ltr' id='par_1_77' title="bbox 1850 1855 3408 1930">
     <span class='ocr_line' id='line_1_77' title="bbox 1850 1855 3408 1930; baseline 0.004 -25"><span class='ocrx_word' id='word_1_601' title='bbox 1850 1869 1922 1906; x_wconf 89' lang='grc' dir='ltr'>σε</span> <span class='ocrx_word' id='word_1_602' title='bbox 1934 1855 2040 1906; x_wconf 91' lang='grc' dir='ltr'>τὸν</span> <span class='ocrx_word' id='word_1_603' title='bbox 2051 1858 2240 1924; x_wconf 87' lang='grc' dir='ltr'>μόνον</span> <span class='ocrx_word' id='word_1_604' title='bbox 2258 1858 2544 1924; x_wconf 80' lang='grc' dir='ltr'>ἀληθινὸν</span> <span class='ocrx_word' id='word_1_605' title='bbox 2567 1862 2755 1926; x_wconf 82' lang='grc' dir='ltr'>Θεὸν),</span> <span class='ocrx_word' id='word_1_606' title='bbox 2775 1860 2935 1922; x_wconf 82' lang='grc' dir='ltr'>αὐτὸς</span> <span class='ocrx_word' id='word_1_607' title='bbox 2951 1861 3152 1923; x_wconf 79' lang='grc' dir='ltr'>ἐκεῖνος</span> <span class='ocrx_word' id='word_1_608' title='bbox 3173 1863 3199 1912; x_wconf 91' lang='lat'>6</span> <span class='ocrx_word' id='word_1_609' title='bbox 3221 1859 3408 1930; x_wconf 77' lang='grc' dir='ltr'>κήρυξ,</span> 
     </span>
    </p>
   </div>
   <div class='ocr_carea' id='block_1_78' title="bbox 1850 1943 3408 2019">
    <p class='ocr_par' dir='ltr' id='par_1_78' title="bbox 1850 1943 3408 2019">
     <span class='ocr_line' id='line_1_78' title="bbox 1850 1943 3408 2019; baseline 0.004 -23"><span class='ocrx_word' id='word_1_610' title='bbox 1850 1945 1877 1996; x_wconf 91' lang='lat'>6</span> <span class='ocrx_word' id='word_1_611' title='bbox 1903 1943 2072 1996; x_wconf 89' lang='grc' dir='ltr'>ταῦτα</span> <span class='ocrx_word' id='word_1_612' title='bbox 2116 1946 2380 2013; x_wconf 74' lang='grc' dir='ltr'>κηρύξας,</span> <span class='ocrx_word' id='word_1_613' title='bbox 2405 1947 2561 2009; x_wconf 73' lang='grc' dir='ltr'>αὐτὸς</span> <span class='ocrx_word' id='word_1_614' title='bbox 2592 1949 2648 1998; x_wconf 84' lang='grc' dir='ltr'>ἐν</span> <span class='ocrx_word' id='word_1_615' title='bbox 2680 1951 2743 2018; x_wconf 86' lang='grc' dir='ltr'>τῇ</span> <span class='ocrx_word' id='word_1_616' title='bbox 2792 1948 3076 2019; x_wconf 75' lang='grc' dir='ltr'>Ἐπιστολῇ</span> <span class='ocrx_word' id='word_1_617' title='bbox 3117 1952 3179 2018; x_wconf 82' lang='grc' dir='ltr'>τῇ</span> <span class='ocrx_word' id='word_1_618' title='bbox 3217 1951 3408 2002; x_wconf 78' lang='grc' dir='ltr'>ἑαυτοῦ</span> 
     </span>
    </p>
   </div>
   <div class='ocr_carea' id='block_1_79' title="bbox 1849 2035 3408 2110">
    <p class='ocr_par' dir='ltr' id='par_1_79' title="bbox 1849 2035 3408 2110">
     <span class='ocr_line' id='line_1_79' title="bbox 1849 2035 3408 2110; baseline 0.004 -24"><span class='ocrx_word' id='word_1_619' title='bbox 1849 2035 2091 2104; x_wconf 72' lang='grc' dir='ltr'>γράφωνο</span> <span class='ocrx_word' id='word_1_620' title='bbox 2122 2035 2229 2088; x_wconf 85' lang='grc' dir='ltr'>τῶν</span> <span class='ocrx_word' id='word_1_621' title='bbox 2255 2037 2310 2088; x_wconf 83' lang='grc' dir='ltr'>δὲ</span> <span class='ocrx_word' id='word_1_622' title='bbox 2335 2037 2851 2105; x_wconf 77' lang='grc' dir='ltr'>ἐκκλησιαζομένων,</span> <span class='ocrx_word' id='word_1_623' title='bbox 2880 2040 2938 2091; x_wconf 84' lang='grc' dir='ltr'>ού</span> <span class='ocrx_word' id='word_1_624' title='bbox 2958 2038 3064 2091; x_wconf 82' lang='grc' dir='ltr'>τῶν</span> <span class='ocrx_word' id='word_1_625' title='bbox 3082 2040 3408 2110; x_wconf 84' lang='grc' dir='ltr'>ἀποκρύφων</span> 
     </span>
    </p>
   </div>
   <div class='ocr_carea' id='block_1_80' title="bbox 1851 2124 3407 2200">
    <p class='ocr_par' dir='ltr' id='par_1_80' title="bbox 1851 2124 3407 2200">
     <span class='ocr_line' id='line_1_80' title="bbox 1851 2124 3407 2200; baseline 0.003 -25"><span class='ocrx_word' id='word_1_626' title='bbox 1851 2125 1950 2192; x_wconf 82' lang='grc' dir='ltr'>μὲν</span> <span class='ocrx_word' id='word_1_627' title='bbox 1977 2126 2009 2194; x_wconf 82' lang='grc' dir='ltr'>ὴ</span> <span class='ocrx_word' id='word_1_628' title='bbox 2035 2124 2220 2196; x_wconf 86' lang='grc' dir='ltr'>πρώτη</span> <span class='ocrx_word' id='word_1_629' title='bbox 2265 2128 2565 2198; x_wconf 85' lang='grc' dir='ltr'>Ἐπιστολή·</span> <span class='ocrx_word' id='word_1_630' title='bbox 2590 2129 2684 2198; x_wconf 81' lang='grc' dir='ltr'>τὴν</span> <span class='ocrx_word' id='word_1_631' title='bbox 2709 2129 2816 2200; x_wconf 81' lang='grc' dir='ltr'>γὰρ</span> <span class='ocrx_word' id='word_1_632' title='bbox 2840 2130 3092 2200; x_wconf 81' lang='grc' dir='ltr'>δευτέραν</span> <span class='ocrx_word' id='word_1_633' title='bbox 3116 2132 3204 2183; x_wconf 83' lang='grc' dir='ltr'>καὶ</span> <span class='ocrx_word' id='word_1_634' title='bbox 3223 2131 3375 2200; x_wconf 80' lang='grc' dir='ltr'>τρίτη</span> <span class='ocrx_word' id='word_1_635' title='bbox 3391 2150 3407 2179; x_wconf 73' lang='grc' dir='ltr'>ι</span> 
     </span>
    </p>
   </div>
   <div class='ocr_carea' id='block_1_81' title="bbox 1847 2220 3405 2298">
    <p class='ocr_par' dir='ltr' id='par_1_81' title="bbox 1847 2220 3405 2298">
     <span class='ocr_line' id='line_1_81' title="bbox 1847 2220 3405 2298; baseline 0.007 -28"><span class='ocrx_word' id='word_1_636' title='bbox 1847 2220 1895 2271; x_wconf 79' lang='grc' dir='ltr'>οἱ</span> <span class='ocrx_word' id='word_1_637' title='bbox 1920 2220 2157 2288; x_wconf 90' lang='grc' dir='ltr'>Πατέρες</span> <span class='ocrx_word' id='word_1_638' title='bbox 2178 2223 2639 2287; x_wconf 73' lang='grc' dir='ltr'>ἀποκανονίζουσι.</span> <span class='ocrx_word' id='word_1_639' title='bbox 2666 2226 2775 2294; x_wconf 78' lang='grc' dir='ltr'>Τὴν</span> <span class='ocrx_word' id='word_1_640' title='bbox 2815 2226 2996 2295; x_wconf 84' lang='grc' dir='ltr'>μέντοι</span> <span class='ocrx_word' id='word_1_641' title='bbox 3023 2227 3243 2298; x_wconf 86' lang='grc' dir='ltr'>πρώτην</span> <span class='ocrx_word' id='word_1_642' title='bbox 3269 2229 3405 2281; x_wconf 76' lang='grc' dir='ltr'>Ἐπιτ</span> 
     </span>
    </p>
   </div>
   <div class='ocr_carea' id='block_1_82' title="bbox 1851 2307 3406 2385">
    <p class='ocr_par' dir='ltr' id='par_1_82' title="bbox 1851 2307 3406 2385">
     <span class='ocr_line' id='line_1_82' title="bbox 1851 2307 3406 2385; baseline 0.008 -29"><span class='ocrx_word' id='word_1_643' title='bbox 1851 2307 2039 2377; x_wconf 85' lang='grc' dir='ltr'>στολὴν</span> <span class='ocrx_word' id='word_1_644' title='bbox 2053 2310 2285 2373; x_wconf 80' lang='grc' dir='ltr'>ἅπαντες</span> <span class='ocrx_word' id='word_1_645' title='bbox 2302 2309 2434 2364; x_wconf 86' lang='grc' dir='ltr'>εἶναι</span> <span class='ocrx_word' id='word_1_646' title='bbox 2451 2312 2691 2365; x_wconf 80' lang='grc' dir='ltr'>Ἰωάννου</span> <span class='ocrx_word' id='word_1_647' title='bbox 2724 2313 3024 2382; x_wconf 86' lang='grc' dir='ltr'>συμφώνως</span> <span class='ocrx_word' id='word_1_648' title='bbox 3044 2317 3406 2385; x_wconf 83' lang='grc' dir='ltr'>ἀπεφήναντο.</span> 
     </span>
    </p>
   </div>
   <div class='ocr_carea' id='block_1_83' title="bbox 1849 2393 3404 2478">
    <p class='ocr_par' dir='ltr' id='par_1_83' title="bbox 1849 2393 3404 2478">
     <span class='ocr_line' id='line_1_83' title="bbox 1849 2393 3404 2478; baseline 0.009 -30"><span class='ocrx_word' id='word_1_649' title='bbox 1849 2394 1913 2448; x_wconf 91' lang='grc' dir='ltr'>Τί</span> <span class='ocrx_word' id='word_1_650' title='bbox 1940 2393 2031 2450; x_wconf 84' lang='grc' dir='ltr'>οὖν</span> <span class='ocrx_word' id='word_1_651' title='bbox 2061 2402 2260 2464; x_wconf 75' lang='grc' dir='ltr'>ἐκεῖνος</span> <span class='ocrx_word' id='word_1_652' title='bbox 2293 2404 2320 2452; x_wconf 88' lang='lat'>6</span> <span class='ocrx_word' id='word_1_653' title='bbox 2349 2404 2498 2470; x_wconf 76' lang='grc' dir='ltr'>ἅγιος</span> <span class='ocrx_word' id='word_1_654' title='bbox 2531 2404 2616 2455; x_wconf 74' lang='grc' dir='ltr'>διὰ</span> <span class='ocrx_word' id='word_1_655' title='bbox 2657 2406 2757 2474; x_wconf 81' lang='grc' dir='ltr'>τῆς</span> <span class='ocrx_word' id='word_1_656' title='bbox 2801 2407 3116 2477; x_wconf 83' lang='grc' dir='ltr'>Ἐπιστολῆς</span> <span class='ocrx_word' id='word_1_657' title='bbox 3149 2410 3404 2478; x_wconf 84' lang='grc' dir='ltr'>κηρύττει</span> 
     </span>
    </p>
   </div>
   <div class='ocr_carea' id='block_1_84' title="bbox 1848 2487 3404 2569">
    <p class='ocr_par' dir='ltr' id='par_1_84' title="bbox 1848 2487 3404 2569">
     <span class='ocr_line' id='line_1_84' title="bbox 1848 2487 3404 2569; baseline 0.01 -32"><span class='ocrx_word' id='word_1_658' title='bbox 1848 2487 2125 2555; x_wconf 85' lang='grc' dir='ltr'>θεολογῶν,</span> <span class='ocrx_word' id='word_1_659' title='bbox 2164 2493 2445 2560; x_wconf 87' lang='grc' dir='ltr'>προσέχειν</span> <span class='ocrx_word' id='word_1_660' title='bbox 2470 2496 2775 2561; x_wconf 76' lang='grc' dir='ltr'>ἀναγκαῖον.</span> <span class='ocrx_word' id='word_1_661' title='bbox 2811 2499 3081 2565; x_wconf 76' lang='grc' dir='ltr'>Οἶδαμεν,</span> <span class='ocrx_word' id='word_1_662' title='bbox 3115 2501 3296 2569; x_wconf 78' lang='grc' dir='ltr'>φησὶν,</span> <span class='ocrx_word' id='word_1_663' title='bbox 3316 2501 3404 2553; x_wconf 82' lang='grc' dir='ltr'>ὅτι</span> 
     </span>
    </p>
   </div>
   <div class='ocr_carea' id='block_1_85' title="bbox 1845 2579 3400 2656">
    <p class='ocr_par' dir='ltr' id='par_1_85' title="bbox 1845 2579 3400 2656">
     <span class='ocr_line' id='line_1_85' title="bbox 1845 2579 3400 2656; baseline 0.01 -27"><span class='ocrx_word' id='word_1_664' title='bbox 1845 2580 1878 2629; x_wconf 85' lang='grc' dir='ltr'>ό</span> <span class='ocrx_word' id='word_1_665' title='bbox 1926 2579 2053 2643; x_wconf 68' lang='grc' dir='ltr'>Υἱὸς</span> <span class='ocrx_word' id='word_1_666' title='bbox 2078 2581 2180 2633; x_wconf 88' lang='grc' dir='ltr'>τοῦ</span> <span class='ocrx_word' id='word_1_667' title='bbox 2220 2584 2365 2635; x_wconf 88' lang='grc' dir='ltr'>Θεοῦ</span> <span class='ocrx_word' id='word_1_668' title='bbox 2395 2583 2545 2648; x_wconf 78' lang='grc' dir='ltr'>ἥκει,</span> <span class='ocrx_word' id='word_1_669' title='bbox 2581 2587 2677 2638; x_wconf 76' lang='grc' dir='ltr'>καὶ</span> <span class='ocrx_word' id='word_1_670' title='bbox 2705 2587 2927 2640; x_wconf 77' lang='grc' dir='ltr'>ἔδωκεν</span> <span class='ocrx_word' id='word_1_671' title='bbox 2948 2589 3090 2656; x_wconf 76' lang='grc' dir='ltr'>ἡμῖν</span> <span class='ocrx_word' id='word_1_672' title='bbox 3114 2590 3400 2654; x_wconf 85' lang='grc' dir='ltr'>διάνοιαν,</span> 
     </span>
    </p>
   </div>
   <div class='ocr_carea' id='block_1_86' title="bbox 1845 2668 3405 2746">
    <p class='ocr_par' dir='ltr' id='par_1_86' title="bbox 1845 2668 3405 2746">
     <span class='ocr_line' id='line_1_86' title="bbox 1845 2668 3405 2746; baseline 0.01 -27"><span class='ocrx_word' id='word_1_673' title='bbox 1845 2668 1943 2720; x_wconf 79' lang='grc' dir='ltr'>ἵνα</span> <span class='ocrx_word' id='word_1_674' title='bbox 1979 2669 2356 2738; x_wconf 83' lang='grc' dir='ltr'>γινώσκωμεν</span> <span class='ocrx_word' id='word_1_675' title='bbox 2393 2674 2497 2726; x_wconf 78' lang='grc' dir='ltr'>τὸν</span> <span class='ocrx_word' id='word_1_676' title='bbox 2529 2676 2833 2741; x_wconf 82' lang='grc' dir='ltr'>ἀληθινόν·</span> <span class='ocrx_word' id='word_1_677' title='bbox 2867 2680 2962 2731; x_wconf 79' lang='grc' dir='ltr'>καὶ</span> <span class='ocrx_word' id='word_1_678' title='bbox 2995 2680 3182 2746; x_wconf 84' lang='grc' dir='ltr'>ἐσμὲν</span> <span class='ocrx_word' id='word_1_679' title='bbox 3223 2681 3294 2733; x_wconf 88' lang='grc' dir='ltr'>ἐν</span> <span class='ocrx_word' id='word_1_680' title='bbox 3325 2681 3405 2745; x_wconf 80' lang='grc' dir='ltr'>τῷ</span> 
     </span>
    </p>
   </div>
   <div class='ocr_carea' id='block_1_87' title="bbox 1844 2757 3405 2835">
    <p class='ocr_par' dir='ltr' id='par_1_87' title="bbox 1844 2757 3405 2835">
     <span class='ocr_line' id='line_1_87' title="bbox 1844 2757 3405 2835; baseline 0.01 -25"><span class='ocrx_word' id='word_1_681' title='bbox 1844 2757 2120 2822; x_wconf 84' lang='grc' dir='ltr'>ἀληθινῷ,</span> <span class='ocrx_word' id='word_1_682' title='bbox 2155 2760 2317 2825; x_wconf 84' lang='grc' dir='ltr'>ἐντῷ</span> <span class='ocrx_word' id='word_1_683' title='bbox 2349 2762 2455 2825; x_wconf 83' lang='grc' dir='ltr'>Υἱῷ</span> <span class='ocrx_word' id='word_1_684' title='bbox 2477 2765 2661 2817; x_wconf 83' lang='grc' dir='ltr'>αὑτοῦ</span> <span class='ocrx_word' id='word_1_685' title='bbox 2715 2767 2904 2831; x_wconf 86' lang='grc' dir='ltr'>Ἰησοῦ</span> <span class='ocrx_word' id='word_1_686' title='bbox 2928 2768 3172 2834; x_wconf 82' lang='grc' dir='ltr'>Χριστῷ.</span> <span class='ocrx_word' id='word_1_687' title='bbox 3216 2767 3405 2835; x_wconf 82' lang='grc' dir='ltr'>Οὗτός</span> 
     </span>
    </p>
   </div>
   <div class='ocr_carea' id='block_1_88' title="bbox 1845 2848 3398 2926">
    <p class='ocr_par' dir='ltr' id='par_1_88' title="bbox 1845 2848 3398 2926">
     <span class='ocr_line' id='line_1_88' title="bbox 1845 2848 3398 2926; baseline 0.01 -26"><span class='ocrx_word' id='word_1_688' title='bbox 1845 2848 2011 2900; x_wconf 81' lang='grc' dir='ltr'>ἐστιν</span> <span class='ocrx_word' id='word_1_689' title='bbox 2037 2853 2068 2902; x_wconf 87' lang='grc' dir='ltr'>ό</span> <span class='ocrx_word' id='word_1_690' title='bbox 2097 2851 2379 2918; x_wconf 82' lang='grc' dir='ltr'>ἀληθινὸς</span> <span class='ocrx_word' id='word_1_691' title='bbox 2420 2857 2562 2919; x_wconf 84' lang='grc' dir='ltr'>Θεὸς</span> <span class='ocrx_word' id='word_1_692' title='bbox 2581 2895 2593 2916; x_wconf 94' lang='grc'>,</span> <span class='ocrx_word' id='word_1_693' title='bbox 2639 2859 2736 2909; x_wconf 77' lang='grc' dir='ltr'>καὶ</span> <span class='ocrx_word' id='word_1_694' title='bbox 2776 2857 2885 2925; x_wconf 74' lang='grc' dir='ltr'>ζωὴ</span> <span class='ocrx_word' id='word_1_695' title='bbox 2924 2860 3174 2926; x_wconf 71' lang='grc' dir='ltr'>αἰώνιος.</span> <span class='ocrx_word' id='word_1_696' title='bbox 3204 2858 3398 2925; x_wconf 81' lang='grc' dir='ltr'>Οὗτος,</span> 
     </span>
    </p>
   </div>
   <div class='ocr_carea' id='block_1_89' title="bbox 1843 2937 3398 3020">
    <p class='ocr_par' dir='ltr' id='par_1_89' title="bbox 1843 2937 3398 3020">
     <span class='ocr_line' id='line_1_89' title="bbox 1843 2937 3398 3020; baseline 0.014 -33"><span class='ocrx_word' id='word_1_697' title='bbox 1843 2937 2076 3006; x_wconf 81' lang='grc' dir='ltr'>ἀδελφοὶ,</span> <span class='ocrx_word' id='word_1_698' title='bbox 2125 2943 2345 2994; x_wconf 86' lang='grc' dir='ltr'>κάκεῖνα</span> <span class='ocrx_word' id='word_1_699' title='bbox 2375 2940 2529 3006; x_wconf 84' lang='grc' dir='ltr'>εἷπε,</span> <span class='ocrx_word' id='word_1_700' title='bbox 2579 2948 2672 2999; x_wconf 71' lang='grc' dir='ltr'>καὶ</span> <span class='ocrx_word' id='word_1_701' title='bbox 2721 2948 2893 3001; x_wconf 89' lang='grc' dir='ltr'>ταῦτα</span> <span class='ocrx_word' id='word_1_702' title='bbox 2921 2951 3202 3020; x_wconf 76' lang='grc' dir='ltr'>ἐκήρυξεν.</span> <span class='ocrx_word' id='word_1_703' title='bbox 3248 2955 3398 3008; x_wconf 75' lang='grc' dir='ltr'>Ἐπιο</span> 
     </span>
    </p>
   </div>
   <div class='ocr_carea' id='block_1_90' title="bbox 1842 3026 3399 3112">
    <p class='ocr_par' dir='ltr' id='par_1_90' title="bbox 1842 3026 3399 3112">
     <span class='ocr_line' id='line_1_90' title="bbox 1842 3026 3399 3112; baseline 0.013 -35"><span class='ocrx_word' id='word_1_704' title='bbox 1842 3026 2021 3080; x_wconf 85' lang='grc' dir='ltr'>πλεῖον</span> <span class='ocrx_word' id='word_1_705' title='bbox 2055 3031 2101 3082; x_wconf 84' lang='grc' dir='ltr'>εί</span> <span class='ocrx_word' id='word_1_706' title='bbox 2148 3032 2292 3083; x_wconf 81' lang='grc' dir='ltr'>δοκεῖ</span> <span class='ocrx_word' id='word_1_707' title='bbox 2332 3035 2408 3096; x_wconf 80' lang='grc' dir='ltr'>εἰς</span> <span class='ocrx_word' id='word_1_708' title='bbox 2444 3037 2504 3086; x_wconf 83' lang='grc' dir='ltr'>τὸ</span> <span class='ocrx_word' id='word_1_709' title='bbox 2527 3078 2539 3100; x_wconf 90' lang='grc'>,</span> <span class='ocrx_word' id='word_1_710' title='bbox 2565 3039 2770 3104; x_wconf 85' lang='grc' dir='ltr'>μόνος,</span> <span class='ocrx_word' id='word_1_711' title='bbox 2813 3040 3274 3112; x_wconf 85' lang='grc' dir='ltr'>φιλοσοφήσωμεν,</span> <span class='ocrx_word' id='word_1_712' title='bbox 3307 3045 3399 3098; x_wconf 72' lang='grc' dir='ltr'>καὶ</span> 
     </span>
    </p>
   </div>
   <div class='ocr_carea' id='block_1_91' title="bbox 1841 3118 3398 3203">
    <p class='ocr_par' dir='ltr' id='par_1_91' title="bbox 1841 3118 3398 3203">
     <span class='ocr_line' id='line_1_91' title="bbox 1841 3118 3398 3203; baseline 0.012 -36"><span class='ocrx_word' id='word_1_713' title='bbox 1841 3118 2248 3187; x_wconf 86' lang='grc' dir='ltr'>ἀγωνισώμεθα.</span> <span class='ocrx_word' id='word_1_714' title='bbox 2281 3123 2419 3191; x_wconf 85' lang='grc' dir='ltr'>Πρὸς</span> <span class='ocrx_word' id='word_1_715' title='bbox 2444 3125 2533 3176; x_wconf 76' lang='grc' dir='ltr'>τὸν</span> <span class='ocrx_word' id='word_1_716' title='bbox 2563 3128 2785 3178; x_wconf 80' lang='grc' dir='ltr'>ἄπιστον</span> <span class='ocrx_word' id='word_1_717' title='bbox 2811 3130 2977 3182; x_wconf 83' lang='grc' dir='ltr'>πολλὰ</span> <span class='ocrx_word' id='word_1_718' title='bbox 3005 3131 3072 3183; x_wconf 89' lang='grc' dir='ltr'>τά</span> <span class='ocrx_word' id='word_1_719' title='bbox 3101 3133 3226 3202; x_wconf 86' lang='grc' dir='ltr'>βέλη</span> <span class='ocrx_word' id='word_1_720' title='bbox 3261 3153 3398 3203; x_wconf 89' lang='grc' dir='ltr'>πεμ-</span> 
     </span>
    </p>
   </div>
   <div class='ocr_carea' id='block_1_92' title="bbox 1841 3207 3395 3290">
    <p class='ocr_par' dir='ltr' id='par_1_92' title="bbox 1841 3207 3395 3290">
     <span class='ocr_line' id='line_1_92' title="bbox 1841 3207 3395 3290; baseline 0.014 -32"><span class='ocrx_word' id='word_1_721' title='bbox 1841 3207 2050 3258; x_wconf 86' lang='grc' dir='ltr'>πέσθω·</span> <span class='ocrx_word' id='word_1_722' title='bbox 2087 3209 2210 3277; x_wconf 87' lang='grc' dir='ltr'>βέλη</span> <span class='ocrx_word' id='word_1_723' title='bbox 2232 3250 2245 3271; x_wconf 92' lang='grc'>,</span> <span class='ocrx_word' id='word_1_724' title='bbox 2278 3214 2373 3281; x_wconf 82' lang='grc' dir='ltr'>οὐχ</span> <span class='ocrx_word' id='word_1_725' title='bbox 2413 3214 2500 3265; x_wconf 77' lang='grc' dir='ltr'>ἵνα</span> <span class='ocrx_word' id='word_1_726' title='bbox 2542 3216 2725 3288; x_wconf 83' lang='grc' dir='ltr'>τρώσῃ</span> <span class='ocrx_word' id='word_1_727' title='bbox 2769 3221 2834 3271; x_wconf 85' lang='grc' dir='ltr'>τὰ</span> <span class='ocrx_word' id='word_1_728' title='bbox 2870 3221 3121 3290; x_wconf 80' lang='grc' dir='ltr'>σώματα,</span> <span class='ocrx_word' id='word_1_729' title='bbox 3157 3225 3270 3276; x_wconf 83' lang='grc' dir='ltr'>ἀλλ’</span> <span class='ocrx_word' id='word_1_730' title='bbox 3311 3227 3395 3280; x_wconf 85' lang='grc' dir='ltr'>ἵνα</span> 
     </span>
    </p>
   </div>
   <div class='ocr_carea' id='block_1_93' title="bbox 1836 3297 3396 3385">
    <p class='ocr_par' dir='ltr' id='par_1_93' title="bbox 1836 3297 3396 3385">
     <span class='ocr_line' id='line_1_93' title="bbox 1836 3297 3396 3385; baseline 0.015 -38"><span class='ocrx_word' id='word_1_731' title='bbox 1836 3297 2101 3371; x_wconf 83' lang='grc' dir='ltr'>διορθώσῃ</span> <span class='ocrx_word' id='word_1_732' title='bbox 2157 3301 2224 3352; x_wconf 87' lang='grc' dir='ltr'>τά</span> <span class='ocrx_word' id='word_1_733' title='bbox 2273 3306 2610 3374; x_wconf 80' lang='grc' dir='ltr'>φρονήματα.</span> <span class='ocrx_word' id='word_1_734' title='bbox 2678 3310 2981 3379; x_wconf 85' lang='grc' dir='ltr'>Πεμπέσθω</span> <span class='ocrx_word' id='word_1_735' title='bbox 3028 3315 3242 3383; x_wconf 73' lang='grc' dir='ltr'>ῥήματα</span> <span class='ocrx_word' id='word_1_736' title='bbox 3299 3319 3396 3385; x_wconf 79' lang='grc' dir='ltr'>μὲν</span> 
     </span>
    </p>
   </div>
   <div class='ocr_carea' id='block_1_94' title="bbox 1836 3389 3392 3471">
    <p class='ocr_par' dir='ltr' id='par_1_94' title="bbox 1836 3389 3392 3471">
     <span class='ocr_line' id='line_1_94' title="bbox 1836 3389 3392 3471; baseline 0.015 -33"><span class='ocrx_word' id='word_1_737' title='bbox 1836 3389 1970 3456; x_wconf 79' lang='grc' dir='ltr'>πρὸς</span> <span class='ocrx_word' id='word_1_738' title='bbox 2013 3392 2138 3453; x_wconf 74' lang='grc' dir='ltr'>τοὺς</span> <span class='ocrx_word' id='word_1_739' title='bbox 2182 3397 2436 3457; x_wconf 83' lang='grc' dir='ltr'>πιστοὺς,</span> <span class='ocrx_word' id='word_1_740' title='bbox 2486 3398 2610 3467; x_wconf 80' lang='grc' dir='ltr'>βέλη</span> <span class='ocrx_word' id='word_1_741' title='bbox 2655 3399 2709 3451; x_wconf 78' lang='grc' dir='ltr'>δὲ</span> <span class='ocrx_word' id='word_1_742' title='bbox 2755 3402 2888 3471; x_wconf 76' lang='grc' dir='ltr'>πρὸς</span> <span class='ocrx_word' id='word_1_743' title='bbox 2942 3407 3064 3468; x_wconf 72' lang='grc' dir='ltr'>τοὺς</span> <span class='ocrx_word' id='word_1_744' title='bbox 3117 3407 3392 3470; x_wconf 83' lang='grc' dir='ltr'>ἀπίστους.</span> 
     </span>
    </p>
   </div>
   <div class='ocr_carea' id='block_1_95' title="bbox 1841 3479 3394 3562">
    <p class='ocr_par' dir='ltr' id='par_1_95' title="bbox 1841 3479 3394 3562">
     <span class='ocr_line' id='line_1_95' title="bbox 1841 3479 3394 3562; baseline 0.014 -33"><span class='ocrx_word' id='word_1_745' title='bbox 1841 3479 1916 3531; x_wconf 83' lang='grc' dir='ltr'><em>Τὰ</em></span> <span class='ocrx_word' id='word_1_746' title='bbox 1968 3480 2122 3547; x_wconf 80' lang='grc' dir='ltr'>βέλη</span> <span class='ocrx_word' id='word_1_747' title='bbox 2160 3484 2184 3521; x_wconf 73' lang='lat' dir='ltr'><strong><em>b</em></strong></span> <span class='ocrx_word' id='word_1_748' title='bbox 2220 3485 2326 3552; x_wconf 61' lang='grc' dir='ltr'>γὰρ</span> <span class='ocrx_word' id='word_1_749' title='bbox 2377 3485 2483 3539; x_wconf 89' lang='grc' dir='ltr'>τοῦ</span> <span class='ocrx_word' id='word_1_750' title='bbox 2537 3487 2793 3543; x_wconf 79' lang='grc' dir='ltr'>δυνατοῦ</span> <span class='ocrx_word' id='word_1_751' title='bbox 2841 3493 3210 3562; x_wconf 73' lang='grc' dir='ltr'>ἠκονημένα,</span> <span class='ocrx_word' id='word_1_752' title='bbox 3266 3501 3394 3555; x_wconf 73' lang='grc' dir='ltr'>λαοὶ</span> 
     </span>
    </p>
   </div>
   <div class='ocr_carea' id='block_1_96' title="bbox 1833 3569 3388 3654">
    <p class='ocr_par' dir='ltr' id='par_1_96' title="bbox 1833 3569 3388 3654">
     <span class='ocr_line' id='line_1_96' title="bbox 1833 3569 3388 3654; baseline 0.012 -32"><span class='ocrx_word' id='word_1_753' title='bbox 1833 3569 2106 3622; x_wconf 82' lang='grc' dir='ltr'>ὑποκάτω</span> <span class='ocrx_word' id='word_1_754' title='bbox 2139 3588 2253 3625; x_wconf 86' lang='grc' dir='ltr'>σου</span> <span class='ocrx_word' id='word_1_755' title='bbox 2284 3576 2629 3639; x_wconf 75' lang='grc' dir='ltr'>πεσοῦνται,</span> <span class='ocrx_word' id='word_1_756' title='bbox 2665 3579 2732 3631; x_wconf 72' lang='grc' dir='ltr'>ἐν</span> <span class='ocrx_word' id='word_1_757' title='bbox 2759 3582 2967 3650; x_wconf 78' lang='grc' dir='ltr'>καρδίᾳ</span> <span class='ocrx_word' id='word_1_758' title='bbox 3001 3585 3117 3637; x_wconf 84' lang='grc' dir='ltr'>τῶν</span> <span class='ocrx_word' id='word_1_759' title='bbox 3145 3587 3388 3654; x_wconf 80' lang='grc' dir='ltr'>ἐχθρῶν.</span> 
     </span>
    </p>
   </div>
   <div class='ocr_carea' id='block_1_97' title="bbox 1833 3656 3392 3743">
    <p class='ocr_par' dir='ltr' id='par_1_97' title="bbox 1833 3656 3392 3743">
     <span class='ocr_line' id='line_1_97' title="bbox 1833 3656 3392 3743; baseline 0.014 -37"><span class='ocrx_word' id='word_1_760' title='bbox 1833 3656 1995 3724; x_wconf 85' lang='grc' dir='ltr'>Λέγει</span> <span class='ocrx_word' id='word_1_761' title='bbox 2058 3660 2233 3712; x_wconf 89' lang='grc' dir='ltr'>τοίνυν</span> <span class='ocrx_word' id='word_1_762' title='bbox 2297 3663 2324 3712; x_wconf 88' lang='lat'>6</span> <span class='ocrx_word' id='word_1_763' title='bbox 2388 3666 2650 3732; x_wconf 84' lang='grc' dir='ltr'>μακάριος</span> <span class='ocrx_word' id='word_1_764' title='bbox 2721 3667 3024 3740; x_wconf 84' lang='grc' dir='ltr'>Ἱερεμίας,</span> <span class='ocrx_word' id='word_1_765' title='bbox 3084 3675 3279 3743; x_wconf 84' lang='grc' dir='ltr'>μᾶλλον</span> <span class='ocrx_word' id='word_1_766' title='bbox 3335 3678 3392 3728; x_wconf 76' lang='grc' dir='ltr'>δὲ</span> 
     </span>
    </p>
   </div>
   <div class='ocr_carea' id='block_1_98' title="bbox 1832 3743 3392 3827">
    <p class='ocr_par' dir='ltr' id='par_1_98' title="bbox 1832 3743 3392 3827">
     <span class='ocr_line' id='line_1_98' title="bbox 1832 3743 3392 3827; baseline 0.015 -32"><span class='ocrx_word' id='word_1_767' title='bbox 1832 3743 2042 3815; x_wconf 70' lang='grc' dir='ltr'>Βαροὺχ</span> <span class='ocrx_word' id='word_1_768' title='bbox 2095 3749 2122 3799; x_wconf 94' lang='lat'>6</span> <span class='ocrx_word' id='word_1_769' title='bbox 2169 3750 2411 3820; x_wconf 83' lang='grc' dir='ltr'>μαθητὴς</span> <span class='ocrx_word' id='word_1_770' title='bbox 2469 3754 2668 3818; x_wconf 80' lang='grc' dir='ltr'>αὑτοῦ,</span> <span class='ocrx_word' id='word_1_771' title='bbox 2723 3758 2797 3818; x_wconf 82' lang='grc' dir='ltr'>ὼς</span> <span class='ocrx_word' id='word_1_772' title='bbox 2842 3761 2870 3812; x_wconf 95' lang='lat'>6</span> <span class='ocrx_word' id='word_1_773' title='bbox 2937 3761 3232 3827; x_wconf 82' lang='grc' dir='ltr'>Ἐλισσαῖος</span> <span class='ocrx_word' id='word_1_774' title='bbox 3297 3768 3392 3819; x_wconf 87' lang='grc' dir='ltr'>τοῦ</span> 
     </span>
    </p>
   </div>
   <div class='ocr_carea' id='block_1_99' title="bbox 1845 3840 3391 3919">
    <p class='ocr_par' dir='ltr' id='par_1_99' title="bbox 1845 3840 3391 3919">
     <span class='ocr_line' id='line_1_99' title="bbox 1845 3840 3391 3919; baseline 0.015 -30"><span class='ocrx_word' id='word_1_775' title='bbox 1845 3840 2041 3904; x_wconf 85' lang='grc' dir='ltr'>Ἠλίου,</span> <span class='ocrx_word' id='word_1_776' title='bbox 2087 3844 2148 3896; x_wconf 86' lang='lat'>&#39;0</span> <span class='ocrx_word' id='word_1_777' title='bbox 2180 3848 2630 3914; x_wconf 82' lang='grc' dir='ltr'>κατασκευάσας</span> <span class='ocrx_word' id='word_1_778' title='bbox 2663 3850 2775 3916; x_wconf 77' lang='grc' dir='ltr'>τὴν</span> <span class='ocrx_word' id='word_1_779' title='bbox 2805 3852 2920 3919; x_wconf 81' lang='grc' dir='ltr'>γῆν</span> <span class='ocrx_word' id='word_1_780' title='bbox 2947 3858 3031 3918; x_wconf 89' lang='grc' dir='ltr'>εὶς</span> <span class='ocrx_word' id='word_1_781' title='bbox 3075 3858 3180 3908; x_wconf 88' lang='grc' dir='ltr'>τὸν</span> <span class='ocrx_word' id='word_1_782' title='bbox 3209 3861 3391 3912; x_wconf 81' lang='grc' dir='ltr'>αὶώνα</span> 
     </span>
    </p>
   </div>
   <div class='ocr_carea' id='block_1_100' title="bbox 1831 3937 3386 4020">
    <p class='ocr_par' dir='ltr' id='par_1_100' title="bbox 1831 3937 3386 4020">
     <span class='ocr_line' id='line_1_100' title="bbox 1831 3937 3386 4020; baseline 0.014 -35"><span class='ocrx_word' id='word_1_783' title='bbox 1831 3938 2068 3999; x_wconf 74' lang='grc' dir='ltr'>χρόνον,</span> <span class='ocrx_word' id='word_1_784' title='bbox 2113 3937 2449 4004; x_wconf 77' lang='grc' dir='ltr'>ἐνέπλησεν</span> <span class='ocrx_word' id='word_1_785' title='bbox 2475 3944 2666 4009; x_wconf 76' lang='grc' dir='ltr'>αὐτὴν</span> <span class='ocrx_word' id='word_1_786' title='bbox 2697 3947 2928 4011; x_wconf 85' lang='grc' dir='ltr'>κτηνῶν</span> <span class='ocrx_word' id='word_1_787' title='bbox 2959 3966 3018 4001; x_wconf 86' lang='grc' dir='ltr'>τε</span> <span class='ocrx_word' id='word_1_788' title='bbox 3060 3953 3155 4004; x_wconf 78' lang='grc' dir='ltr'>καὶ</span> <span class='ocrx_word' id='word_1_789' title='bbox 3188 3971 3386 4020; x_wconf 90' lang='grc' dir='ltr'>τετρα-</span> 
     </span>
    </p>
   </div>
   <div class='ocr_carea' id='block_1_101' title="bbox 1830 4027 3385 4108">
    <p class='ocr_par' dir='ltr' id='par_1_101' title="bbox 1830 4027 3385 4108">
     <span class='ocr_line' id='line_1_101' title="bbox 1830 4027 3385 4108; baseline 0.015 -32"><span class='ocrx_word' id='word_1_790' title='bbox 1830 4027 2045 4078; x_wconf 80' lang='grc' dir='ltr'>πόδων·</span> <span class='ocrx_word' id='word_1_791' title='bbox 2077 4030 2394 4085; x_wconf 77' lang='grc' dir='ltr'>ἀπέστειλε</span> <span class='ocrx_word' id='word_1_792' title='bbox 2431 4037 2493 4087; x_wconf 81' lang='grc' dir='ltr'>τὸ</span> <span class='ocrx_word' id='word_1_793' title='bbox 2525 4033 2682 4102; x_wconf 67' lang='grc' dir='ltr'>φῶς,</span> <span class='ocrx_word' id='word_1_794' title='bbox 2732 4043 2825 4094; x_wconf 83' lang='grc' dir='ltr'>καί</span> <span class='ocrx_word' id='word_1_795' title='bbox 2866 4045 3173 4108; x_wconf 83' lang='grc' dir='ltr'>πορεύεται</span> <span class='ocrx_word' id='word_1_796' title='bbox 3195 4063 3210 4078; x_wconf 80' lang='grc' dir='ltr'><strong>ο</strong></span> <span class='ocrx_word' id='word_1_797' title='bbox 3247 4047 3385 4099; x_wconf 76' lang='grc' dir='ltr'>ἐκά-</span> 
     </span>
    </p>
   </div>
   <div class='ocr_carea' id='block_1_102' title="bbox 1825 4124 3387 4207">
    <p class='ocr_par' dir='ltr' id='par_1_102' title="bbox 1825 4124 3387 4207">
     <span class='ocr_line' id='line_1_102' title="bbox 1825 4124 3387 4207; baseline 0.015 -37"><span class='ocrx_word' id='word_1_798' title='bbox 1825 4124 2008 4173; x_wconf 84' lang='grc' dir='ltr'>λεσεν</span> <span class='ocrx_word' id='word_1_799' title='bbox 2044 4125 2209 4185; x_wconf 82' lang='grc' dir='ltr'>αὐτὸ,</span> <span class='ocrx_word' id='word_1_800' title='bbox 2245 4127 2342 4178; x_wconf 80' lang='grc' dir='ltr'>καὶ</span> <span class='ocrx_word' id='word_1_801' title='bbox 2387 4131 2734 4194; x_wconf 75' lang='grc' dir='ltr'>ὑπήκουσεν</span> <span class='ocrx_word' id='word_1_802' title='bbox 2779 4136 2935 4201; x_wconf 79' lang='grc' dir='ltr'>αὐτῷ</span> <span class='ocrx_word' id='word_1_803' title='bbox 2975 4141 3184 4207; x_wconf 79' lang='grc' dir='ltr'>τρόμῳ.</span> <span class='ocrx_word' id='word_1_804' title='bbox 3212 4144 3274 4193; x_wconf 74' lang='lat' dir='ltr'>Ol</span> <span class='ocrx_word' id='word_1_805' title='bbox 3320 4143 3387 4194; x_wconf 81' lang='grc' dir='ltr'>δὲ</span> 
     </span>
    </p>
   </div>
   <div class='ocr_carea' id='block_1_103' title="bbox 1826 4214 3386 4296">
    <p class='ocr_par' dir='ltr' id='par_1_103' title="bbox 1826 4214 3386 4296">
     <span class='ocr_line' id='line_1_103' title="bbox 1826 4214 3386 4296; baseline 0.016 -31"><span class='ocrx_word' id='word_1_806' title='bbox 1826 4214 2072 4281; x_wconf 83' lang='grc' dir='ltr'>ἀστέρες</span> <span class='ocrx_word' id='word_1_807' title='bbox 2111 4218 2389 4286; x_wconf 65' lang='grc' dir='ltr'>ἔλαμψαν</span> <span class='ocrx_word' id='word_1_808' title='bbox 2435 4224 2502 4274; x_wconf 83' lang='grc' dir='ltr'>ἐν</span> <span class='ocrx_word' id='word_1_809' title='bbox 2543 4227 2668 4290; x_wconf 79' lang='grc' dir='ltr'>ταῖς</span> <span class='ocrx_word' id='word_1_810' title='bbox 2695 4233 2992 4296; x_wconf 62' lang='grc' dir='ltr'>φυλακαῖς</span> <span class='ocrx_word' id='word_1_811' title='bbox 3037 4234 3252 4296; x_wconf 83' lang='grc' dir='ltr'>αὐτῶν,</span> <span class='ocrx_word' id='word_1_812' title='bbox 3291 4240 3386 4290; x_wconf 75' lang='grc' dir='ltr'>καί</span> 
     </span>
    </p>
   </div>
   <div class='ocr_carea' id='block_1_104' title="bbox 1825 4309 3379 4397">
    <p class='ocr_par' dir='ltr' id='par_1_104' title="bbox 1825 4309 3379 4397">
     <span class='ocr_line' id='line_1_104' title="bbox 1825 4309 3379 4397; baseline 0.018 -39"><span class='ocrx_word' id='word_1_813' title='bbox 1825 4309 2262 4376; x_wconf 66' lang='grc' dir='ltr'>εὐφράνθησαν.</span> <span class='ocrx_word' id='word_1_814' title='bbox 2316 4317 2640 4370; x_wconf 82' lang='grc' dir='ltr'>Ἐκάλεσεν</span> <span class='ocrx_word' id='word_1_815' title='bbox 2668 4323 2885 4389; x_wconf 83' lang='grc' dir='ltr'>αὐτοὺς</span> <span class='ocrx_word' id='word_1_816' title='bbox 2916 4328 3055 4392; x_wconf 84' lang='grc' dir='ltr'>τοὺς</span> <span class='ocrx_word' id='word_1_817' title='bbox 3095 4331 3379 4397; x_wconf 77' lang='grc' dir='ltr'>ἀστέρας,</span> 
     </span>
    </p>
   </div>
   <div class='ocr_carea' id='block_1_105' title="bbox 1826 4401 3384 4489">
    <p class='ocr_par' dir='ltr' id='par_1_105' title="bbox 1826 4401 3384 4489">
     <span class='ocr_line' id='line_1_105' title="bbox 1826 4401 3384 4489; baseline 0.019 -39"><span class='ocrx_word' id='word_1_818' title='bbox 1826 4403 1956 4468; x_wconf 74' lang='grc' dir='ltr'>φησὶ</span> <span class='ocrx_word' id='word_1_819' title='bbox 1979 4441 1992 4463; x_wconf 93' lang='grc'>,</span> <span class='ocrx_word' id='word_1_820' title='bbox 2022 4404 2117 4453; x_wconf 82' lang='grc' dir='ltr'>καὶ</span> <span class='ocrx_word' id='word_1_821' title='bbox 2153 4401 2346 4467; x_wconf 79' lang='grc' dir='ltr'>εἶπαν.</span> <span class='ocrx_word' id='word_1_822' title='bbox 2389 4410 2719 4479; x_wconf 82' lang='grc' dir='ltr'>Πάρεσμεν·</span> <span class='ocrx_word' id='word_1_823' title='bbox 2752 4419 2846 4469; x_wconf 80' lang='grc' dir='ltr'>καὶ</span> <span class='ocrx_word' id='word_1_824' title='bbox 2875 4421 3155 4489; x_wconf 74' lang='grc' dir='ltr'>ἔλαμψαν</span> <span class='ocrx_word' id='word_1_825' title='bbox 3191 4427 3259 4477; x_wconf 84' lang='grc' dir='ltr'>έν</span> <span class='ocrx_word' id='word_1_826' title='bbox 3286 4430 3384 4479; x_wconf 85' lang='grc' dir='ltr'>εὐ·</span> 
     </span>
    </p>
   </div>
   <div class='ocr_carea' id='block_1_106' title="bbox 1824 4499 3384 4575">
    <p class='ocr_par' dir='ltr' id='par_1_106' title="bbox 1824 4499 3384 4575">
     <span class='ocr_line' id='line_1_106' title="bbox 1824 4499 3384 4575; baseline 0.017 -29"><span class='ocrx_word' id='word_1_827' title='bbox 1824 4499 2095 4563; x_wconf 68' lang='grc' dir='ltr'>φροσύνῃ</span> <span class='ocrx_word' id='word_1_828' title='bbox 2122 4499 2199 4563; x_wconf 86' lang='grc' dir='ltr'>τῷ</span> <span class='ocrx_word' id='word_1_829' title='bbox 2227 4503 2542 4567; x_wconf 78' lang='grc' dir='ltr'>ποιήσαντι</span> <span class='ocrx_word' id='word_1_830' title='bbox 2576 4511 2816 4575; x_wconf 81' lang='grc' dir='ltr'>αὐτούς.</span> <span class='ocrx_word' id='word_1_831' title='bbox 2851 4515 2959 4567; x_wconf 77' lang='grc' dir='ltr'>Καὶ</span> <span class='ocrx_word' id='word_1_832' title='bbox 2990 4518 3223 4570; x_wconf 87' lang='grc' dir='ltr'>τοσαῦτα</span> <span class='ocrx_word' id='word_1_833' title='bbox 3272 4521 3384 4573; x_wconf 86' lang='grc' dir='ltr'>θεο-</span> 
     </span>
    </p>
   </div>
   <div class='ocr_carea' id='block_1_107' title="bbox 1822 4591 3382 4679">
    <p class='ocr_par' dir='ltr' id='par_1_107' title="bbox 1822 4591 3382 4679">
     <span class='ocr_line' id='line_1_107' title="bbox 1822 4591 3382 4679; baseline 0.017 -40"><span class='ocrx_word' id='word_1_834' title='bbox 1822 4591 2052 4659; x_wconf 76' lang='grc' dir='ltr'>λογήσας</span> <span class='ocrx_word' id='word_1_835' title='bbox 2073 4631 2083 4651; x_wconf 91' lang='grc'>,</span> <span class='ocrx_word' id='word_1_836' title='bbox 2119 4595 2298 4663; x_wconf 80' lang='grc' dir='ltr'>φησίν·</span> <span class='ocrx_word' id='word_1_837' title='bbox 2325 4593 2508 4662; x_wconf 80' lang='grc' dir='ltr'>Οὗτος</span> <span class='ocrx_word' id='word_1_838' title='bbox 2537 4604 2568 4652; x_wconf 90' lang='grc' dir='ltr'>ό</span> <span class='ocrx_word' id='word_1_839' title='bbox 2607 4603 2746 4667; x_wconf 86' lang='grc' dir='ltr'>Θεὸς</span> <span class='ocrx_word' id='word_1_840' title='bbox 2773 4606 2957 4672; x_wconf 78' lang='grc' dir='ltr'>ἡμῶν,</span> <span class='ocrx_word' id='word_1_841' title='bbox 2989 4613 3058 4661; x_wconf 87' lang='grc' dir='ltr'>οὐ</span> <span class='ocrx_word' id='word_1_842' title='bbox 3098 4616 3382 4679; x_wconf 77' lang='grc' dir='ltr'>λογισθή-</span> 
     </span>
    </p>
   </div>
   <div class='ocr_carea' id='block_1_108' title="bbox 1819 4687 3381 4771">
    <p class='ocr_par' dir='ltr' id='par_1_108' title="bbox 1819 4687 3381 4771">
     <span class='ocr_line' id='line_1_108' title="bbox 1819 4687 3381 4771; baseline 0.015 -35"><span class='ocrx_word' id='word_1_843' title='bbox 1819 4703 1986 4736; x_wconf 76' lang='grc' dir='ltr'>σεται</span> <span class='ocrx_word' id='word_1_844' title='bbox 2029 4687 2226 4754; x_wconf 73' lang='grc' dir='ltr'>ἕτερος</span> <span class='ocrx_word' id='word_1_845' title='bbox 2269 4691 2415 4755; x_wconf 81' lang='grc' dir='ltr'>πρὸς</span> <span class='ocrx_word' id='word_1_846' title='bbox 2452 4697 2655 4746; x_wconf 77' lang='grc' dir='ltr'>αὐτόν.</span> <span class='ocrx_word' id='word_1_847' title='bbox 2696 4699 2927 4767; x_wconf 79' lang='grc' dir='ltr'>Πρόσεχε</span> <span class='ocrx_word' id='word_1_848' title='bbox 2960 4703 3230 4770; x_wconf 76' lang='grc' dir='ltr'>ἀκριϐῶς,</span> <span class='ocrx_word' id='word_1_849' title='bbox 3267 4709 3381 4771; x_wconf 81' lang='grc' dir='ltr'>πῶς</span> 
     </span>
    </p>
   </div>
   <div class='ocr_carea' id='block_1_109' title="bbox 1818 4779 3379 4870">
    <p class='ocr_par' dir='ltr' id='par_1_109' title="bbox 1818 4779 3379 4870">
     <span class='ocr_line' id='line_1_109' title="bbox 1818 4779 3379 4870; baseline 0.019 -44"><span class='ocrx_word' id='word_1_850' title='bbox 1818 4779 2090 4830; x_wconf 79' lang='grc' dir='ltr'>ἀποκλείει</span> <span class='ocrx_word' id='word_1_851' title='bbox 2119 4781 2190 4847; x_wconf 79' lang='grc' dir='ltr'>τῷ</span> <span class='ocrx_word' id='word_1_852' title='bbox 2222 4784 2405 4850; x_wconf 79' lang='grc' dir='ltr'>ἑτέρῳ.</span> <span class='ocrx_word' id='word_1_853' title='bbox 2433 4788 2513 4837; x_wconf 84' lang='grc' dir='ltr'><em>Οὺ</em></span> <span class='ocrx_word' id='word_1_854' title='bbox 2557 4791 2973 4855; x_wconf 65' lang='grc' dir='ltr'>λογισθήσεται</span> <span class='ocrx_word' id='word_1_855' title='bbox 3010 4797 3205 4866; x_wconf 77' lang='grc' dir='ltr'>ἕτερος</span> <span class='ocrx_word' id='word_1_856' title='bbox 3231 4806 3379 4870; x_wconf 80' lang='grc' dir='ltr'>πρὸς</span> 
     </span>
    </p>
   </div>
   <div class='ocr_carea' id='block_1_110' title="bbox 1816 4871 3374 4957">
    <p class='ocr_par' dir='ltr' id='par_1_110' title="bbox 1816 4871 3374 4957">
     <span class='ocr_line' id='line_1_110' title="bbox 1816 4871 3374 4957; baseline 0.022 -41"><span class='ocrx_word' id='word_1_857' title='bbox 1816 4871 2015 4921; x_wconf 72' lang='grc' dir='ltr'>αὐτόν.</span> <span class='ocrx_word' id='word_1_858' title='bbox 2070 4872 2295 4937; x_wconf 73' lang='grc' dir='ltr'>Ἐξεῦρε</span> <span class='ocrx_word' id='word_1_859' title='bbox 2319 4876 2522 4929; x_wconf 80' lang='grc' dir='ltr'>πᾶσαν</span> <span class='ocrx_word' id='word_1_860' title='bbox 2552 4881 2692 4932; x_wconf 78' lang='grc' dir='ltr'>όὸὸν</span> <span class='ocrx_word' id='word_1_861' title='bbox 2721 4884 3079 4957; x_wconf 76' lang='grc' dir='ltr'>ἐπιστήμης,</span> <span class='ocrx_word' id='word_1_862' title='bbox 3116 4895 3212 4947; x_wconf 82' lang='grc' dir='ltr'>καὶ</span> <span class='ocrx_word' id='word_1_863' title='bbox 3237 4896 3374 4949; x_wconf 76' lang='grc' dir='ltr'>ἔδω-</span> 
     </span>
    </p>
   </div>
   <div class='ocr_carea' id='block_1_111' title="bbox 1815 4965 3377 5060">
    <p class='ocr_par' dir='ltr' id='par_1_111' title="bbox 1815 4965 3377 5060">
     <span class='ocr_line' id='line_1_111' title="bbox 1815 4965 3377 5060; baseline 0.023 -49"><span class='ocrx_word' id='word_1_864' title='bbox 1815 4979 1918 5012; x_wconf 83' lang='grc' dir='ltr'>κεν</span> <span class='ocrx_word' id='word_1_865' title='bbox 1947 4965 2137 5028; x_wconf 68' lang='grc' dir='ltr'>αὐτὴν</span> <span class='ocrx_word' id='word_1_866' title='bbox 2184 4969 2387 5022; x_wconf 82' lang='grc' dir='ltr'>Ἰακὼϐ</span> <span class='ocrx_word' id='word_1_867' title='bbox 2428 4974 2505 5035; x_wconf 79' lang='grc' dir='ltr'>τῷ</span> <span class='ocrx_word' id='word_1_868' title='bbox 2532 4978 2691 5028; x_wconf 76' lang='grc' dir='ltr'>παιδὶ</span> <span class='ocrx_word' id='word_1_869' title='bbox 2722 4984 2941 5047; x_wconf 82' lang='grc' dir='ltr'>αὑτοῦ,</span> <span class='ocrx_word' id='word_1_870' title='bbox 2991 4989 3084 5039; x_wconf 77' lang='grc' dir='ltr'>καὶ</span> <span class='ocrx_word' id='word_1_871' title='bbox 3133 4991 3377 5060; x_wconf 78' lang='grc' dir='ltr'>Ἰσραὴλ</span> 
     </span>
    </p>
   </div>
   <div class='ocr_carea' id='block_1_112' title="bbox 1813 5055 3374 5156">
    <p class='ocr_par' dir='ltr' id='par_1_112' title="bbox 1813 5055 3374 5156">
     <span class='ocr_line' id='line_1_112' title="bbox 1813 5055 3374 5156; baseline 0.024 -52"><span class='ocrx_word' id='word_1_872' title='bbox 1813 5055 1890 5118; x_wconf 80' lang='grc' dir='ltr'>τῷ</span> <span class='ocrx_word' id='word_1_873' title='bbox 1911 5060 2264 5128; x_wconf 73' lang='grc' dir='ltr'>ἠγαπημένῳ</span> <span class='ocrx_word' id='word_1_874' title='bbox 2285 5067 2381 5117; x_wconf 83' lang='grc' dir='ltr'>ὑπ’</span> <span class='ocrx_word' id='word_1_875' title='bbox 2404 5069 2604 5122; x_wconf 77' lang='grc' dir='ltr'>αὑτοῦ.</span> <span class='ocrx_word' id='word_1_876' title='bbox 2634 5076 2792 5128; x_wconf 79' lang='grc' dir='ltr'>Μετὰ</span> <span class='ocrx_word' id='word_1_877' title='bbox 2815 5079 2992 5133; x_wconf 83' lang='grc' dir='ltr'>ταῦτα</span> <span class='ocrx_word' id='word_1_878' title='bbox 3009 5084 3104 5136; x_wconf 80' lang='grc' dir='ltr'>ἐπὶ</span> <span class='ocrx_word' id='word_1_879' title='bbox 3131 5055 3238 5153; x_wconf 80' lang='grc' dir='ltr'>τῆς</span> <span class='ocrx_word' id='word_1_880' title='bbox 3265 5055 3374 5156; x_wconf 55' lang='grc' dir='ltr'>γῆς</span> 
     </span>
    </p>
   </div>
   <div class='ocr_carea' id='block_1_113' title="bbox 1874 5305 2748 5371">
    <p class='ocr_par' dir='ltr' id='par_1_113' title="bbox 1874 5305 2748 5371">
     <span class='ocr_line' id='line_1_113' title="bbox 1874 5305 2748 5371; baseline 0.026 -28"><span class='ocrx_word' id='word_1_881' title='bbox 1874 5305 1897 5371; x_wconf 62' lang='grc' dir='ltr'>ξι</span> <span class='ocrx_word' id='word_1_882' title='bbox 1941 5305 2293 5371; x_wconf 23' lang='lat' dir='ltr'>Cntgl‘er._1&#39;,nnj.</span> <span class='ocrx_word' id='word_1_883' title='bbox 2324 5313 2399 5356; x_wconf 74' lang='grc' dir='ltr'>διὰ</span> <span class='ocrx_word' id='word_1_884' title='bbox 2421 5314 2500 5371; x_wconf 84' lang='grc' dir='ltr'>μὲν</span> <span class='ocrx_word' id='word_1_885' title='bbox 2522 5317 2573 5361; x_wconf 81' lang='grc' dir='ltr'>τὸ</span> <span class='ocrx_word' id='word_1_886' title='bbox 2596 5333 2636 5363; x_wconf 89' lang='grc' dir='ltr'>τ.</span> <span class='ocrx_word' id='word_1_887' title='bbox 2674 5321 2748 5366; x_wconf 84' lang='grc' dir='ltr'>ἀλ.</span> 
     </span>
    </p>
   </div>
   <div class='ocr_carea' id='block_1_114' title="bbox 1869 5364 3363 5446">
    <p class='ocr_par' dir='ltr' id='par_1_114' title="bbox 1869 5364 3363 5446">
     <span class='ocr_line' id='line_1_114' title="bbox 1869 5364 3363 5446; baseline 0.021 -42"><span class='ocrx_word' id='word_1_888' title='bbox 1869 5364 1897 5400; x_wconf 83' lang='lat' dir='ltr'><strong>b</strong></span> <span class='ocrx_word' id='word_1_889' title='bbox 1927 5364 2107 5446; x_wconf 36' lang='lat' dir='ltr'>~nyrill.</span> <span class='ocrx_word' id='word_1_890' title='bbox 2154 5364 2319 5424; x_wconf 48' lang='lat' dir='ltr'>Alei,</span> <span class='ocrx_word' id='word_1_891' title='bbox 2346 5364 2428 5443; x_wconf 48' lang='grc' dir='ltr'>ἰη’</span> <span class='ocrx_word' id='word_1_892' title='bbox 2461 5364 2788 5446; x_wconf 28' lang='grc' dir='ltr'>εὶιηυίςὶιίοηε</span> <span class='ocrx_word' id='word_1_893' title='bbox 2833 5384 2982 5446; x_wconf 84' lang='lat' dir='ltr'><strong>hujus</strong></span> <span class='ocrx_word' id='word_1_894' title='bbox 3018 5393 3180 5435; x_wconf 71' lang='lat' dir='ltr'>lenus</span> <span class='ocrx_word' id='word_1_895' title='bbox 3205 5409 3214 5435; x_wconf 92' lang='lat'>:</span> <span class='ocrx_word' id='word_1_896' title='bbox 3243 5391 3363 5446; x_wconf 83' lang='grc' dir='ltr'>Βέλη</span> 
     </span>
    </p>
   </div>
   <div class='ocr_carea' id='block_1_115' title="bbox 1809 5424 3358 5505">
    <p class='ocr_par' dir='ltr' id='par_1_115' title="bbox 1809 5424 3358 5505">
     <span class='ocr_line' id='line_1_115' title="bbox 1809 5424 3358 5505; baseline 0.019 -39"><span class='ocrx_word' id='word_1_897' title='bbox 1809 5424 1953 5494; x_wconf 66' lang='grc' dir='ltr'>αύτοῦ</span> <span class='ocrx_word' id='word_1_898' title='bbox 1984 5428 2027 5469; x_wconf 82' lang='grc' dir='ltr'>οἱ</span> <span class='ocrx_word' id='word_1_899' title='bbox 2057 5431 2393 5505; x_wconf 29' lang='grc' dir='ltr'>μἠοξριγξυυγοίὲ</span> <span class='ocrx_word' id='word_1_900' title='bbox 2425 5434 2610 5505; x_wconf 41' lang='grc' dir='ltr'>τοὺς.δέ</span> <span class='ocrx_word' id='word_1_901' title='bbox 2651 5455 2701 5495; x_wconf 86' lang='grc' dir='ltr'>γε</span> <span class='ocrx_word' id='word_1_902' title='bbox 2736 5424 3139 5505; x_wconf 50' lang='grc' dir='ltr'>πεπλανημένους,</span> <span class='ocrx_word' id='word_1_903' title='bbox 3169 5451 3247 5494; x_wconf 82' lang='grc' dir='ltr'>καὶ</span> <span class='ocrx_word' id='word_1_904' title='bbox 3284 5424 3358 5496; x_wconf 53' lang='grc' dir='ltr'>τοί</span> 
     </span>
    </p>
   </div>
   <div class='ocr_carea' id='block_1_116' title="bbox 1808 5486 3364 5565">
    <p class='ocr_par' dir='ltr' id='par_1_116' title="bbox 1808 5486 3364 5565">
     <span class='ocr_line' id='line_1_116' title="bbox 1808 5486 3364 5565; baseline 0.019 -40"><span class='ocrx_word' id='word_1_905' title='bbox 1808 5486 1941 5565; x_wconf 55' lang='grc' dir='ltr'>ἓύσει</span> <span class='ocrx_word' id='word_1_906' title='bbox 1961 5500 2011 5529; x_wconf 88' lang='grc' dir='ltr'>τε</span> <span class='ocrx_word' id='word_1_907' title='bbox 2135 5487 2339 5565; x_wconf 51' lang='grc' dir='ltr'>’ἀληθξῦς</span> <span class='ocrx_word' id='word_1_908' title='bbox 2357 5492 2473 5537; x_wconf 79' lang='grc' dir='ltr'>Θεὸν</span> <span class='ocrx_word' id='word_1_909' title='bbox 2491 5497 2588 5565; x_wconf 37' lang='grc' dir='ltr'>ὀὐκ</span> <span class='ocrx_word' id='word_1_910' title='bbox 2625 5486 2821 5556; x_wconf 71' lang='grc' dir='ltr'>εἰδότας,</span> <span class='ocrx_word' id='word_1_911' title='bbox 2850 5486 3150 5559; x_wconf 42' lang='grc' dir='ltr'>πλήττουσιῖ).</span> <span class='ocrx_word' id='word_1_912' title='bbox 3183 5510 3268 5554; x_wconf 59' lang='grc' dir='ltr'>οὐκ</span> <span class='ocrx_word' id='word_1_913' title='bbox 3303 5513 3364 5565; x_wconf 80' lang='grc' dir='ltr'>εἰς</span> 
     </span>
    </p>
   </div>
   <div class='ocr_carea' id='block_1_117' title="bbox 1808 5543 3361 5631">
    <p class='ocr_par' dir='ltr' id='par_1_117' title="bbox 1808 5543 3361 5631">
     <span class='ocr_line' id='line_1_117' title="bbox 1808 5543 3361 5631; baseline 0.006 -45"><span class='ocrx_word' id='word_1_914' title='bbox 1808 5543 2028 5618; x_wconf 50' lang='grc' dir='ltr'>θάνατον,</span> <span class='ocrx_word' id='word_1_915' title='bbox 2045 5545 2231 5617; x_wconf 43' lang='grc' dir='ltr'>ἀλλ’βίς</span> <span class='ocrx_word' id='word_1_916' title='bbox 2254 5549 2437 5620; x_wconf 79' lang='grc' dir='ltr'>ἀγάπην</span> <span class='ocrx_word' id='word_1_917' title='bbox 2450 5543 2949 5631; x_wconf 17' lang='grc' dir='ltr'>αὐτοὺςῂᾀπρφέροντεξ</span> <span class='ocrx_word' id='word_1_918' title='bbox 2979 5568 3060 5620; x_wconf 58' lang='grc' dir='ltr'>τὴν</span> <span class='ocrx_word' id='word_1_919' title='bbox 3084 5567 3129 5612; x_wconf 71' lang='grc' dir='ltr'>έν</span> <span class='ocrx_word' id='word_1_920' title='bbox 3154 5543 3361 5628; x_wconf 55' lang='grc' dir='ltr'>χριστῷῖ</span> 
     </span>
    </p>
   </div>
   <div class='ocr_carea' id='block_1_118' title="bbox 1805 5607 3361 5679">
    <p class='ocr_par' dir='ltr' id='par_1_118' title="bbox 1805 5607 3361 5679">
     <span class='ocr_line' id='line_1_118' title="bbox 1805 5607 3361 5679; baseline 0.019 -34"><span class='ocrx_word' id='word_1_921' title='bbox 1805 5607 1878 5674; x_wconf 60' lang='grc' dir='ltr'>ἵνα</span> <span class='ocrx_word' id='word_1_922' title='bbox 1915 5607 1993 5648; x_wconf 76' lang='grc' dir='ltr'>καὶ</span> <span class='ocrx_word' id='word_1_923' title='bbox 2013 5607 2236 5679; x_wconf 43' lang='grc' dir='ltr'>ὐποκιοὶτω</span> <span class='ocrx_word' id='word_1_924' title='bbox 2261 5609 2474 5658; x_wconf 83' lang='grc' dir='ltr'>τύπτοιεν</span> <span class='ocrx_word' id='word_1_925' title='bbox 2495 5607 2669 5679; x_wconf 42' lang='grc' dir='ltr'>,αὐτοὶ</span> <span class='ocrx_word' id='word_1_926' title='bbox 2715 5607 2807 5670; x_wconf 51' lang='lat' dir='ltr'>Ub:</span> 
     </span>
    </p>
   </div>
   <div class='ocr_carea' id='block_1_119' title="bbox 1808 5663 2719 5726">
    <p class='ocr_par' dir='ltr' id='par_1_119' title="bbox 1808 5663 2719 5726">
     <span class='ocr_line' id='line_1_119' title="bbox 1808 5663 2719 5726; baseline 0.021 -20"><span class='ocrx_word' id='word_1_927' title='bbox 1808 5663 2033 5723; x_wconf 73' lang='grc' dir='ltr'>πίπτοιεν,</span> <span class='ocrx_word' id='word_1_928' title='bbox 2066 5667 2138 5712; x_wconf 77' lang='grc' dir='ltr'>ιοῐ</span> <span class='ocrx_word' id='word_1_929' title='bbox 2169 5679 2293 5715; x_wconf 68' lang='grc' dir='ltr'>θεοεο</span> <span class='ocrx_word' id='word_1_930' title='bbox 2319 5677 2467 5726; x_wconf 69' lang='lat' dir='ltr'>patet.</span> <span class='ocrx_word' id='word_1_931' title='bbox 2490 5663 2719 5726; x_wconf 68' lang='grc' dir='ltr'>(ζοτειειι.</span> 
     </span>
    </p>
   </div>
  </div>
