3982 6218
596 369 709 424 425

593 450 782 516 ὤφθη.
809 447 906 500 καί
931 453 1050 512 τοῖς
1073 449 1397 514 ἀνθρώποις
1425 449 1886 519 σω·ανεστρά;η
1917 464 1963 504 ι.
1988 446 2154 513 Οὗτος

592 535 623 586 6
647 533 776 594 Θεὸς
803 533 976 602 ἡμῶν,
1005 533 1136 602 πρὸς
1163 533 1220 584 ὂν
1248 536 1329 586 Οὺ
1349 534 1769 603 ,λογισθήσεται
1790 536 1986 603 ἕτερος
2015 539 2156 604 πρὸς

593 617 909 683 αὐτὸν-,ἐπί
931 615 1034 682 τῆς
1061 618 1171 686 γῆς
1183 618 1367 685 ὤφθη,
1394 619 1628 682 καὶτοῖς
1653 622 1978 688 ἀνθρώποις
2007 639 2154 674 συν-

592 702 934 770 ανεστρὰερη
956 703 1104 771 μετὰ
1143 705 1344 757 ταῦτα.
1393 706 1553 775 Ὁρᾷς
1582 705 1679 775 τὴν
1710 706 1962 776 ἀλήθειαν
1984 708 2154 775 ἠσφα-

593 791 850 860 λισμένην
872 809 886 855 ;
915 792 1054 861 Ὅρα
1077 792 1191 854 πῶς
1212 793 1271 844 ού
1291 793 1473 844 δίδωσι
1494 794 1843 859 παρείσδυσιν
1872 797 1936 863 τῇ
1960 795 2153 866 πλάνῃ,

594 878 679 929 ἵνα
699 877 771 947 μὴ
808 878 1057 940 Ἰουδαῖος
1072 880 1442 948 συκοφαντήσῃ
1470 879 1566 948 τὴν
1589 881 1864 948 ἀλήθειαν,
1890 881 1983 932 καὶ
2006 881 2152 950 είπη,

595 964 675 1015 ὃτι
707 965 734 1014 6
767 963 896 1025 Θεὸς
927 963 1080 1034 ὤφθη
1103 964 1178 1032 τῷ
1208 963 1429 1034 Μωῡσῇ·
1460 964 1610 1035 ὤφθη
1640 965 1747 1035 γάρ
1769 965 1899 1028 Θεὸς
1931 969 1986 1019 ἐν
2019 967 2152 1035 ὄρει.

595 1048 732 1117 Παρ’
768 1047 929 1100 αὑτὸν
961 1049 1060 1100 οὐκ
1107 1049 1252 1101 ἐστιν
1281 1049 1460 1111 ἀλλος·
1506 1053 1600 1102 καὶ
1639 1052 1740 1102 οὐκ
1785 1051 2032 1104 ἐκϐάλλει
2067 1052 2157 1103 τὸν

597 1132 813 1203 Πατέρα
839 1133 938 1201 τῆς
965 1133 1148 1202 θεῖκῆς
1193 1134 1365 1198 ἀξίας.
1396 1136 1583 1206 Πατὴρ
1631 1137 1725 1188 ἐὰν
1769 1136 1939 1206 κληθῇ
1977 1136 2155 1204 μόνος,

595 1220 822 1290 ἐξορίζει
860 1220 950 1273 τὸν
997 1221 1122 1274 Υίὸν
1164 1222 1260 1289 τῆς
1305 1224 1361 1275 ἐν
1405 1221 1479 1290 τῷ
1521 1221 1788 1290 ἀξιώματι
1835 1223 2154 1286 κοινωνίας;

597 1306 763 1359 Ὀταν
788 1307 918 1377 λέγῃ
939 1308 967 1358 6
994 1307 1146 1369 Θεὸς,
1172 1307 1332 1358 αὐτὸν
1361 1302 1496 1359 εἶναι
1529 1308 1620 1358 καὶ
1656 1307 1814 1377 μόνον
1839 1308 1963 1372 ἕνα,
1993 1310 2021 1360 6
2049 1309 2158 1360 Πα-

592 1391 714 1461 τὴρ,
743 1392 776 1462 ἢ
807 1394 836 1443 6
884 1393 1026 1455 Υίὸς,
1057 1395 1118 1445 οὐ
1146 1393 1242 1462 τὴν
1271 1393 1406 1445 ίδίαν
1432 1394 1674 1463 ἀρνεῖται
1700 1394 1796 1462 τῆς
1836 1395 2048 1462 φύσεως
2081 1397 2156 1446 ol-

595 1480 1146 1553 κειὰτητα.ῖ431]οὐχ
1171 1483 1199 1532 6
1229 1483 1417 1551 Πατὴρ
1436 1482 1523 1533 τὸν
1553 1482 1679 1534 Υἱὸν
1709 1481 1977 1544 ἐκϐάλλει,
2010 1482 2107 1551 οὐχ
2127 1483 2156 1533 6

596 1567 722 1628 Υἱὸς
739 1566 920 1621 ἀθετεῖ
939 1568 1029 1619 τὸν
1046 1569 1279 1637 Πατέρα·
1300 1568 1412 1620 ἀλλ’
1433 1569 1559 1620 ὅταν
1575 1569 1643 1621 τὰ
1674 1569 1895 1620 τοιαῦτα
1914 1568 2154 1636 λέγηται,

594 1654 731 1721 πρὸς
754 1654 851 1724 τὴν
885 1655 1092 1724 πλάνην
1123 1657 1221 1724 τὴν
1250 1656 1360 1707 τῶν
1389 1655 1619 1708 εἰδώλων
1650 1657 1678 1707 6
1707 1655 1882 1722 λόγος.
1915 1656 1980 1707 Τί
2019 1655 2158 1708 κατά

591 1740 687 1792 τοῦ
710 1741 1039 1807 Μονογενοῦς
1060 1741 1401 1811 βλασφημίαν
1427 1742 1848 1804 κατασκευάζεις
1871 1759 1885 1805 ;
1909 1741 2158 1802 Εἰδώλοις

592 1825 653 1878 ού
687 1825 898 1878 δίδωσιν
923 1829 951 1879 6
974 1827 1103 1881 Θεὸς
1127 1827 1224 1896 τὴν
1252 1827 1408 1890 δόξαν
1440 1827 1623 1886 αὐτοῦ,
1654 1827 1686 1897 ἢ
1714 1828 1830 1880 οὐδὲ
1862 1827 1938 1897 τῷ
1977 1828 2035 1891 ἐξ
2064 1829 2158 1880 αὑ-

591 1911 687 1963 τοῦ
713 1911 1020 1982 γεννηθέντι
1054 1913 1268 1976 δίδωσι;
1305 1913 1414 1966 Καὶ
1445 1913 1652 1964 δίδωσιν
1678 1913 1704 1951 δ
1726 1951 1740 1976 ,
1771 1913 1830 1964 οὗ
1882 1914 2019 1964 κατα
2059 1913 2157 1980 χά-

597 2014 698 2060 οιν,
729 1998 863 2051 ἀλλά
892 1999 986 2051 καὶ
1025 1999 1164 2051 κατά
1202 2001 1300 2068 τὴν
1336 1999 1436 2067 τῆς
1475 1998 1684 2066 φύσεως
1717 1998 2016 2050 κοινωνίαν.
2051 1998 2157 2050 Καὶ

593 2084 755 2138 πόθεν
803 2087 835 2154 ὴ
871 2085 1137 2148 ἀπόδειξις
1167 2085 1246 2136 ὅτι
1273 2085 1532 2154 λαμϐάνει
1554 2083 1708 2147 δόξαν
1745 2085 1953 2154 [ἰατρὸς
1981 2086 2008 2135 6
2030 2085 2157 2152 Χρι-

595 2169 746 2232 στός;
778 2166 911 2223 Εἷπε
945 2171 1050 2238 γάρ
1074 2187 1086 2199 ·
1129 2171 1330 2238 Ἐ’τέρῳ
1361 2171 1473 2236 τὴν
1502 2171 1690 2233 δόξας·
1714 2188 1831 2236 μου
1867 2172 1937 2223 οὐ
1966 2168 2152 2222 δώσω.

667 2257 733 2317 ζ’.
783 2259 976 2310 ’Λκουε
1014 2257 1124 2319 πῶς
1172 2258 1330 2318 αὐτὸς
1363 2260 1390 2309 6
1419 2257 1607 2325 Σωτὴρ
1646 2256 2022 2324 διαλεγόμενος
2048 2258 2158 2315 τοῖς

594 2341 930 2404 ’Λποστόλοις
953 2343 1102 2411 φησι·
1131 2343 1313 2393 Ὅταν
1338 2343 1482 2406 ἔλθῃ
1512 2345 1543 2392 ὀ
1568 2340 1694 2403 Υἱὸς
1721 2339 1824 2392 τοῦ
1847 2338 2157 2406 ἀνθρώπου

592 2428 662 2479 ἐν
696 2425 771 2492 τῇ
798 2426 944 2492 δόξῃ
981 2428 1083 2479 τοῦ
1118 2428 1344 2493 Πατρός
1372 2425 1576 2486 αὑτοῦ,
1606 2425 1809 2476 ἐκείνου
1836 2425 2158 2493 προειρηκό-

595 2532 704 2580 ὀς,
725 2515 805 2567 ὃτι
838 2519 953 2580 Τὴν
973 2514 1157 2576 δόξαν
1185 2532 1296 2580 μου
1319 2513 1492 2579 ἑτέρῳ
1515 2515 1587 2566 οὐ
1613 2512 1801 2565 δώσω.
1838 2511 2159 2581 Ἐρεύνησον

592 2601 651 2650 τὸ
677 2600 846 2670 ῥῆμα,
869 2599 961 2650 καὶ
981 2600 1230 2668 εὑρήσεις
1252 2599 1310 2649 16
1331 2599 1525 2667 νόημα.
1557 2599 1673 2665 Τὴν
1690 2598 1877 2662 δόξαν
1896 2617 2036 2667 μου,
2061 2600 2159 2650 οὐκ

593 2682 734 2745 εἷπε,
756 2685 833 2754 τῷ
861 2684 973 2752 Υίῷ
997 2701 1097 2752 μου
1117 2685 1178 2735 οὐ
1203 2683 1374 2744 δώσω,
1395 2684 1528 2747 ἀλλ’,
1547 2682 1755 2750 Ἐτέρῳ
1779 2687 1850 2738 οὐ
1875 2684 2063 2736 δώσω.
2089 2683 2160 2734 Τὸ

592 2771 650 2822 δέ
675 2771 855 2840 ἕτερόν
880 2772 993 2822 ἐστι
1018 2770 1078 2820 τὸ
1103 2772 1200 2840 τῆς
1224 2769 1552 2836 οἰκειότητος
1590 2768 1890 2837 ἀλλότριον,
1937 2769 2032 2820 καὶ
2059 2768 2160 2836 τῆς

593 2854 807 2921 φύσεως
835 2856 1329 2924 ἀπεσχοινισμένον·
1357 2856 1384 2905 6
1415 2854 1472 2906 δὲ
1507 2853 1631 2916 Υἱὸς
1659 2856 1758 2906 οὐκ
1787 2853 1930 2906 ἐστιν
1954 2855 2157 2923 ἐτερος·

607 2942 752 3011 Ἐγὼ
775 2943 881 3012 γὰρ
903 2943 998 2994 καὶ
1030 2945 1063 2994 ὁ
1094 2941 1291 3007 Πατὴρ
1312 2942 1380 2992 ἓν
1396 2943 1597 3004 ἐσμεν.
1642 2941 2033 2996 Ἀποδέδεικται
2053 2942 2160 2992 τοί-

593 3047 689 3084 νυν
708 3029 1118 3096 σαφῶς,τὸ,”1να
1134 3026 1312 3094 τινώο
1321 3027 1468 3079 κωσί
1479 3042 1552 3079 σε
1569 3026 2160 3093 τὸνμόνονάληθινὸν

596 3116 762 3173 Θεὸν,
792 3115 889 3166 οὐκ
920 3117 1159 3182 ἀναιρεῖν
1189 3113 1248 3164 τὸ
1278 3108 1415 3164 εἶναι
1452 3112 1539 3163 τὸν
1581 3112 1704 3163 Υίὸν
1729 3112 1859 3162 Θεὸν
1887 3111 2154 3180 ἀληθινόν.

591 3201 686 3271 Μὴ
715 3201 1044 3270 συνεκϐἀλης
1069 3201 1157 3251 τὸν
1175 3200 1328 3265 λόγον
1349 3202 1426 3261 είς
1450 3198 1716 3266 διαϐολὴν,
1745 3197 1817 3260 ὡς
1843 3198 1938 3250 τοῦ
1964 3201 2158 3267 νοήμαρ

593 3301 685 3347 τος
715 3285 988 3355 μετεώρου
1015 3284 1478 3350 καταλειφθέντος·
1521 3285 1654 3353 ὅπερ
1685 3284 1982 3335 πεπόνθασί
2015 3301 2158 3345 τινες

594 3373 702 3422 τῶν
733 3372 975 3438 ἀδελφῶν
1012 3371 1138 3436 περὶ
1178 3371 1268 3420 τοῦ
1300 3369 1578 3438 ποτηρίου.
1623 3370 1708 3428 Ὡς
1744 3369 1849 3436 γὰρ
1892 3369 2041 3420 λύσιν
2083 3368 2157 3436 μὴ

593 3456 845 3518 λαϐόντος
885 3455 976 3508 τοῦ
1004 3457 1298 3523 νοήματος,
1339 3454 1508 3515 οὕτως
1547 3455 1823 3521 ἐπήγαγον
1859 3453 1928 3503 τα
1959 3452 2155 3520 ἐγκλή-

599 3559 761 3615 ματα.
805 3541 1080 3611 Ἐκκρεμῆ
1113 3541 1219 3610 γὰρ
1241 3580 1255 3599 ,
1291 3541 1422 3609 φησὶ
1443 3579 1455 3601 ,
1483 3541 1574 3591 καὶ
1609 3539 1877 3608 μετέωρον
1903 3537 2154 3589 κατέλιπε

594 3629 692 3702 τὴν
727 3628 985 3692 ἐξέτασιν.
1030 3628 1092 3679 Τί
1143 3627 1199 3678 δέ
1240 3622 1328 3695 ἦν,
1361 3625 1609 3693 ἀδελφοὶ,
1655 3625 1814 3676 πλέον
1852 3627 2057 3688 είπείν;
2105 3623 2154 3674 τί

596 3715 729 3782 πρὸς
755 3714 1025 3777 ἀπόδειξιν
1054 3713 1156 3764 ἔδει
1181 3715 1289 3774 τοῖς
1315 3715 1727 3782 προειρημένοις
1749 3728 1762 3773 ;
1803 3710 2023 3778 Πρῶτον
2059 3709 2156 3778 μὲν

595 3804 724 3876 γάρ,
764 3802 831 3854 El
877 3799 1153 3859 δυνατὸν,
1200 3797 1538 3863 παρελθάτω
1571 3797 1669 3849 ἀπ’
1708 3795 1852 3862 ἐμοῦ
1879 3797 1940 3847 τὸ
1975 3795 2155 3859 ποτή-

587 3903 741 3952 ⁴βίον·
795 3885 888 3936 καὶ
930 3885 1063 3953 πρὸς
1106 3883 1165 3934 τὸ
1209 3883 1310 3934 ὑπὸ
1347 3882 1444 3950 τῆς
1486 3882 1681 3946 λέξεως
1727 3881 2156 3949 ὑποϐαλλόμενον

597 3975 762 4038 (δοκεῖ
792 3975 898 4043 γάρ
925 3990 1040 4034 πως
1077 3975 1109 4037 ἡ
1149 3972 1292 4037 λέξις
1331 3973 1420 4040 ὑφ’
1450 3971 1638 4038 ἐτέραν
1674 3969 1915 4033 ἐξουσίαν
1947 3968 2156 4019 τάττειν

593 4061 684 4112 τὸν
719 4058 1056 4126 ἱκετεύοντα)
1093 4057 1437 4126 παρεθέμεθα
1479 4056 1575 4124 τὴν
1606 4054 1784 4120 φωνὴν
1818 4053 2031 4119 ἐκείνην
2059 4053 2156 4118 τὴν

595 4145 688 4197 τοῦ
716 4145 914 4214 Κυρίου
935 4184 948 4207 ,
981 4146 1160 4212 πάσης
1186 4143 1260 4202 ὡς
1289 4141 1501 4210 ἀληθῶς
1533 4139 1716 4207 θεῖκῆς
1749 4137 2032 4198 αὑθεντίας
2063 4136 2155 4202 γέ-

601 4248 824 4299 μουσαν,
875 4232 965 4283 καὶ
1000 4232 1098 4300 τὴν
1143 4229 1235 4282 τοῦ
1281 4229 1524 4294 λέγοντος
1568 4224 1723 4288 ἀξίαν
1763 4223 2113 4295 παριστῶσαν
2139 4240 2152 4254 ·

611 4318 922 4380 Ὲξουσίαν
948 4318 1062 4384 ἐχω
1088 4316 1270 4370 θεῖναι
1307 4313 1420 4379 τὴν
1452 4311 1661 4380 ψυχήν
1682 4327 1822 4377 μου,
1861 4308 1961 4360 καὶ
1992 4308 2154 4370 ἐξου-

595 4405 740 4457 σίαν
763 4402 880 4468 ἔχω
909 4401 1115 4457 λαϐεῖν
1139 4400 1330 4465 αὑτήν
1355 4416 1367 4428 ·
1401 4399 1492 4450 καὶ
1512 4398 1593 4448 ὅτι
1616 4395 1676 4446 τὸ
1705 4395 1821 4462 μὲν,
1853 4395 2026 4458 Ἕχω,
2057 4393 2153 4460 τῆς

595 4491 843 4557 θεότητος
871 4488 1018 4551 ῖδιον,
1052 4488 1113 4539 τὸ
1142 4489 1195 4539 δὲ
1217 4525 1232 4548 ,
1268 4489 1335 4539 El
1364 4482 1643 4543 δυνατὸν,
1672 4479 2016 4546 παρελθάτω
2050 4479 2150 4531 ἀπ’

592 4573 738 4640 ἐμοῦ
770 4572 832 4624 τὸ
854 4573 1138 4638 ποτήριον
1169 4572 1373 4631 τοῦτο,
1416 4571 1478 4622 ἐκ
1507 4567 1795 4638 προσώπου
1826 4565 1924 4632 τῆς
1954 4563 2151 4633 σαρκὸς

597 4658 831 4727 ἐλέγετο,
863 4660 954 4710 καὶ
973 4659 1069 4709 οὐκ
1095 4659 1157 4708 ἐκ
1186 4656 1475 4724 προσώπου
1500 4656 1596 4723 τῆς
1629 4653 1876 4720 θεότητος
1903 4667 1914 4679 ·
1948 4651 2038 4702 καὶ
2064 4651 2154 4701 ἐπὶ

596 4744 798 4795 τούτων
830 4743 995 4811 αὐτὴν
1024 4743 1182 4794 πάλιν
1207 4742 1302 4810 τὴν
1325 4738 1652 4806 Δεσποτικὴν
1677 4737 1983 4803 ἐστήσαμεν
2018 4751 2154 4803 μαρ-

594 4827 783 4894 τυρίαν
811 4827 1299 4896 ἐπισφραγίζουσαν
1324 4844 1334 4854 ·
1363 4825 1442 4876 διὸ
1463 4825 1629 4889 ἔλεγε,
1661 4822 1730 4874 Τὸ
1753 4820 1986 4887 πνεῦμα
2016 4820 2155 4884 πρό-

595 4915 802 4977 θυμον,
838 4913 874 4976 ἠ
911 4913 976 4964 δὲ
1004 4911 1158 4979 σὰρξ
1197 4911 1488 4974 ἀσθενής·
1534 4908 1626 4959 καὶ
1655 4903 2151 4973 ἐπεσημηνάμεθα,

595 4997 675 5048 ὅτι
703 4996 766 5063 δὴ
797 4995 901 5045 τῶν
929 4998 1290 5050 ἀτοπωτάτων
1320 4996 1487 5052 ἐστὶν.
1517 4993 1676 5046 αὐτοῦ
1705 4992 1795 5043 τοῦ
1826 4992 2027 5059 Κυρίου
2058 4991 2156 5057 τῆς

598 5081 794 5152 σαρκὸς
823 5083 1229 5149 ἐπιγράφοντος,
1262 5085 1404 5150 ἡμᾶς
1427 5083 1490 5149 τῇ
1520 5079 1768 5147 αὑθευτίᾳ
1789 5079 1883 5145 τῆς
1907 5078 2155 5141 θεότητος

596 5167 932 5236 ἐπιρῤίπτειν
966 5166 1057 5218 τοῦ
1095 5169 1332 5234 ῥήματος
1363 5167 1460 5232 τὴν
1508 5165 1795 5216 εὐτέλειαν.
1842 5162 1978 5212 Ἀλλ’
2017 5161 2156 5210 ὥστε

599 5255 688 5311 καὶ
733 5254 821 5304 τὸν
868 5252 1064 5303 σκοπὸν
1109 5251 1201 5302 τοῦ
1249 5251 1449 5317 Κυρίου
1503 5263 1959 5320 παραστησωμεν,
2012 5244 2155 5304 τίνος

661 5415 683 5440 ⁸
720 5412 1072 5460 Inlolorandum
1097 5410 1345 5461 mendum,
1392 5407 1874 5468 awavatpago'pa-mg,
1901 5407 1951 5468 _in
1975 5404 2156 5468 putata

601 5475 763 5530 Marci,
800 5474 855 5520 ad
900 5486 1000 5532 cup.
1042 5473 1240 5526 2,1115.
1291 5470 1359 5514 ιο.
1408 5471 1544 5532 Apud
1587 5464 1817 5520 Cyrillum
1865 5464 2000 5532 lib.§3
2041 5476 2156 5532 conf

598 5546 668 5582 ira
711 5525 968 5580 Jﬁlianum'
1001 5547 1045 5592 p.
1078 5525 1194 5584 7‘28“,
1241 5525 1676 5592 0515010071L13rq
1703 5525 2072 5584 συνανεστράφηι
2107 5530 2156 5568 εἰ

600 5595 944 5652 ulaphymrum
968 5587 1015 5640 ili
1041 5592 1250 5638 I‘Zxodum
1275 5589 1422 5652 ιιιμν,
1447 5603 1490 5646 ρ.
1517 5588 1619 5634 296.
1646 5587 1874 5636 Comm.

659 5650 988 5716 [Legenddm
1015 5653 1202 5700 \Llctur
1228 5652 1332 5706 Ναὶ,
1362 5650 1567 5694 ἱὲῐωσιν.

2097 359 2373 414 INCERTI

3672 373 3796 424 426

2259 473 2441 524 ἕνεκεν
2478 473 2623 542 ἔλεγε
2645 514 2658 536 ,
2703 477 3049 542 Παρελθιίτω
3080 477 3178 530 ἀπ’
3209 477 3351 545 ἐμοῦ
3385 477 3449 529 τὸ
3485 475 3790 543 ποτήριον
3815 490 3826 501 ·

2254 558 2328 620 ὼς
2360 561 2418 609 οὗ
2450 561 2662 626 φεύγων
2686 562 2775 612 τοῦ
2805 565 3034 630 σταυροῦ
3063 565 3158 632 τὴν
3185 564 3491 632 οἰκονομίαν
3515 563 3830 632 παρῃτεῖτο

2254 644 2342 696 τὸν
2373 644 2615 704 θάνατον,
2645 647 2776 699 ἀλλὰ
2798 647 2886 699 διά
2911 649 2971 699 τὸ
3001 651 3123 710 τοὺς
3156 649 3407 718 ἀπείρους
3431 651 3494 717 τῇ
3531 643 3830 712 οίκονομία

2259 730 2467 798 μέλλειν
2492 733 2582 783 ἐπὶ
2601 733 2677 801 τῷ
2703 731 2918 802 σταυρῷ
2945 733 3398 795 σκανδαλίξεσθαι.
3422 732 3590 801 ταύτῃ
3615 733 3828 798 κέχρη-

2255 834 2341 868 ται
2371 820 2436 886 τῇ
2459 821 2628 888 φωνῇ.
2657 820 2765 872 Καὶ
2797 821 2952 873 πάλιν
2980 820 3304 888 ἠκολούθησε
3330 820 3499 890 ταύτῃ
3528 823 3594 888 τῇ
3629 818 3826 883 ἐννοίᾳ

2255 906 2286 972 ὴ
2322 903 2606 974 μαρτυρία.
2645 908 3058 974 Προσεύχεσθε
3081 947 3096 970 ,
3138 907 3235 958 ἵνα
3263 906 3346 973 μὴ
3377 905 3693 970 εἰσέλθητε
3735 904 3827 966 είς

2256 991 2603 1057 πειρασμόν.
2651 993 2864 1061 Ἐτεροι
2908 993 2962 1044 δέ
3011 994 3468 1060 ἐσυκοφάντησαν,
3524 990 3599 1051 ὡς
3654 988 3826 1058 ἡμῶν

2256 1076 2581 1146 εἰρηκότων·
2614 1079 2660 1128 εί
2703 1079 2966 1146 ἐνδέχεται
3017 1079 3187 1147 ἑτέρῳ
3227 1079 3409 1147 τρόπῳ
3447 1077 3679 1129 θανάτου
3717 1075 3827 1142 τὴν

2255 1161 2558 1230 οἰκονομίαν
2596 1163 2962 1232 ἐκπληρῶσαι.
2993 1163 3160 1215 Τοῦτο
3177 1163 3244 1215 ’δὲ
3272 1163 3392 1215 οὔτε
3423 1166 3656 1232 εἴρηται,
3693 1159 3822 1212 οὔτε

2257 1243 2594 1314 λεχθήσεται.
2631 1249 2741 1298 Ούκ
2794 1244 2962 1309 εἷπον,
3012 1249 3182 1317 ἑτέρῳ
3213 1248 3455 1317 θανάτῳ·
3491 1247 3603 1299 ἀλλ’
3635 1247 3823 1308 εἶπον,

2257 1332 2426 1401 ἑτέρῳ
2473 1333 2656 1402 τρόπῳ
2678 1337 2775 1402 τὴν
2802 1335 3104 1402 οἰκονομίαν
3129 1334 3488 1403 πληρωθῆναι·
3513 1333 3822 1390 τουτέστιν,

2256 1416 2409 1478 ἐκτὸς
2443 1417 2690 1471 θανάτου.
2736 1419 2808 1470 Τὸ
2835 1421 2941 1488 γάρ
2978 1422 3234 1490 ποτήριον
3268 1421 3584 1489 ἡρμήνευσα
3607 1435 3620 1448 ·
3655 1418 3724 1468 τὸ
3764 1416 3826 1467 δὲ

2257 1502 2473 1570 ἑτέρως,
2495 1504 2570 1565 ὡς
2596 1504 2656 1556 τὸ
2675 1505 2831 1567 ἐκτὸς
2859 1505 3103 1558 θανάτου,
3135 1507 3240 1557 Καὶ
3263 1506 3417 1556 τοῦτο
3444 1505 3676 1570 ἐγένετο,
3717 1503 3822 1568 οὐχ

2257 1587 2330 1650 ὼς
2371 1589 2581 1656 ἀληθῶς
2618 1592 3042 1660 παραιτουμένου
3087 1591 3180 1644 τοῦ
3223 1592 3420 1659 Κυρίου
3459 1595 3550 1642 τὸν
3585 1591 3824 1642 θάνατον

2258 1674 2396 1744 ὑπὲρ
2427 1675 2518 1726 τοῦ
2547 1675 2771 1742 κόσμου,
2812 1676 2957 1747 [452]
2987 1677 3123 1729 ἀλλά
3165 1677 3261 1746 τὴν
3288 1677 3384 1743 τῆς
3418 1676 3617 1744 σαρκὸς
3651 1673 3824 1728 ἀσθέ-

2257 1776 2403 1812 νειαν
2432 1763 2810 1830 πιστουμένου,
2845 1763 2927 1815 ὅτι
2959 1761 3092 1833 σὰρξ
3125 1759 3190 1831 ἦν
3219 1762 3432 1830 ἀληθῶς
3463 1762 3526 1813 τὸ
3557 1759 3822 1823 δειλιοῦν,

2255 1845 2315 1896 16
2352 1847 2760 1915 ταραττόμενον.
2807 1849 2876 1901 T6
2905 1848 3010 1917 γὰρ
3043 1849 3274 1914 πνεῦμα
3311 1850 3636 1914 πρόθυμον,
3664 1847 3704 1911 ἦ
3753 1845 3824 1896 δὲ

2257 1930 2408 1998 σὰρξ
2441 1932 2723 1998 ἀσθενής.
2763 1933 2840 2003 Τῇ
2883 1935 3043 2000 σαρκὶ
3070 1934 3138 1986 τά
3167 1937 3379 2003 ῥήματα
3411 1934 3508 2001 τῆς
3531 1934 3820 1989 ἀσθενείας

2258 2017 2582 2086 ἐπέγραψεν,
2630 2019 2691 2070 οὐ
2720 2020 2816 2087 τῆς
2860 2019 3108 2088 θεότητος
3138 2020 3232 2088 τὴν
3263 2019 3543 2071 αὐθεντίαν
3587 2017 3816 2086 ἔτρωσε.

2257 2104 2320 2156 Τί
2347 2103 2650 2166 διαϐάλλεις
2693 2103 2729 2156 ἃ.
2760 2105 2833 2172 μὴ
2865 2105 3034 2172 λέγως
3062 2105 3113 2156 τί
3143 2107 3490 2170 συκοφαντεῖς
3536 2104 3572 2156 ἃ.
3613 2105 3684 2172 μὴ
3718 2119 3820 2170 κη-

2260 2191 2436 2259 ρύττω
2461 2206 2475 2253 ;
2506 2191 2690 2256 ἕτερον
2719 2190 2915 2258 τρόπον
2949 2187 3099 2241 εῐπον
3122 2207 3133 2219 ·
3159 2191 3219 2242 οὐ
3247 2190 3497 2250 θανάτου,
3536 2190 3652 2240 ἀλλ’
3680 2190 3823 2240 οίκο⁴

2258 2275 2466 2343 νομίας.
2512 2275 2585 2327 Οὐ
2613 2275 2719 2346 γὰρ
2769 2276 2999 2344 εἴρηται·
3037 2276 3098 2326 EE
3126 2276 3372 2335 δυνατὸν,
3403 2275 3726 2344 ἀμειφθήτω
3757 2273 3821 2324 16

2260 2364 2513 2430 ποτήριον
2544 2361 2718 2415 τοῦτο.
2767 2362 2875 2430 Τῆς
2913 2361 3107 2430 σαρκὸς
3136 2364 3168 2430 ἡ
3215 2362 3458 2413 ἀσθένεια
3487 2400 3502 2420 ,
3536 2363 3636 2430 τῆς
3668 2363 3820 2412 ἐναν-

2257 2447 2586 2518 θρωπήσεως
2625 2447 2685 2498 τὸ
2719 2446 2907 2507 πάθος.
2955 2447 3252 2512 Φθέγγεται
3298 2448 3362 2498 τὰ
3389 2447 3486 2514 τῆς
3529 2446 3819 2506 ἀσθενείας

2259 2533 2473 2602 ῥήματα
2498 2571 2511 2594 ,
2546 2532 2632 2583 ἵνα
2661 2531 2806 2602 δείξῃ
2841 2533 2920 2582 ὃτι
2950 2531 3154 2599 ταύτην
3183 2531 3448 2583 ἐνδέδυται
3491 2531 3589 2601 τὴν
3632 2531 3816 2598 φύσιν,

2257 2619 2352 2688 τὴν
2380 2617 2659 2670 δειλιῶσαν
2685 2617 2774 2669 τὸν
2802 2617 3045 2670 θάνατον.
3076 2618 3190 2668 Ἷνα
3213 2617 3267 2668 δέ
3295 2617 3365 2685 μὴ
3388 2617 3546 2668 πάλιν
3579 2620 3644 2684 τῇ
3675 2615 3822 2679 λέξει

2257 2705 2576 2775 δουλεύσῃς,
2606 2706 2668 2756 ἐκ
2709 2705 3020 2774 περιουσίας
3066 2705 3284 2756 κάκεῖνο
3336 2706 3674 2773 παρήγαγον,
3739 2702 3822 2753 ὅτι

2259 2794 2404 2853 ποῖος
2436 2790 2607 2858 λόγος,
2636 2792 2758 2851 τοὺς
2793 2792 2888 2859 μὲν
2942 2791 3265 2851 ἀποστόλους
3301 2790 3560 2856 γενναίως
3591 2787 3682 2838 τὸν
3719 2786 3824 2837 θά-

2258 2893 2412 2927 νατον
2445 2879 2796 2937 καταπατεῖν,
2831 2876 2919 2926 τὸν
2948 2875 3001 2926 δὲ
3037 2875 3143 2926 τῶν
3170 2875 3472 2926 ἀποστόλων
3504 2871 3709 2939 Κύριον
3736 2870 3826 2920 δε-

2257 2961 2420 3013 διέναι
2451 2962 2540 3012 καὶ
2567 2962 2784 3029 τρέμειν
2809 2961 2905 3028 τὴν
2931 2959 3023 3010 τοῦ
3062 2959 3284 3010 θανάτου
3317 2961 3539 3026 πεῖραν;
3586 2954 3736 3023 Ἐρῶ
3769 2953 3828 3005 δὲ

2261 3048 2354 3099 καὶ
2384 3047 2554 3099 ταῦτα
2587 3046 2679 3096 νῦν
2700 3086 2714 3109 ,
2746 3044 2980 3111 ἀδελφοί.
3021 3043 3224 3104 Παῦλος
3273 3043 3332 3093 οὐ
3368 3043 3522 3110 μόνον
3556 3040 3828 3106 δεθῆναι,

2259 3136 2394 3188 ἀλλά
2421 3138 2515 3188 καὶ
2547 3135 2830 3188 ἀποθανεῖν
2861 3134 3002 3202 ὑπὲρ
3030 3132 3122 3184 τοῦ
3153 3133 3410 3200 ὀνόματος
3451 3131 3542 3181 τοῦ
3572 3127 3830 3197 Χριστοῦ

2258 3225 2583 3279 νεανιεύεται
2611 3264 2624 3285 ,
2658 3224 2750 3276 καὶ
2796 3225 2823 3274 6
2868 3222 3076 3274 Παύλου
3111 3221 3310 3290 Κύριος
3348 3221 3687 3289 παραιτεῖται
3735 3218 3832 3268 τὸν

2259 3315 2514 3376 θάνατον;
2551 3313 2656 3366 Καὶ
2687 3312 2894 3364 Παύλου
2921 3311 3017 3379 μὲν
3039 3311 3098 3361 ού
3130 3309 3518 3380 συνθρύπτεται
3539 3310 3570 3375 ἡ
3593 3307 3830 3378 καρδία,

2260 3401 2290 3466 ἡ
2317 3400 2372 3450 δὲ
2400 3400 2492 3451 105
2515 3400 2745 3467 Χριστοῦ
2771 3399 2913 3467 ψυχὴ
2942 3399 3291 3465 ταράττεται;
3321 3397 3448 3449 Νῦν
3471 3398 3594 3462 γὰρ,
3622 3397 3832 3463 φησὶν,

2258 3490 2295 3552 ὴ
2321 3489 2488 3554 ψυχή
2518 3506 2635 3555 μου
2662 3489 3019 3552 τετάρακται.
3055 3485 3235 3538 Ταῦτα
3269 3487 3442 3537 πάντα
3471 3485 3570 3536 ὑπὸ
3601 3484 3834 3552 μάρτυ-

2259 3595 2341 3628 σιν
2365 3580 2491 3646 ὑμῖν
2519 3578 2881 3646 ἐφθεγξάμην.
2929 3577 3066 3628 Ἀλλ’
3088 3577 3147 3628 οὐ
3170 3577 3344 3628 πείθει
3369 3592 3426 3626 σε
3453 3574 3652 3638 ταῦτα;
3678 3575 3833 3627 ἀλλά

2255 3669 2334 3729 τὸ,
2361 3670 2426 3720 El
2457 3668 2732 3730 δυνατὸν,
2759 3669 2836 3721 ἔτι
2860 3668 3192 3731 σκανδαλίζει
3224 3684 3318 3730 σε;
3348 3668 3473 3730 Ναὶ,
3504 3667 3651 3734 φησί.
3679 3667 3832 3719 Συν-

2257 3760 2513 3827 έλθωμεν,
2550 3759 2784 3826 ἀδελφοὶ,
2814 3759 2887 3828 τῷ
2930 3759 3232 3828 φιλονείκῳ,
3259 3759 3734 3826 φιλονεικήσωμεν
3761 3760 3832 3828 τῇ

2255 3849 2478 3916 δυνάμει
2499 3849 2594 3916 τῆς
2616 3848 2867 3916 ἀληθείας
2893 3851 3098 3919 ἐγεῖραι
3123 3851 3245 3910 τοὺς
3274 3851 3531 3908 πεσόντας
3557 3850 3622 3915 τῇ
3647 3847 3832 3899 ἀσθε-

2257 3938 2373 4007 νείᾳ
2397 3938 2492 4005 τῆς
2520 3939 2791 3999 ἀπιστίας.
2829 3939 2888 3989 ΕΞ
2919 3936 3063 4006 εἶχεν
3097 3938 3340 4002 ἐξουσίαν
3374 3940 3401 3989 6
3426 3937 3693 4004 Χριστὸς,
3727 3937 3835 3988 οὐκ

2259 4027 2324 4079 ἂν
2351 4023 2469 4078 εἷπε
2491 4028 2567 4087 τὸ,
2592 4029 2659 4079 El
2689 4027 2966 4089 δυνατὸν,
2993 4026 3352 4093 παρελθάτω.
3379 4024 3584 4076 Οὐκοῦν
3614 4026 3714 4075 καὶ
3737 4026 3836 4075 τὸν

2256 4116 2388 4166 Θεὸν
2421 4117 2680 4178 αίτίασαι,
2717 4116 2802 4168 διά
2829 4116 2919 4167 τοῦ
2951 4117 3113 4184 νόμου
3147 4116 3481 4184 κεχρημένον
3506 4115 3612 4165 τινὶ
3642 4114 3830 4178 λέξει,

2257 4206 2390 4259 πολὺ
2424 4208 2523 4272 τῆς
2567 4206 2728 4258 αὑτοῦ
2778 4206 3019 4269 ἐξουσίας
3051 4205 3450 4274 κεχωρισμένῃ.
3497 4204 3662 4269 Λέγει
3717 4207 3834 4275 γὰρ

2257 4297 2390 4364 πρὸς
2414 4297 2502 4348 τὸν
2532 4299 2762 4348 Μωῡσέα
2784 4335 2797 4356 ,
2834 4298 2916 4348 ὅτε
2947 4296 3119 4348 ἐλάλει
3145 4298 3206 4346 ἐκ
3230 4294 3321 4346 τοῦ
3352 4295 3510 4364 ὅρους
3543 4296 3676 4346 Σινᾶ
3696 4335 3711 4357 ,
3743 4297 3836 4349 διά

2256 4386 2355 4452 τῆς
2405 4387 2641 4454 μεγάλης
2684 4387 2892 4455 ἐκείνης
2925 4386 3016 4437 καὶ
3057 4385 3288 4452 φοϐερᾶς
3343 4385 3703 4450 ἐπιφανείας·
3744 4386 3836 4437 ὅτε

2259 4477 2364 4536 πᾶς
2390 4477 2417 4526 6
2443 4475 2568 4535 λαὸς
2609 4476 2856 4544 ἐτρεμεν,
2891 4475 3100 4527 ἀκούων
3127 4476 3308 4542 φωνὴν
3341 4473 3478 4525 Θεοῦ
3522 4474 3732 4536 ζῶντος
3758 4493 3773 4506 ·
3809 4476 3835 4525 6

2257 4564 2474 4616 πάντων
2512 4565 2647 4631 ἔχων
2685 4566 2783 4632 τὴν
2828 4563 3103 4628 ἐξουσίαν,
3135 4565 3226 4615 καὶ
3276 4563 3452 4614 πάντα
3483 4563 3688 4615 διέπων
3722 4567 3838 4626 τοῖς

2257 4656 2419 4714 πᾶσι,
2450 4653 2594 4719 λέγει
2625 4652 2701 4720 τῷ
2743 4654 2967 4723 Μωῡσῇ,
3003 4654 3030 4704 6
3061 4653 3189 4714 Θεὸς
3226 4655 3254 4705 6
3294 4654 3362 4703 τα
3397 4654 3579 4705 πάντα
3609 4653 3795 4713 διδούς
3820 4667 3834 4682 ·

2263 4743 2355 4804 Τίς
2381 4742 2554 4794 δώσει
2584 4742 2767 4804 οὕτως
2805 4739 2954 4794 εἶναι
2978 4741 3090 4807 τὴν
3120 4741 3370 4806 καρδίαν
3393 4740 3599 4792 αὐτῶν
3624 4742 3696 4792 ἐν
3727 4744 3837 4794 σὺν

2255 4829 2378 4892 τοῖς
2399 4870 2411 4891 ,
2455 4829 2609 4880 ὥστε
2643 4829 2950 4894 φοϐεῖσθαί
2968 4845 3043 4893 με
3071 4828 3164 4878 καὶ
3197 4826 3589 4892 φυλάξασθαι
3627 4827 3838 4892 πάσας

2255 4915 2360 4977 τὰς
2390 4916 2630 4981 ἡμέρας,
2664 4916 2761 4965 ἵνα
2781 4911 2849 4966 εὖ
2884 4910 2921 4982 ᾖ
2948 4913 3148 4975 αὐτοῖς
3171 4913 3266 4964 καί
3303 4911 3429 4977 τοῖς
3455 4913 3699 4979 τέκνοις
3731 4918 3839 4967 αὐ-

2256 5005 2402 5065 τὼν;
2433 5007 2590 5070 Λέγει
2623 5006 2650 5055 6
2672 5005 2796 5063 Θεός
2816 5020 2828 5031 ·
2869 5003 2967 5066 Τίς
2997 5003 3170 5054 δώσει
3200 5002 3278 5065 τῷ
3316 5001 3446 5066 λαῷ
3471 5006 3668 5066 τούτῳ
3690 5022 3838 5069 καρ-

2257 5094 2428 5157 διάν;
2450 5096 2557 5146 K01
2589 5095 2691 5154 τίς,
2715 5087 2758 5143 ὦ
2786 5093 3046 5153 Δέσποτα,
3069 5092 3206 5161 ὑπὲρ
3241 5093 3298 5144 σὲ
3328 5094 3569 5161 στερεὸς,
3600 5094 3692 5144 ἵνα
3723 5093 3832 5160 δῷ;

2257 5183 2317 5232 οὐ
2353 5184 2415 5232 σὺ
2455 5179 2504 5233 εἷ
2547 5184 2574 5232 6
2608 5181 2777 5241 διδοὺς
2807 5181 2999 5240 πάντα,
3051 5181 3143 5231 καὶ
3177 5181 3412 5249 μάλιστα
3459 5184 3528 5232 τὰ
3573 5185 3654 5242 si;
3681 5183 3836 5233 εὐσέ-

2259 5271 2408 5324 ϐειαν
2440 5269 2808 5329 συντείνοντας
2843 5268 2904 5319 El
2942 5268 3014 5337 μὴ
3057 5270 3119 5320 σὺ
3148 5265 3291 5338 ἦσθα
3319 5271 3350 5321 6
3379 5270 3558 5331 διδοὺς
3599 5270 3834 5337 καρδίαν

2257 5361 2462 5428 ἀγαθὴν
2483 5361 2590 5420 τοῖς
2612 5357 2863 5423 ἀγαπῶσί
2891 5375 2972 5420 σε,
2999 5360 3045 5409 εἰ
3075 5358 3148 5426 μὴ
3171 5360 3234 5412 σὺ
3259 5354 3309 5409 εἷ
3329 5359 3356 5409 6
3377 5359 3579 5419 διδοὺς,
3605 5359 3725 5417 πῶς
3755 5376 3834 5410 σοι

2257 5449 2416 5503 Δαυῒδ
2457 5447 2846 5517 προσεύχεται,
2889 5448 3150 5513 Καρδίαν
3188 5449 3453 5511 καθαρὰν
3499 5447 3722 5498 κτίσον
3767 5449 3836 5498 ἐν

2256 5541 2455 5608 ἑμοὶ,ὀ
2484 5539 2662 5600 Θεός;
2706 5536 2943 5605 Καρδίαν
2973 5536 3216 5604 καθαρὰν
3253 5535 3402 5602 παρὰ
3453 5534 3552 5586 σοῦ
3588 5536 3832 5587 αἰτοῦσιν

2257 5631 2304 5682 οἱ
2340 5630 2642 5698 προφῆται,
2679 5626 2770 5678 καὶ
2802 5627 2868 5678 τὰ
2900 5626 3031 5678 ἄλλα
3074 5626 3219 5698 δῶρα
3251 5624 3317 5674 τα
3359 5623 3549 5689 ἀγαθὰ
3571 5663 3585 5686 ,
3618 5627 3710 5676 καὶ
3738 5624 3833 5696 τῆς
