3982 6218
168 330 283 385 425

176 443 191 487 t
219 436 438 489 llamch.
465 438 519 490 5.
551 433 793 502 '52-'55).
844 433 907 487 Et
928 441 1045 500 post
1070 442 1263 485 tantam
1288 429 1603 497 theologiam
1628 427 1733 477 ait:

181 546 197 577 ι
225 527 320 579 Hic
339 536 423 579 est
446 525 584 577 Deus
622 534 820 587 noster,
840 539 941 575 non
966 521 1306 576 aestimabitur
1331 520 1466 572 alius
1485 519 1549 570 ad
1574 533 1692 571 CIIII]
1718 535 1735 567 ι

174 615 337 680 (Ibid.
361 632 407 667 v.
440 615 676 683 ὅθι-58).
726 612 1099 667 Animadverte
1127 611 1425 679 diligenter,
1455 625 1559 679 quo
1590 620 1742 677 pacto

174 705 399 758 alterunt
421 703 685 757 excludat.
723 721 740 753 ‹
788 702 900 756 Νοη
930 700 1281 755 aestimabitur
1323 700 1458 752 alius
1499 699 1563 751 ad
1596 715 1737 751 trum.

175 794 381 846 Invenit
424 808 634 846 omnem
682 792 820 845 viam
872 792 1126 855 scientiae,
1167 800 1220 843 et
1261 789 1403 843 dedit
1434 804 1548 841 eam
1576 789 1740 842 lacob

175 899 341 951 puero
365 898 482 949 suo,
506 893 558 938 et
583 882 743 937 Israel
779 883 968 937 dilecto
998 898 1093 936 suo
1115 884 1215 951 (α).
1242 884 1365 937 Ροει
1392 883 1502 935 haec
1527 882 1575 933 in
1600 890 1737 933 terra

173 977 320 1027 visus
346 983 428 1027 est
450 1013 465 1036 ,
498 982 552 1026 et
588 988 705 1027 cum
733 972 1032 1027 hominibus
1074 984 1419 1028 conversatus
1458 980 1557 1025 est.
1591 989 1608 1022 ι
1646 970 1740 1022 llic

176 1064 313 1117 Deus
342 1072 523 1117 noster
554 1063 618 1117 ad
656 1079 811 1132 quem
840 1079 943 1115 non
969 1064 1315 1117 mstimabitur
1343 1064 1496 1124 alius,
1525 1062 1574 1113 in
1599 1071 1736 1114 terra

174 1152 317 1207 visus
344 1160 425 1206 est
452 1160 508 1205 et
533 1167 650 1206 cum
681 1152 983 1206 hominibus
1030 1162 1370 1206 conversatus
1412 1161 1491 1204 est
1535 1161 1736 1218 postea.

181 1241 337 1293 Vides
362 1243 635 1295 veritatem
662 1241 1068 1294 continuatam?
1098 1241 1229 1294 Vide
1262 1251 1317 1294 ut
1341 1242 1505 1293 errori
1536 1241 1734 1292 aditum

174 1332 509 1397 intercludat,
533 1349 598 1386 ne
617 1332 829 1386 Judreus
847 1335 1119 1387 veritatem
1140 1333 1488 1386 calumnietur
1502 1340 1556 1385 et
1575 1331 1735 1395 dicat,

177 1423 316 1477 Deus
365 1424 508 1477 visus
547 1432 627 1476 est
676 1438 706 1475 a
758 1422 969 1492 Moyse;
1023 1423 1263 1491 apparuit
1305 1423 1445 1476 enim
1497 1422 1634 1475 Deus
1687 1420 1738 1472 in

173 1524 374 1567 monte.
410 1514 607 1568 Praeter
634 1530 754 1567 eum
784 1529 887 1567 non
915 1525 995 1567 est
1017 1515 1151 1567 alius
1178 1532 1190 1565 :
1221 1529 1318 1567 nec
1362 1514 1504 1581 ejicit
1530 1514 1737 1567 Patrem

172 1619 201 1658 a
227 1604 404 1658 divina
434 1603 707 1674 dignitate.
760 1606 915 1658 Pater
942 1606 987 1658 si
1024 1605 1167 1658 solus
1215 1607 1511 1659 nominatus
1562 1606 1737 1669 fuerit,

172 1695 610 1749 ex—terminabitue
644 1694 831 1748 Filium
861 1709 888 1747 a
920 1696 1183 1748 communi
1214 1695 1735 1764 dignitate?Quando

173 1786 303 1840 dicit
328 1787 500 1849 Deus,
532 1787 644 1838 sive
676 1785 864 1848 Pater,
897 1785 1007 1838 sive
1048 1783 1209 1837 Filius
1232 1826 1244 1847 ,
1277 1800 1333 1836 se
1360 1785 1527 1836 solum
1578 1800 1738 1838 unum

172 1892 314 1943 esse,
345 1892 449 1929 non
474 1884 629 1943 negat
658 1886 859 1928 natura:
880 1890 988 1927 suae
1008 1876 1351 1928 consortium.
1376 1874 1531 1927 Pater
1551 1875 1736 1928 Filium

173 1981 277 2018 non
304 1965 467 2033 ejicit,
498 1964 660 2018 Filius
684 1980 785 2017 non
818 1974 968 2033 negat
1004 1964 1245 2028 l’alrem;
1280 1964 1372 2016 sed
1404 1980 1522 2017 cum
1550 1964 1737 2018 similia

171 2059 441 2124 dicuntur,
472 2068 653 2111 contra
695 2059 953 2112 idolorum
983 2074 1218 2113 errorem
1268 2076 1447 2113 sermo
1494 2061 1734 2113 habetur.

170 2150 280 2203 Cur
307 2160 492 2202 contra
518 2148 852 2216 Unigenitum
882 2150 1259 2220 blasphemiam
1290 2152 1555 2218 apparas?
1582 2151 1739 2203 ldolis

173 2239 316 2295 Deus
343 2254 446 2292 non
476 2239 566 2293 dat
601 2239 820 2308 gloriam
860 2254 1040 2303 suam;
1080 2257 1145 2293 an
1173 2256 1342 2309 neque
1381 2242 1429 2294 ei
1464 2241 1554 2293 dat
1582 2257 1737 2309 quem

171 2328 397 2397 genuit?
428 2328 525 2380 Dat
562 2337 707 2381 certe
730 2342 832 2379 non
859 2329 1143 2381 secundum
1165 2330 1405 2397 gratiam,
1429 2330 1521 2383 sed
1552 2344 1741 2383 secun-

171 2418 302 2470 dum
352 2424 551 2469 natura:
594 2418 937 2470 consortium.
978 2417 1125 2471 Unde
1174 2434 1301 2471 vero
1350 2419 1740 2473 demonstratur

172 2506 441 2559 Christum
489 2506 705 2573 gloriam
754 2506 922 2559 Patris
962 2507 1241 2573 accipere?
1282 2509 1366 2564 Ait
1397 2510 1537 2561 enim
1568 2526 1581 2561 :
1610 2508 1735 2561 Glo—

170 2596 305 2648 riam
331 2611 490 2646 meam
532 2595 677 2647 alteri
704 2611 801 2647 non
836 2594 961 2647 dabo
988 2595 1005 2665 (
1030 2595 1153 2649 lsai.
1182 2598 1268 2649 42.
1297 2596 1384 2665 8).

246 2688 301 2740 τ.
344 2686 478 2738 Audi
515 2684 637 2753 quid
676 2685 790 2752 ipse
827 2685 1074 2739 Servator
1110 2702 1227 2739 cum
1273 2690 1525 2756 apostolis
1563 2690 1735 2743 disse-

175 2792 306 2832 rens
326 2777 466 2829 dicat
492 2797 502 2830 :
527 2775 649 2829 Cum
673 2778 860 2829 venerit
883 2776 1046 2829 Filius
1075 2777 1286 2831 hominis
1311 2780 1362 2830 in
1388 2780 1546 2847 gloria
1572 2778 1739 2832 Patris

169 2868 252 2920 sui
280 2865 468 2933 (Marc.
495 2866 548 2920 8.
577 2866 710 2930 58);
744 2875 1019 2934 postquam
1052 2866 1136 2919 ille
1167 2868 1308 2934 prius
1334 2868 1582 2932 dixisset,
1614 2866 1738 2919 Glo-

171 2957 307 3006 riam
334 2970 493 3007 meam
527 2954 671 3007 alteri
701 2970 796 3007 non
824 2954 967 3006 dabo.
999 2953 1244 3008 Scrutare
1273 2956 1489 3017 dictum,
1520 2966 1571 3009 et
1598 2957 1741 3009 inve-

174 3046 294 3099 nies
323 3060 559 3099 sensum.
595 3044 819 3098 Gloriam
867 3062 1059 3111 meam,
1092 3061 1193 3099 non
1240 3047 1403 3112 dixit,
1453 3047 1588 3101 Filio
1624 3062 1739 3100 meo

177 3152 288 3190 non
312 3136 468 3196 dabo.
496 3136 608 3199 sed,
633 3135 789 3187 Alteri
819 3152 915 3188 non
944 3138 1090 3189 dabo.
1120 3137 1352 3189 Alterum
1382 3147 1551 3191 autem
1581 3149 1658 3191 est
1689 3139 1737 3191 id

177 3226 320 3292 quod
342 3236 423 3278 est
444 3225 671 3277 alienum
700 3240 726 3276 a
752 3226 1037 3289 consortio,
1068 3235 1119 3279 et
1144 3240 1171 3277 a
1200 3236 1380 3278 natura
1409 3237 1737 3294 separatum;

178 3317 349 3372 Filius
377 3324 554 3369 autem
597 3330 700 3368 non
727 3327 806 3369 est
832 3317 965 3369 alter
998 3334 1008 3367 :
1043 3316 1169 3369 Nam
1202 3316 1310 3386 Ego
1336 3329 1382 3369 et
1409 3318 1563 3369 Pater
1587 3336 1741 3369 ultum

179 3420 373 3457 sumus.
408 3404 561 3456 Clare
583 3418 709 3473 ergo
736 3402 1148 3457 demonstratum
1172 3414 1272 3467 est,
1304 3406 1449 3469 illud,
1477 3405 1542 3459 Ut
1562 3422 1742 3475 cogno-

177 3503 321 3546 scant
336 3505 380 3546 te
403 3494 564 3546 soluat
590 3508 756 3545 verum
780 3493 936 3545 Deum
958 3494 1127 3563 (Joan.
1158 3494 1241 3547 10.
1265 3495 1377 3563 50),
1404 3510 1504 3547 non
1536 3496 1742 3549 auferre

177 3598 210 3635 a
238 3583 406 3641 Filio.
440 3598 557 3636 esse
587 3599 765 3635 verum
816 3583 997 3635 Deum.
1045 3583 1118 3635 Ne
1166 3584 1409 3651 repudies
1446 3599 1741 3638 sermonem

176 3686 300 3723 cum
327 3670 611 3735 calumnia,
641 3671 786 3739 quasi
816 3685 1003 3724 sensus
1029 3682 1301 3739 suspectus
1327 3674 1539 3726 relictus
1558 3673 1627 3726 sit
1654 3691 1665 3725 :
1693 3675 1745 3727 id

177 3762 319 3830 quod
364 3762 499 3829 passi
545 3772 665 3815 sunt
700 3762 912 3831 quidam
956 3778 986 3817 e
1030 3762 1277 3817 fratribus
1324 3766 1460 3818 circa
1503 3768 1737 3820 calicem.

176 3857 258 3905 Ac
284 3853 327 3904 si
356 3852 495 3904 enim
539 3853 795 3905 sententia
825 3853 1139 3906 solutionem
1172 3869 1274 3905 non
1316 3855 1635 3920 accepisset.
1668 3858 1744 3909 sic

176 3944 571 3997 accusationem
610 3945 918 3997 intulerunt.
953 3944 1080 3997 Nam
1108 3944 1351 3997 dixerunt
1378 3964 1391 3997 :
1422 3944 1742 4014 Suspensum

176 4043 232 4086 et
260 4032 541 4085 sublimem
571 4033 776 4100 reliquit
802 4033 1239 4100 disquisitiOnem.
1260 4033 1393 4097 Quid
1418 4042 1615 4098 autem,
1646 4036 1747 4086 fra-

183 4133 317 4183 tres,
348 4121 571 4188 amplius
591 4121 867 4174 dicendum
898 4121 1246 4189 suppetebat?
1277 4121 1398 4187 quid
1428 4123 1569 4189 prius
1595 4122 1747 4174 dictis

176 4211 367 4263 deerat
392 4210 455 4262 ad
484 4210 1026 4263 demonstrationem?
1072 4210 1247 4263 Primo
1272 4210 1503 4278 quidem,
1539 4211 1599 4264 Si
1629 4227 1746 4278 pos-

174 4300 325 4354 sibile
353 4308 445 4362 est,
473 4310 690 4353 transeat
714 4317 745 4352 a
774 4316 852 4352 me
879 4301 1011 4353 calix
1037 4300 1127 4352 iste
1157 4298 1376 4371 (Matth.
1402 4300 1490 4354 26.
1516 4302 1583 4355 59
1608 4305 1623 4370 )
1654 4320 1665 4353 :
1696 4313 1749 4356 et

175 4390 244 4443 ad
279 4390 330 4442 id
362 4390 497 4457 quod
528 4405 623 4458 per
668 4391 806 4442 illam
853 4390 1136 4444 dictionem
1180 4392 1474 4458 suggeritur
1501 4390 1519 4461 (
1543 4392 1748 4446 videtur

173 4481 324 4534 enim
354 4479 517 4533 dictio
542 4480 919 4547 supplicantem
951 4481 1047 4533 sub
1072 4481 1223 4532 aliam
1254 4490 1568 4549 potestatem
1602 4483 1747 4535 redi-

173 4570 387 4637 gere),
431 4569 701 4621 attulimus
734 4583 915 4621 vocem
964 4569 1104 4622 illam
1151 4569 1395 4633 Domini,
1442 4585 1560 4638 quze
1604 4574 1747 4625 omni

173 4669 327 4713 certe
356 4659 527 4711 divina
556 4662 866 4712 auctoritate
897 4661 1047 4727 plena
1074 4669 1183 4723 cst,
1218 4662 1546 4729 diecntisque
1573 4664 1743 4732 digni-

176 4759 345 4801 tatem
389 4749 606 4801 exhibet
652 4766 663 4800 :
710 4748 1012 4802 Potestatem
1059 4749 1211 4801 habeo
1265 4752 1481 4816 ponendi
1528 4753 1747 4804 animam

176 4855 364 4901 meam,
388 4849 432 4891 et
458 4848 743 4907 potestatem
770 4840 922 4892 habeo
944 4840 1168 4891 sumendi
1195 4856 1301 4891 eam
1328 4839 1503 4909 (Joan.
1532 4842 1745 4911 10.18),

176 4927 519 4995 diximusque
543 4929 670 4981 illud
692 4967 705 4987 ,
742 4927 946 4992 Habeo,
977 4929 1262 4981 divinitatis
1292 4933 1561 4999 proprium
1590 4947 1706 4985 esse
1731 4949 1745 4997 ;

175 5016 312 5073 illud
342 5034 470 5073 vero
504 5038 515 5073 :
544 5020 605 5073 Si
644 5021 875 5089 possibile
902 5030 1005 5083 est,
1036 5031 1251 5074 transeat
1293 5040 1323 5073 a
1362 5040 1437 5076 me
1466 5025 1601 5077 calix
1637 5026 1743 5090 iste,

179 5109 391 5162 ratione
418 5109 590 5162 carnis
620 5109 815 5161 dictum
845 5122 963 5161 esse
986 5148 1000 5170 ,
1047 5125 1149 5161 non
1193 5114 1393 5165 ratione
1424 5113 1707 5167 divinitatis
1732 5156 1744 5179 ,

176 5206 342 5264 atque
399 5197 612 5265 insuper
666 5199 868 5251 Domini
926 5199 1282 5253 testimonium
1331 5202 1645 5259 adduximus
1697 5206 1746 5259 in

175 5286 682 5351 confirmationem;
727 5289 1068 5355 quamobrem
1112 5290 1242 5341 dixit
1279 5308 1289 5342 :
1325 5290 1543 5359 Spiritus
1575 5311 1747 5361 prout-

245 5398 325 5463 (α)
354 5396 409 5444 In
430 5405 589 5445 Grteoo
607 5432 621 5453 ,
654 5411 877 5458 ἠγαπημίνῳ.
906 5398 1072 5463 Itaque
1095 5399 1242 5448 electo
1278 5402 1398 5461 apud
1434 5402 1748 5463 Augustinum
1808 5443 1815 5447 .

175 5460 264 5507 lib.
310 5458 329 5504 'l
370 5464 534 5525 contra
552 5465 789 5525 _Faustum
814 5458 1124 5525 atanieh’a‘um
1146 5475 1284 5525 ,__cap.
1310 5458 1401 5518 '45,
1430 5471 1479 5525 et
1504 5458 1548 5509 in
1577 5464 1749 5525 Vigilio

173 5518 409 5578 ‘l‘apsensi
436 5518 518 5565 lib.
547 5518 567 5565 1
594 5526 756 5565 contra
802 5520 1004 5574 Arrium,
1032 5518 1286 5567 Sabellium
1329 5530 1379 5569 et
1417 5518 1661 5570 I'hotinum
1698 5539 1745 5572 n.

178 5579 506 5703 cum”:
537 5587 711 5687 (contra
752 5578 1070 5637 \‘aruuadum,
1097 5594 1199 5640 cap.
1224 5581 1267 5639 Ξ,
1295 5583 1541 5632 manifesta
1589 5598 1748 5633 corru-

324 5652 338 5668 ‘
391 5676 400 5685 .
428 5649 459 5688 (‘
507 5653 631 5689 cer.

1122 317 1185 372 IN
1223 315 1424 370 ILLUD
1465 355 1478 371 .
1512 311 1580 367 1N
1619 312 1756 379 QUA
1797 310 2215 377 POTESTATE,
2259 313 2412 369 ETC.

3317 343 3430 394 426

1855 434 1967 491 ptus
1994 436 2085 491 est,
2112 444 2229 479 caro
2257 439 2423 481 autem
2444 430 2646 498 inﬁrma
2668 431 2877 501 (Matth.
2906 432 2993 487 26.
3023 435 3112 505 41)
3139 454 3150 489 :
3179 449 3231 491 et
3254 454 3428 493 anno‘

1855 516 2079 568 tavimus
2109 532 2220 569 rem
2250 532 2370 571 esse
2393 518 2848 586 absurdissimam,
2877 538 2995 577 cum
3025 524 3138 593 ipse
3164 528 3417 584 Dominus

1852 607 1996 658 carni
2028 606 2319 674 adscribat,
2354 624 2451 663 nos
2488 611 2537 663 in
2567 612 2796 666 divinam
2829 616 3155 682 majestatem
3185 618 3311 673 dicti
3342 624 3423 674 vi-

1852 694 2053 748 litatem
2074 696 2359 764 conjicere.
2384 699 2486 753 Sed
2511 711 2566 754 ut
2589 702 2796 756 Domini
2824 718 3040 773 scopum
3061 707 3414 777 declaretnus,

1851 800 1947 838 cur
1990 802 2180 856 nempe
2228 788 2451 853 dixerit,
2495 791 2739 847 Transeat
2766 811 2799 847 a
2825 813 2903 848 me
2940 798 3115 850 calix:
3144 815 3247 852 non
3276 803 3415 867 quod

1852 874 2117 945 refugeret
2158 881 2328 932 crucis
2356 879 2821 948 dispensationem,
2851 895 3073 939 mortem
3104 890 3411 950 recusabat;

1851 966 1944 1019 sed
1967 968 2088 1032 quia
2112 968 2340 1036 imperiti
2361 969 2499 1022 circa
2520 970 2965 1039 dispensationem
2990 976 3154 1042 illam,
3182 978 3231 1030 in
3259 993 3422 1033 cruce

1850 1056 2152 1109 scandalum
2181 1059 2385 1127 passuri
2413 1069 2564 1113 erant
2583 1100 2597 1123 ,
2629 1060 2728 1114 hac
2754 1076 2879 1115 usus
2907 1074 2987 1116 est
3014 1081 3161 1119 voce.
3194 1068 3415 1121 lterum-

1851 1162 1954 1215 que
1982 1147 2117 1201 hanc
2144 1150 2458 1202 sententiam
2486 1160 2762 1219 sequutum
2789 1160 2871 1205 est
2900 1152 2997 1206 hoc
3022 1157 3373 1210 testimonium
3398 1177 3410 1213 :

1853 1236 2034 1302 Orate,
2066 1247 2119 1289 ut
2144 1254 2245 1290 non
2272 1239 2471 1291 intretis
2491 1240 2541 1291 in
2572 1240 2891 1293 tentationem
2920 1240 2967 1311 (1
2976 1242 3123 1309 bid.).
3154 1244 3257 1297 Alii
3287 1262 3414 1299 vero

1849 1328 2152 1382 calumniati
2178 1338 2331 1393 sunt,
2360 1344 2422 1382 ac
2446 1330 2488 1382 si
2518 1329 2834 1384 dixissemus
2864 1354 2876 1385 :
2910 1332 2964 1386 Si
3008 1334 3116 1387 fieri
3148 1346 3323 1403 posset
3356 1350 3418 1391 ut

1848 1416 1954 1469 alio
1988 1419 2170 1471 mortis
2199 1433 2391 1486 genere
2417 1421 2765 1472 oeconomiam
2794 1421 3055 1489 impleret.
3103 1423 3214 1477 Hoc
3246 1440 3428 1492 porm'

1850 1521 1948 1559 nec
1978 1507 2171 1561 dictum
2199 1510 2311 1571 fuit,
2345 1524 2441 1563 nec
2467 1510 2673 1563 dicetur
2698 1526 2965 1579 umquam.
2998 1512 3109 1564 Non
3140 1513 3281 1578 dixi,
3310 1516 3413 1567 alia“

1849 1605 2053 1659 morte,
2084 1595 2175 1649 sed
2205 1596 2307 1649 alio
2336 1598 2493 1651 modo
2517 1600 2864 1652 meonomiam
2898 1601 3097 1668 impleri
3124 1619 3138 1664 ;
3183 1603 3281 1657 hoc
3306 1615 3407 1667 est,

1849 1688 1979 1737 citra
2021 1697 2263 1738 mortem.
2293 1685 2421 1738 Nam
2453 1688 2666 1741 calicem
2698 1689 3070 1758 interpretatus
3094 1706 3210 1744 sum
3238 1711 3250 1744 :
3284 1695 3408 1747 illud

1847 1784 2022 1827 autem
2063 1774 2249 1836 aliter,
2297 1784 2580 1843 tamquam,
2624 1777 2754 1830 citra
2799 1787 3043 1831 mortem.
3094 1784 3265 1849 Atque
3311 1782 3409 1835 hoc

1850 1864 2043 1918 factum
2074 1874 2173 1927 est,
2209 1880 2312 1917 non
2341 1866 2477 1933 quod
2506 1881 2626 1920 vere
2652 1868 2902 1923 Dominus
2930 1873 3248 1925 recusaverit
3275 1875 3420 1926 mori»

1851 1969 1947 2021 pro
1974 1953 2169 2008 mundo
2195 1971 2208 2017 ;
2242 1955 2332 2008 sed
2360 1955 2495 2023 quod
2541 1956 2697 2011 fidem
2726 1957 2897 2011 facere
2923 1960 3146 2013 voluerit
3184 1963 3408 2016 infirmi-

1848 2045 1937 2097 tati
1981 2045 2189 2107 carnis,
2239 2055 2395 2113 atque
2437 2047 2716 2100 ostendere
2744 2062 2956 2101 carnem
2988 2066 3110 2103 vere
3155 2052 3314 2106 fuisse
3356 2055 3404 2107 id

1847 2134 1986 2203 quod
2015 2135 2258 2200 timebat,
2290 2144 2342 2189 et
2375 2136 2679 2189 turbabatur
2711 2157 2723 2191 :
2754 2154 2872 2190 nam
2902 2138 3121 2204 Spiritus
3150 2153 3406 2210 proruptus

1845 2234 1937 2287 est,
1976 2240 2094 2276 caro
2137 2233 2299 2276 autent
2345 2226 2567 2293 inﬁma.
2597 2226 2751 2279 Carni
2781 2229 2942 2281 verba
2973 2229 3287 2283 infirmitatis
3316 2234 3410 2283 ad-

1847 2315 2063 2375 scribit,
2098 2315 2382 2368 divinitatis
2410 2316 2739 2383 majestatem
2771 2331 2874 2369 non
2908 2318 3059 2371 la'sit.
3094 2319 3199 2372 Cttr
3222 2322 3404 2373 crimi-

1846 2403 1989 2456 naris
2017 2418 2132 2470 qua:
2171 2419 2274 2456 non
2300 2404 2462 2456 dico?
2499 2419 2595 2457 cur
2631 2406 2964 2457 calunmiaris
2993 2422 3109 2473 quze
3136 2424 3239 2460 non
3269 2425 3404 2475 prae-

1845 2493 2009 2547 dico?
2051 2495 2221 2546 Alium
2256 2494 2465 2547 modum
2495 2495 2599 2547 dixi
2626 2511 2640 2557 ;
2685 2510 2788 2546 non
2816 2500 2999 2548 mortis
3019 2538 3034 2561 ,
3066 2498 3158 2550 sed
3188 2513 3405 2551 (nconci-

1849 2584 1987 2638 mim.
2011 2584 2190 2652 Neque
2211 2586 2349 2637 enim
2371 2584 2566 2637 dictum
2590 2593 2688 2648 est,
2710 2584 2761 2637 Si
2786 2585 3033 2651 possibile
3055 2596 3155 2648 est,
3175 2596 3409 2641 mutetur

1846 2675 1979 2727 calix
2029 2676 2146 2726 istc.
2197 2674 2382 2726 Carnis
2427 2683 2508 2726 est
2553 2674 2861 2738 infirmitas,
2911 2675 3284 2731 incarnationis
3326 2688 3406 2732 est

1846 2762 2042 2830 passio.
2072 2761 2277 2814 Profert
2305 2761 2624 2814 infirmitatis
2652 2761 2809 2815 verba
2828 2804 2841 2825 ,
2874 2772 2929 2814 ut
2952 2764 3196 2817 ostendat
3222 2780 3282 2818 se
3312 2766 3409 2819 hac

1849 2854 2085 2907 indutum
2117 2867 2234 2907 esse
2282 2862 2465 2905 natura
2486 2894 2500 2916 ,
2532 2868 2647 2920 qua:
2678 2862 2898 2906 mortem
2948 2854 3210 2908 formidat.
3245 2856 3314 2910 Ut
3342 2874 3408 2911 ne

1850 2955 2026 2997 autem
2069 2958 2277 2996 rursmn
2320 2943 2536 2996 dictioni
2584 2943 2817 3009 servias,
2850 2959 2913 2997 ex
2956 2944 3241 2999 abundanti
3283 2947 3405 2999 illud

1848 3050 2057 3105 quoque
2103 3034 2292 3088 adduxi
2339 3056 2350 3089 :
2392 3051 2510 3102 qua
2552 3045 2633 3090 est
2675 3037 2846 3102 ratio,
2887 3039 3154 3105 apostolos
3202 3038 3408 3093 fortiter

1849 3137 2070 3180 mortem
2101 3128 2411 3181 concolcare
2431 3168 2443 3191 ,
2476 3127 2831 3195 apostolorum
2873 3143 2998 3181 vero
3032 3129 3308 3182 Dominum
3340 3132 3409 3181 ti-

1847 3216 2043 3269 muisse
2069 3224 2121 3268 et
2151 3215 2417 3268 horruisse
2459 3216 2639 3267 mortis
2683 3216 2996 3268 accessum?
3041 3218 3161 3272 lla‘c
3189 3229 3241 3271 et
3273 3234 3429 3272 nunc.

1848 3305 2051 3364 dicam,
2083 3304 2291 3358 fratres.
2332 3306 2522 3357 Paulus
2551 3321 2653 3357 non
2680 3307 2848 3358 solum
2880 3307 3102 3374 alligari,
3133 3308 3224 3361 sed
3251 3308 3411 3361 etiam

1851 3395 1983 3447 mori
2016 3402 2230 3462 propter
2258 3408 2447 3447 nomen
2474 3394 2669 3447 Christi
2702 3405 2936 3462 paratum
2963 3412 3018 3449 se
3049 3409 3263 3452 strenue
3291 3416 3413 3466 pro-

1853 3487 2090 3545 nuntiat,
2126 3486 2271 3538 Pauli
2300 3500 2426 3539 vero
2452 3486 2704 3539 Dominus
2745 3486 2875 3539 mori
2907 3498 3112 3540 recusat
3146 3489 3288 3557 (Act.
3318 3490 3409 3542 2i.

1853 3576 1921 3628 1⁸5
1942 3573 2005 3644 )?
2038 3575 2103 3628 Et
2134 3575 2275 3627 Pauli
2307 3575 2516 3643 quidem
2546 3590 2639 3628 cor
2684 3590 2789 3629 non
2834 3586 3051 3638 mmret,
3085 3579 3255 3630 anima
3287 3595 3412 3633 vero

1851 3664 2049 3717 Christi
2082 3664 2358 3717 turbatur?
2389 3664 2518 3718 Nam
2551 3667 2622 3717 ait
2652 3682 2663 3717 :
2694 3665 2845 3717 Nunc
2872 3667 3042 3717 anima
3073 3684 3178 3720 mea
3217 3668 3414 3720 turbata

1852 3767 1921 3809 est
1943 3756 2117 3825 (Joan.
2144 3757 2229 3809 l2.
2253 3757 2365 3826 27).
2401 3756 2523 3809 lhrc
2549 3756 2721 3807 omnia
2747 3756 2892 3809 vobis
2920 3758 3142 3809 testibus
3168 3758 3412 3823 loquutus

1854 3863 1989 3900 sum.
2022 3849 2214 3901 Verum
2248 3849 2329 3901 his
2362 3862 2466 3899 non
2497 3847 2875 3915 obtemperas?
2906 3847 2996 3900 sed
3025 3848 3173 3914 illud,
3206 3848 3265 3901 Si
3295 3865 3413 3915 pos-

1851 3938 1993 3989 sibile
2018 3946 2107 3999 est,
2150 3937 2321 3989 adhuc
2364 3936 2679 3989 olfendiculo
2716 3946 2796 3988 cst
2838 3937 2970 3989 tibi?
3014 3937 3152 3989 Sane
3178 3938 3411 4005 quidem,

1853 4028 1943 4079 ait.
1973 4028 2401 4096 Congrediamur,
2422 4027 2629 4091 fratres,
2648 4042 2766 4080 cum
2786 4028 3135 4092 contentioso,
3155 4029 3416 4095 simulque

1855 4119 2083 4169 nitamur
2121 4118 2169 4169 vi
2216 4118 2453 4169 veritatis
2497 4118 2616 4169 illos
2659 4118 2861 4183 erigere
2902 4118 2989 4184 qui
3036 4118 3417 4171 incredulitatis

1857 4207 2159 4259 infirmitate
2201 4206 2330 4274 lapsi
2372 4214 2512 4258 sunt.
2543 4206 2598 4258 Si
2630 4214 2943 4273 potestatem
2973 4206 3239 4260 habuisset
3267 4207 3420 4259 Chri-

1856 4306 1968 4349 stus
1991 4337 2004 4360 ,
2038 4312 2145 4349 non
2181 4297 2433 4360 dixisset,
2464 4296 2524 4349 Si
2553 4295 2786 4364 possibile
2812 4305 2917 4360 est,
2951 4305 3185 4349 transeat.
3214 4298 3417 4351 Accusa

1857 4400 1983 4453 ergo
2010 4385 2167 4437 etiam
2194 4385 2381 4447 Deum,
2410 4385 2498 4452 qui
2526 4384 2576 4437 in
2606 4384 2720 4452 lege
2747 4385 2809 4437 iis
2829 4385 3005 4438 verbis
3027 4401 3150 4437 usus
3172 4396 3272 4451 est,
3302 4402 3420 4453 qua:

1856 4476 1922 4529 ab
1947 4475 2060 4543 ejus
2082 4482 2343 4543 potestate
2371 4474 2523 4541 longe
2545 4473 2760 4526 distent.
2791 4475 2876 4526 Ait
2902 4474 3042 4527 enim
3067 4472 3231 4542 Moysi
3257 4475 3417 4539 Deus,

1856 4580 1973 4619 cum
2023 4566 2327 4633 loqueretur
2371 4563 2423 4616 in
2457 4572 2637 4615 monte
2682 4562 2805 4616 Sina
2833 4602 2848 4626 ,
2894 4578 2988 4631 per
3016 4578 3263 4631 magnum
3292 4564 3418 4617 illud

1859 4654 2197 4721 terribileque
2216 4662 2477 4705 ostentum
2507 4669 2519 4703 :
2549 4668 2667 4703 cum
2695 4653 2867 4705 omnis
2898 4660 3146 4705 tremeret
3175 4654 3418 4721 populus,

1856 4743 2074 4797 audiens
2104 4756 2285 4796 vocem
2317 4741 2406 4793 Dei
2434 4741 2659 4793 viventis
2688 4759 2699 4791 :
2729 4742 2816 4808 qui
2844 4742 3075 4793 omnium
3104 4750 3418 4809 potestatem

1859 4833 2049 4895 habet,
2081 4841 2133 4884 et
2160 4832 2335 4885 omnia
2377 4830 2621 4882 omnibus
2648 4829 2948 4898 dispensat,
2982 4830 3050 4882 ait
3092 4831 3255 4900 Moysi
3286 4832 3423 4883 Dens

1857 4924 2090 4975 omnium
2122 4921 2337 4988 largitor
2369 4936 2381 4970 :
2425 4919 2546 4982 Quis
2575 4919 2711 4969 dabit
2730 4934 2837 4971 esse
2864 4936 2949 4972 cor
2974 4936 3142 4971 eorum
3170 4921 3220 4970 in
3247 4920 3337 4983 eis,
3368 4930 3422 4970 nt

1859 5013 2065 5065 timeant
2104 5025 2219 5073 me,
2251 5018 2295 5060 et
2325 5009 2604 5059 custodiant
2632 5009 2857 5061 omnibus
2897 5009 3069 5061 diebus
3088 5048 3102 5074 ,
3133 5020 3184 5060 ut
3216 5010 3332 5062 bene
3360 5010 3423 5060 sit

1857 5102 1945 5163 eis,
1972 5112 2016 5152 et
2050 5100 2168 5167 ﬁliis
2197 5113 2366 5148 eorum
2396 5096 2567 5165 (Deut.
2594 5098 2645 5150 5.
2672 5096 2809 5165 29)?
2841 5097 2969 5149 Dicit
2999 5098 3155 5162 Deus,
3188 5099 3310 5164 Quis
3331 5101 3425 5152 da-

1859 5192 1924 5242 bit
1953 5190 2139 5259 pOpulo
2166 5189 2281 5239 huic
2308 5188 2439 5239 car?
2470 5187 2535 5240 Et
2563 5186 2700 5253 quis,
2728 5186 2946 5239 Domine
2965 5228 2981 5251 ,
3010 5197 3062 5240 te
3094 5189 3333 5249 validior,
3369 5197 3425 5241 ut

1855 5281 1943 5335 det
1963 5283 1985 5333 ‘?
2016 5294 2191 5333 nonne
2218 5288 2269 5331 tu
2300 5294 2361 5331 es
2397 5278 2484 5345 qtti
2526 5287 2712 5331 cuncta
2743 5276 2858 5342 das,
2892 5279 3183 5345 pnesertim
3210 5295 3327 5345 qua:
3358 5280 3423 5332 ad

1857 5373 2103 5437 pietatem
2152 5368 2435 5435 Spectantil
2483 5366 2589 5419 Nisi
2640 5376 2693 5418 ιιι
2738 5383 2793 5420 es
2823 5369 2909 5436 qui
2957 5385 3049 5421 cor
3093 5368 3286 5422 bonum
3330 5370 3426 5421 das

1856 5457 2195 5525 diligentibus
2236 5466 2286 5509 te
2307 5496 2320 5519 ,
2350 5456 2448 5508 nisi
2482 5466 2535 5509 tu
2565 5470 2623 5509 es
2660 5458 2748 5525 qui
2794 5458 3001 5527 largiris
3024 5501 3039 5522 ,
3069 5475 3235 5528 quare
3264 5460 3426 5513 David

1859 5547 1960 5598 hoc
1990 5560 2016 5596 a
2060 5554 2108 5597 te
2136 5545 2269 5613 petit
2289 5587 2301 5609 ,
2335 5545 2431 5597 Cor
2471 5546 2711 5599 mundum
2742 5564 2855 5600 crea
2893 5553 2944 5602 in
2974 5550 3212 5609 utc,Dcus
3239 5550 3422 5621 (Psal.

1860 5637 1943 5692 50.
1974 5636 2071 5705 l2)
2093 5637 2113 5687 ’ἶ
2142 5634 2243 5691 Cvr
2270 5637 2519 5695 tnundum
2552 5656 2578 5692 a
2608 5648 2657 5693 te
2689 5642 2951 5709 postulant
2981 5644 3272 5714 proplretm,
3297 5646 3425 5700 ahav
