3982 6218
561 336 674 389 427

2075 305 2347 370 lNCEltTl

569 441 673 494 que
701 426 835 478 bona
863 439 1104 490 munera,
1131 433 1290 494 alque
1319 423 1492 477 cordis
1522 423 1802 492 puritatem
1829 441 1841 476 :
1873 433 1928 477 et
1957 423 2143 476 buma-

3763 344 3794 380 ε)

2250 345 2275 365 ιι
2291 345 2311 366 ι
2324 345 2347 370 ι
3763 345 3794 380 ⁸)

2250 432 2470 498 quillum
2500 444 2705 503 portum
2730 436 2782 491 in
2809 436 3011 492 animas
3033 437 3356 508 diligentiam
3380 439 3544 495 Deum

575 531 637 568 aa
667 524 818 570 utens
847 529 976 568 voce
1011 513 1166 578 dicis,
1211 514 1334 582 Quis
1376 513 1512 567 dabit
1542 514 1728 581 populo
1758 513 1872 566 huic
1912 512 2038 567 cor?
2073 512 2138 564 Et
2245 519 2417 587 Atque
2472 522 2583 576 lucc
2634 524 2908 579 hactenus.
2961 526 3222 581 Caeterum
3289 528 3417 582 illud
3469 531 3822 586 considerare

569 605 688 670 quis
737 606 854 673 plus
899 605 992 658 dat
1039 619 1196 672 quam
1243 604 1341 656 tu?
1375 603 1744 658 Verumtamen
1777 603 1898 656 licet
1942 611 1995 654 tu
2028 615 2136 668 prae

569 693 805 747 bonitate
841 695 920 748 sic
959 693 1206 762 loquutus
1235 693 1308 747 sis
1327 731 1343 754 ,
1375 701 1429 744 at
1467 692 1654 746 beatus
1677 692 1884 762 Moyses
1907 706 2014 744 non
2043 689 2136 742 ad-

567 781 719 836 haesit
757 782 990 836 sermoni
1021 791 1108 835 tuo
1128 823 1143 845 ,
1171 781 1266 836 sed
1295 781 1579 849 publicavit
1607 780 1936 846 majestatem
1967 788 2132 841 tuam,

566 872 798 926 ostendit
827 874 1232 936 auctoritatem,
1265 872 1512 938 patefecit
1541 873 1850 940 potentiam.
1881 872 2018 924 Dicit
2044 882 2135 937 p0-

564 963 690 1031 pltl)
725 963 778 1017 in
808 963 1215 1018 Deuteronomio
1245 961 1430 1016 :Dedit
1459 961 1591 1016 vobis
1616 961 1863 1016 Dominus
1889 961 2027 1016 Deus
2050 980 2136 1017 car

573 1053 642 1102 ad
670 1052 944 1117 sciendum,
971 1061 1016 1105 et
1043 1052 1214 1105 oculos
1235 1052 1303 1104 ad
1338 1051 1603 1104 uidendum
1621 1093 1636 1116 ,
1665 1062 1711 1104 et
1753 1068 1899 1106 aures
1937 1053 2004 1105 ad
2043 1069 2135 1105 au-

563 1141 798 1192 diendum
825 1157 978 1210 usque
1004 1141 1057 1194 in
1081 1141 1212 1192 diem
1240 1145 1370 1193 hanc
1401 1139 1582 1211 (Deut.
1612 1140 1700 1194 29.
1727 1141 1760 1195 4
1778 1142 1819 1210 ).

634 1231 688 1282 8.
734 1229 892 1283 Vides
917 1229 1064 1282 illum
1095 1228 1222 1283 dare
1247 1243 1339 1282 cor
1359 1269 1373 1292 ,
1412 1231 1594 1284 oculos
1612 1269 1626 1292 ,
1658 1244 1812 1282 aures
1839 1238 1893 1282 et
1917 1228 2133 1281 omnia?

563 1319 664 1388 Qui
691 1334 819 1386 ergo
847 1321 890 1374 is
917 1319 1004 1387 qui
1031 1319 1207 1372 omnia
1249 1319 1338 1372 dat
1364 1319 1602 1383 dicebat,
1633 1319 1756 1384 Quis
1781 1317 1915 1370 dabit
1946 1319 2132 1386 populo

562 1411 677 1462 huic
718 1426 804 1463 cor
845 1411 987 1463 tale?
1014 1424 1120 1478 quo
1147 1417 1301 1477 pacto
1340 1422 1541 1469 rursus,
1575 1408 1673 1460 nisi
1704 1408 1816 1475 ipse
1841 1421 1934 1461 cor
1957 1408 2129 1472 daret,

561 1504 762 1556 diceret
796 1516 888 1570 per
909 1499 1243 1553 Ezwhielem
1279 1516 1292 1551 :
1328 1497 1394 1552 Et
1423 1498 1680 1552 extraham
1707 1514 1770 1550 ea:
1793 1498 1862 1550 eis
1889 1513 1974 1549 cor
2002 1498 2132 1564 lapi-

563 1594 732 1654 deum,
761 1601 808 1645 et
838 1591 966 1642 dabo
990 1589 1062 1642 eis
1086 1604 1171 1641 cor
1193 1603 1449 1652 corneum,
1476 1597 1521 1638 et
1546 1587 1760 1639 scribam
1789 1586 1945 1655 legem
1970 1602 2129 1639 meant

564 1685 615 1736 in
645 1682 880 1736 cordibus
908 1697 1080 1734 eorum
1111 1678 1321 1751 (Esech.
1348 1679 1434 1732 11.
1458 1677 1552 1742 19;
1575 1677 1688 1730 Jer.
1713 1679 1801 1732 51.
1827 1677 1954 1745 53)?
1984 1676 2132 1729 Sicut

562 1788 692 1842 ergo
713 1773 818 1826 illic
845 1774 958 1839 ipse
985 1771 1145 1834 Deus,
1167 1771 1254 1840 qui
1276 1770 1405 1825 dare
1429 1778 1601 1838 potest
1625 1784 1720 1823 cor
1741 1769 1958 1833 bonum,
1981 1768 2127 1833 dicit,

563 1862 689 1928 Quis
712 1863 848 1915 dabit
871 1863 894 1914 ?
920 1863 990 1916 ita
1009 1870 1064 1916 et
1081 1860 1388 1930 Unigenitus
1411 1859 1601 1922 Patris,
1628 1861 1716 1928 qui
1748 1867 2007 1928 potestate
2031 1873 2126 1912 sua

562 1953 735 2020 replet
777 1952 960 2004 orbem
1008 1961 1306 2014 terrarum,
1353 1949 1584 2018 dicitque
1628 1963 1748 2003 cum
1777 1950 2124 2003 auctoritate:

561 2042 868 2096 Potestatent
896 2043 1050 2094 habeo
1082 2041 1298 2110 ponendi
1323 2041 1542 2094 animant
1564 2056 1746 2104 meam,
1770 2049 1815 2092 et
1839 2049 2129 2109 potestatem

560 2136 715 2188 habeo
739 2134 964 2188 sumendi
981 2132 1282 2201 eam(.loan.
1313 2131 1400 2186 10.
1426 2131 1516 2201 18)
1549 2148 1562 2190 ;
1595 2131 1768 2185 adhuc
1788 2130 2051 2198 responde
2075 2138 2129 2183 et

561 2241 628 2279 cx
661 2226 886 2278 humana
917 2226 1086 2276 forma
1113 2233 1167 2276 et
1191 2222 1397 2276 ratione
1421 2221 1650 2275 carnalis
1679 2221 2016 2283 infirmitatis,
2045 2220 2127 2274 bis

561 2315 738 2368 verbis
772 2329 784 2366 :
819 2314 880 2368 Si
908 2313 1140 2382 possibile
1164 2323 1274 2378 est,
1312 2320 1526 2365 transeat
1555 2327 1586 2362 a
1612 2327 1688 2363 me
1728 2311 1860 2363 calix
1895 2308 2124 2380 (Matth.

562 2404 652 2457 26.
683 2403 749 2458 39
775 2405 814 2471 ).
844 2403 922 2456 Ne
951 2404 1105 2471 igitur
1147 2401 1540 2455 calumniemini
1570 2401 1710 2453 circa
1751 2413 1813 2452 ea
1842 2414 1959 2466 quae
1987 2398 2126 2452 dicta

564 2511 672 2550 non
703 2497 944 2556 fuerunt,
985 2491 1078 2545 sed
1107 2491 1359 2544 inhrerete
1387 2492 1449 2542 iis
1469 2529 1484 2552 ,
1514 2504 1630 2556 quae
1659 2489 1936 2556 prmdicata
1962 2497 2084 2540 sunt
2110 2505 2125 2540 :

561 2603 628 2640 ne
649 2583 1002 2640 criminemini
1023 2583 1340 2646 doctrinam,
1363 2583 1450 2649 qui
1472 2594 1686 2635 sensum
1707 2594 1811 2634 non
1835 2579 2122 2648 percipitis.

562 2677 685 2730 Scio
722 2675 861 2728 unde
905 2675 957 2728 in
998 2674 1314 2728 calumniam
1359 2684 1670 2740 prorumpas
1698 2689 1711 2723 :
1739 2671 1849 2724 scio
1875 2668 2014 2723 unde
2051 2669 2127 2722 sic

560 2767 779 2819 allectus
806 2765 904 2822 sis.
945 2764 1215 2817 Humauus
1250 2771 1333 2817 est
1361 2762 1611 2824 allectus,
1645 2759 1853 2813 invidia:
1886 2759 2123 2813 morbus.

560 2856 691 2911 Nam
734 2864 791 2909 ut
832 2857 1017 2909 oculus
1055 2855 1097 2907 si
1145 2866 1306 2922 purus
1348 2851 1436 2914 sit,
1482 2859 1667 2904 cuncta
1711 2860 1853 2903 recte
1881 2849 2023 2903 videt
2063 2863 2126 2904 ac

560 2948 855 3010 discernit;
903 2947 984 3000 sin
1034 2945 1206 2998 fumus
1251 2943 1538 3007 invaserit,
1586 2953 1640 2996 et
1684 2940 2124 3010 pulchritudinem

563 3036 708 3090 visus
746 3036 1107 3098 labefactarit,
1139 3043 1227 3086 aut
1270 3033 1314 3087 si
1361 3031 1526 3100 pulvis
1571 3030 1849 3095 inciderit,
1885 3028 2126 3085 obtundit

558 3127 768 3190 visum;
817 3141 986 3193 neque
1017 3133 1159 3178 recte
1189 3123 1332 3176 videt
1359 3131 1418 3177 ut
1454 3130 1576 3174 ante
1608 3139 1621 3174 :
1655 3121 1724 3173 ita
1752 3134 1891 3174 nunc
1916 3133 2127 3188 quoque

559 3217 830 3271 auditores
855 3216 1070 3284 singuli,
1100 3214 1273 3268 donec
1301 3227 1488 3281 purum
1521 3213 1718 3265 habent
1743 3209 1862 3263 ﬁdei
1893 3209 2122 3273 oculum,

559 3323 745 3377 puram
773 3307 1014 3360 caritatis
1042 3304 1364 3373 palpebram,
1399 3313 1541 3356 recte
1569 3316 1802 3370 pureque
1829 3300 2008 3354 vident
2031 3317 2046 3364 ;
2073 3310 2126 3353 at

562 3399 606 3452 si
637 3399 809 3451 fumus
836 3396 1181 3465 blaSpbetnia:
1206 3394 1344 3447 dicta
1371 3394 1637 3456 invaserit,
1665 3402 1755 3445 aut
1784 3391 1990 3444 invidia:
2013 3391 2126 3459 pul.

559 3490 638 3540 vis
661 3490 892 3540 animum
924 3485 1162 3546 subierit,
1200 3483 1377 3538 turbat
1403 3483 1671 3547 intuitum,
1704 3483 2000 3548 mentisque
2028 3497 2125 3548 pu-

559 3580 768 3634 ritatem
797 3579 931 3631 tollit
956 3594 974 3640 ;
1004 3591 1066 3630 ac
1099 3590 1218 3643 qua:
1249 3589 1352 3628 non
1381 3575 1612 3637 audivit,
1655 3573 1918 3626 audivisse
1958 3579 2121 3639 putat,

560 3683 781 3738 qumque
822 3667 1054 3728 audivit,
1102 3680 1209 3719 non
1254 3664 1417 3731 probe
1467 3663 1744 3717 intellexit.
1793 3661 2127 3728 Quapropter

560 3775 680 3814 cum
710 3758 1026 3826 praevideret
1068 3756 1242 3809 divina
1281 3753 1551 3820 Scriptura
1587 3751 1902 3805 offendicula
1943 3765 2125 3803 eorum

560 3848 650 3917 qui
675 3848 726 3900 in
767 3847 932 3900 sacris
962 3845 1128 3900 literis
1152 3843 1468 3911 cogitatione
1491 3842 1784 3895 oberraturi
1811 3848 1984 3901 erant,
2013 3839 2130 3907 qui-

563 3937 684 3989 dam
727 3951 791 3990 ex
832 3934 1106 4003 preplietis
1143 3932 1387 3985 clamavit
1424 3939 1543 4000 post
1581 3932 1847 3997 impletum
1891 3929 2127 3982 divinam

564 4027 993 4093 [medicationem
1026 4039 1040 4074 :
1073 4021 1199 4085 Quis
1228 4022 1444 4089 sapiens,
1473 4032 1518 4073 et
1545 4020 1784 4090 intelliget
1811 4020 1916 4072 hac
1937 4021 1961 4072 7
1985 4028 2030 4072 et
2055 4019 2129 4071 vir

564 4115 780 4183 prudens
804 4153 818 4174 ,
862 4122 909 4165 et
953 4119 1210 4180 cognoscet
1240 4117 1346 4161 haec
1366 4112 1391 4162 ν
1435 4108 1568 4171 Quia
1598 4117 1745 4160 recta:
1783 4109 1875 4161 vite
1899 4106 2127 4171 Domini,

563 4203 683 4272 iusti
709 4201 1033 4253 ambulabunt
1061 4200 1111 4251 in
1138 4196 1373 4266 eis(0see
1411 4197 1496 4251 N.
1527 4197 1638 4264 10).
1671 4197 1746 4250 Ne
1777 4200 1952 4264 itaque
1973 4238 1986 4257 ,
2019 4195 2129 4248 fra-

563 4301 675 4353 ter,
719 4290 874 4344 verba
920 4297 1200 4342 convertas
1243 4287 1294 4340 in
1338 4285 1670 4340 olfendicula.
1721 4284 1902 4338 Nudus
1931 4298 2128 4347 sermo,

565 4381 703 4434 nuda
734 4380 946 4431 veritas.
979 4377 1091 4430 Non
1121 4389 1255 4429 unus
1277 4415 1291 4440 ,
1325 4389 1428 4427 non
1457 4374 1562 4427 duo
1582 4413 1596 4436 ,
1629 4387 1731 4426 non
1767 4372 1949 4426 decem
1971 4412 1984 4435 ,
2027 4385 2130 4424 non

564 4480 775 4525 centum
807 4470 1084 4521 audierunt
1112 4508 1126 4530 ,
1159 4464 1436 4519 multitudo
1465 4472 1546 4516 est
1586 4464 1839 4516 immensa
1883 4471 1937 4515 et
1979 4460 2131 4513 intut-

566 4577 732 4615 mera.
785 4559 1006 4625 Pelagus
1049 4555 1255 4623 pictatis
1298 4564 1378 4606 est
1423 4553 1695 4616 Ecclesia,
1743 4567 1845 4604 non
1891 4551 2132 4604 ﬂuctibus

564 4655 836 4722 agitatum,
885 4650 976 4703 sed
1023 4648 1124 4701 fide
1171 4647 1403 4715 plenum.
1450 4644 1602 4712 Apud
1645 4658 1742 4696 nos
1785 4657 1886 4696 non
1936 4643 2132 4710 patitur

566 4741 893 4807 naufragium
933 4736 1126 4806 scapha
1157 4735 1442 4797 doctrinae,
1471 4748 1574 4784 non
1618 4732 1849 4800 pellitur,
1883 4747 1985 4784 non
2019 4741 2130 4783 tur-

568 4835 719 4892 batur
746 4872 759 4896 ,
793 4844 897 4886 non
926 4826 1328 4894 tempestatibus
1369 4823 1629 4894 agitatur;
1675 4821 1767 4874 sed
1805 4831 1859 4874 ut
1899 4819 1962 4872 ad
1992 4829 2132 4873 trau-

2241 619 2469 676 oportet,
2496 623 2708 667 sanctos
2736 615 2826 670 Dei
2861 617 2913 669 in
2941 617 3232 671 calumnias
3261 618 3514 674 incidere.
3545 619 3686 687 Quid
3721 622 3820 675 mi-

2241 713 2357 752 rum
2384 701 2428 752 si
2468 716 2567 755 nos
2598 703 2764 767 viles,
2812 703 3056 770 humiles,
3099 708 3186 773 qui
3215 706 3344 762 nihil
3372 722 3555 763 sumus
3579 750 3596 774 ,
3637 720 3702 765 ut
3745 711 3819 764 ita

2239 785 2433 851 dicam,
2465 790 2740 845 calumniis
2772 794 3116 861 impetimur?
3157 797 3348 850 Annon
3371 798 3562 852 audisti
3597 799 3819 854 Davidis

2240 876 2420 940 verba,
2448 877 2601 946 Eripe
2627 897 2704 932 me
2729 898 2760 933 a
2783 882 3048 936 calumniis
3077 884 3333 937 hominum
3362 885 3438 958 (a)
3469 885 3654 959 (Psal.
3683 889 3810 944 118.

2243 966 2344 1020 151
2378 966 2438 1032 )?
2467 968 2790 1023 Calumniam
2835 972 2974 1040 passi
3016 982 3138 1026 sunt
3163 974 3320 1028 etiam
3361 978 3526 1032 sancti
3553 977 3814 1033 Servato-

2239 1055 2313 1107 ris
2343 1058 2598 1122 apostoli,
2645 1069 2701 1112 ut
2741 1061 2814 1114 ait
2853 1069 2910 1115 et
2952 1061 3135 1116 beatus
3164 1063 3356 1118 Paulus
3395 1082 3411 1121 z
3451 1065 3517 1119 Et
3550 1083 3650 1120 non
3678 1069 3810 1120 sicut

2237 1142 2662 1210 blasphemamur,
2689 1157 2736 1200 et
2757 1149 2886 1200 sicut
2912 1150 3052 1202 aiunt
3078 1151 3280 1220 quidam
3307 1168 3396 1206 nos
3424 1154 3608 1218 dicere,
3635 1156 3806 1224 facia-

2235 1247 2346 1284 mus
2376 1232 2530 1296 mala,
2559 1244 2612 1286 ut
2640 1237 2837 1289 veniant
2864 1238 2992 1290 bona
3019 1237 3204 1304 (Rom.
3233 1241 3286 1294 5.
3307 1239 3402 1310 8).
3429 1241 3544 1296 Non
3575 1258 3802 1308 nunreo,

2235 1333 2355 1372 cum
2405 1321 2600 1374 sanctis
2646 1324 2906 1377 calumnia
2955 1327 3212 1392 allectus;
3261 1329 3358 1382 etsi
3407 1329 3653 1399 indignus
3700 1335 3805 1386 sim

2235 1418 2537 1463 sanctorum
2559 1414 2850 1466 consortio.
2873 1413 3085 1470 lodices
3107 1431 3200 1470 vos
3221 1432 3410 1474 omnes
3431 1421 3620 1484 habeo,
3643 1430 3808 1490 atque

2234 1509 2359 1554 ante
2381 1515 2473 1554 vos
2499 1515 2683 1558 omnes
2707 1517 3040 1560 communem
3067 1507 3278 1562 Patrem
3299 1518 3557 1572 nostrum,
3582 1511 3671 1578 qui
3694 1525 3804 1565 non

2234 1604 2299 1643 ex
2332 1590 2667 1657 praeiudicata
2695 1593 2963 1660 opinione,
2995 1593 3089 1649 sed
3116 1611 3174 1650 re
3199 1597 3408 1665 cognita
3437 1598 3657 1666 judicat.
3689 1597 3802 1652 No-

2234 1679 2306 1730 vit
2329 1681 2677 1747 cogitationes
2706 1693 2914 1737 nostras
2933 1725 2947 1749 ,
2980 1685 3251 1754 cognoscit
3272 1696 3325 1740 et
3352 1688 3534 1751 verba,
3563 1689 3705 1755 quod
3732 1690 3803 1744 ah

2233 1768 2348 1836 ipso
2378 1771 2489 1823 haec
2530 1772 2700 1826 edocti
2750 1773 3024 1829 fuerimus.
3073 1775 3408 1833 Postulamus
3436 1793 3464 1831 a
3495 1779 3644 1833 vobis
3670 1795 3803 1834 num

2232 1859 2636 1926 reprehenderit
2664 1863 2802 1918 dicta
2823 1905 2839 1930 ,
2883 1879 3050 1934 eaque
3077 1868 3367 1922 correxerit
3403 1885 3417 1922 :
3453 1884 3632 1923 verum
3664 1869 3798 1924 nihil

2230 1953 2526 2020 suspicatus
2555 1963 2654 2008 est.
2685 1953 2844 2010 Certe
2882 1956 2925 2009 si
2970 1957 3337 2022 emendasset,
3370 1973 3474 2013 non
3506 1959 3631 2014 odio
3653 2000 3668 2026 ,
3701 1960 3796 2016 sed

2230 2045 2452 2099 caritate
2481 2055 2652 2100 motus
2682 2047 2732 2101 id
2763 2048 2996 2104 fecisset.
3038 2049 3203 2116 Quem
3245 2050 3384 2105 enim
3427 2050 3595 2120 diligit
3621 2059 3794 2120 pater,

2229 2137 2401 2204 arguit
2425 2153 2438 2200 ;
2471 2153 2625 2207 quem
2657 2153 2783 2192 vero
2812 2153 2914 2192 non
2942 2140 3189 2206 corrigit,
3216 2149 3484 2195 aversatur
3513 2140 3703 2210 (Prov.
3732 2143 3784 2196 5.

2232 2226 2344 2295 12).
2369 2225 2727 2282 Admiraudus
2750 2238 2927 2282 autem
2956 2228 3042 2282 hic
3070 2237 3220 2297 pater
3245 2238 3298 2284 et
3321 2239 3464 2285 recte
3487 2231 3623 2284 dicta
3647 2246 3792 2285 com-

2230 2315 2450 2383 probat,
2492 2325 2547 2370 et
2575 2332 2785 2372 errores
2827 2317 3091 2372 emendat.
3125 2318 3236 2373 Hoc
3275 2321 3414 2372 enim
3461 2321 3624 2388 patris
3661 2334 3792 2388 pro-

2230 2407 2398 2474 prium
2426 2418 2526 2471 est,
2557 2419 2699 2462 recte
2719 2408 2856 2462 dicta
2883 2423 2945 2463 ac
2965 2424 3084 2463 cum
3114 2409 3215 2464 fide
3243 2411 3522 2478 praedicata
3550 2410 3792 2464 laudibus

2228 2496 2518 2550 celebrare.
2552 2497 2755 2551 Sufficit
2802 2512 2926 2565 ergo
2973 2498 3206 2551 omnium
3247 2499 3412 2551 instar
3450 2499 3563 2566 ejus
3602 2499 3794 2553 suifra-

2227 2584 2369 2652 gium
2401 2623 2416 2648 ,
2443 2594 2600 2653 atque
2627 2586 2677 2638 in
2707 2585 2892 2652 primis
2929 2584 3241 2639 sanctissimi
3267 2585 3380 2640 Dei.
3407 2584 3662 2639 Caeterum
3690 2587 3795 2654 pize

2231 2671 2597 2728 adhmreamus
2627 2674 2888 2742 religioni,
2917 2687 3188 2728 servemus
3218 2672 3370 2728 ﬁdem
3402 2675 3793 2728 intemeratum.

2229 2762 2443 2816 Credite
2471 2762 2720 2828 veritati,
2763 2777 2829 2816 ne
2857 2761 3200 2817 contradicite
3235 2763 3460 2816 veritati.
3508 2762 3584 2817 Ne
3631 2762 3795 2817 [idem

2228 2851 2493 2906 adulteres
2513 2894 2528 2918 ,
2559 2852 2789 2906 divinam
2815 2861 3052 2906 naturam
3083 2866 3150 2906 ne
3186 2850 3389 2905 curiose
3417 2851 3688 2920 explores,
3722 2867 3794 2905 ne

2228 2944 2538 2999 mortalibus
2579 2943 2868 2998 ratiociniis
2917 2943 3265 2997 immortalem
3299 2941 3600 3012 dignitatem
3626 2943 3796 3012 subji-

2227 3034 2356 3087 cias.
2388 3034 2687 3088 Periculosa
2712 3043 2793 3088 est
2814 3032 3267 3088 ratiocinationunt
3289 3034 3404 3096 via;
3437 3042 3544 3086 tuta
3563 3041 3615 3086 et
3635 3030 3793 3087 ﬁrma

2229 3125 2570 3194 intelligentia
2626 3124 2970 3179 confessionis
3024 3123 3165 3178 ﬁdei.
3225 3124 3356 3177 Vera
3407 3123 3656 3192 sapientia
3707 3134 3796 3178 est

2228 3214 2381 3269 ﬁdes.
2413 3215 2548 3268 Audi
2590 3215 2712 3283 quid
2756 3213 2896 3268 dicat
2935 3214 3168 3268 divinum
3198 3213 3466 3267 oraculum
3499 3229 3512 3265 :
3539 3212 3670 3266 Nam
3699 3224 3797 3266 αα

2227 3305 2337 3370 quis
2366 3307 2457 3357 erit
2488 3309 2735 3373 perfectus
2763 3305 2892 3357 inter
2930 3303 3064 3370 ﬁlios
3104 3303 3359 3354 hominum
3377 3340 3392 3364 ,
3426 3301 3470 3354 si
3495 3300 3557 3354 ab
3581 3301 3668 3353 illo
3697 3301 3796 3352 ab-

2228 3395 2376 3464 fuerit
2406 3411 2465 3446 ea
2494 3410 2606 3462 qua:
2633 3410 2662 3445 a
2690 3403 2736 3446 te
2760 3403 2829 3447 est
2857 3393 3122 3461 sapientia,
3151 3393 3220 3444 ad
3248 3392 3457 3444 nihilum
3479 3393 3796 3460 reputabitur

2228 3483 2382 3552 (Sap.
2413 3484 2463 3537 9.
2491 3483 2568 3550 6).
2601 3483 2744 3551 Fuge
2769 3483 3106 3550 qumstiones,
3135 3495 3306 3548 neque
3325 3480 3482 3534 verba
3508 3479 3628 3534 fidei
3657 3493 3796 3546 prte-

2229 3573 2388 3627 l‘eras.
2421 3573 2637 3626 Paulum
2675 3573 2808 3624 habe
2835 3572 3162 3639 magistrum,
3196 3571 3402 3624 Petrum
3432 3570 3525 3623 tibi
3550 3569 3795 3624 adscribo

2235 3672 2614 3731 praeceptorem
2651 3680 2662 3713 :
2701 3662 2908 3714 illorum
2949 3659 3105 3714 ﬁdem
3150 3667 3370 3712 sectare.
3402 3659 3536 3712 Audi
3577 3658 3792 3713 Petrum

2231 3751 2495 3805 dicentem
2530 3767 2541 3803 :
2572 3749 2650 3804 Tu
2678 3766 2727 3804 es
2752 3749 3000 3813 Christus,
3031 3748 3194 3802 Filius
3224 3748 3318 3802 Dei
3345 3749 3439 3801 nisi
3467 3747 3674 3816 (Matth.
3701 3749 3792 3803 16.

2230 3841 2262 3893 6
2283 3841 2321 3907 ).
2353 3840 2584 3907 Sequere
2612 3839 2829 3892 Paulum
2857 3846 3035 3906 aperte
3067 3836 3254 3890 Filium
3287 3835 3378 3892 Dei
3403 3837 3785 3899 celebrantem,

2231 3944 2292 3983 ac
2320 3931 2477 3983 modo
2503 3928 2714 3998 quidem
2755 3928 3016 3982 dicentem
3043 3943 3055 3980 :
3078 3925 3335 3996 Loquatus
3371 3937 3442 3981 est
3483 3926 3624 3980 nobis
3651 3926 3791 3981 Deus

2232 4023 2282 4073 in
2310 4019 2464 4084 Filio,
2497 4037 2584 4089 per
2607 4035 2750 4088 quem
2773 4019 2888 4089 fecit
2907 4027 2954 4072 et
2979 4021 3164 4072 stecula
3188 4033 3206 4070 :
3228 4019 3312 4086 qui
3331 4033 3441 4071 cum
3469 4018 3532 4071 sit
3557 4018 3796 4084 splendor

2232 4111 2407 4180 gloriae
2431 4151 2446 4174 ,
2475 4120 2521 4162 et
2562 4111 2726 4178 ﬁgura
2773 4109 3089 4171 substantia,
3121 4116 3415 4176 portantque
3456 4109 3625 4159 omnia
3653 4107 3798 4160 verbo

2233 4201 2429 4254 virtutis
2458 4216 2562 4252 sua:
2590 4199 2784 4269 (Hebr.
2811 4200 2860 4252 1.
2883 4199 2936 4250 9..
2961 4197 3028 4265 5)
3055 4215 3066 4248 :
3097 4196 3252 4250 modo
3279 4197 3468 4250 iterum
3503 4196 3796 4265 praedican-

2236 4302 2340 4346 tem
2365 4333 2380 4358 ,
2413 4292 2499 4344 ubi
2540 4292 2606 4344 de
2642 4291 2838 4344 Judaeis
2865 4291 2972 4358 agit
3001 4304 3012 4338 :
3042 4289 3266 4354 Quorum
3305 4298 3470 4357 patres
3513 4290 3693 4352 nostri,
3736 4304 3795 4341 es

2234 4386 2410 4452 quibus
2453 4393 2524 4436 est
2570 4382 2799 4436 Christus
2844 4381 3114 4434 secundum
3143 4395 3375 4444 carnem,
3417 4380 3501 4447 qui
3540 4388 3611 4432 est
3652 4394 3795 4446 super

2236 4475 2402 4526 omnia
2446 4472 2580 4524 Deus
2623 4471 2900 4525 benedictus
2942 4471 2995 4522 in
3041 4469 3224 4523 sarcula
3261 4467 3580 4522 sa'culorum.
3620 4468 3773 4520 Amen

2237 4565 2408 4635 (Rom.
2439 4565 2486 4619 9.
2526 4562 2601 4631 5).

2302 4762 2372 4818 (a)
2396 4759 2463 4805 Ita
2489 4752 2843 4818 quoquehilus.
2861 4758 2927 4801 De
2949 4751 3155 4802 diversis
3176 4750 3396 4814 malignis
3419 4749 3795 4813 cogitationibus.

2237 4814 2321 4884 cap
2332 4857 2342 4867 .
2359 4814 2542 4867 'ultimo.
2568 4814 2770 4864 (atcler.
