3982 6218
194 365 306 420 427

197 458 420 530 καρδίας
451 459 823 534 καθαρότητα·
871 463 964 516 καὶ
1006 463 1182 530 λέγεις
1215 461 1528 532 ἀνθρωπίνῃ
1560 475 1758 528 κεχρη-

197 540 355 606 μένος
401 543 589 611 φωνῇ,
629 543 723 608 Τίς
753 541 928 597 δώσει
965 542 1045 607 τῷ
1091 542 1218 608 λαῷ
1251 545 1436 604 τούτῳ
1475 540 1756 608 καρδίανῖ

195 618 306 672 Καὶ
327 620 409 683 τίς
435 623 464 673 6
490 621 668 675 πλεῖόν
699 640 789 676 σου
817 623 988 686 διδούς
1013 642 1027 687 ;
1057 625 1202 694 Πλὴν
1231 626 1279 676 εί
1311 625 1403 676 καὶ
1428 624 1490 674 σὺ
1516 623 1590 684 ὡς
1623 622 1759 686 ἀγα·

194 697 286 762 θδς
325 699 496 763 οὕτως
544 702 818 771 ἐφθέγξω,
851 704 964 758 ἀλλ’
994 705 1022 755 ό
1061 705 1327 774 μακάριος
1377 705 1614 771 Μωῦσῆς
1660 702 1758 752 οὐκ

192 780 526 850 ἠκολούθησέ
557 799 647 834 σου
669 788 735 854 τῇ
765 785 926 850 λέξει,
958 787 1069 841 ἀλλ’
1086 787 1318 859 ἐκήρυξὲ
1345 803 1438 838 σου
1457 785 1556 855 τὴν
1583 781 1755 847 ἀξίαν,

190 861 359 926 ιδειξε
385 863 484 932 τὴν
519 864 821 930 αύθεντίαν,
865 869 1127 938 έγνώρισέ
1158 887 1251 922 σου
1294 870 1391 940 τὴν
1419 865 1754 920 δυναστείαν.

190 945 351 1011 Λέγει
384 943 461 1015 τῷ
496 944 609 1015 λαῷ
649 947 706 1000 ὲν
734 948 810 1018 τῷ
851 952 1250 1022 Δευτερονομιῳ
1282 969 1295 982 ·
1329 951 1586 1004 Ἔδωκεν
1617 948 1759 1015 ὑμῖν

188 1027 406 1094 Κύριος
436 1030 470 1081 ὁ
512 1029 656 1094 Θεὸς
686 1032 936 1098 καρδίαν
983 1034 1232 1099 ειδέναι,
1288 1034 1386 1087 καὶ
1414 1031 1759 1100 ὀφθαλμοὺς

182 1108 460 1172 βλέπειν,
487 1109 583 1162 καὶ
606 1105 726 1164 ὦτα
754 1113 1015 1179 ἀκούειν,
1032 1115 1140 1180 ἕως
1152 1116 1262 1184 τῆς
1273 1114 1498 1184 ἡμέρας
1518 1115 1753 1180 ταύτης.

259 1197 331 1260 η’.
379 1192 540 1261 Ὁρᾷς
577 1194 656 1246 ὅτι
687 1195 940 1263 καρδίαν,
988 1199 1081 1251 καὶ
1116 1198 1458 1268 ὀφθαλμοὺς,
1487 1198 1581 1251 καὶ
1607 1192 1755 1260 ὦτα,

188 1271 284 1323 καὶ
315 1271 383 1324 τά
415 1274 590 1327 πάντα
623 1276 652 1327 ό
698 1277 858 1340 αὐτὸς
889 1277 1068 1332 δίδωσι
1093 1298 1106 1346 ;
1149 1280 1270 1343 Πῶς
1298 1276 1392 1333 οὖν
1422 1281 1450 1331 ὁ
1481 1279 1549 1332 τά
1581 1278 1758 1332 πάντα

185 1351 362 1416 διδοὺς
394 1355 582 1422 ἔλεγε,
636 1358 730 1422 Τίς
765 1357 944 1411 δώσει
993 1361 1072 1424 τῷ
1103 1360 1230 1424 λαῷ
1276 1363 1462 1428 τούτῳ
1511 1361 1758 1427 καρδίαν

187 1437 505 1503 τοιαύτην;
540 1437 689 1512 [455]
722 1438 840 1502 πῶς
871 1439 926 1493 δὲ
953 1441 1135 1504 πάλιν,
1160 1447 1206 1496 εί
1239 1445 1312 1515 μὴ
1336 1444 1494 1506 αὐτὸς
1521 1438 1587 1512 ἦν
1611 1445 1637 1495 ὁ
1675 1442 1756 1494 δι-

183 1516 308 1580 δοὺς
331 1517 577 1587 καρδίαν,
608 1519 758 1588 ἔλεγε
783 1521 867 1574 διά
897 1522 988 1575 τοῦ
1027 1522 1284 1594 Ἰεξεκιήλ
1303 1543 1315 1556 -
1344 1524 1757 1578 Καὶὲκσπάσω

183 1598 254 1662 ἐξ
295 1597 492 1652 αὐτῶν
539 1600 653 1667 τὴν
699 1602 945 1670 καρδίαν
991 1605 1104 1673 τὴν
1141 1609 1399 1674 λιθίνην,
1448 1607 1546 1659 καὶ
1587 1605 1758 1658 δώσω

184 1680 390 1747 αὐτοῖς
425 1681 673 1750 καρδίαν
718 1687 1034 1753 σαρκίνην,
1074 1689 1170 1740 καὶ
1205 1689 1410 1758 γράψω
1438 1689 1542 1742 τὸν
1572 1692 1758 1756 νόμον

177 1781 300 1833 μου
335 1765 402 1818 ἐν
431 1766 558 1832 ταῖς
585 1766 854 1835 καρδίαις
886 1769 1114 1833 αῠτῶν;
1141 1772 1350 1842 Ὠσπερ
1390 1768 1483 1825 οὖν
1521 1774 1636 1824 ἐκεῖ
1662 1771 1750 1823 αύο

184 1846 279 1909 τὸς
305 1849 332 1900 6
359 1847 511 1911 Θεὸς,
544 1851 572 1902 6
605 1849 902 1918 δυνάμενος
937 1850 1116 1904 δοῦναι
1154 1854 1375 1923 καρδίαν
1404 1854 1632 1924 ἀγαθὴν,
1673 1855 1760 1907 λέ-

182 1946 273 1996 γει
295 1945 308 1959 °
350 1932 446 1995 Τίς
466 1931 645 1985 δώσει
668 1950 683 1998 ;
717 1932 889 1996 οὕτως
919 1935 1012 1986 καὶ
1032 1936 1060 1986 6
1081 1935 1382 2006 Μονογενὴς
1402 1935 1494 1988 τοῦ
1524 1935 1755 2005 Πατρὺς,

183 2015 247 2064 ιν
279 2012 497 2083 ἐξουσία
527 2014 750 2085 πληρῶν
781 2015 879 2085 τὴν
906 2017 1250 2087 οἰκουμένην,
1278 2018 1371 2071 καὶ
1415 2018 1587 2086 λέγων
1620 2017 1758 2088 μετά

182 2092 492 2158 αὒθεντίας,
536 2095 856 2156 Ἑξουσίαν
880 2097 999 2163 ἔχω
1025 2099 1209 2152 θεῖναι
1238 2100 1352 2166 τὴν
1380 2099 1592 2169 ψυχήν
1613 2117 1756 2169 μου,

183 2175 285 2228 καί
321 2176 612 2240 ἐξουσίαν
639 2178 757 2245 ἔχω
785 2179 992 2233 λαϐεῖν
1018 2182 1232 2248 αὐτὴν,
1275 2185 1626 2252 ἀποκρίνεται
1662 2185 1760 2238 πάι

181 2258 266 2312 λιν
293 2259 372 2329 τῷ
413 2259 736 2330 ἀνθρωπίνῳ
770 2263 1039 2332 σχήματι,
1069 2265 1133 2315 ὲκ
1164 2265 1455 2332 προσώπου
1483 2267 1580 2335 τῆς
1620 2267 1759 2320 κατά

183 2341 367 2412 σάρκα
401 2341 680 2406 ἀσθενείας
720 2343 920 2410 λέγων·
957 2346 1023 2397 El
1072 2343 1370 2409 δυνατὸν,
1412 2347 1759 2414 παρελθάτω

181 2423 287 2476 ἀπ’
310 2422 456 2492 ἐμοῦ
492 2425 556 2478 τὸ
591 2424 895 2492 ποτήριον.
939 2426 1030 2496 Μὴ
1059 2427 1238 2480 τοίνυν
1283 2431 1664 2496 συκοφαντεῖτε
1690 2429 1758 2482 τά

185 2505 263 2574 μὴ
310 2504 604 2576 λεγόμενα,
650 2508 784 2561 ἀλλά
826 2513 1086 2579 στοιχεῖτε
1133 2513 1246 2574 τοῖς
1294 2513 1714 2581 κηρυττομένοις
1741 2528 1754 2543 ⁸

186 2588 262 2656 μὴ
289 2587 597 2640 διαϐάλλετε
621 2590 715 2659 τὴν
744 2591 1108 2656 διδασκαλίαν,
1146 2592 1220 2663 μὴ
1250 2593 1760 2661 καταλαμϐάνοντες

191 2671 282 2739 τὴν
313 2670 535 2724 έννοιαν.
579 2668 708 2724 Οἶδα
741 2673 901 2726 πόθεν
942 2677 1022 2738 είς
1050 2676 1302 2746 διαϐολὴν
1337 2676 1715 2740 ἐξολισθαίνεις
1740 2694 1753 2708 ·

185 2748 300 2806 ,οἶδα
327 2753 497 2806 ταῦτα
543 2755 705 2808 πόθεν
748 2756 996 2827 πάσχεις.
1047 2758 1408 2828 Ἀνθρώπινον
1455 2760 1516 2812 τὸ
1564 2760 1754 2822 πάθος.

185 2833 453 2904 βασκανία
494 2839 526 2904 ὴ
565 2837 741 2899 νόσος.
794 2840 1000 2910 ’Ὠσπερ
1034 2841 1142 2910 γὰρ
1191 2843 1216 2893 6
1248 2841 1556 2910 ὀφθαλμὸς,
1589 2841 1683 2893 ἐὰν

185 2917 455 2987 καθαρὸς,
493 2919 666 2970 πάντα
702 2919 836 2988 όρθά
889 2921 1072 2989 βλέπει
1105 2925 1198 2974 καὶ
1231 2922 1530 2990 διακρίνει,
1565 2923 1660 2974 ὲάν
1693 2922 1750 2974 δὲ

184 3002 390 3062 καπνὸς
410 2999 714 3070 ἐπεισέλθῃ,
734 3001 824 3052 καὶ
837 3001 1138 3072 λυμήνηται
1159 3006 1226 3056 τά
1247 3004 1416 3075 κάλλη
1440 3004 1538 3072 τῆς
1557 3003 1755 3072 ὅψεως,

182 3081 216 3150 ἢ
252 3080 527 3150 κονιορτὸς
561 3083 773 3152 ἐμπέσῃ
793 3123 807 3147 ,
834 3083 1098 3152 ἀμϐλύνει
1127 3085 1225 3154 τὴν
1247 3085 1390 3154 δψιν,
1425 3085 1520 3140 καὶ
1545 3086 1606 3138 οὐ
1633 3085 1756 3155 βλέ-

181 3178 276 3214 πει
302 3162 501 3226 καλῶς,
529 3162 604 3226 ώς
626 3163 730 3234 πρὸ
753 3163 939 3217 τούτου
967 3165 1193 3222 ἔϐλεπεν
1217 3168 1390 3237 ὀρθῶς
1414 3185 1428 3199 ο
1463 3166 1636 3230 οὕτως
1661 3166 1754 3219 καὶ⁵

182 3243 279 3296 νῦν
324 3244 432 3297 τῶν
466 3245 746 3316 ἀκροατῶν
789 3246 1038 3311 ἕκαστος,
1071 3248 1175 3311 ἕως
1221 3250 1459 3320 καθαρὸν
1489 3249 1601 3319 ἔχει
1655 3250 1749 3301 πί-

186 3342 356 3389 στεως
385 3327 535 3396 δμμα
556 3367 571 3389 ,
609 3328 845 3398 καθαρὸν
870 3329 1089 3398 ἀγάπης
1130 3330 1391 3400 βλέφαρον
1410 3371 1424 3395 ,
1451 3331 1626 3400 ὀρθῶς
1661 3334 1754 3386 καὶ

184 3407 440 3477 καθαρῶς
477 3411 609 3479 δρᾷ·
640 3411 734 3462 ὲάν
763 3411 818 3462 δὲ
848 3411 1052 3472 καπνὸς
1086 3411 1430 3482 βλασφημίας
1461 3413 1753 3484 ἐπεισέλθῃ

181 3492 296 3552 τοῖς
344 3490 686 3560 λεγομένοις.
715 3492 746 3562 ἢ
781 3494 1051 3562 κονιορτὸς
1099 3494 1396 3563 βασκανίας
1443 3497 1540 3567 τὴν
1575 3495 1754 3566 ψυχὴν

183 3570 473 3644 ὐποδράειῃ
495 3613 510 3636 ,
555 3572 696 3625 θολοῖ
738 3574 836 3643 τὴν
865 3574 1005 3642 ὄψιν,
1037 3576 1131 3628 καὶ
1151 3577 1400 3643 ἀφανίζει
1435 3578 1494 3630 τὸ
1515 3578 1753 3648 καθαρὸν

181 3652 282 3722 τῆς
320 3653 582 3718 διανοίας,
631 3656 723 3708 καὶ
768 3655 802 3708 ἃ
855 3658 929 3727 μὴ
974 3658 1225 3726 ήκουσεν,
1270 3660 1518 3728 ἦκουσεν,
1573 3662 1667 3714 καὶ
1718 3663 1753 3716 ἀ

179 3736 415 3806 ἠκουσεν
434 3776 447 3799 ,
475 3737 535 3788 οὐ
566 3737 742 3799 καλῶς
764 3738 1000 3808 ἐνόησεν.
1055 3740 1212 3793 Ὅθεν
1257 3742 1536 3811 προειδυῖα
1569 3745 1600 3813 ἡ
1633 3743 1750 3796 θεία

181 3818 223 3870 Γ
231 3817 376 3888 ραφὴ
409 3818 477 3870 τά
520 3819 923 3890 προσκόμματα
967 3821 1075 3874 τῶν
1109 3823 1407 3891 μελλόντων
1448 3827 1512 3894 τῇ
1541 3826 1752 3896 διανοίᾳ

181 3899 547 3970 προσκόπτειν
576 3904 684 3963 τοῖς
726 3905 889 3972 ίεροῖς
921 3910 1229 3975 γράμμασι,
1261 3906 1352 3958 καί
1400 3907 1499 3958 πού
1536 3925 1618 3970 τις
1643 3908 1750 3960 τῶν

179 3982 478 4052 προφητῶν
509 3984 655 4047 ἐϐόα,
683 3987 818 4054 μετά
838 3987 896 4038 τὸ
920 3988 1203 4057 πληρῶσαι
1224 3991 1283 4042 τὸ
1305 3991 1444 4042 θεῖον
1467 3993 1748 4061 κήρυγμα·

185 4066 284 4130 Τίς
313 4064 525 4134 σοφὸς,
559 4066 654 4120 καὶ
692 4067 952 4132 συνήσει
990 4070 1205 4131 ταῦτα;
1233 4071 1329 4124 καὶ
1367 4072 1521 4139 ἀνὴρ
1550 4077 1753 4141 φρόνι-

168 4165 314 4217 μος,
341 4148 438 4200 καί
456 4147 738 4216 γνώσεται
760 4150 944 4207 ταῦτα
967 4167 984 4213 ;
1013 4154 1140 4206 Ὀτι
1162 4155 1380 4208 εὐθεῖαι
1399 4159 1452 4208 οἱ
1481 4156 1603 4208 όδοί
1634 4160 1750 4210 Κυ-

170 4231 338 4300 ρίου,
375 4229 590 4284 δίκαιοι
624 4235 1018 4300 πορεύσονται
1059 4238 1128 4288 ἐν
1169 4237 1396 4303 αὐταῖς.
1434 4238 1524 4308 Μὴ
1549 4239 1745 4301 τοίνυν,

178 4312 404 4380 ἀδελφὲ,
433 4313 750 4382 μεθάρπαζε
787 4317 1008 4384 ῥήματα
1041 4320 1120 4379 είς
1154 4320 1576 4388 προσκόμματα.
1643 4321 1748 4373 Γυ-

176 4395 312 4462 μνὸς
345 4395 373 4446 6
399 4394 570 4462 λόγος,
595 4396 772 4465 γυμνὴ
794 4399 825 4466 ἡ
849 4397 1091 4466 ἀλήθεια.
1124 4402 1233 4464 Οὐχ
1261 4396 1359 4463 εἷς,
1389 4403 1448 4453 ού
1478 4402 1744 4472 δεύτερος,

170 4477 239 4528 οὐ
267 4477 490 4538 δέκατος
515 4515 528 4538 ,
568 4477 664 4546 οὐχ
704 4479 991 4542 ἑκατοστὸς
1017 4483 1043 4532 ὁ
1073 4481 1337 4544 ἀκούσας,
1371 4484 1571 4552 πλῆθός
1600 4486 1746 4537 ἐστιν

170 4558 407 4627 ἄπειρον
434 4570 482 4618 ι,
517 4557 714 4627 πλῆθος
736 4559 1120 4629 ἀναρίθμητον.
1152 4562 1388 4630 Πέλαγός
1422 4567 1565 4616 ἐστιν
1592 4567 1746 4617 εὐσε-

171 4641 334 4703 ϐείας
371 4642 403 4711 ἡ
433 4640 743 4712 Ἐκκλησία,
770 4645 830 4696 ού
861 4646 1114 4714 κυμάτων
1141 4647 1586 4717 πεπληρωμένον,
1611 4648 1746 4701 ἀλλά

242 4815 268 4844 ⁸
294 4812 432 4862 Hunc.
451 4814 508 4862 ad
548 4827 705 4864 sacras
726 4816 985 4865 conciones
1012 4831 1296 4867 concursum
1339 4822 1609 4868 auditorum
1635 4823 1744 4867 ὠθι-

168 4876 316 4936 σμὸν,
339 4877 505 4936 θλίψιν,
519 4879 845 4941 στενοχωρίαν,
871 4891 1000 4941 εωρε
1019 4889 1285 4927 memorant
1299 4881 1742 4941 Patres,pr:£cipue

169 4943 545 5002 p_osler;_eoq_pe
569 4939 630 4984 de
655 4950 788 5002 more
808 4951 914 4984 cum
940 4939 1209 5002 ﬁbrisuano
1239 4941 1371 5000 Lupo
1393 4939 1573 5002 accipio
1593 4939 1741 5002 yc‘rba

168 4995 393 5064 Nestor-ii
419 5016 428 5042 :
457 4998 614 5063 pareo
641 4996 1033 5064 enign,_quoniam
1054 5007 1098 5064 ει
1120 5013 1206 5061 ego
1227 4995 1363 5064 valde
1386 4995 1741 5064 sum'mligqtus

165 5062 220 5121 ει
234 5069 328 5121 Δυοε
350 5060 540 5121 οηιηίηο
560 5060 926 5121 εοιιεινίειί;εευ
941 5072 1003 5105 ex
1029 5062 1120 5107 alia
1145 5060 1383 5115 versione,
1404 5060 1742 5121 constipatione

169 5116 597 5179 laboratis,graece
620 5119 950 5180 proculdubio
966 5121 1278 5182 σφιγγόμενοι.
1308 5116 1576 5171 [ιιιίοοηιιὲι
1605 5123 1738 5170 Pauli

1151 337 1218 392 1N
1257 337 1490 407 ILLUD,
1531 339 1598 394 1N
1631 339 1771 408 QUA
1815 339 2242 408 POTESTATE,
2281 340 2440 397 ETC.

3315 367 3428 422 428

1865 457 2098 522 πίστεως
2139 461 2326 530 γέμον.
2362 462 2437 513 Οὐ
2478 453 2704 528 ναυαγεῖ
2732 462 2860 530 παρ’
2899 461 3031 531 ἡμῖν
3060 462 3120 514 τδ
3148 462 3245 533 τῆς
3286 464 3432 518 διδα-

1867 539 2096 602 σκαλίας
2129 544 2354 610 σκάφος,
2379 543 2440 594 οὐ
2463 541 2741 606 τύπτεται,
2766 542 2825 594 οὐ
2855 542 3201 612 ταράττεται,
3232 545 3292 596 ού
3326 561 3432 613 χει-

1867 621 2096 688 μάζεται
2117 639 2130 654 ·
2177 623 2292 676 ἀλλ’
2317 624 2406 686 ’ὡς
2438 623 2612 676 εὖδιον
2651 623 2841 693 λιμένα
2867 626 2945 686 είς
2977 624 3076 686 τὰς
3113 625 3288 693 ψυχας
3323 625 3434 678 τῶν

1862 702 1954 756 τὸν
1986 701 2182 773 Κύριον
2210 701 2547 771 ἀγαπώντων
2577 703 2880 772 ὁρμίζεται.
2925 704 3086 756 Ἀλλὰ
3124 704 3296 757 ταῦτα
3328 705 3427 774 μιν

1864 786 1943 847 είς
1964 785 2237 842 τοσοῦτον.
2283 785 2486 838 Ἐκεῖνο
2518 786 2573 838 δὲ
2597 786 2677 838 δεῖ
2698 787 2939 848 σκοπεῖν,
2973 786 3053 838 δτι
3084 787 3134 838 οί
3167 786 3310 854 ἅγιοι
3336 786 3432 841 τοῦ

1863 866 1997 920 Θεοῦ
2028 868 2389 920 ὑποπίπτουσι
2410 867 2810 935 συκοφαντίαις.
2844 865 2910 920 Τί
2929 867 2989 920 τὸ
3023 867 3355 936 θαυμαστὸν,
3382 869 3432 921 εί

1864 951 2024 1020 ἡμεῖς
2054 949 2103 1002 οί
2131 949 2387 1014 εὐτελεῖς,
2418 950 2511 1003 καὶ
2533 951 2796 1014 ταπεινοὶ,
2821 952 2914 1002 καὶ
2943 951 3004 1003 τὸ
3030 951 3213 1020 μηδὲν,
3254 951 3330 1014 ώς
3356 953 3435 1004 ει-

1864 1033 2006 1092 πεῖν,
2044 1033 2223 1094 δντες,
2250 1030 2728 1100 συκοφαντούμεθα
2754 1048 2768 1095 ;
2799 1033 2868 1083 Ἢ
2896 1033 2994 1084 ούκ
3025 1033 3262 1101 ἤκουσας
3311 1032 3434 1095 πῶς

1861 1115 1891 1166 6
1921 1113 2083 1166 Δαυῖδ
2134 1131 2295 1184 φησι’
2339 1115 2552 1168 Ῥῦσαί
2589 1131 2665 1183 με
2714 1115 2829 1169 ἀπὸ
2869 1117 3280 1182 συκοφαντίας
3327 1115 3431 1169 άν-

1864 1197 2145 1264 θρώπων;
2187 1196 2738 1266 Ἐσυκοφαντήθησαν
2766 1198 2859 1248 καὶ
2879 1197 2928 1249 οί
2953 1198 3096 1264 ἆγιοι
3125 1196 3216 1249 τοῦ
3248 1197 3431 1266 ὴ)τῆ-

1863 1298 1956 1352 ρος
1983 1279 2290 1338 ἀπόστολοι,
2311 1279 2386 1342 ώς
2411 1279 2562 1346 ἔλεγε
2589 1281 2681 1332 καὶ
2707 1281 2734 1332 6
2759 1280 3025 1350 μακάριος
3050 1279 3285 1341 Παῦλος·
3318 1278 3432 1332 Καὶ

1857 1361 1965 1431 μὴ,
1989 1360 2183 1427 καθὼς
2196 1362 2738 1430 βλασφημούμεθα,
2761 1361 2855 1414 καί
2880 1361 3071 1426 καθώς
3093 1362 3244 1429 φασί
3272 1378 3432 1428 τινες

1861 1441 2017 1513 ἡμᾶς
2042 1443 2258 1512 λέγειν,
2290 1443 2378 1496 ὅτι
2407 1443 2755 1511 Ποιήσωμεν
2775 1443 2846 1495 τὰ
2867 1444 3036 1508 κακὰ,
3067 1445 3168 1497 ἵνα
3192 1444 3338 1510 ἔλθῃ
3360 1446 3432 1498 τὰ

1861 1527 2070 1596 ἀγαθά.
2098 1526 2172 1578 Ού
2198 1526 2468 1595 λυποῦμαι
2495 1525 2634 1596 μετὰ
2653 1525 2761 1577 τῶν
2790 1525 2957 1591 ἀγίων
2996 1541 3432 1594 συκοφαντούμε-

1862 1625 1951 1671 νος
1975 1646 1989 1668 ,
2025 1609 2072 1659 εί
2114 1607 2209 1660 καὶ
2247 1606 2463 1672 ἀνάξιός
2508 1608 2621 1674 είμι
2657 1606 2764 1657 τῶν
2799 1606 2988 1674 ἁγίων.
3036 1607 3182 1674 Ἐχω
3225 1607 3431 1671 πάντας

1864 1690 2008 1759 ὑμᾶς
2037 1689 2248 1760 κριτὰς,
2285 1690 2379 1741 καὶ
2409 1687 2514 1757 πρὸ
2548 1689 2767 1740 πάντων
2797 1688 2949 1757 ὑμῶν
2969 1688 3058 1741 τὸν
3081 1689 3254 1741 κοινὸν
3275 1689 3430 1759 ήμ⁹ῶν

1862 1772 2100 1842 Πατέρα,
2131 1769 2283 1842 [45411
2317 1771 2378 1822 οὐ
2406 1769 2667 1839 προλήψει
2703 1770 2973 1840 κρίνοντα,
3003 1770 3116 1822 ἀλλ’
3145 1771 3322 1841 ἐννοίᾳ
3347 1771 3428 1822 δι-

1861 1854 2116 1919 κάζοντα.
2149 1850 2302 1907 Οῐδεν
2334 1853 2492 1923 ἡμῶν
2519 1853 2588 1905 τά
2625 1853 2888 1921 νοήματα,
2933 1853 3188 1919 γνωρίζει
3230 1855 3320 1903 καὶ
3361 1852 3431 1906 τά

1862 1938 2081 2006 ῥήματα
2105 1976 2120 2001 ,
2161 1937 2242 1989 δτι
2282 1935 2340 2001 ἐξ
2383 1933 2546 1987 αύτοῦ
2581 1933 2978 2003 ἐπαιδεύθημεν
3021 1933 3213 1986 ταῦτα.
3259 1934 3432 1987 Ἀντι-

1860 2018 2123 2088 ϐάλλομεν
2152 2019 2291 2088 πρὸς
2312 2019 2456 2086 ὑμᾶς
2475 2060 2486 2077 ,
2516 2017 2563 2067 εί
2589 2015 2874 2068 ἐπέλειπτο
2909 2017 2936 2055 1³
2966 2016 3073 2068 τῶν
3102 2017 3426 2086 είρημένων,

1859 2101 2148 2171 διορθῶσαι
2188 2101 2254 2152 τά
2281 2099 2577 2169 εἰρημένα·
2608 2097 2720 2148 ἀλλ’
2745 2098 2840 2166 οὐχ
2875 2099 3193 2152 ύπελάϐετο.
3230 2100 3293 2151 Εἰ
3320 2100 3430 2169 γάρ

1858 2179 1950 2236 οὖν
1988 2181 2366 2252 διωρθώσατο,
2402 2181 2462 2232 οὺ
2520 2178 2711 2248 μισῶν,
2764 2179 2898 2232 ἀλλὰ
2933 2180 3161 2247 ἀγαπῶν
3183 2197 3196 2209 ·
3231 2181 3288 2233 ὃν
3321 2180 3429 2250 γὰρ

1860 2265 2054 2334 ἀγαπᾷ
2089 2264 2300 2333 Πατὴρ,
2337 2261 2547 2330 ἐλέγχει
2573 2277 2584 2290 ·
2615 2259 2673 2312 ὃν
2711 2259 2766 2312 δὲ
2803 2261 2863 2312 οὑ
2901 2261 3205 2332 διορθοῦται
3231 2301 3244 2324 ,
3295 2265 3430 2314 ἀπο-

1861 2347 2173 2416 στρέφεται.
2213 2345 2272 2397 ⁹0
2305 2343 2360 2396 δὲ
2389 2342 2688 2413 θαυμάσιος
2728 2337 2881 2405 οὗτος
2906 2344 3094 2412 Πατὴρ
3124 2345 3214 2396 καὶ
3233 2343 3302 2397 τά
3332 2359 3429 2397 κα-

1858 2427 1965 2490 λῶς
1992 2427 2262 2496 λεγόμενα
2302 2425 2644 2494 ἀποδέχεται,
2674 2426 2768 2476 καὶ
2802 2428 2910 2488 τοῖς
2951 2425 3306 2493 ἐσφαλμένοις
3330 2427 3429 2478 ἑπο

1860 2509 1980 2577 ἀγει
2005 2509 2100 2577 τὴν
2123 2506 2600 2578 διόρθωσιν.Τοῦτο
2619 2506 2727 2577 γὰρ
2745 2508 2950 2576 Πατρός
2980 2507 3124 2568 ίδιον,
3144 2506 3427 2576 βραϐεύειν

1858 2593 1966 2644 τοῖς
2010 2590 2190 2653 καλῶς
2226 2589 2564 2658 λεγομένοις,
2601 2590 2692 2640 καὶ
2734 2589 2870 2656 μετά
2904 2590 3135 2651 πίστεως
3159 2606 3426 2659 κηρυττο-

1861 2674 2060 2742 μένοις.
2110 2673 2293 2743 Ἀρκεῖ
2318 2673 2496 2724 τοίνυν
2533 2671 2652 2722 ἀντὶ
2691 2671 2905 2722 πάντων
2937 2672 2968 2740 ἡ
2999 2670 3175 2738 ψῆφος
3218 2672 3384 2722 αὑτοῦ
3407 2710 3425 2736 ,

1859 2755 1952 2807 καὶ
1988 2753 2094 2824 πρὸ
2142 2753 2306 2806 αὑτοῦ
2342 2751 2500 2806 πάλιν
2533 2753 2566 2820 ἡ
2605 2750 2698 2802 τοῦ
2741 2751 3005 2818 παναγίου
3040 2750 3196 2803 Θεοῦ.
3262 2750 3427 2820 Ἐχώ-

1861 2835 2000 2903 μεθα
2024 2836 2080 2886 δὲ
2119 2837 2213 2903 τῆς
2245 2834 2522 2894 εὐσεϐείας
2547 2869 2561 2893 ,
2592 2831 2911 2899 φυλάξωμεν
2950 2832 3046 2899 τὴν
3086 2831 3266 2884 πίστιν
3300 2833 3427 2884 ἀσά-

1860 2914 2062 2968 λευτον.
2106 2914 2396 2966 Πιστεύετε
2434 2917 2499 2980 τῇ
2530 2911 2776 2982 ἀληθεία,
2797 2912 2890 2963 καὶ
2922 2912 2994 2980 μὴ
3025 2913 3329 2978 ἀντιλέγετε
3356 2917 3423 2985 τῇ

1861 2995 2107 3066 ἀληθείᾳ.
2141 2995 2232 3066 Μὴ
2271 2995 2633 3066 παραγράφου
2661 2995 2758 3064 τὴν
2791 2993 3002 3055 πίστιν,
3046 2994 3120 3062 μὴ
3148 2995 3427 3063 πολυπρα-

1860 3080 2049 3148 γμόνει
2075 3080 2173 3148 τὴν
2194 3080 2342 3133 θείαν
2376 3078 2558 3148 φύσιν,
2592 3077 2666 3147 μὴ
2688 3077 2960 3148 ὑποϐάλῃς
2990 3076 3267 3146 λογισμοῖς
3293 3078 3423 3147 θνη-

1859 3165 1967 3225 τοῖς
1987 3161 2083 3232 τὴν
2107 3163 2370 3214 ἀθάνατον
2392 3161 2566 3225 ἀξίαν.
2606 3161 2934 3230 Ἐπισφαλὴς
2957 3163 2989 3228 ἡ
3016 3160 3123 3212 τῶν
3150 3159 3424 3228 λογισμῶν

1858 3245 2008 3309 δϐός⁶
2044 3245 2292 3314 ἀσφαλὴς
2336 3245 2430 3297 καὶ
2468 3243 2661 3312 βεϐαία
2696 3243 2728 3310 ἡ
2778 3243 2954 3293 ἔννοια
2988 3242 3082 3311 τῆς
3133 3242 3274 3294 κατά
3320 3243 3421 3312 τὴν

1859 3328 2038 3380 πίστιν
2073 3328 2377 3396 ὁμολογίας.
2423 3327 2486 3378 Ἡ
2536 3324 2738 3394 ἀληθὴς
2788 3324 2945 3390 σοφία
2975 3325 3008 3393 ή
3040 3324 3222 3387 πίστις
3254 3326 3421 3378 ἐστίν.

1859 3410 2057 3462 ’Ἄκουε
2083 3409 2136 3460 τί
2167 3426 2298 3477 φησι
2341 3409 2400 3460 τὸ
2430 3408 2572 3460 θεῖον
2599 3407 2776 3474 λόγιον
2802 3420 2815 3434 ⁶
2852 3405 2978 3458 Κᾶν
3007 3407 3114 3474 γὰρ
3147 3401 3184 3476 ᾖ
3214 3424 3304 3472 τις
3331 3408 3424 3460 τέ-

1854 3493 2016 3555 λειος
2046 3490 2114 3542 ἐν
2138 3490 2290 3556 υἱοῖς
2334 3488 2678 3557 ἀνθρώπων,
2713 3485 2819 3552 τῆς
2841 3487 3000 3554 παρὰ
3043 3489 3159 3541 σοῦ
3203 3492 3424 3556 σοφίας

1853 3573 2152 3640 ἀπούσης,
2179 3575 2264 3637 εὶς
2286 3571 2464 3626 οὐδὲν
2487 3569 2926 3638 λογισθήσεται.
2962 3569 3131 3637 Φεῦγε
3163 3572 3228 3623 τά
3259 3571 3426 3642 ζητή-

1859 3672 2021 3726 ματα,
2048 3657 2142 3708 καὶ
2175 3655 2248 3725 μὴ
2271 3653 2508 3724 προτίμα
2537 3653 2637 3722 τῆς
2661 3653 2893 3715 πίστεως
2918 3653 2986 3704 τά
3012 3654 3251 3722 ῥήματα.
3284 3655 3425 3706 Παῦ-

1857 3740 1944 3791 λον
1973 3738 2062 3808 ἔχε
2104 3737 2436 3798 διδάσκαλον,
2479 3736 2683 3804 Πέτρον
2713 3736 3015 3806 ὲπιγράφου
3070 3735 3421 3806 καθηγητήν·

1856 3825 1920 3892 τῇ
1945 3823 2122 3874 πίστει
2153 3821 2374 3872 ἐκείνων
2396 3817 2834 3887 ἐξακολούθησον.
2868 3820 3063 3872 Ἀκουε
3097 3819 3304 3889 Πέτρου
3339 3819 3424 3871 λέ-

1858 3919 2043 3969 γοντος
2067 3918 2079 3932 °
2118 3902 2202 3956 Σὺ
2239 3897 2297 3954 εἷ
2332 3903 2364 3954 ό
2392 3900 2671 3967 Χριστὸς,
2709 3903 2740 3952 ό
2798 3899 2930 3966 Υἱὸς
2971 3900 3075 3953 τοῦ
3115 3901 3264 3954 Θεοῦ
3315 3901 3423 3955 τοῦ

1859 3982 2090 4049 ζῶντος.
2146 3983 2449 4036 Ἀκολούθει
2479 3984 2555 4050 τῷ
2591 3982 2815 4052 Παύλῳ,
2844 3983 3030 4048 σαφῶς
3055 3984 3144 4034 τὸν
3164 3983 3254 4036 τοῦ
3283 3981 3419 4035 Θεοῦ

1858 4066 1983 4118 Υίὺν
2011 4065 2350 4136 ἀνυμνοῦντι,
2371 4068 2463 4118 καὶ
2492 4069 2562 4134 πῆ
2592 4067 2688 4132 μὲν
2713 4066 2941 4133 λέγοντι,
2965 4067 3045 4117 ὅτι
3084 4066 3422 4133 Ἐλάλγρσεν

1856 4149 1999 4216 ἡμῖν
2015 4152 2046 4202 ό
2065 4149 2202 4210 Θεός
2216 4149 2284 4200 ἐν
2308 4147 2434 4212 Υίῷ,
2454 4148 2527 4199 δι’
2541 4145 2610 4202 οὗ
2627 4147 2882 4212 καὶτοὺς
2897 4147 3115 4211 αἰῶνας
3137 4148 3383 4214 ἐποίησε
3404 4167 3416 4179 ·

1855 4229 1922 4294 ὃς
1953 4229 2039 4281 ὢν
2065 4231 2427 4298 ἀπαύγασμα
2457 4230 2566 4294 τῆς
2593 4228 2779 4292 δόξης
2798 4270 2810 4291 ,
2849 4229 2945 4280 καὶ
2973 4229 3276 4295 χαρακτὴρ
3308 4229 3417 4295 τῆς

1855 4313 2260 4376 ὑποστάσεως,
2287 4311 2479 4378 φέρων
2499 4327 2560 4362 τε
2593 4312 2665 4362 τὰ
2695 4309 2889 4363 πάντα
2911 4311 2988 4372 τῷ
3013 4312 3170 4377 λόγῳ
3191 4311 3300 4377 τῆς
3320 4312 3422 4364 δυ⁴

1853 4397 2080 4462 νάμεως
2110 4394 2294 4447 αὑτοῦ
2317 4409 2329 4421 '
2357 4395 2433 4462 πῆ
2460 4394 2515 4446 δὲ
2541 4393 2703 4445 πάλιν
2737 4393 3078 4462 κηρύττοντι,
3109 4397 3166 4445 ὲν
3195 4396 3270 4463 τῷ
3293 4395 3419 4463 περὶ

1866 4479 2128 4530 Ἰουδαίων
2153 4494 2164 4506 ·
2197 4475 2304 4529 Ὧν
2326 4480 2376 4530 οἱ
2403 4476 2651 4544 πατέρες
2678 4476 2864 4544 ἡμῶν,
2897 4477 2964 4538 ἐξ
2996 4470 3082 4528 ὦν
3100 4477 3131 4527 ό
3169 4478 3420 4544 Χριστὸς

1852 4564 1998 4615 κατὰ
2023 4561 2238 4626 σάρκα,
2271 4565 2301 4615 ό
2327 4560 2410 4612 ὢν
2429 4561 2523 4612 ἐπὶ
2548 4561 2788 4614 πάντων
2812 4561 2954 4625 Θεὸς
2977 4564 3302 4629 εὐλογητὸς
3334 4566 3420 4626 είς

1850 4644 1990 4709 τοὺς
2015 4642 2231 4708 αἰῶνας
2261 4641 2377 4695 τῶν
2407 4642 2653 4696 αἰώνων.
2706 4643 2905 4710 Ἀμήν.

1849 4818 2064 4866 Emiseni
2097 4833 2106 4865 :
2137 4819 2427 4880 Στενοχωρίοι
2450 4820 2543 4865 τῶν
2585 4822 2821 4880 ἡμετέρων
2864 4821 3074 4879 ἀδελφῶν
3100 4821 3270 4880 ἔξωσεγ
3293 4822 3417 4877 ἡμᾶς

1847 4882 1940 4940 τῶν
1962 4878 2366 4940 σκαμμάτωνίριιί
2401 4881 2600 4928 adsonat
2640 4878 2903 4940 Gregorius
2942 4881 3193 4939 Nysscnus
3228 4878 3417 4927 Oratiu-

1848 4939 1990 5000 nibus
2012 4941 2057 4985 in
2081 4939 2138 4986 4U
2182 4948 2437 4997 martyres.
2469 4940 2663 4988 Consuli
2689 4939 2882 5000 ququ
2923 4944 3067 4990 velim
3097 4941 3416 4988 Soznmenum

1849 4999 1931 5064 |_ib.
1954 5000 2004 5058 8,
2030 5013 2128 5060 cap.
2155 5000 2202 5057 5,
2227 5000 2447 5047 eLVilam
2467 4999 2790 5060 Chrysulemi
2807 4999 2907 5063 iper
2929 5005 3248 5064 Auonymum.
3270 5016 3317 5049 ιι.
3337 5003 3410 5050 86.

1845 5060 2075 5108 (ῖοτειεει.

1909 5121 1933 5158 δ
1959 5121 2170 5170 Coleler.
2195 5125 2319 5184 conj.
2346 5122 2613 5179 ἐπείληπτο.
