3982 6218
162 347 280 402 429
1224 324 1312 382 DE
1357 325 1577 385 MUNDI
1614 326 2009 385 CREATIONE
2051 327 2306 385 ORATIO
2347 328 2387 383 Ι.
3332 364 3447 420 430

312 602 3431 628 W—W

717 944 827 1005 AD
869 944 1025 1005 SEX
1070 940 1464 1004 HOMlLlAS
1506 938 1934 1003 SEVERIANI
1977 942 2086 1001 DE
2126 942 2386 1004 MUNDI
2431 943 2914 1007 CREATIONE.

244 1188 417 1255 Quam
445 1196 601 1243 vocat
632 1186 864 1243 Savilius
888 1187 1252 1255 eloquentiam
1298 1186 1551 1251 ferream,
1576 1200 1675 1256 ego
1703 1194 1852 1240 certe
1877 1186 2145 1257 φλυαρίαν
2177 1186 2430 1253 dixerim,
2455 1196 2510 1243 et
2542 1189 2958 1259 loquacitatem;
2983 1208 3107 1248 nam
3138 1195 3228 1249 ubi
3254 1196 3440 1255 facun-

171 1280 319 1335 dium
342 1283 457 1335 vult
493 1281 772 1343 exhibere,
823 1279 897 1333 ibi
926 1278 1100 1333 iutilia
1147 1278 1384 1347 loquitur
1424 1296 1437 1330 :
1472 1292 1653 1331 rerum
1696 1278 2024 1332 naturalium
2072 1280 2517 1349 perquisitionem
2548 1282 2868 1352 plerumque
2907 1286 3232 1355 aggreditur,
3285 1298 3341 1341 ct
3372 1288 3437 1344 ad

176 1388 438 1425 nauseam
478 1386 651 1440 usque
677 1370 941 1435 explorat,
980 1384 1189 1439 suoque
1221 1384 1395 1431 more,
1428 1367 1683 1421 nimirum
1717 1369 1922 1439 inepte,
1954 1369 2203 1424 edisserit
2234 1389 2246 1423 :
2280 1371 2554 1426 auditores
2583 1382 2764 1427 autem
2796 1389 2858 1428 ea
2890 1375 2958 1429 de
2998 1391 3159 1429 causa
3198 1393 3440 1446 conque-

173 1472 288 1516 stos
312 1463 559 1533 objurgat
587 1462 813 1525 acriter;
850 1462 921 1515 ita
951 1462 1018 1515 de
1046 1460 1271 1526 mundo,
1306 1474 1468 1529 quem
1508 1458 1799 1513 rotundum
1841 1475 1962 1514 esse
1997 1470 2177 1530 negat,
2217 1461 2284 1514 de
2310 1462 2455 1531 igne,
2496 1463 2562 1517 de
2592 1479 2751 1533 aqua,
2789 1466 2910 1535 plus
2938 1481 3098 1534 quam
3130 1469 3262 1522 satis
3290 1479 3440 1523 esset

170 1556 304 1623 agit.
364 1557 424 1606 In
461 1554 623 1609 rebus
673 1552 831 1608 seriis
882 1551 1171 1621 aliquando
1203 1559 1456 1619 nugatur,
1510 1558 1571 1603 ut
1624 1565 1750 1604 cum
1796 1551 1920 1604 inde
1973 1552 2169 1620 probat
2213 1552 2477 1607 Adamum
2524 1553 2780 1608 habuisse
2842 1555 3091 1623 spiritum
3142 1557 3440 1625 prephetia:

169 1647 316 1715 quod
346 1647 563 1711 dixerit,
604 1645 717 1699 Iloc
764 1662 902 1698 nunc
952 1661 1007 1698 os
1038 1660 1102 1697 ex
1134 1644 1333 1697 ossibus
1380 1644 1528 1705 meis,
1584 1650 1690 1696 etc.
1742 1642 1878 1697 Nam
1916 1645 2208 1713 quomodo,
2266 1646 2461 1714 inquit,
2510 1645 2650 1700 scire
2680 1655 2892 1714 poterat
2948 1662 3006 1701 se
3050 1663 3173 1701 ossa
3214 1648 3435 1711 habere,

169 1744 263 1812 qui
300 1758 421 1798 ossa
451 1757 548 1796 sua
573 1756 851 1818 nunquam
878 1739 1105 1803 viderat,
1158 1737 1261 1791 nisi
1292 1737 1543 1807 spiritum
1571 1737 1873 1807 prophetia:
1922 1739 2239 1794 habuisset?
2278 1739 2403 1795 Haec
2442 1741 2497 1793 in
2542 1741 2787 1795 oratione
2825 1742 3032 1810 quinta.
3083 1740 3440 1795 Tolerabilius

171 1838 407 1892 fortasse
430 1845 532 1899 est,
573 1836 674 1890 etsi
706 1834 855 1905 parvi
904 1834 1084 1903 pretii,
1116 1834 1170 1887 id
1196 1833 1340 1902 quod
1372 1832 1425 1886 in
1452 1834 1641 1888 eadem
1671 1834 1917 1887 oratione
1947 1834 2022 1889 ait
2052 1852 2070 1889 :
2104 1836 2224 1889 ideo
2253 1837 2442 1888 ΑΔΑΜ
2489 1852 2689 1890 nomen
2744 1836 3059 1905 impositum
3093 1852 3213 1890 esse
3261 1837 3438 1907 primo

171 1932 404 1994 homini,
434 1932 562 2002 quia
592 1932 694 1985 hoc
717 1931 938 1984 nomine
966 1940 1199 1998 quatuor
1222 1929 1437 1984 climata
1481 1944 1579 1999 per
1610 1930 1762 1998 prim:

1871 1940 2024 1985 iteras
2051 1930 2443 2000 designantur:
2480 1949 2534 1993 α,
2570 1930 2823 1999 ἀνατολὴ,
2858 1930 2906 1993 δ,
2935 1929 3104 1993 δύσις,
3141 1946 3177 1982 α
3216 1931 3437 1999 ἄρκτος,

174 2040 234 2091 μ,
269 2021 603 2094 μεσημϐρία,
640 2022 833 2082 oriens,
874 2022 1132 2083 occidens,
1193 2023 1497 2088 septentrio,
1540 2018 1801 2081 meridies,
1848 2036 1957 2075 non
1987 2020 2277 2075 advertens
2308 2022 2411 2075 hoc
2457 2037 2659 2075 nomen
2709 2021 2970 2076 llebraicc
3021 2019 3106 2075 vel
3150 2022 3442 2077 Chaldaice

172 2116 489 2185 impositum
528 2116 733 2170 Adamo
784 2115 973 2180 fuisse,
1032 2116 1231 2183 quibus
1286 2116 1482 2185 linguis
1533 2116 1635 2171 ista
1682 2116 1959 2170 climatum
2013 2116 2334 2185 signiﬁcatio
2372 2132 2469 2185 per
2504 2116 2707 2185 primas
2755 2117 2937 2170 literas
2990 2133 3097 2169 non
3148 2116 3438 2177 indicatur,

173 2220 341 2278 atque
383 2211 517 2264 adeo
549 2226 712 2277 casu,
768 2226 878 2265 non
928 2211 1176 2276 consilio,
1227 2210 1428 2265 factum
1485 2220 1544 2264 ut
1592 2211 1647 2264 in
1694 2210 1881 2266 Graeco
1927 2211 2150 2266 nomine
2199 2222 2431 2280 quatuor
2473 2212 2751 2267 climatum
2798 2215 2987 2282 prima;
3039 2213 3207 2267 literae
3245 2213 3441 2280 deprc-

178 2302 573 2356 henderentur.

253 2417 463 2472 llabitze
497 2429 624 2473 sunt
656 2422 738 2474 ha:
772 2421 1042 2474 orationes
1105 2422 1157 2474 in
1190 2420 1632 2491 Quadragesima,
1688 2431 1748 2476 ut
1796 2438 1904 2477 non
1934 2422 2104 2477 semel
2148 2421 2202 2475 in
2232 2422 2405 2493 prima
2436 2423 2617 2477 innuit
2650 2422 2993 2477 Severianus.
3026 2421 3231 2475 llarum
3268 2421 3438 2474 inter-

178 2510 540 2576 pretationem
590 2511 835 2565 Latinam
873 2529 1067 2567 novam
1115 2515 1445 2585 paravimus.

188 2852 3447 2881 _—__________—_____________—_________._‘

1259 2944 2387 3137 SEVERIANI,

1132 3184 1807 3255 GABALORUM
1853 3184 2331 3255 EPISCOPI
2390 3167 2508 3268 (α),

718 3347 921 3455 IN
993 3352 1586 3462 MUNDI
1659 3347 2930 3485 CBEATIONEM,

1504 3539 1806 3601 ORATIO
1849 3538 2121 3599 PRIMA.

1581 3681 2059 3757 NG”..—

486 3844 548 3897 In
577 3845 791 3913 primum
816 3842 945 3896 diem
970 3843 1234 3895 creationis
1268 3842 1461 3893 mundi.

258 3977 313 4029 1.
338 3975 615 4043 Scriptura:
639 3988 797 4027 sacris
821 3974 1039 4042 dignitas
1068 3974 1369 4039 utilitasque.
1401 3969 1627 4023 Exordio
1650 3984 1759 4020 mo-

181 4065 400 4119 destiam
428 4066 650 4132 spirante
677 4064 869 4116 animos
891 4063 1199 4116 audientium
1224 4062 1317 4115 sibi
1337 4061 1569 4113 conciliat
1594 4069 1762 4113 orator

181 4167 375 4211 noster.
400 4186 473 4198 --
498 4156 729 4223 Quodvis
775 4155 981 4224 pietatis
1029 4163 1431 4223 argumentum,
1467 4154 1761 4205 animarum

181 4263 488 4307 nostrarum
525 4251 824 4305 emendatio
852 4258 951 4304 est.
985 4249 1062 4302 Ad
1094 4249 1229 4301 hanc
1276 4248 1417 4301 enim
1466 4247 1759 4299 animarum

182 4344 411 4396 salutem
452 4342 626 4395 omnia
656 4341 865 4409 pietatis
894 4340 1128 4392 instituta
1176 4338 1484 4405 respiciunt.
1518 4336 1661 4389 llanc
1709 4343 1763 4387 et

184 4434 281 4487 Dei
311 4447 489 4486 sermo
513 4441 782 4501 operatur,
803 4432 937 4485 hanc
958 4440 1011 4485 et
1031 4430 1224 4499 Moysis
1250 4430 1333 4483 lex
1358 4428 1603 4492 insinuat,
1627 4427 1761 4480 hanc

184 4522 479 4591 praedicant
507 4521 808 4590 spirituales
853 4520 955 4573 illa:
988 4518 1362 4587 prOphetarum
1408 4518 1600 4585 lingua:
1632 4533 1643 4567 :
1678 4516 1760 4569 iu-

182 4611 432 4667 cessabili
459 4626 588 4665 voce
614 4626 710 4678 pro
735 4610 834 4663 hac
857 4611 1088 4664 clamant
1114 4610 1361 4679 apostoli.
1384 4608 1571 4662 Omnia
1601 4606 1762 4675 siqui-

182 4702 310 4757 dem
354 4716 449 4769 pro
476 4700 627 4755 nobis
650 4741 665 4765 ,
696 4708 752 4754 et
790 4706 1005 4767 prepter
1030 4712 1128 4751 nos
1158 4714 1171 4749 :
1206 4706 1262 4750 ut
1302 4698 1425 4750 dum
1466 4706 1645 4749 nostra
1694 4694 1762 4747 ad

184 4792 610 4847 emendationem
642 4798 946 4860 properant,
976 4790 1222 4856 pietatem
1252 4802 1352 4841 uos
1394 4801 1759 4854 assequamur.

183 4884 377 4937 Omnis
404 4884 578 4952 itaque
608 4890 819 4936 sanctus
846 4880 980 4933 liber
1005 4879 1191 4931 salutis
1220 4886 1415 4929 nostra:
1445 4889 1600 4928 causa
1628 4874 1759 4927 scri-

184 4984 312 5040 ptus
340 4980 447 5035 est,
477 4982 533 5025 ut
576 4970 733 5025 modo
775 4970 1033 5024 dicebam.
1065 4968 1161 5021 llic
1189 4980 1346 5034 porro
1381 4964 1662 5017 creationis
1702 4964 1764 5016 li—

187 5067 286 5119 ber
308 5104 323 5128 ,
355 5062 503 5131 origo
526 5103 540 5127 ,
573 5062 692 5115 fons
719 5071 775 5114 et
808 5061 976 5113 virtus
1012 5068 1094 5113 est
1120 5072 1303 5111 eorum
1334 5056 1572 5109 omnium
1598 5095 1613 5120 ,
1646 5068 1763 5122 qua:

254 5194 327 5255 (a)
359 5192 416 5255 I_n
438 5189 861 5255 Codiceﬁ'aticano
882 5202 1013 5255 num.
1035 5189 1151 5235 560:
1172 5184 1385 5246 ejusdem
1407 5183 1597 5255 (supple
1617 5183 1765 5255 chi};-

186 5243 383 5305 sos‘to'mi
410 5266 427 5301 :
450 5264 558 5299 nam
583 5250 904 5357 Chrfsostomi
928 5255 1040 5296 sunt
1062 5261 1121 5295 ea
1145 5243 1253 5308 qua:
1289 5243 1606 5312 precedunt).
1625 5243 1762 5311 .Infra.

186 5314 391 5357 savilius
412 5320 563 5357 totum
586 5313 677 5357 titu
699 5324 779 5357 un.
799 5312 868 5357 sic
890 5311 1191 5356 concinnavit
1228 5321 1238 5354 :
1274 5316 1531 5357 Seueriani.
1549 5314 1762 5357 Episcopi

185 5303 391 5375 Savilius
412 5320 563 5375 totum
586 5303 779 5375 titulun.
799 5312 868 5358 sic
890 5303 1191 5375 concinnavit
1228 5321 1238 5354 :
1274 5303 1766 5373 SeverianinEpiscopi

188 5374 492 5429 (.‘abalorum,
514 5372 565 5421 in
588 5370 754 5420 mundi
774 5367 1060 5429 creationem
1078 5381 1315 5416 sermones
1334 5379 1443 5429 sex,
1469 5364 1641 5429 qui,_in
1664 5364 1766 5429 qni-

190 5434 395 5484 busdam
416 5426 768 5496 exemplariltns
788 5467 800 5488 ,
828 5428 1154 5496 Chrysostomo
1178 5426 1532 5496 adscribmitnr.
1561 5426 1765 5474 Combe-

189 5497 358 5552 l‘isius,
384 5494 466 5557 qui
494 5489 779 5557 un'oﬁavilio
803 5497 878 5538 est
900 5500 1017 5536 usus
1058 5489 1327 5557 (repetens
1359 5489 1481 5557 typis
1514 5499 1766 5555 sermones

192 5558 283 5604 hos
306 5545 481 5603 sex-in
510 5552 805 5603 Bibliotheca:
836 5545 1109 5598 Gra'corurn
1140 5545 1331 5605 patrum
1356 5545 1575 5595 ,inrtario
1614 5545 1764 5594 noris-

188 5615 458 5663 sian‘om.
493 5616 535 5671 l,
562 5628 607 5675 p.
634 5614 742 5669 2H,
768 5625 893 5673 sqq.,
912 5610 1060 5661 Paris.
1094 5609 1225 5665 1672,
1249 5609 1373 5670 fol.),
1402 5609 1503 5657 hrcc
1525 5615 1762 5669 postrema

189 5679 256 5726 dc
280 5675 613 5738 Cln'ysostorno
637 5676 799 5723 tacuit.

1874 3839 1924 3891 in
1948 3840 2061 3905 lege
2097 3848 2149 3890 et
2195 3837 2244 3890 in
2277 3835 2546 3904 prophetis
2575 3834 2768 3899 scripta
2815 3843 2954 3885 sunt.
3001 3835 3077 3886 Ac
3103 3833 3447 3901 quemadmo-

1870 3930 1994 3982 dum
2048 3943 2149 3981 uon
2195 3935 2367 3995 potest
2408 3926 2595 3978 domus
2634 3927 2747 3977 sine
2790 3923 3128 3976 fundamento
3157 3936 3298 3978 stare
3322 3965 3336 3987 ,
3366 3925 3444 3977 sic

1872 4036 1968 4074 nec
1997 4020 2133 4072 varia
2164 4028 2522 4070 creaturarum
2554 4012 2882 4082 pulchritudo
2912 4013 3281 4078 splendescere
3300 4052 3314 4076 ,
3341 4011 3442 4064 nisi

1870 4111 2066 4165 creatio
2092 4110 2199 4175 ipsa
2232 4107 2434 4160 initium
2464 4104 2725 4157 habuerit.
2755 4102 2875 4156 Scio
2919 4104 3110 4155 multos
3138 4118 3203 4154 ex
3247 4102 3443 4155 sanctis

1873 4201 2107 4268 patribus
2126 4199 2192 4252 de
2214 4198 2482 4251 creatione
2510 4195 2667 4248 verba
2696 4193 2901 4255 fecisse,
2921 4194 3187 4260 multaque
3216 4200 3269 4246 et
3292 4208 3445 4261 egre-

1869 4294 1949 4361 gia
1976 4292 2174 4345 dixisse
2196 4334 2208 4352 ,
2231 4299 2288 4343 ut
2329 4288 2555 4357 Spiritus
2597 4286 2778 4355 gratia:
2818 4299 3063 4338 mensura
3095 4284 3223 4352 ipsis
3254 4284 3442 4338 collata

1873 4384 2010 4437 tulit.
2043 4382 2187 4435 Licet
2228 4390 2405 4433 autem
2436 4378 2599 4430 multa
2625 4418 2639 4439 ,
2672 4375 2864 4428 eximia
2901 4383 2953 4427 ct
2999 4374 3257 4428 mirabilia
3302 4374 3441 4429 dicta

1872 4474 2102 4536 fuerint,
2155 4471 2283 4524 nihil
2338 4478 2479 4523 vetat
2525 4468 2808 4537 quominus
2856 4473 2909 4517 et
2958 4475 3134 4516 neSIra
3180 4464 3439 4531 dicamus,

1871 4575 2025 4634 prout
2077 4564 2303 4631 Spiritus
2344 4560 2509 4629 gratia
2554 4552 3048 4609 subministraverit.
3082 4552 3441 4615 Quemadmo-

1869 4658 1993 4710 dum
2020 4657 2157 4709 enim
2181 4667 2272 4705 eos
2298 4653 2387 4719 qui
2416 4657 2538 4701 ante
2568 4662 2664 4700 nos
2706 4647 2852 4698 luere
2892 4659 2996 4695 non
3034 4643 3321 4697 cohibuere
3347 4658 3441 4695 ve-

1872 4756 2040 4799 terum
2072 4743 2284 4808 scripta,
2310 4739 2385 4793 sic
2423 4752 2521 4790 nec
2551 4736 2623 4788 illi
2648 4735 2735 4803 qui
2770 4748 2865 4787 nos
2897 4741 3278 4800 pra‘cessernnt
3302 4773 3316 4796 ,
3346 4747 3443 4785 nos

1870 4836 2124 4889 arcebunt
2166 4833 2232 4885 ab
2262 4831 2519 4883 instituto.
2548 4827 2601 4881 Si
2642 4826 2853 4895 quidem
2896 4834 2948 4879 et
2994 4824 3096 4876 illis
3132 4834 3184 4877 et
3211 4825 3362 4878 nobis
3388 4833 3444 4880 et

1869 4925 2252 4994 antiquioribus
2284 4937 2382 4975 una
2412 4931 2484 4974 eSI
2512 4920 2674 4987 gratia
2701 4935 2816 4986 qua:
2845 4916 3067 4984 Spiritus
3089 4919 3251 4970 sancti
3276 4918 3446 4969 virtu-

1872 5025 1976 5069 tem
2010 5013 2328 5081 suppeditet.
2364 5010 2547 5061 Omnia
2574 5009 2734 5071 enim,
2766 5007 2950 5074 inquit,
2984 5016 3220 5073 operatur
3242 5022 3371 5057 unus
3396 5016 3444 5057 et

1870 5110 1999 5160 idem
2029 5105 2271 5174 Spiritus,
2300 5102 2523 5155 dividens
2553 5098 2761 5169 singulis
2800 5106 2947 5165 prout
2984 5098 3082 5147 vult
3105 5096 3178 5161 (Ι.
3210 5094 3326 5147 Cor.
3354 5093 3441 5147 12.

1872 5201 1980 5269 Η).
2015 5198 2125 5251 Non
2148 5211 2274 5264 ergo
2304 5210 2366 5247 ea
2396 5208 2512 5261 qua:
2534 5207 2562 5243 a
2592 5190 2824 5259 patribus
2854 5188 2989 5241 dicta
3020 5195 3142 5240 sunt
3167 5185 3443 5238 climinan-

1874 5302 1976 5353 tnr,
1994 5290 2084 5344 sed
2114 5297 2291 5341 nostra
2321 5286 2425 5339 illis
2450 5290 2799 5351 apponuntur.
2826 5278 3076 5344 Quamvis
3104 5291 3287 5343 magna
3320 5284 3445 5326 sunt

1872 5396 2054 5435 eorum
2106 5378 2273 5439 dicta,
2310 5386 2489 5429 nostra
2533 5380 2706 5424 autem
2754 5370 2937 5438 exigua
2965 5408 2979 5432 ,
3010 5365 3123 5419 IIIBC
3167 5373 3340 5416 tamen
3392 5364 3443 5413 in

1872 5469 2109 5525 eamdem
2152 5475 2465 5521 structuram
2508 5470 2771 5530 aptantur.
2805 5458 2874 5512 Ut
2903 5458 3040 5511 enim
3068 5452 3294 5522 lapmem
3326 5464 3437 5500 ma«

1872 5577 2031 5632 guunt
2061 5561 2110 5612 in
2142 5558 2259 5612 cubi
2292 5556 2509 5611 formam
2542 5563 2795 5621 aptatum,
2832 5551 2881 5601 in
2913 5554 3227 5600 structuram
3258 5538 3444 5591 admo-

1874 5631 2013 5717 tum,
2051 5661 2102 5706 et
2145 5651 2353 5719 paulum
2383 5654 2685 5711 nutantem,
2716 5643 2980 5712 subjectus
3024 5636 3195 5690 ﬁrmat
3224 5631 3444 5698 exiguus
