3982 6218
523 347 632 402 431

532 447 664 514 lapis
711 464 722 499 :
744 445 821 501 sic
841 461 902 500 ea
929 460 1093 514 quaea
1112 445 1349 498 Patribus
1374 442 1511 497 dicta
1539 451 1679 504 sunt,
1703 443 1906 512 exiguis
1931 459 2110 497 acces-

532 537 771 590 sionibus
802 537 971 603 majus
1004 536 1255 590 Ecclesia:
1295 535 1573 588 aedilicium
1605 535 1948 586 constituunt.
1986 534 2113 587 Pre-

531 639 625 678 cor
646 634 823 678 autem
852 625 1125 678 caritatem
1157 634 1384 677 vestram
1406 665 1419 686 ,
1450 633 1505 676 ιιι
1541 623 1802 675 dictorqu
1834 624 2110 677 sententiis

530 716 852 779 attendatis;
881 731 984 768 non
1014 731 1079 767 an
1109 731 1257 769 nova:
1287 716 1411 778 sint,
1432 714 1522 767 sed
1548 730 1614 767 an
1649 729 1807 766 verte.
1832 713 1945 766 Non
1969 713 2109 767 enim

529 805 668 874 quod
698 820 793 860 usu
831 805 1010 859 tritum
1034 815 1134 869 est,
1166 820 1376 872 semper
1399 819 1578 857 verum
1604 820 1618 867 ;
1650 819 1822 872 neque
1845 805 1986 873 quod
2015 818 2111 857 no-

527 909 674 960 vum,
709 894 827 948 ideo
855 896 1040 947 falsum
1071 910 1085 947 :
1114 893 1208 948 sed
1237 909 1448 961 semper
1474 892 1784 960 exploratur
1809 909 1875 946 an
1905 909 1965 946 ea
1992 907 2110 962 qua:

527 984 777 1040 dicuntur
807 999 928 1040 vera
955 986 1081 1051 sint,
1112 999 1176 1036 an
1207 984 1356 1037 falsa.
1387 984 1535 1053 Rogo
1574 993 1748 1038 autem
1777 999 1842 1038 ne
1871 986 1988 1052 quis
2008 1025 2022 1049 ,
2053 993 2110 1038 ut

527 1079 730 1130 amicus
751 1075 816 1129 ad
839 1079 1060 1144 gratiam
1091 1077 1206 1128 sine
1236 1076 1480 1129 examine
1509 1090 1807 1130 sermonem
1839 1076 2104 1144 excipiat,

525 1182 663 1223 neve
685 1177 740 1221 ut
767 1168 1010 1221 inimicus
1039 1167 1126 1220 illa
1157 1167 1305 1236 quasi
1337 1167 1608 1235 peregrina
1639 1177 1873 1236 respuat,
1903 1167 1995 1221 sed
2026 1167 2108 1221 vi-

524 1258 649 1314 deat
677 1259 871 1327 ubique
901 1274 1026 1312 num
1058 1259 1252 1313 veritas
1275 1258 1428 1312 dictis
1458 1258 1683 1326 palmam
1715 1260 1929 1312 tribuat.

595 1349 651 1402 2.
682 1348 888 1402 Genesis
918 1358 1095 1402 auctor
1116 1348 1317 1418 Moyses
1342 1359 1387 1402 et
1414 1349 1614 1416 Spiritu
1641 1359 1812 1402 sancto
1838 1349 2104 1402 revelante.

526 1438 734 1508 Duplex
764 1439 955 1508 Moysis
988 1456 1188 1508 scapus.
1213 1441 1314 1493 Cur
1346 1440 1667 1493 invisibilium
1704 1441 2002 1493 creationem
2031 1449 2110 1492 ta-

526 1531 650 1584 cuit.
679 1559 748 1570 ——
775 1528 841 1582 In
871 1530 1134 1598 principio,
1169 1531 1332 1596 inquit
1358 1571 1372 1594 ,
1404 1530 1518 1598 fecit
1548 1529 1680 1583 Data
1705 1529 1885 1583 cwlum
1925 1538 1970 1583 et
2003 1543 2107 1581 ter-

525 1636 637 1674 ram
661 1619 810 1692 (Gen.
838 1621 890 1673 1.
917 1622 992 1682 l).
1012 1620 1136 1673 Haec
1166 1619 1389 1674 historia
1413 1620 1606 1689 Moysis
1637 1620 1951 1689 legislator-is
1973 1636 2108 1689 Opus

525 1721 626 1775 est,
651 1721 705 1766 et
732 1712 960 1780 Spiritus
985 1711 1153 1766 sancti
1183 1712 1454 1766 revelatio.
1481 1712 1729 1767 Continet
1755 1721 1930 1766 autem
1960 1728 2109 1767 crea-

525 1803 722 1857 tionem
751 1803 844 1856 Dei
875 1803 1064 1856 virtute
1090 1800 1299 1867 factam,
1325 1818 1419 1871 per
1447 1803 1806 1872 propheticam
1831 1819 1957 1857 vero
1983 1819 2106 1874 gra-

523 1893 649 1947 tiam
681 1893 844 1963 Moysi
893 1894 1200 1947 revelatam.
1232 1893 1345 1948 Non
1375 1895 1516 1948 enim
1548 1894 1662 1948 haec
1688 1895 1894 1965 Moyses
1932 1906 1991 1950 ut
2025 1897 2109 1950 hi-

521 1986 921 2057 storiographus
943 1988 1098 2052 dixit,
1123 1988 1215 2042 sed
1250 1997 1300 2041 ut
1325 1987 1602 2056 propheta.
1637 1988 1726 2041 illa
1751 1989 1947 2057 quippe
1973 1989 2106 2043 dixit

520 2093 640 2146 qua:
673 2093 776 2131 non
813 2077 1049 2143 viderat,
1079 2088 1133 2132 et
1175 2079 1259 2131 illa
1300 2078 1532 2132 narravit
1574 2094 1796 2147 quorum
1839 2089 2108 2148 spectator

523 2184 628 2222 non
661 2170 846 2224 fuerat.
876 2169 942 2225 Ut
968 2170 1110 2224 enim
1143 2170 1347 2238 pridem
1394 2171 1488 2224 tria
1534 2185 1653 2224 esse
1692 2171 1982 2240 prophetia:
2009 2187 2104 2241 ge-

523 2277 651 2317 nera
682 2277 800 2317 esse
828 2263 1081 2329 diximus,
1116 2263 1343 2332 primum
1372 2264 1537 2318 verbo
1561 2305 1575 2327 ,
1603 2265 1896 2318 secundum
1920 2279 2102 2334 opere,

522 2353 736 2406 tertium
763 2368 925 2421 opere
951 2362 1005 2408 et
1041 2368 1289 2408 sermone
1317 2370 1331 2406 :
1360 2355 1439 2408 sic
1465 2363 1517 2406 et
1549 2364 1655 2407 tres
1678 2355 1785 2422 jam
1815 2353 2106 2422 prophetia:

522 2453 702 2514 partes
743 2445 1116 2498 constituimus
1158 2461 1171 2496 :
1216 2444 1548 2513 prophetiam
1599 2443 1666 2498 de
1722 2444 2102 2512 prmsentibus,

523 2535 853 2604 pr0phetiam
878 2535 945 2589 de
983 2534 1205 2600 futuris,
1237 2543 1289 2588 et
1327 2535 1658 2602 prophetiam
1693 2534 1762 2587 de
1799 2535 2102 2603 praeteritis.

521 2625 761 2694 Exempli
793 2642 954 2680 causa
1002 2643 1106 2680 non
1151 2626 1335 2680 aderat
1378 2625 1540 2679 lsaias
1584 2624 1842 2694 propheta
1886 2625 1948 2678 iis
1987 2640 2104 2692 qua:

520 2716 619 2769 sub
646 2715 826 2784 Moyse
853 2725 997 2783 gesta
1023 2725 1149 2769 sunt
1180 2733 1192 2768 :
1222 2715 1312 2768 sed
1357 2716 1478 2783 quia
1509 2714 1728 2782 spiritus
1759 2714 1956 2784 Moysis
1992 2722 2107 2766 erat

520 2802 572 2857 in
602 2802 725 2866 illo,
755 2803 843 2872 qni
882 2818 944 2856 ea
988 2803 1086 2869 ipsi
1119 2803 1410 2866 revelaret,
1456 2802 1506 2854 id
1538 2801 1812 2868 prophetia
1851 2812 1982 2854 erat.
2013 2803 2106 2855 Est

522 2895 648 2950 item
683 2894 957 2964 prophetia
989 2895 1148 2947 etiam
1178 2893 1244 2947 de
1277 2893 1666 2961 praesentibus;
1696 2903 1752 2945 ut
1777 2893 1820 2944 si
1853 2893 1970 2960 quis
2008 2906 2103 2946 co-

520 3001 634 3041 ram
668 2984 922 3054 proiiheta
961 2983 1157 3052 aliquid
1185 2984 1235 3036 in
1266 2984 1443 3036 animo
1471 2997 1690 3035 versans
1715 3021 1729 3043 ,
1759 2982 2024 3035 occultum
2055 2984 2105 3036 ei

519 3094 639 3134 esse
665 3078 808 3140 velit,
843 3085 896 3132 ct
925 3076 1180 3145 propheta
1204 3075 1373 3145 ipsum
1404 3084 1608 3143 arguat,
1641 3083 1696 3126 ut
1727 3072 1949 3127 Elisseus
1980 3088 2103 3142 erga

518 3169 663 3224 Ciezi
699 3167 841 3228 fecit,
874 3167 1046 3221 futura
1081 3167 1441 3234 przenuntians
1482 3177 1535 3218 et
1580 3165 1784 3218 occulta
1836 3165 2101 3219 revolans.

519 3260 731 3328 Moyses
752 3275 869 3328 quae
899 3259 1166 3327 pr:eterita
1192 3268 1346 3310 erant
1371 3256 1577 3325 aperuit
1604 3273 1615 3308 :
1650 3255 1736 3308 alii
1764 3272 1882 3324 qua:
1908 3255 2099 3310 futura.

520 3354 594 3408 Ita
619 3353 776 3422 igitur
799 3361 881 3406 est
909 3351 1030 3405 huic
1068 3350 1304 3404 historia:
1332 3348 1734 3410 attendendum,
1769 3363 1872 3402 non
1901 3357 1957 3401 ut
1979 3362 2104 3400 nar-

519 3445 733 3506 rationi,
757 3445 848 3498 sed
881 3454 939 3498 ut
967 3445 1200 3498 historia:
1238 3457 1398 3504 verte,
1431 3457 1548 3509 qua:
1579 3457 1670 3508 per
1693 3441 1947 3509 Spiritum
1976 3456 2103 3494 san-

518 3543 661 3587 ctum
710 3534 910 3600 prolata
949 3534 1037 3584 sit.
1067 3533 1194 3597 Quis
1227 3547 1384 3598 porro
1431 3539 1512 3583 est
1550 3530 1821 3597 propheta
1871 3529 2104 3596 scopus?

523 3626 635 3678 Duo
663 3625 873 3694 Moyses
897 3625 947 3676 in
980 3622 1250 3692 proposito
1280 3621 1467 3684 habet,
1496 3629 1549 3674 et
1573 3621 1869 3673 doctrinam
1909 3619 2100 3681 edere,

517 3725 570 3768 et
594 3716 736 3783 leges
761 3714 985 3767 sancire.
1022 3713 1312 3781 Legislalor
1339 3714 1478 3765 enim
1507 3727 1626 3764 cum
1655 3712 1760 3773 sit,
1791 3726 1892 3763 non
1927 3720 2102 3763 tamen

517 3823 546 3860 a
578 3807 780 3874 legibus
810 3805 1034 3872 incepit,
1061 3804 1153 3856 sed
1187 3819 1215 3856 a
1244 3803 1532 3857 creatione.
1565 3801 1670 3855 Cur
1717 3811 1891 3856 autem
1931 3802 2104 3870 prium

519 3897 682 3950 voluit
715 3896 876 3948 Deum
921 3894 1202 3948 ostendere
1240 3893 1545 3948 Creatorem
1577 3903 1631 3947 et
1662 3894 1940 3947 Dominum
1985 3894 2104 3945 uni-

518 3986 700 4041 versi?
733 3985 798 4040 Ut
833 3985 970 4038 Deus
999 3999 1116 4038 esse
1145 3984 1620 4050 demonstraretur,
1646 3985 1732 4053 qui
1764 4000 1866 4037 non
1893 3985 2100 4046 alienis,

520 4076 612 4131 sed
654 4075 762 4128 suis
805 4075 972 4142 legem
1007 4083 1245 4142 poneret.
1275 4073 1385 4127 Nisi
1417 4074 1557 4128 enim
1603 4076 1747 4143 prius
1786 4074 2105 4128 ostendisset

519 4182 642 4219 eum
697 4165 878 4218 tnundi
927 4164 1307 4229 Conditorem,
1360 4180 1462 4218 non
1516 4164 1617 4219 fide
1661 4165 1849 4232 dignus
1893 4164 2105 4217 habitus

519 4257 708 4310 fuisset
755 4254 934 4308 mundi
979 4254 1294 4323 Legislator.
1333 4255 1462 4308 Nam
1510 4256 1695 4308 alienis
1734 4256 1899 4323 legem
1942 4253 2099 4317 dare,

519 4348 810 4401 violentum
835 4363 847 4408 ;
877 4362 1000 4399 suos
1027 4357 1202 4399 autem
1231 4347 1528 4409 instituere,
1558 4355 1971 4398 consentaneum
1999 4355 2098 4397 est.

522 4435 978 4504 Quemadmodum
1005 4435 1236 4489 Joannes
1256 4435 1576 4503 evangelista
1604 4451 1706 4487 ιιοιι
1741 4435 1884 4501 prius
1909 4435 2048 4501 leges
2075 4448 2103 4484 a

523 4528 738 4583 Christo
767 4528 898 4578 latas
941 4527 1145 4594 posuit,
1177 4540 1332 4593 quam
1373 4525 1487 4592 ejus
1515 4526 1840 4578 dominatum
1886 4523 2106 4575 dixisset

525 4621 608 4674 his
634 4618 807 4672 verbis
837 4633 848 4666 :
883 4616 947 4668 lu
986 4617 1234 4682 principio
1261 4627 1365 4668 erat
1400 4616 1629 4677 Verbum,
1663 4625 1710 4666 et
1758 4613 1972 4667 Verbum
2001 4620 2105 4664 erat

524 4711 664 4778 apud
695 4709 896 4772 Deum,
930 4718 974 4760 et
1005 4707 1144 4759 Deus
1184 4717 1288 4760 erat
1332 4706 1558 4759 Verbum.
1611 4704 1794 4759 Omnia
1825 4722 1911 4773 per
1945 4705 2105 4771 ipsum

528 4806 661 4872 facta
709 4811 822 4853 sunt
849 4840 862 4862 ,
893 4809 938 4852 et
973 4801 1078 4852 sine
1110 4799 1217 4867 ipso
1244 4801 1433 4863 factum
1469 4808 1544 4851 est
1573 4800 1700 4851 nihil
1744 4799 1876 4867 quod
1916 4800 2106 4866 factum

525 4903 614 4945 est.
641 4891 707 4943 In
734 4893 842 4959 ipso
870 4893 967 4944 vita
997 4899 1125 4954 erat,
1155 4899 1198 4942 et
1229 4891 1328 4942 vita
1353 4899 1455 4942 erat
1482 4893 1570 4943 lux
1597 4890 1870 4943 hominum.
1897 4887 1960 4940 In
1991 4905 2108 4956 pro-

529 4983 643 5050 pria
672 4983 836 5045 venit,
874 4993 918 5033 et
949 4983 1029 5035 sui
1058 4998 1169 5033 eum
1214 4997 1311 5033 non
1355 4991 1645 5046 receperunt
1677 4979 1852 5047 (Joan.
1885 4981 1934 5031 1.
1972 4981 2018 5030 1.
2052 4980 2105 5029 5.

528 5075 581 5127 4.
617 5073 739 5140 ll).
769 5072 898 5124 Cum
943 5073 1165 5125 dixisset
1212 5087 1329 5124 cum
1374 5071 1627 5136 Opificem
1672 5076 1724 5121 ct
1762 5068 2104 5129 Creatorem,

532 5175 655 5218 tunc
680 5162 879 5216 inducit
903 5163 1044 5213 illum
1073 5163 1343 5215 doctorem
1374 5172 1423 5214 ct
1447 5160 1826 5227 [.egislatorem
1850 5158 2108 5210 universi.

540 5260 766 5312 Rursum
800 5254 932 5305 alius
959 5251 1152 5320 Moysis
1183 5268 1392 5319 scapus.
1422 5251 1528 5303 Cur
1555 5251 1741 5303 beatus
1769 5249 1974 5316 Moyses
2000 5261 2107 5298 ca:-

537 5350 641 5402 lum
674 5345 1016 5405 memoravit,
1053 5353 1264 5405 terram,
1300 5358 1445 5395 mare
1468 5383 1481 5406 ,
1512 5356 1673 5410 aquas
1706 5352 1757 5394 et
1791 5356 1851 5393 ea
1893 5354 2008 5408 qua:
2044 5352 2106 5390 ex

533 5441 638 5492 illis
681 5449 802 5493 sunt
827 5480 838 5500 ,
874 5437 1176 5506 angelorum
1205 5445 1379 5487 autem
1402 5474 1416 5498 ,
1445 5433 1880 5500 archangelorum
1903 5471 1916 5494 ,
1955 5429 2110 5482 Sera-

537 5529 682 5599 phim
733 5540 781 5582 et
827 5526 1108 5581 Chcrnbim
1158 5524 1351 5576 nullam
1407 5524 1730 5577 mentionem
1784 5519 2108 5584 fecit?Quia

539 5620 789 5672 nimirum
817 5619 1198 5685 Iegislationem
1227 5613 1288 5666 ad
1316 5615 1562 5680 temporis
1594 5614 1732 5665 illius
1753 5613 2110 5665 conditionem

535 5710 767 5777 aptabat.
796 5709 1020 5762 Noverat
1042 5707 1179 5762 cnim
1210 5704 1516 5774 quibuscum
1552 5702 1873 5766 loqueretur,
1907 5718 2022 5755 cum
2048 5701 2109 5752 iis

1974 331 2342 389 SEVERIANI

3684 358 3794 412 432

2224 460 2415 512 nempe
2454 447 2545 514 qui
2580 446 2917 518 exﬁigypto
2945 451 3141 520 egressi
3187 461 3373 515 erant,
3406 457 3494 524 qui
3523 456 3792 526 Egyptia-

2217 551 2337 588 cum
2368 552 2627 602 errorem,
2658 541 2823 593 solem
2845 581 2859 602 ,
2891 542 3096 603 lunam,
3127 544 3328 608 stellas,
3357 545 3563 610 fluvios,
3596 547 3788 613 fontes,

2217 642 2380 695 aquas
2408 628 2719 683 didicerant.
2750 631 3096 686 lnvisibilium
3126 649 3252 704 ergo
3280 638 3546 690 creatione
3573 640 3754 694 relicta
3774 681 3790 706 ,

2216 716 2283 768 de
2311 718 2600 772 visibilibus
2627 720 2785 773 verba
2816 719 2973 785 facit,
3000 729 3058 774 ut
3085 723 3429 791 persuaderet
3460 728 3537 779 eis
3564 729 3651 796 qui
3681 729 3794 783 ha-c

2216 808 2509 861 adorabant
2531 851 2544 872 ,
2572 817 2629 863 ut
2666 827 2732 864 ne
2770 811 2856 864 illa
2882 812 3012 867 deos
3049 829 3167 867 esse
3205 825 3481 883 putarent,
3508 818 3602 871 sed
3630 835 3793 886 onera

2218 897 2334 952 Dei.
2363 898 2475 954 Non
2509 914 2726 955 necesse
2757 917 2981 971 namque
3013 912 3158 966 erat,
3188 913 3244 958 ut
3278 906 3380 960 illis
3406 909 3714 976 angelorum
3739 917 3795 965 et

2215 986 2654 1057 archangelorum
2699 992 2940 1044 notitiam
2987 993 3170 1056 daret,
3217 1009 3284 1049 ne
3326 1011 3534 1049 rursum
3581 998 3796 1052 illorum

2215 1080 2578 1148 tegritudinem
2607 1082 2790 1136 aleret.
2813 1083 2942 1137 Nam
2969 1086 3031 1149 si,
3064 1087 3267 1141 etiamsi
3291 1103 3392 1142 non
3418 1089 3676 1154 viderent,
3698 1107 3794 1144 an-

2215 1170 2364 1237 gelos
2391 1179 2566 1224 tamen
2601 1187 2718 1226 esse
2746 1173 3012 1241 dixerunt,
3044 1176 3210 1230 multo
3237 1179 3421 1246 magis,
3454 1179 3497 1232 si
3519 1181 3796 1234 audissent

2213 1262 2436 1330 angelos
2464 1272 2556 1316 aut
2597 1264 2947 1334 archangclos
2970 1307 2985 1331 ,
3016 1277 3286 1336 putassent
3325 1271 3443 1324 illos
3480 1287 3599 1326 esse
3639 1271 3791 1326 deos.

2215 1350 2322 1404 Sed
2369 1353 2554 1406 caelum
2603 1364 2893 1417 memorat,
2929 1366 3122 1411 terram
3149 1399 3163 1420 ,
3193 1369 3400 1414 montes
3423 1400 3438 1424 ,
3487 1375 3655 1429 aquas
3677 1402 3692 1425 ,
3741 1372 3801 1416 et

2215 1440 2390 1492 omnia
2413 1456 2530 1509 qua:
2555 1457 2620 1495 ex
2648 1442 2752 1497 illis
2778 1454 2900 1498 sunt
2923 1461 2936 1509 ;
2962 1457 3019 1499 ut
3049 1448 3344 1502 visibilihus
3366 1450 3681 1504 invisibilem
3713 1452 3799 1503 in-

2216 1539 2554 1599 terpretetur,
2583 1543 2635 1586 et
2664 1551 2727 1588 ex
2757 1537 3008 1604 operibus
3042 1538 3299 1607 Opiﬁcem
3339 1541 3646 1608 prodat.Sic
3666 1559 3799 1612 ergo

2214 1631 2372 1674 etiam
2403 1631 2508 1676 tres
2537 1625 2683 1691 pueri
2714 1626 2986 1696 Babylone
3031 1629 3283 1683 fecerunt.
3311 1631 3440 1696 Quia
3480 1634 3622 1685 enim
3653 1635 3796 1700 apud

2212 1720 2424 1778 gentem
2470 1712 2611 1766 illam
2661 1716 3006 1770 versabantur
3044 1717 3153 1772 Deo
3203 1719 3464 1773 inimicam
3497 1739 3508 1773 :
3545 1736 3644 1774 nec
3681 1735 3799 1776 erat

2214 1802 2309 1854 Dei
2338 1804 2602 1872 cognitio,
2635 1805 2729 1859 sed
2761 1806 2896 1859 idola
2944 1808 3254 1862 colebantur
3277 1850 3292 1873 ,
3324 1810 3374 1862 in
3415 1810 3632 1866 fornace
3673 1828 3796 1866 cum

2212 1903 2426 1960 essent,
2453 1895 2698 1950 dicebant
2730 1914 2742 1949 :
2770 1897 3055 1953 Benedicite
3078 1942 3092 1963 ,
3135 1904 3303 1955 omnia
3351 1919 3503 1972 Opera
3546 1903 3759 1958 Domini
3781 1947 3796 1971 ,

2213 1983 2433 2040 Domino
2462 1987 2619 2059 (Dan.
2639 1990 2690 2044 5.
2711 1988 2822 2062 57).
2854 1990 2960 2045 Cur
2988 2009 3092 2046 non
3119 1994 3381 2059 dicebant,
3414 1998 3623 2064 Angeli,
3657 1999 3797 2059 celi,

2215 2087 2375 2143 terra,
2409 2080 2563 2148 ignis,
2587 2096 2746 2150 aqua,
2777 2083 2961 2153 frigus,
2993 2095 3172 2151 aestus,
3198 2097 3250 2141 et
3278 2089 3489 2150 similia,
3520 2090 3615 2143 sed
3643 2106 3798 2144 crea-

2212 2168 2409 2222 tionem
2441 2171 2709 2239 sigillatim
2751 2187 3061 2229 enumerant
3089 2178 3111 2230 ‘l
3139 2177 3204 2231 Ut
3242 2187 3535 2232 creaturam
3580 2195 3796 2234 omnem

2211 2257 2513 2323 abluerent,
2545 2271 2596 2314 et
2626 2271 2790 2316 totmn
2815 2267 3079 2333 opilicium
3112 2269 3425 2323 mundarent
3450 2310 3462 2332 ,
3491 2271 3798 2340 nullamque

2211 2350 2573 2420 relinquerent
2629 2355 2915 2422 impietatis
2977 2360 3278 2413 scintillam.
3334 2361 3795 2426 Quemadmodum

2211 2441 2370 2494 etiam
2399 2442 2498 2496 hoc
2535 2443 2653 2497 loco
2680 2445 2888 2516 Moyses
2917 2457 2971 2500 ut
2998 2463 3208 2501 omnem
3237 2449 3610 2520 Egyptiacum
3643 2467 3794 2505 erro-

2212 2543 2324 2582 rem
2358 2545 2385 2582 a
2415 2530 2612 2584 JlldiDiS
2637 2534 2933 2587 eliminaret
2957 2576 2971 2599 ,
3004 2538 3192 2590 emtum
3223 2547 3276 2591 et
3305 2548 3497 2592 terram
3530 2551 3587 2592 nt
3617 2553 3795 2595 creata

2212 2634 2505 2689 memorat,
2537 2633 2591 2677 ut
2618 2624 2729 2678 hac
2774 2624 2906 2678 facta
2933 2642 3051 2680 esse
3081 2629 3416 2694 ostenderet,
3448 2639 3503 2683 et
3535 2631 3794 2699 Opificetn

2211 2711 2523 2768 declararet.
2554 2715 2618 2767 In
2645 2716 2893 2786 principio
2923 2721 3104 2770 creavit
3141 2718 3277 2771 Deus
3303 2723 3479 2772 caelum
3507 2731 3553 2773 et
3586 2732 3792 2776 terram.

2282 2803 2333 2855 5.
2382 2804 2539 2856 Verba
2584 2805 2814 2874 Moysis,
2864 2808 2915 2859 in
2975 2806 3234 2874 principio
3281 2819 3430 2871 erat,
3475 2826 3591 2862 cum
3633 2814 3793 2864 verbis

2209 2892 2502 2952 Joannis,in
2525 2894 2784 2962 principio
2803 2896 2942 2960 fecit,
2967 2905 3336 2964 comparantur.
3355 2899 3572 2952 Arianos
3595 2903 3795 2953 etAno-

2209 2998 2362 3034 mmor
2387 2983 2663 3053 redarguit.
2699 2983 2811 3037 Duo
2835 2983 3149 3038 Testamenta
3168 3002 3270 3038 uno
3289 2984 3448 3038 Patre
3460 2996 3599 3039 orta.
3618 3019 3670 3028 —
3698 2990 3794 3044 llic

2211 3069 2340 3123 mihi
2371 3073 2603 3124 animum
2627 3073 2839 3127 adhibe.
2863 3074 2973 3143 Ego
3004 3076 3168 3128 miror
3191 3077 3457 3145 quomodo
3483 3078 3720 3132 Joannes
3740 3088 3795 3134 et

2212 3162 2417 3231 Moyses
2451 3164 2586 3218 idem
2627 3164 2934 3231 principium
2976 3164 3223 3218 habeant.
3253 3167 3380 3220 Nam
3413 3167 3498 3221 hic
3524 3170 3652 3223 dicit
3681 3188 3694 3221 :
3734 3169 3796 3223 In

2213 3255 2460 3322 principio
2488 3256 2668 3308 creavit
2695 3273 2712 3318 ;
2745 3256 2832 3309 ille
2861 3272 2987 3308 vero
3013 3258 3085 3309 ait
3110 3277 3122 3310 :
3157 3257 3221 3310 In
3251 3258 3496 3328 principio
3526 3271 3651 3314 erat.
3685 3261 3793 3313 Ve-

2211 3359 2327 3397 rum
2357 3352 2411 3398 et
2441 3345 2529 3397 ille
2554 3345 2772 3411 utiliter,
2801 3356 2853 3400 et
2885 3345 2968 3400 hic
2991 3348 3222 3414 pr0prie.
3254 3347 3352 3402 Ubi
3379 3363 3607 3416 namque
3634 3366 3794 3404 crea-

2214 3435 2285 3486 tio
2307 3445 2440 3498 erat,
2469 3434 2600 3487 dixit
2627 3435 2850 3503 Moyses,
2879 3435 3056 3497 Fecit;
3087 3436 3172 3487 ubi
3198 3450 3324 3489 vero
3345 3437 3580 3499 Creator,
3611 3441 3794 3504 posuit

2210 3523 2530 3590 evangelista
2555 3563 2568 3582 ,
2603 3521 2746 3572 Erat.
2782 3523 2999 3574 Multum
3047 3533 3220 3576 autem
3261 3532 3342 3576 est
3384 3523 3706 3577 discriminis
3737 3537 3795 3579 et

2213 3610 2471 3664 intervalli
2497 3611 2632 3663 inter
2656 3611 2803 3674 illud,
2830 3609 3008 3672 Fecit;
3035 3620 3088 3664 et
3117 3612 3264 3674 illud,
3289 3611 3416 3663 Erat
3446 3628 3462 3665 :
3490 3613 3614 3666 illud
3639 3616 3792 3668 enim

2210 3718 2329 3757 cum
2376 3713 2500 3757 ante
2546 3718 2650 3755 non
2699 3713 2870 3766 esset,
2917 3701 3107 3756 factum
3153 3713 3233 3757 est
3266 3722 3277 3756 :
3309 3703 3391 3757 hic
3419 3719 3543 3757 vero
3573 3719 3796 3773 semper

2211 3804 2342 3850 erat.
2377 3795 2442 3847 In
2475 3795 2721 3864 principio
2749 3796 2896 3860 fecit,
2935 3804 3019 3860 et,
3054 3794 3118 3847 In
3159 3796 3403 3865 principio
3429 3807 3548 3848 erat.
3585 3796 3673 3848 Dei
3705 3807 3796 3852 est

2211 3902 2360 3952 esse,
2390 3895 2684 3939 creaturam
2718 3902 2842 3938 vero
2882 3885 3022 3948 ﬁeri,
3054 3895 3188 3938 utet
3225 3887 3542 3954 evangelista
3591 3885 3792 3938 distin-

2212 3979 2340 4046 guit.
2375 3977 2504 4030 Nam
2535 3977 2601 4030 de
2620 3977 2899 4031 Scrvatore
2923 3978 2995 4028 ait
3026 3992 3039 4026 :
3072 3974 3138 4028 In
3161 3975 3528 4043 principioerat
3548 3970 3798 4034 Verbum,

2210 4077 2256 4120 et
2288 4066 2499 4119 Verbum
2525 4075 2631 4118 erat
2658 4066 2795 4134 apud
2821 4064 3004 4128 Deum,
3028 4075 3074 4117 et
3105 4063 3239 4116 Deus
3268 4073 3372 4116 erat
3410 4062 3637 4114 Verbum.
3670 4059 3796 4113 Hoc

2213 4169 2317 4212 erat
2344 4159 2396 4210 in
2425 4157 2692 4226 principio.
2720 4154 2786 4207 In
2821 4156 2931 4221 ipso
2960 4155 3058 4206 vita
3087 4162 3212 4218 erat,
3241 4161 3287 4205 et
3315 4152 3414 4204 vita
3443 4160 3544 4203 erat
3574 4151 3660 4202 lur—
3687 4156 3792 4204 lio-

2213 4250 2424 4302 minum.
2443 4249 2624 4303 Sexies
2651 4248 2800 4306 dixit,
2824 4246 2966 4308 Erat,
2991 4253 3047 4296 ut
3074 4243 3358 4310 explicaret
3388 4241 3501 4310 ejus
3527 4241 3796 4295 exsisten—

2213 4337 2360 4390 tiam.
2384 4337 2459 4389 De
2505 4336 2700 4388 famulo
2742 4344 2915 4385 autem
2943 4372 2956 4395 ,
2989 4342 3264 4400 pOSIquam
3315 4330 3618 4398 prrcdieavit
3656 4343 3793 4381 eum

2212 4429 2301 4496 qni
2332 4436 2464 4491 erat,
2504 4437 2558 4479 et
2586 4427 2726 4478 venit
2752 4423 2816 4478 ad
2843 4438 3054 4477 servum
3081 4422 3356 4485 Joannem,
3389 4421 3519 4473 dixit
3550 4437 3561 4471 :
3595 4418 3798 4471 Factus

2212 4527 2286 4570 est
2312 4518 2480 4569 homo.
2515 4517 2655 4569 Deus
2683 4525 2815 4576 erat,
2849 4513 3007 4567 homo
3034 4523 3208 4566 autem
3238 4512 3405 4564 factus
3433 4519 3530 4563 est.
3560 4508 3716 4573 Quod
3747 4509 3798 4562 si

2212 4609 2280 4663 de
2318 4607 2602 4663 Set-valere
2649 4605 2826 4660 dicere
2851 4606 3080 4659 audeant
3111 4622 3122 4655 :
3151 4604 3400 4659 Servator
3424 4603 3579 4656 etiam
3617 4601 3799 4655 factus

2214 4709 2316 4760 est,
2347 4698 2475 4752 nihil
2507 4698 2744 4751 differret
2769 4711 2796 4747 a
2830 4706 2989 4749 terra.
3025 4695 3271 4747 Animum
3297 4693 3488 4745 adhibe
3512 4732 3525 4755 ,
3555 4706 3747 4756 qua-so
3783 4708 3794 4741 :

2214 4793 2257 4846 si
2289 4791 2431 4844 dicat
2454 4789 2732 4841 hmrcticus
2763 4804 2775 4839 ε
2802 4784 3042 4838 Christus
3072 4783 3236 4836 factus
3261 4793 3393 4844 erat,
3419 4795 3521 4832 non
3551 4787 3667 4831 erat
3697 4795 3800 4831 an-

2215 4891 2426 4948 tequam
2458 4881 2639 4939 fieret,
2669 4877 2791 4944 quid
2823 4891 2948 4942 ergo
2979 4875 3095 4942 plus
3137 4871 3376 4931 habebit,
3409 4884 3565 4938 quam
3601 4878 3749 4922 terra
3776 4874 3800 4921 ἲ

2218 4971 2344 5025 Nam
2373 4970 2438 5023 de
2467 4979 2603 5022 terra
2651 4981 2858 5035 quoque
2884 4965 2956 5015 ait
2994 4963 3201 5030 Moyses
3235 4978 3245 5012 :
3279 4959 3437 5012 Terra
3463 4967 3632 5010 autem
3662 4969 3797 5010 erat.

2217 5062 2270 5116 Si
2299 5062 2456 5128 igitur
2482 5057 2606 5113 illud
2639 5074 2651 5110 :
2682 5055 2748 5106 In
2779 5054 3028 5121 principio
3053 5060 3178 5114 erat,
3204 5050 3270 5104 de
3297 5049 3567 5103 creatione
3595 5047 3795 5100 intelli—

2215 5161 2363 5220 gunt,
2399 5167 2502 5202 non
2535 5149 2600 5200 de
2626 5157 2822 5199 mterna
2850 5152 3040 5196 natura
3075 5159 3087 5209 ;
3117 5141 3245 5195 nihil
3279 5142 3395 5208 plus
3423 5139 3602 5198 habet,
3634 5152 3799 5203 quant

2219 5252 2377 5295 terra.
2409 5240 2474 5291 Et
2501 5239 2638 5291 Deus
2669 5235 2898 5288 Verbum
2929 5244 3041 5288 erat
3063 5276 3075 5295 ,
3105 5242 3159 5286 et
3207 5240 3344 5284 terra
3389 5236 3504 5280 erat
3536 5243 3547 5275 :
3582 5225 3674 5277 sed
3708 5226 3801 5278 ille

2217 5332 2423 5402 quidem
2449 5332 2496 5381 in
2523 5326 2777 5396 principio
2797 5337 2930 5385 erat,
2957 5341 3057 5376 non
3078 5325 3240 5376 tactus
3264 5332 3476 5384 semper
3490 5319 3762 5369 exsistens
3785 5333 3799 5368 :

2222 5434 2361 5475 terra
2410 5432 2534 5470 vero
2574 5417 2707 5468 facta
2745 5423 2875 5466 erat.
2914 5410 3024 5462 Non
3063 5414 3204 5463 enim
3242 5410 3385 5477 prius
3416 5406 3548 5458 dixit
3579 5405 3802 5472 legisla-

2222 5521 2321 5575 tor,
2347 5507 2504 5562 Terra
2542 5514 2666 5565 erat,
2690 5503 2861 5557 donec
2889 5502 3087 5554 diceret
3111 5517 3121 5549 :
3157 5498 3221 5550 In
3249 5497 3494 5564 principio
3518 5498 3635 5564 fecit
3660 5493 3804 5546 Deus

2221 5604 2395 5654 emtum
2436 5609 2480 5651 et
2521 5609 2739 5653 terram;
2770 5593 2990 5661 primum
3017 5589 3184 5651 dixit,
3216 5585 3375 5649 Fecit,
3406 5595 3590 5652 postea
3627 5599 3763 5637 vero
3788 5626 3803 5646 ,

2231 5693 2349 5744 Erat
2400 5689 2605 5743 Scimus
2631 5694 2775 5740 certe
2801 5725 2815 5749 ,
2844 5677 3033 5732 fratres
3054 5721 3067 5745 ,
3094 5679 3187 5732 has
3219 5677 3439 5732 subtiles
3469 5675 3808 5744 qnmstitmcs
