3982 6218
162 385 270 440 431

156 502 216 549 τὸ
230 494 293 548 έν
318 493 572 562 συνηθείᾳ
595 493 810 555 πάντως
838 490 1053 562 ἀληθὲς,
1084 490 1206 544 οὔτε
1240 493 1299 544 τὸ
1349 494 1495 558 ξένον
1528 491 1738 562 ψευδές·

155 576 291 631 ἀλλά
329 575 602 644 πανταχοῦ
653 575 894 644 ζητεῖται
933 575 982 626 εί
1009 574 1294 645 ἀλήθειαή
1330 575 1524 642 ψεῦδος
1557 574 1627 628 τά
1657 573 1745 626 λε·-

157 661 382 731 γόμενα.
442 659 600 726 Ἀξιῶ
636 660 692 711 δὲ
748 661 886 728 μήτε
926 658 1002 721 ὡς
1048 659 1199 724 φίλον
1249 659 1373 711 τινὰ
1417 659 1744 729 χαρίσασθαι

157 743 523 808 ἀνεξετάστως
556 741 841 811 δεχόμενον
869 743 994 804 τοὺς
1020 742 1232 808 λόγους·
1276 743 1414 812 μήτε
1444 743 1517 806 ὼς
1550 742 1743 814 ἐχθρὸν

157 825 432 890 ξενίζοντα
463 824 740 877 ἐκόάλλειν
792 825 881 875 τὸν
920 824 1095 890 λόγον·
1152 823 1266 875 ἀλλ’
1296 825 1429 895 όρᾷν
1466 824 1741 893 πανταχοῦ

159 907 311 977 [437]
348 908 395 957 εἰ
418 906 648 976 ἀλήθειά
679 907 824 958 ἐστιν
851 907 1012 975 ήτοῖς
1038 905 1350 975 λεγομένοις
1379 907 1739 976 βραϐεύουσα.

229 1045 294 1112 β’.
342 1047 434 1097 Ἐν
461 1043 636 1113 ἀρχῇ,
671 1046 853 1113 φησὶν,
881 1046 1170 1110 ἐποίησεν
1197 1049 1229 1098 ὀ
1268 1046 1411 1111 Θεὸς
1437 1047 1542 1099 τὸν
1569 1048 1743 1113 οὐρα-

155 1128 268 1180 νὸν
297 1128 391 1179 καί
419 1127 531 1194 τὴν
561 1127 695 1196 γῆν.
715 1129 776 1180 'H
801 1128 1009 1196 ἱστορία
1022 1126 1161 1195 αὕτη
1194 1129 1311 1178 ἐστί
1340 1127 1438 1196 μὲν
1464 1128 1742 1190 Μωῦσέως

154 1209 249 1262 τοῦ
303 1209 588 1279 νομοθέτου
644 1209 1003 1278 σύγγραμμα,
1067 1211 1160 1261 καί
1219 1209 1538 1277 Πνεύματος
1583 1209 1740 1277 ἁγίου

155 1291 524 1360 ἀποκάλυψις·
579 1291 821 1362 περιέχει
863 1290 920 1341 δὲ
963 1289 1320 1360 δημιουργίαν
1367 1291 1593 1360 δυνάμει
1644 1290 1740 1358 μὲν

155 1373 290 1427 Θεοῦ
325 1375 647 1444 γεναμένην,
685 1375 994 1443 προφητικῇ
1050 1373 1106 1423 δέ
1139 1374 1321 1442 χάριτι
1355 1374 1576 1424 Μωῦσεῖ
1606 1373 1742 1423 ἀπο-

154 1456 540 1524 καλυφθεῖσαν.
567 1456 641 1506 Ui;
683 1456 791 1524 γὰρ
829 1451 978 1505 εἶπεν
1007 1453 1178 1504 ταῦτα
1227 1453 1466 1522 Μωῦσῆς
1494 1453 1568 1515 ῶς
1598 1453 1742 1504 ίστο-

157 1540 466 1608 ριογράφος,
494 1536 607 1590 ἀλλ’
650 1537 724 1599 ὡς
773 1536 1078 1606 προφήτης.
1121 1530 1256 1586 Εἷπε
1292 1536 1398 1606 γὰρ
1427 1533 1462 1587 ἀ
1504 1534 1577 1604 μή
1613 1531 1738 1598 εἶδε,

154 1625 248 1674 καί
280 1623 580 1692 διηγήσατο
633 1616 706 1673 ὦν
757 1620 952 1689 θεατὴς
999 1620 1096 1670 οὐκ
1123 1618 1355 1686 ἐγένετο.
1387 1618 1598 1688 Ὥσπερ
1628 1618 1738 1687 γὰρ

153 1705 281 1772 τρία
313 1704 427 1773 ειδη
458 1702 792 1773 προφητείας
841 1702 1142 1771 εἰρήκαμεν
1175 1701 1361 1765 πάλαι,
1397 1701 1479 1753 ὅτι
1528 1700 1742 1770 πρῶτον

159 1789 256 1858 μὲν
287 1783 426 1848 εἰδος
474 1786 805 1855 προφητείας
837 1784 898 1836 τὸ
938 1787 1133 1849 εἰπεῖν,
1189 1784 1443 1853 δεύτερον
1485 1783 1540 1834 δὲ
1575 1784 1635 1836 τὸ
1670 1783 1738 1836 δι’

153 1872 339 1939 ἔργου,
376 1868 554 1938 τρίτον
581 1869 639 1920 τὸ
655 1867 718 1920 δι’
742 1868 902 1937 ἔργου
932 1867 1025 1920 καὶ
1053 1868 1230 1934 λόγου·
1265 1866 1520 1919 οὕτωκαὶ
1550 1865 1742 1919 ἐνταῦ-

154 1952 225 2005 θα
263 1953 388 2022 τρία
420 1951 557 2021 μέρη
587 1950 940 2021 προφητείας·
997 1952 1303 2022 προφητεία
1334 1950 1465 2020 περί⁵
1506 1948 1612 2001 τῶν
1657 1951 1743 2002 ἐν·

153 2035 426 2096 εστώτων,
452 2034 754 2103 προφητεία
787 2034 910 2103 περί
941 2032 1049 2084 τῶν
1084 2033 1404 2101 μελλόντων,
1433 2032 1738 2101 προφητεία

154 2120 286 2186 περὶ
321 2117 429 2168 τῶν
485 2115 880 2187 παρελθόντων.
927 2109 1074 2176 Οἷον,
1112 2115 1170 2167 ού
1219 2114 1401 2183 παρῆν
1437 2115 1740 2183 προφήτης,

155 2203 288 2271 φέρε
317 2201 486 2252 εἰπεῖν
530 2199 776 2260 Ἡσαΐας,
815 2200 923 2260 τοῖς
955 2199 1046 2251 ἐπὶ
1093 2197 1370 2258 Μωῦσέως
1410 2195 1740 2264 γενομένοις·

153 2284 270 2336 ἀλλ’
297 2282 481 2352 ἐπειδὴ
500 2281 559 2333 τὸ
580 2281 796 2348 πνεῦμα
832 2280 1108 2342 Μωῦσέως
1134 2277 1200 2350 ήν
1232 2282 1288 2332 ἐν
1313 2278 1482 2348 αὐτῷ,
1533 2280 1735 2331 ἀποκα-

153 2365 357 2417 λύπτον
385 2363 532 2432 αὑτῷ
561 2363 630 2416 τὰ
685 2363 970 2433 γενόμενα,
1031 2362 1337 2434 προφητεία
1370 2359 1460 2432 ἦν.
1498 2363 1650 2414 Ἐστι
1685 2361 1741 2413 δὲ

156 2446 313 2510 αὖθις
338 2451 636 2518 προφητεία
674 2447 765 2497 καὶ
806 2445 1034 2496 ἐπὶτῶν
1082 2447 1386 2515 παρόντων·
1429 2446 1503 2507 ὡς
1541 2446 1634 2497 ἐάν
1659 2460 1741 2506 τις

155 2533 254 2584 καὶ
298 2531 389 2581 ἐπὶ¹
433 2528 526 2580 τοῦ
559 2527 838 2596 προφήτου
873 2527 1042 2588 ἑστὼς
1092 2526 1216 2597 θέλῃ
1249 2527 1451 2597 κρύψαι
1488 2544 1537 2578 τι
1567 2529 1624 2578 ὲν
1675 2529 1741 2597 τῇ

153 2614 384 2685 διανοίᾳ,
419 2613 510 2662 καὶ
543 2613 571 2662 ὁ
605 2612 887 2678 προφήτης
917 2609 1112 2680 ἐλέγχῃ
1157 2611 1352 2671 αὑτὸν,
1398 2609 1473 2669 ὼς
1505 2610 1533 2659 6
1571 2607 1744 2660 Ἐλισ-

157 2700 310 2760 σαῖος
363 2697 452 2748 τὸν
478 2693 649 2757 Γιεζὶ,
706 2695 776 2746 τὰ
811 2693 1072 2763 μέλλοντα
1129 2691 1520 2763 προσημαίνων
1554 2692 1647 2744 καὶ
1675 2690 1742 2742 τά

156 2778 512 2850 κεκρυμμένα
542 2775 817 2829 δεικνύων.
843 2776 1080 2844 Μωῦσῆς
1099 2770 1218 2827 εἰπε
1248 2776 1318 2826 τά
1352 2773 1740 2844 προγεγονότα,

155 2862 310 2915 ἄλλοι
348 2862 416 2912 τὰ
476 2859 755 2912 μέλλοντα.
815 2858 998 2917 Οὕτως
1059 2853 1150 2910 οὖν
1207 2857 1285 2909 δεῖ
1328 2855 1614 2927 προσέγειν
1672 2857 1738 2898 *ἢ

161 2943 377 3014 ἱστορίᾳ
409 2941 600 3013 ταύτῃ,
632 2942 729 3010 οὐχ
753 2941 827 3003 ὼς
854 2939 1171 3009 διηγήματι,
1196 2938 1307 2990 ἀλλ’
1331 2937 1404 2999 ὡς
1440 2935 1744 3006 προφητείᾳ

158 3029 389 3097 ἀληθινῇ
441 3028 505 3077 ὲκ
540 3025 854 3094 Πνεύματος
898 3023 1052 3090 ἁγίου
1091 3020 1446 3091 λελαλημένῃ.
1497 3019 1591 3082 Τίς
1623 3019 1679 3071 δὲ
1716 3020 1744 3071 6

160 3111 362 3172 σκοπὸς
383 3108 459 3179 τῷ
488 3111 736 3177 προφήτῃ
757 3125 771 3170 ;
790 3108 892 3159 Δύο
908 3108 1219 3177 πρόκεινται
1241 3106 1467 3158 Μωῦσεῖ
1492 3102 1740 3172 ποιῆσαι,

157 3193 256 3247 καὶ
278 3191 624 3245 διδασκαλίαν
657 3188 932 3252 ἐκθέσθαι,
975 3188 1069 3240 καὶ
1099 3185 1420 3256 νομοθεσίαν
1450 3186 1742 3238 ὑποτυπῶ-

160 3294 275 3329 σαι.
313 3274 626 3344 Νομοθέτης
659 3274 766 3344 γὰρ
785 3272 880 3336 ῶν,
903 3273 964 3325 οὺ
993 3271 1206 3343 πρῶτον
1237 3270 1435 3341 ήρξατο
1460 3271 1559 3340 τῆς
1587 3287 1745 3341 νομο-

161 3357 371 3422 θεσίας,
403 3357 536 3408 ἀλλά
567 3357 668 3424 τῆς
698 3354 1073 3425 δημιουργίας.
1107 3352 1258 3405 Διατί
1288 3352 1344 3404 δὲ
1369 3351 1581 3422 πρῶτον
1611 3352 1743 3421 ἠθέ-

160 3441 296 3510 λησε
325 3439 490 3505 δεῖξαι
521 3439 614 3492 τὸν
636 3439 767 3491 Θεὸν
786 3436 1115 3507 δημιουργὸν
1163 3434 1257 3488 τοῦ
1289 3436 1489 3498 παντὸς
1525 3435 1618 3488 καὶ
1649 3437 1744 3488 Δε-

164 3524 403 3591 σπότηνς
439 3523 554 3574 Ἵνα
577 3521 760 3592 δειχθῇ
790 3520 941 3582 Θεός·
971 3521 1070 3572 οὐκ
1097 3518 1398 3590 ἀλλοτρίοις
1417 3517 1740 3588 νομοθετῶν,

162 3604 300 3656 ἀλλά
331 3605 442 3666 τοῖς
493 3604 663 3667 ἰδίοις.
717 3604 780 3655 El
813 3602 888 3672 μὴ
928 3603 1036 3672 γὰρ
1084 3600 1300 3673 πρῶτον
1354 3601 1554 3664 ἔδειξεν
1583 3600 1743 3654 αὐτὸν

160 3685 490 3757 δημιουργὸν
520 3685 613 3737 τοῦ
661 3685 888 3753 κόσμου,
933 3686 1035 3735 οὐκ
1083 3685 1148 3735 ἂν
1195 3682 1503 3746 ἀξιόπιστος
1532 3682 1744 3754 ἐδείχθη

161 3769 459 3840 νομοθέτης
487 3767 580 3820 τοῦ
616 3767 840 3835 κόσμου.
864 3765 936 3816 Τὸ
958 3767 1067 3831 γὰρ
1099 3766 1398 3834 ἀλλοτρίοις
1415 3765 1740 3834 νομοθετεῖν,

163 3854 308 3924 βίας·
357 3853 416 3904 τὸ
470 3851 525 3903 δὲ
575 3852 697 3913 τοὺς
731 3850 894 3910 ἰδίους
928 3847 1223 3910 παιδεύειν,
1260 3848 1600 3908 ἀκολουθίας.
1635 3849 1742 3899 Ka1

160 3937 354 4006 ὥσπερ
398 3934 690 4001 Ἱωάννηςό
720 3930 1119 4000 Εὑαγγελιστὴς
1148 3931 1208 3982 οὑ
1235 3929 1448 4000 πρῶτον
1469 3929 1621 3991 ἔταξε
1646 3929 1738 3980 τοῦ

162 4015 400 4087 Χριστοῦ
440 4016 538 4085 τήν
560 4013 898 4084 νομοθεσίαν,
923 4013 1026 4075 ἓως
1052 4008 1202 4066 εἶπεν
1235 4011 1398 4065 αὑτοῦ
1422 4011 1519 4082 τήν
1547 4012 1740 4063 δεσπο-

161 4098 547 4163 τείαν,είπών·
594 4097 688 4149 Ἑν
725 4095 882 4164 ἀρχῇ
925 4091 1002 4163 ἦν
1041 4097 1072 4147 ό
1110 4096 1323 4162 Λόγος,
1361 4095 1456 4146 καί
1481 4097 1513 4146 ό
1553 4094 1741 4162 Λόγος

159 4181 243 4254 ἦν
277 4183 426 4251 πρὸς
446 4181 550 4233 τὸν
580 4179 747 4242 Θεὸν,
773 4181 868 4231 καί
897 4177 1039 4240 Θεὸς
1058 4173 1137 4244 ἦν
1159 4180 1191 4230 ὀ
1211 4179 1418 4244 Λόγος.
1447 4175 1648 4228 Πάντα
1668 4176 1742 4228 δι’

160 4267 352 4320 αὑτοῦ
380 4263 634 4332 ἐγένετο,
668 4266 765 4315 καί
796 4261 971 4329 χωρὶς
994 4259 1178 4311 αὑτοῦ
1212 4259 1448 4326 ἐγένετο
1474 4258 1614 4311 οὐδὲ
1651 4258 1740 4323 ἐν,

162 4350 197 4402 ὃ
222 4349 487 4418 γέγονεν.
537 4347 636 4398 Ἐν
659 4342 817 4408 αὐτῷ
839 4343 948 4408 ζωὴ
987 4341 1084 4412 ἦν,
1109 4343 1205 4396 καί
1228 4345 1264 4410 ἠ
1301 4341 1411 4408 ζωὴ
1437 4338 1514 4410 ἦν
1536 4341 1600 4392 τὸ
1617 4339 1742 4409 φῶς

161 4430 286 4485 τῶν
312 4429 652 4495 ἀνθρώπων.
685 4430 788 4492 Εἰς
821 4428 891 4480 τὰ
923 4427 1042 4479 ιδια
1065 4424 1230 4497 ἦλθε,
1270 4427 1369 4479 καί
1393 4429 1445 4479 οὶ
1471 4426 1603 4478 ἴδιοι
1638 4428 1744 4478 ai)-

162 4515 274 4568 τὸν
297 4515 367 4565 οὺ
406 4510 769 4577 παρέλαϐον.
803 4512 932 4563 Ὀτε
982 4506 1134 4562 εἶπεν
1177 4512 1336 4563 αὐτὸν
1373 4509 1606 4579 Ποιητήν
1649 4507 1741 4560 καὶ

163 4593 529 4665 Δημιουργὸν,
555 4593 674 4644 τότε
701 4594 908 4660 εἰσάγει
941 4594 1100 4645 αὑτὸν
1121 4592 1437 4646 διδάσκαλον
1458 4593 1551 4644 καὶ
1582 4608 1741 4660 νομοο

164 4680 329 4748 θέτην
366 4675 461 4729 τοῦ
517 4676 736 4739 παντός.
788 4677 953 4728 Πάλιν
1004 4676 1161 4738 ἀλλος
1217 4676 1412 4738 σκοπὸς
1444 4678 1738 4738 Μωῦσέως·

163 4762 318 4816 Διατί
343 4761 371 4812 6
401 4760 666 4829 μακάριος
695 4759 934 4828 Μωῡσῆς
959 4759 1189 4829 ούρανοῦ
1216 4760 1314 4826 μὲν
1347 4759 1739 4829 ἐμνημόνευσε,

165 4846 263 4900 καὶ
298 4844 400 4911 γῆς
437 4845 530 4895 καὶ
553 4844 825 4914 θαλάσσης
847 4845 939 4897 καὶ
960 4844 1186 4905 ὑδάτων,
1225 4844 1316 4894 καὶ
1334 4843 1441 4894 τῶν
1464 4843 1522 4904 ἐξ
1543 4842 1740 4907 αὐτῶν,

171 4927 421 4996 ἀγγέλων
449 4925 504 4977 δὲ
536 4927 1015 4996 ήάρχαγγέλων,ἢ
1041 4925 1339 4996 Σεραφεὶμ,
1371 4925 1404 4994 ἢ
1439 4925 1744 4995 Χερουϐεὶμ

166 5011 272 5064 οὐκ
297 5007 733 5077 ἐμνημόνευσενς
783 5009 998 5078 Ἐπειδὴ
1023 5011 1113 5060 καὶ
1131 5007 1226 5077 τήν
1261 5008 1580 5077 νομοθεσίαν
1609 5008 1744 5076 πρὸς

167 5096 298 5156 τοὺς
334 5091 453 5144 τότε
486 5094 709 5159 καιροὺς
733 5093 988 5162 ἥρμοζεν.
1029 5092 1179 5162 ᾜδει
1207 5091 1314 5162 γὰρ
1348 5088 1428 5155 οἷς
1455 5093 1740 5159 διελέγετο,

167 5179 287 5238 τοῖς
317 5172 616 5238 ἐξελθοῦσιν
643 5177 705 5226 ἐκ
731 5176 825 5242 τῆς
849 5175 1145 5242 Αἰγύπτου,
1176 5177 1286 5238 τοῖς
1313 5176 1411 5244 τὴν
1451 5177 1744 5242 Αἰγύπτιαι

172 5259 278 5330 κὴν
312 5257 518 5328 πλάνην
542 5255 820 5325 μαθοῦσιν,
853 5257 1003 5324 ἥλιον
1030 5259 1123 5310 καὶ
1165 5258 1393 5328 σελήνην
1424 5258 1516 5309 καὶ
1549 5258 1741 5326 ἄστρα,

173 5342 455 5409 ποταμοὺς
494 5340 585 5392 καὶ¹
613 5339 793 5406 πηγὰς
835 5338 928 5389 καὶ
961 5339 1143 5391 ὕδατα.
1182 5340 1485 5392 Κατέλιπεν
1530 5336 1621 5393 οῦν
1651 5341 1746 5410 τήν

171 5423 285 5476 τῶν
307 5424 550 5493 ἀοράτων
582 5421 954 5491 δημιουργίαν,
987 5423 1078 5473 καί
1097 5426 1241 5474 κενοῖ
1267 5423 1353 5474 τὸν
1387 5422 1540 5491 λόγον
1562 5423 1651 5475 ἐπὶ
1678 5424 1746 5475 τά

174 5505 331 5578 [458]
360 5504 630 5576 ὁρώμενα,
663 5505 744 5556 ἵνα
775 5503 935 5573 πείσῃ
983 5505 1105 5564 τοὺς
1135 5504 1343 5568 τούτοις
1384 5505 1747 5576 προσκυνοῦν-

171 5606 275 5652 τας
311 5588 384 5658 μὴ
409 5588 647 5658 νομίζειν
663 5586 798 5640 αύτά
820 5585 992 5648 θεοὺς,
1024 5585 1138 5638 ἀλλ’
1164 5587 1301 5656 ἔργα
1335 5590 1610 5642 Θεοῦ.Καὶ
1641 5589 1747 5659 γὰρ

173 5674 280 5727 οὐκ
323 5667 391 5742 ἦν
417 5674 706 5741 ἀναγκαῖον
733 5673 850 5725 τότε
895 5673 1060 5736 δεῖξαι
1095 5672 1321 5735 ἐκείνοις
1349 5675 1475 5743 περὶ
1505 5675 1749 5742 ἀγγέλων

173 5756 276 5808 καὶ
311 5757 680 5826 ἀρχαγγέλων,
726 5759 810 5810 ἵνα
844 5755 918 5827 μή
950 5755 1108 5813 πάλιν
1138 5755 1312 5829 θρέψῃ
1337 5758 1515 5814 αὐτῶν
1541 5760 1637 5831 τήν
1669 5759 1746 5812 νό-

1201 380 1288 436 1)Ε
1327 380 1543 437 MUNDI
1575 381 1756 436 CRBA
1774 380 1969 436 l'IONE
2006 383 2260 440 ORATIO
2305 387 2342 442 Ι.

3306 399 3419 454 432

1851 510 1961 546 σον.
1987 495 2049 547 Εἰ
2089 495 2199 566 γὰρ
2246 497 2318 568 μὴ
2351 497 2637 566 βλέποντες
2671 502 2933 570 ἀγγέλους
2971 499 3129 558 εἶπαν
3164 518 3212 571 ι,
3242 506 3423 578 πολλῷ

1847 579 2069 647 μᾶλλον,
2095 582 2143 632 εἰ
2169 582 2407 651 ἥκουσαν
2441 584 2706 650 ἀγγέλους
2738 587 2770 655 ἢ
2822 587 3214 656 ἀρχαγγέλους,
3241 591 3422 661 ἐνόμι-

1847 677 1945 713 σαν
1974 662 2210 726 ἐκείνους
2238 663 2391 727 θεοὺς
2416 664 2574 718 εἶναι.
2625 667 2782 720 Ἀλλά
2826 673 3151 740 μνημονεύει
3192 672 3420 742 ούρανοῦ

1846 744 1938 795 καὶ
1966 745 2086 812 γῆς.
2118 745 2286 814 ὀρέων
2308 749 2399 798 καὶ
2419 747 2641 813 ὑδάτων,
2663 753 2754 803 καὶ
2775 751 2882 804 τῶν
2909 753 2965 816 ἐξ
2986 755 3160 806 αὐτῶν
3181 756 3418 821 πάντων,

1847 825 1930 878 ἵνα
1977 827 2084 878 ἀπὸ
2107 829 2215 878 τῶν
2244 828 2535 897 ὁρωμένων
2571 831 2884 903 ἑρμηνεύσῃ
2929 834 3018 887 τὸν
3047 835 3298 904 ἀόρατον,
3329 838 3422 889 καὶ

1844 909 1950 961 ἀπὸ
1967 909 2074 960 τῶν
2098 910 2270 978 ἔργων
2296 910 2440 981 δείξῃ
2469 911 2558 963 τὸν
2603 913 2874 984 τεχνίτην.
2905 915 3089 979 Οὕτως
3116 916 3209 970 οὖν
3242 921 3333 971 καὶ
3370 920 3419 970 οί

1841 994 1990 1062 τρεῖς
2022 993 2205 1072 παῖδες
2245 993 2302 1043 ἐν
2337 995 2615 1047 Βαϐυλῶνι
2644 997 2927 1067 ἐποίησαν.
2979 999 3196 1070 Ἐπειδὴ
3226 1002 3334 1072 γάρ
3363 1003 3420 1054 ὲν

1842 1075 1919 1144 τῷ
1947 1075 2088 1126 ἔθνει
2115 1071 2256 1145 ἦσαν
2291 1078 2484 1144 ἐκείνῳ
2509 1079 2586 1143 τῷ
2616 1079 2890 1150 θεομάχῳ,
2924 1083 3019 1134 καὶ
3063 1084 3162 1135 οὐκ
3190 1080 3255 1152 ἦν
3283 1071 3418 1136 Θεοῦ

1844 1155 2062 1224 γνῶσις,
2095 1157 2208 1208 ἀλλ’
2238 1157 2432 1210 εἴδωλα
2464 1165 2872 1228 προσεκυνείτο,
2908 1165 2965 1214 ἐν
3005 1167 3069 1232 τῇ
3099 1166 3316 1234 καμίνῳ
3337 1165 3422 1217 όν-

1843 1257 1931 1301 τες
1976 1239 2242 1307 λέγουσιν·
2281 1245 2620 1311 Εὑλογεῖτε,
2672 1247 2868 1299 πάντα
2896 1245 2965 1298 τὰ
2998 1247 3141 1314 ἔργα
3173 1248 3416 1314 Κυρίου,

1843 1322 1948 1374 τὸν
1970 1324 2206 1389 Κύριον.
2235 1326 2386 1377 Διατί
2416 1327 2513 1378 οὐκ
2537 1324 2709 1393 εἷπον,
2749 1330 3024 1397 Ἄγγελοι,
3053 1331 3290 1400 οὐρανοὶ,
3325 1332 3420 1402 γῆ,

1843 1405 1974 1475 πῦρ,
2037 1407 2200 1477 ὕδωρ,
2247 1408 2437 1479 ψῦχος,
2469 1412 2677 1481 καῦμα,
2735 1414 2827 1466 καὶ
2859 1415 2955 1465 ὅσα
2995 1414 3240 1477 τοιαῦτα,
3287 1415 3422 1468 ἀλλά

1842 1488 1938 1559 τήν
1989 1490 2348 1560 δημιουργίαν
2400 1495 2690 1564 ἀριθμοῦσι
2739 1495 2876 1548 κατά
2910 1496 3106 1567 μέρος;
3141 1499 3255 1549 Ἵνα
3294 1498 3422 1568 ὃλην

1845 1571 2081 1623 πλύνωσι
2143 1574 2240 1642 τὴν
2274 1575 2470 1636 κτίσιν,
2521 1578 2612 1629 καὶ
2641 1579 2767 1646 ὃλην
2798 1577 3135 1646 καθαρίσωσι
3187 1580 3286 1648 τήν
3327 1579 3423 1649 δη-

1846 1656 2154 1725 μιουργίαν,
2187 1658 2278 1709 καὶ
2315 1659 2516 1728 μηδένα
2557 1660 2973 1732 καταλ[ε]ίπωσι
3023 1661 3293 1731 σπινθῆρα
3323 1664 3421 1730 τῆς

1844 1739 2118 1802 ἀσεϐείας.
2154 1741 2361 1812 Ὥσπερ
2389 1744 2482 1795 καὶ
2515 1743 2744 1796 ἐνταῦθα
2779 1743 3020 1813 Μωῦσῆς
3055 1743 3288 1813 θελήσας
3313 1744 3422 1796 τῶν

1857 1823 2124 1875 Ἰουδαίων
2167 1824 2264 1894 τήν
2315 1828 2692 1897 Αἰγυπτιακὴν
2721 1829 2991 1881 ἀπελάσαι
3025 1827 3252 1896 πλάνην,
3289 1845 3422 1897 μνη-

1847 1905 2059 1973 μονεύει
2090 1908 2182 1958 καί¹
2211 1907 2438 1976 ούρανοῦ
2474 1910 2565 1960 καὶ
2594 1911 2696 1978 γῆς
2714 1910 2786 1972 ὡς
2805 1910 3129 1979 γενομένων,
3164 1911 3248 1964 ἵνα
3275 1911 3424 1982 δείξῃ

1841 1987 1908 2040 τὰ
1946 1991 2304 2057 πεποιημένα,
2359 1992 2452 2042 καὶ
2515 1992 2862 2062 μνημονεύσῃ
2917 1994 3008 2044 τὸν
3061 1993 3419 2062 πεποιηκότα·

1856 2071 1953 2122 Ἐν
1977 2070 2133 2140 ἀρχῇ
2161 2073 2452 2140 ἐποίησεν
2489 2077 2521 2126 ό
2569 2077 2713 2139 Θεὸς
2746 2075 2853 2127 τὸν
2891 2077 3150 2144 οὐρανὸν
3179 2077 3277 2129 καί
3310 2074 3425 2143 τὴν

1842 2171 1978 2222 την.

1914 2235 1983 2303 γ’.
2000 2230 2126 2288 Ὧδέ
2152 2253 2240 2306 μοι
2269 2238 2359 2289 τὸν
2394 2237 2537 2292 νοῦν.
2585 2237 2726 2304 Ἐγὼ
2751 2238 3014 2308 θαυμάζω
3031 2239 3144 2302 πῶς
3172 2239 3424 2307 Ἰωάννης

1843 2320 1938 2370 καὶ
1965 2317 2197 2388 Μωῦσῆς
2219 2320 2278 2371 τὸ
2300 2321 2431 2371 αὐτὸ
2454 2321 2736 2390 προοίμιον
2767 2321 2947 2390 ἔσχον.
2985 2323 3094 2374 Καὶ
3131 2321 3240 2392 γὰρ
3267 2315 3423 2384 οὗτος

1843 2401 2008 2471 λέγει·
2055 2403 2146 2454 Ἐγ
2184 2402 2339 2470 ἀρχῇ
2363 2404 2630 2470 ἐποίησε·
2667 2405 2915 2466 κάκεῖνος
2941 2404 3109 2471 λέγει·
3141 2405 3242 2457 Ἐν
3263 2402 3422 2471 ἀρχῇ

1843 2482 1940 2554 ἦν.
1990 2485 2150 2538 Ἀλλά
2195 2491 2444 2550 κάκεῖνος
2499 2487 2807 2557 χρησίμως,
2855 2490 2948 2540 καὶ
2997 2483 3149 2551 οὗτος
3195 2487 3419 2557 κυρίως.

1847 2569 2019 2620 Ὅπου
2090 2569 2188 2637 μὲν
2252 2569 2359 2639 γάρ
2412 2571 2771 2640 δημιουργία,
2843 2570 3000 2633 ἔταξε
3053 2571 3292 2638 Μωῦσῆς
3324 2570 3421 2631 τὸ.

1857 2650 2179 2716 Ἐποίησεν
2204 2670 2216 2680 ·
2249 2653 2381 2704 ὅπου
2426 2654 2481 2704 δὲ
2519 2653 2878 2722 δημιουργὸς,
2923 2653 3077 2717 ἔταξε
3111 2653 3204 2714 τὸ,
3235 2649 3364 2717 Ἦν,
3395 2655 3424 2706 6

1844 2733 2250 2801 εὑαγγελιστής.
2287 2735 2425 2786 Πολὺ
2452 2735 2507 2786 δὲ
2540 2736 2600 2786 τὸ
2640 2737 2802 2803 μέσον
2837 2735 2952 2800 τοῦ,
3001 2736 3295 2801 Ἐποίησε,
3329 2736 3424 2789 καὶ

1842 2815 1957 2878 τοῦ,
1989 2812 2108 2868 Ἦν
2126 2833 2138 2845 ·
2175 2816 2235 2867 τὸ
2267 2817 2364 2885 μέν
2392 2817 2498 2887 γὰρ
2523 2817 2756 2884 ἐγένετο,
2792 2817 2864 2886 μή
2893 2817 2972 2880 δν,
3002 2819 3029 2871 6
3057 2818 3113 2870 δὲ
3134 2813 3202 2889 ἦν
3223 2819 3308 2870 ἀεὶ
3327 2817 3420 2869 ῶν.

1857 2900 1951 2951 Ἐν
1976 2899 2133 2968 ἀρχῇ
2159 2901 2428 2968 ἐποίησε·
2465 2902 2558 2953 καὶ
2579 2940 2593 2962 ,
2637 2904 2738 2954 Ἐν
2766 2901 2927 2970 ἀρχῇ
2951 2898 3047 2970 ἦν.
3089 2900 3222 2954 Θεοῦ
3264 2904 3326 2955 τὸ
3351 2899 3424 2952 εί-

1845 3001 1950 3044 ναι,
1980 2984 2292 3052 κτισμάτων
2325 2984 2379 3035 δέ
2408 2985 2469 3036 τὸ
2490 2984 2753 3052 γίνεσθαι,
2795 2984 2983 3055 ὥσπερ
3012 2985 3104 3037 καὶ
3137 2987 3164 3036 6
3192 2983 3422 3051 εὐαγγε-

1843 3065 2026 3136 λιστής
2057 3066 2282 3136 μερίζει.
2311 3067 2445 3137 Περὶ
2463 3068 2561 3136 μέν
2591 3067 2698 3136 γὰρ
2723 3066 2814 3118 τοῦ
2835 3068 3082 3136 Σωτῆρος
3103 3066 3281 3134 λέγει·
3322 3067 3424 3120 Ἐν

1842 3146 1997 3215 ἀρχῇ
2034 3144 2111 3216 ἦν
2136 3150 2168 3199 δ
2199 3149 2405 3215 Λόγοςο
2439 3146 2534 3198 καί
2567 3150 2597 3199 δ
2630 3147 2819 3214 Λόγος
2843 3142 2921 3214 ἦν
2943 3148 3091 3212 πρὸς
3119 3147 3224 3199 τὸν
3253 3147 3420 3209 Θεὸν.

1844 3230 1941 3282 καὶ
1975 3228 2118 3294 Θεὸς
2149 3225 2226 3297 ἦν
2251 3233 2282 3282 ό
2321 3230 2528 3296 Λόγος.
2558 3225 2743 3294 Οὗτος
2769 3225 2850 3298 ἦν
2878 3229 2947 3282 ἐν
2973 3229 3150 3298 ἀρχῇ.
3193 3231 3294 3283 Ἐν
3318 3233 3425 3284 αὐ-

1844 3309 1923 3374 τῷ
1943 3309 2054 3377 ζωὴ
2086 3307 2183 3380 ἦν,
2211 3313 2308 3362 καί
2340 3312 2378 3376 ἡ
2410 3309 2520 3377 ζωὴ
2568 3307 2647 3379 ἦν
2669 3314 2733 3363 τὸ
2763 3311 2888 3380 φῶς
2927 3311 3045 3365 τῶν
3073 3312 3421 3376 ἀνθρώπων.

1854 3393 2112 3457 Ἐξάκιςι)
2149 3393 2294 3460 λέγει
2332 3392 2414 3454 τὸ,
2442 3389 2570 3456 Ἦν,
2604 3395 2690 3446 ἵνα
2733 3395 3043 3466 ἐρμηνεύσῃ
3077 3394 3138 3447 τὸ
3169 3396 3246 3447 δν.
3287 3396 3425 3465 Περὶ

1842 3475 1897 3528 δὲ
1919 3474 2011 3527 τοῦ
2031 3477 2259 3538 οἰκέτου,
2284 3477 2369 3528 ὅτε
2395 3477 2627 3546 ἐκήρυξε
2654 3477 2742 3527 τὸν
2765 3477 2910 3538 δντα,
2937 3478 3027 3529 καὶ
3046 3473 3207 3548 ἦλθεν
3225 3479 3304 3540 εἰς
3330 3479 3422 3531 τὸν

1842 3557 2025 3611 δοῦλον
2078 3559 2169 3612 τὸν
2231 3559 2511 3628 Ἰωάννην,
2560 3559 2738 3627 λέγει·
2785 3559 3052 3627 Ἐγένετο
3088 3560 3418 3629 ἅνθρωπος.

1843 3641 1974 3704 Θεὸς
1997 3637 2084 3713 ἦν,
2112 3643 2394 3714 ἄνθρωπος
2424 3643 2479 3695 δὲ
2500 3643 2732 3710 ἐγένετο.
2763 3643 2826 3694 Εἰ
2850 3643 2905 3696 δὲ
2926 3645 3016 3695 καὶ
3042 3644 3168 3714 περὶ
3190 3644 3282 3698 τοῦ
3310 3645 3423 3698 Σω-

1842 3723 2008 3794 τῆρος
2027 3725 2263 3794 τολμῶσι
2289 3726 2484 3794 λέγειν,
2515 3727 2596 3778 ὅτι
2619 3727 2712 3777 καὶ
2738 3726 2765 3776 6
2795 3727 2984 3796 Σωτήρ
3011 3728 3298 3796 γενόμενος
3327 3723 3416 3797 ἦν,

1843 3807 1996 3858 οὐδὲν
2029 3807 2270 3876 διαφέρει
2301 3810 2395 3877 τῆς
2438 3808 2561 3876 γῆς.
2604 3809 2866 3877 Πρόσεχε,
2905 3809 3239 3878 παρακαλῶ·
3291 3810 3418 3862 Ἐὰν

1843 3886 1972 3959 εἴπῃ
2000 3890 2026 3940 6
2060 3889 2352 3957 αἰρετικὸς,
2381 3892 2461 3943 ὅτι
2493 3890 2725 3959 Χριστὸς
2755 3890 3042 3959 γενόμενος
3067 3887 3156 3956 ἦν,
3187 3892 3312 3961 πρὶν
3333 3909 3419 3960 γε·

1843 3975 2026 4028 νέσθαι
2059 3974 2156 4025 οὐκ
2189 3969 2276 4043 ἦν,
2317 3973 2368 4025 τί
2399 3973 2558 4026 πλέον
2586 3973 2696 4042 ἔχει
2725 3974 2822 4042 τῆς
2851 3973 2984 4042 γῆςς
3018 3974 3127 4026 Καὶ
3164 3974 3272 4044 γὰρ
3293 3975 3420 4046 περὶ

1842 4061 1939 4128 τῆς
1973 4059 2074 4126 γῆς
2100 4051 2217 4107 εἶπε
2247 4055 2519 4123 Μωῦσῆς·
2555 4056 2624 4110 Ἡ
2649 4055 2717 4108 δὲ
2742 4054 2816 4124 γῆ
2845 4051 2942 4126 ἦν.
2973 4057 3036 4107 El
3066 4052 3158 4109 οὗν
3191 4057 3270 4120 τὸ,
3319 4057 3422 4111 Ἑν

1843 4138 2001 4207 ἀρχῇ
2030 4134 2127 4207 ἦν,
2169 4139 2246 4200 εἰς
2279 4137 2495 4206 ποίησιν
2527 4138 2894 4206 λαμϐάνουσι,
2941 4139 3033 4192 καὶ
3063 4138 3123 4190 ού
3155 4139 3292 4191 κατά
3322 4139 3420 4209 τὴν

1845 4223 2011 4275 ἀΐδιον
2043 4221 2221 4291 φύσιν,
2255 4221 2402 4273 οὐδὲν
2437 4221 2596 4273 πλέον
2623 4221 2732 4291 ἔχει
2774 4225 2871 4291 τῆς
2908 4222 3030 4291 γῆς.
3077 4224 3184 4276 Καὶ
3229 4225 3257 4275 ὁ
3289 4223 3420 4287 Θεὸς

1844 4307 2014 4372 Λόγος
2034 4301 2123 4376 ἦν,
2154 4306 2246 4357 καὶ
2269 4307 2294 4375 ή
2317 4308 2384 4374 γῆ
2409 4300 2476 4374 ἦν
2492 4322 2505 4336 ·
2529 4304 2642 4357 ἀλλ’
2665 4307 2783 4357 ἐκεῖ
2801 4316 2823 4343 ο
2859 4306 2957 4375 μὲν
2978 4308 3034 4358 ἐν
3058 4307 3197 4377 ἀρχῇ
3224 4303 3311 4376 ἦν,
3345 4307 3418 4378 μὴ

1844 4388 2149 4457 γενόμενος,
2177 4387 2260 4439 ἀεὶ
2298 4387 2372 4439 ῶν
2395 4404 2409 4419 ·
2435 4389 2468 4457 ή
2497 4387 2552 4440 δὲ
2570 4386 2641 4456 γῆ
2666 4387 2931 4457 γενομένη
2952 4383 3039 4458 ἦν.
3072 4390 3144 4440 Οὺ
3173 4389 3280 4458 γὰρ
3300 4384 3420 4440 εἷπε

1846 4472 2057 4540 πρῶτον
2081 4473 2108 4522 ὁ
2123 4469 2432 4539 νομοθέτης,
2462 4471 2519 4524 Ἠ
2541 4470 2608 4522 δὲ
2630 4469 2705 4537 γῆ
2721 4465 2821 4537 ἦν,
2844 4471 2945 4533 ἕως
2962 4471 3048 4523 ὅτε
3069 4468 3218 4524 εἶπεν
3232 4513 3246 4534 ,
3269 4469 3419 4541 [459]

1856 4555 1957 4605 Ἐν
1987 4552 2146 4620 ἀρχῇ
2177 4553 2460 4617 ἐποίησεν
2499 4556 2530 4604 ὀ
2566 4553 2706 4616 Θεός
2751 4554 2856 4604 τὸν
2887 4553 3148 4620 οὐρανὸν
3176 4553 3274 4605 καί
3308 4553 3422 4620 τὴν

1843 4636 1986 4704 γῆν·
2033 4636 2246 4704 πρῶτον
2289 4635 2368 4694 τὸ,
2420 4636 2736 4702 Ἐποίησε,
2767 4638 2859 4688 καὶ
2885 4638 3002 4689 τότε
3032 4637 3123 4700 τὸ,
3159 4632 3289 4691 Ἦν.
3323 4638 3419 4690 0!-

1841 4718 2008 4786 δαμεν
2040 4715 2163 4780 οὖν,
2196 4717 2432 4785 ἀδελφοὶ,
2471 4718 2552 4769 ὃτι
2585 4718 2654 4770 τὰ
2701 4718 2872 4770 λεπτά
2926 4718 3095 4771 ταῦτα
3131 4719 3420 4789 ζητήματα

1842 4799 2074 4870 δυσχερῆ
2110 4799 2355 4866 φαίνεται
2393 4801 2511 4863 ταῖς
2549 4802 2657 4852 τῶν
2689 4800 2897 4852 πολλῶν
2936 4800 3216 4864 διανοίαις.
3261 4801 3420 4854 Ἀλλά

1842 4882 1922 4935 δεῖ
1949 4884 2004 4933 ἐν
2031 4881 2211 4950 ἡμέρα
2237 4882 2484 4951 νηστείας
2507 4882 2802 4952 νηφούσαις
2836 4881 3033 4952 μᾶλλον
3077 4884 3194 4943 ταῖς
3220 4881 3418 4950 ψυχαῖς

1845 4965 1971 5034 περὶ
2001 4963 2108 5015 τῶν
2143 4963 2454 5036 βαθυτέρων
2486 4966 2769 5036 νοημάτων
2806 4962 3166 5029 διαλέγεσθαι.
3196 4963 3296 5016 Ἑν
3323 4963 3420 5030 dp-

1845 5045 1924 5113 χῇ
1955 5042 2051 5114 ἦν·
2085 5048 2202 5110 καὶ,
2246 5048 2346 5099 Ἐν
2369 5047 2524 5115 ἀρχῇ
2549 5049 2814 5112 ἐποίησε·
2852 5045 2937 5097 διὰ
2970 5044 3126 5096 τοῦτο
3151 5043 3210 5095 τὸ
3235 5045 3419 5114 προοί-

1848 5146 1969 5198 μιον
1994 5129 2104 5181 ἴσον
2130 5125 2282 5182 εἷπον
2302 5129 2349 5192 ἀ,
2381 5131 2474 5182 Ἐν
2491 5129 2668 5198 ἀρχῇ,
2692 5131 2783 5182 καὶ
2810 5129 2905 5180 Ἐν
2929 5125 3106 5196 ἀρχῇ,
3131 5129 3216 5180 ἵνα
3232 5127 3416 5197 δειχθῇ

1911 5285 1936 5313 ⁸
1963 5284 2042 5332 Sic
2059 5283 2335 5333 Valiranus.
2369 5285 2416 5331 In
2457 5284 2604 5332 Savil.
2631 5284 2763 5331 εἶπαν
2789 5283 2954 5341 deest,

1847 5345 2206 5405 accessarium,
2258 5352 2310 5392 ut
2349 5347 2450 5405 ipse
2493 5345 2813 5392 suboduralus
2843 5355 2932 5392 est.
2987 5344 3105 5391 Infra
3143 5357 3229 5404 pro
3268 5345 3418 5404 ὀρέων

1846 5403 2100 5478 (Σοιηὺεῆε.
2143 5409 2264 5479 lggill
2284 5403 2446 5479 atem.
2479 5405 2540 5479 Ει
2563 5407 2750 5454 duabus
2778 5413 2891 5454 ante
2912 5407 2964 5466 γ’
2989 5406 3130 5454 lmels
3165 5403 3308 5450 idem
3329 5417 3417 5464 pro

1853 5468 2148 5527 μνημονεύσῃ
2175 5468 2316 5542 ἰιαίιῡι
2347 5468 2642 5550 ἑρμηνεύσειε..
2766 5531 2774 5540 .

1912 5533 1936 5570 b
1964 5527 2086 5574 Illud
2113 5531 2262 5583 έξακις
2284 5529 2426 5574 deest
2463 5529 2510 5573 in
2537 5529 2743 5576 bavnl.et
2765 5541 2812 5576 In
2837 5527 3087 5577 Comlleﬂs.
3111 5525 3213 5574 Sed
3241 5525 3289 5570 in
3324 5523 3416 5574 Va-

1851 5591 2019 5650 licanq
2053 5589 2235 5650 legilur
2277 5595 2437 5650 recle_;
2485 5601 2592 5635 nam
2617 5588 2673 5647 ἦν
2716 5592 2881 5636 sexies
2922 5588 2970 5636 in
3005 5588 3174 5649 primi.
3204 5591 3415 5647 quatuor

1849 5647 2048 5699 Jnannis
2069 5646 2286 5698 \‘érsibus
2318 5646 2518 5708 legitur.

1909 5712 1934 5740 ‘
1961 5710 2216 5758 llombelis.
2243 5710 2428 5764 ἐκεῖνος.

1914 5771 1938 5811 δ
1966 5772 2118 5821 Valle.
2144 5773 2249 5819 ἴσον
2274 5772 2430 5820 εἰπεῖν.
2457 5771 2607 5822 Savil.
2631 5771 2737 5820 ῐσον
2749 5771 2895 5831 εἷπον,
2909 5769 3104 5832 melius,
3121 5776 3174 5818 ul
3196 5769 3393 5818 ﬁdem!

2977 5285 3104 5344 quod
3129 5283 3208 5330 hic
3255 5288 3414 5329 tamen
