3982 6218
566 480 665 555 μία
700 480 823 553 ῥίζα
865 480 961 551 τῆς
995 477 1294 543 εὑσεϐείας,
1327 481 1360 547 ἡ
1397 478 1648 532 κάκεῖνον
1672 477 2004 532 παιδεύσασα
2045 478 2136 531 τὸν

562 566 879 638 νομοθέτην,
913 567 1006 618 καὶ
1038 564 1227 619 τοῦτον
1250 565 1532 634 φωτίσασα
1559 566 1649 617 τὸν
1674 566 1943 633 θεολόγον.
1976 564 2147 617 ’Λδελ-

563 658 662 721 gat
705 654 812 723 γὰρ
841 654 896 704 αἱ
924 651 1016 704 δύο
1052 651 1337 721 Διαθῆκαι,
1369 653 1428 717 ἐξ
1469 653 1586 717 ἐνὸς
1617 654 1828 723 Πατρὸς
1866 653 2102 706 τεθεῖσαι
2128 668 2143 683 ·

560 740 650 793 διὰ
682 739 839 792 τοῦτο
865 739 959 792 καὶ
987 737 1289 808 συμφώνως
1321 740 1410 791 τὸν
1439 739 1594 807 λόγον
1623 740 1956 810 προφέρουσι
1982 754 1996 767 ·
2025 756 2147 809 σχε-

560 828 650 881 δὸν
672 828 781 899 γὰρ
811 830 843 898 ἡ
878 827 1014 898 αὑτὴ
1039 827 1204 881 εἰκὼν
1243 827 1336 882 καὶ
1357 829 1609 898 ὁμοιότης
1626 830 1878 898 ὑπάρχει.
1909 829 2018 883 Καὶ
2039 828 2142 881 ὦσι

560 932 668 985 περ
688 918 745 969 ἐν
771 915 1025 984 ἀδελφαῖς
1052 915 1111 980 ἐξ
1136 916 1252 979 ἐνὸς
1279 916 1481 986 πατρὸς
1504 917 1941 985 γεγεννημέναις,
1976 918 2146 986 πρόσ-

559 1018 678 1056 εστι
718 1005 817 1074 τῆς
849 1003 1162 1074 ὁμοιότητος
1207 1002 1275 1055 τά
1327 1002 1609 1072 ἰδιώματα,
1642 1002 1814 1067 οὑτως
1870 1003 2054 1074 ἐπειδὴ
2088 1000 2145 1057 αἱ

558 1088 654 1142 δύο
696 1088 963 1159 Διαθῆκαι
1004 1089 1063 1155 ἐξ
1107 1089 1225 1152 ἐνὸς
1265 1089 1477 1159 Πατρὸς
1520 1090 1911 1160 ἐγεννήθησαν,
1943 1090 2145 1162 πολλὴν

561 1176 746 1247 έχουσι
766 1176 863 1246 τὴν
884 1176 1200 1246 ἐμφέρειαν.
1239 1175 1455 1245 Ἀμέλει
1486 1178 1580 1229 καὶ
1606 1178 1663 1228 ἐν
1684 1179 1751 1246 τῇ
1780 1177 1996 1247 Παλαιᾷ
2020 1181 2144 1231 Δια-

559 1265 701 1337 θήκῃ
724 1267 1045 1334 προηγεῖται
1083 1265 1276 1335 νόμος,
1305 1264 1398 1317 καὶ
1434 1265 1788 1318 ἀκολουθοῦσι
1831 1267 2140 1336 προφῆται,

556 1353 651 1405 καὶ
680 1354 737 1404 ἐν
756 1352 820 1422 τῇ
856 1351 952 1421 νέα
981 1352 1162 1421 χάριτι
1201 1355 1523 1422 προηγεῖται
1552 1352 1611 1404 τὸ
1646 1353 1975 1420 Εὑαγγέλιον
1994 1392 2008 1417 ,
2049 1353 2144 1406 καὶ

555 1437 941 1492 ἀκολουθοῦσιν
956 1438 1260 1491 ἀπόστολοι.
1311 1440 1457 1491 Ἐκεῖ
1480 1438 1685 1491 δώδεκα
1706 1439 1999 1509 προφῆται,
2022 1440 2147 1492 ἔκα-

556 1541 679 1587 στος
703 1537 729 1565 ι
762 1524 871 1577 τῶν
897 1523 1131 1577 δώδεκα·
1163 1523 1368 1577 δώδεκα
1389 1525 1437 1576 οἰ
1468 1527 1595 1593 περὶ
1633 1524 1792 1595 Ὠσηέ
1814 1541 1827 1553 ·
1859 1525 2141 1596 τέσσαρες,

565 1611 813 1674 Ἡσαΐας,
861 1609 1147 1681 Ἱερεμίας,
1192 1611 1490 1681 Ἰεζεκιηλ,
1526 1611 1744 1682 Δανιήλ.
1790 1612 1878 1665 Ἐν
1915 1614 1980 1683 τῇ
2029 1612 2144 1683 Νέᾳ

552 1700 759 1756 δώδεκα
790 1704 1095 1768 ἀπόστολοι,
1127 1705 1222 1757 καὶ
1252 1704 1516 1774 τέσσαρες
1548 1704 1951 1772 εὑαγγελισταί.
1998 1705 2145 1757 Ἐκεῖ

552 1787 716 1840 πάλιν
742 1788 931 1859 πρώτη
955 1790 1143 1859 κλῆσις
1166 1789 1301 1843 Θεοῦ
1322 1791 1430 1843 ἀπὸ
1453 1790 1695 1859 ἀδελφῶν
1720 1790 1922 1860 ἡρξατο
1942 1806 1955 1820 ·
1982 1790 2140 1843 ἔλαϐε

551 1874 659 1947 γὰρ
687 1874 779 1927 τὸν
808 1874 1050 1943 Μωῦσῆν
1086 1877 1178 1929 καὶ
1215 1877 1305 1930 τὸν
1350 1877 1561 1949 Ἀαρὼν
1587 1877 1835 1947 πρώτους
1864 1879 2140 1948 κήρυκαςυ

549 1962 644 2013 καὶ
675 1961 732 2013 ἐν
750 1960 828 2031 τῷ
859 1963 1175 2033 Εὑαγγελίῳ
1202 1962 1427 2035 πρώτην
1452 1963 1645 2034 κλῆσιν
1677 1966 1910 2017 ποιεῖται
1933 1964 2139 2033 Πέτρου

548 2048 644 2100 καὶ
679 2050 949 2119 Ἀνδρέου.
990 2052 1168 2103 Κάκεῖ
1204 2053 1302 2121 μὲν
1337 2052 1483 2122 ἁπλῆ
1520 2052 1699 2121 χάρις,
1734 2046 1834 2107 ὧδε
1868 2054 1925 2104 δὲ
1955 2053 2140 2107 διπλά-

549 2154 684 2193 σιον.
725 2139 869 2192 Ἑκεί
914 2139 1021 2211 γὰρ
1058 2141 1149 2193 δύο
1181 2140 1397 2208 ἀδελφοὶ
1430 2140 1739 2211 ἐκλήθησαν
1771 2143 2011 2213 Μωῦσῆς
2046 2147 2138 2196 καὶ

560 2223 802 2294 ’Δαρώψ
833 2226 1066 2279 ἐνταῦθα
1087 2228 1144 2279 δὲ
1172 2228 1331 2297 διπλῆ
1362 2227 1491 2291 δυάς
1517 2228 1784 2298 ἀδελφῶν,
1818 2230 2022 2300 Πέτρος
2045 2233 2139 2285 καὶ

561 2310 833 2380 Ἀνδρέας,
874 2312 1126 2375 Ἰάκωϐος
1152 2315 1243 2366 καὶ
1280 2316 1551 2384 Ἰωάννης.
1594 2316 1808 2386 Ἐπειδὴ
1829 2317 2091 2388 ἠθέλησεν
2110 2319 2137 2370 6

547 2398 739 2469 Σωτὴρ
773 2400 871 2468 τὴν
902 2402 1041 2453 κατὰ
1067 2401 1127 2452 τὸ
1158 2400 1310 2469 ἀγιον
1339 2402 1561 2473 Πνεῦμα
1583 2404 1805 2474 ἀγάπην
1829 2406 2137 2459 ἐντυπῶσαι

546 2484 699 2554 ἡμῖν,
735 2489 827 2538 καὶ
856 2487 1114 2555 ἀδελφοὺς
1149 2489 1372 2558 ποιῆσαι
1401 2493 1467 2561 τῇ
1501 2490 1738 2543 διαθέσει
1761 2492 1854 2543 καὶ
1878 2492 1954 2562 τῷ
1978 2493 2137 2545 πνεύ-

548 2588 713 2642 ματι,
748 2573 904 2625 ἔλαϐε
942 2574 1188 2643 θεμέλιον
1224 2575 1321 2646 τὴν
1357 2576 1551 2643 φύσιν,
1596 2579 1687 2630 καὶ
1726 2578 2036 2650 προσέπηξε
2068 2579 2137 2632 τὰ

544 2660 643 2730 τῆς
672 2660 885 2728 φύσεως
918 2663 1221 2733 σπλάγχνα,
1255 2665 1350 2718 καὶ
1385 2669 1442 2718 ἐν
1468 2666 1651 2737 ἐκείνῃ
1679 2668 2021 2738 ἐποικοδομεῖ
2045 2668 2135 2721 τὸν

546 2746 795 2817 θεμέλιον
823 2750 921 2818 τῆς
967 2751 1312 2820 Ἐκκλησίας.
1344 2753 1563 2823 Πρῶτον
1587 2755 1809 2823 σημεῖον
1837 2756 1893 2807 ἐν
1924 2759 1986 2826 τῇ
2019 2757 2133 2808 Πα-

544 2835 671 2905 λαιᾷ
705 2838 733 2887 6
782 2838 1027 2906 ποταμὸς
1068 2839 1146 2900 είς
1196 2836 1335 2908 αἷμα
1383 2840 1881 2911 μεταϐαλλόμενος’
1919 2842 2133 2912 πρῶτον

546 2926 770 2991 σημεῖον
794 2925 848 2975 ἐν
876 2927 942 2993 τῇ
967 2925 1137 2993 Καινῇ
1164 2926 1222 2977 τὸ
1253 2925 1393 2996 ὕδωρ
1422 2928 1500 2989 είς
1529 2924 1692 2981 οἶνον.
1729 2929 1867 2981 Ἀλλ’
1896 2931 1996 2982 οὑκ
2016 2930 2131 2983 ἔστι

543 3008 637 3063 τοῦ
664 3010 927 3076 παρόντος
957 3011 1148 3082 καιροῦ
1183 3013 1362 3065 πᾶσαν
1387 3016 1559 3067 εἰπεῖν
1597 3016 1792 3085 ἐφεξῆς
1828 3017 1927 3085 τὴν
1953 3018 2130 3084 ὁμοιό-

543 3114 710 3167 τητα·
742 3099 820 3160 είς
846 3097 902 3149 δέ
929 3098 989 3149 τὸ
1018 3100 1377 3168 προκείμενον
1411 3103 1814 3172 ἐπανέλθωμεν.
1852 3105 1953 3157 Ἐν
1973 3104 2131 3173 ἀρχῇ

542 3184 833 3253 ἐποίησεν
861 3189 893 3239 ό
923 3187 1066 3252 Θεὸς
1096 3189 1200 3241 τὸν
1228 3190 1488 3256 οὐρανὸν
1513 3192 1611 3244 καὶ
1646 3193 1759 3257 τὴν
1783 3192 1918 3261 γῆν.
1957 3195 2042 3245 Ἐν
2073 3194 2132 3258 ἓξ

542 3274 780 3343 ἡμέραις
827 3275 1081 3344 ἐποίησεν
1116 3277 1144 3328 6
1187 3275 1317 3339 Θεὸς
1346 3277 1413 3330 τά
1441 3279 1634 3331 πάντα.
1695 3281 1832 3331 Ἀλλ’
1864 3282 1896 3350 ἡ
1938 3281 2128 3351 πρώτη

542 3362 724 3430 ἡμέρα
757 3361 1002 3433 διαφέρει
1030 3363 1137 3413 τῶν
1179 3364 1351 3416 ἄλλων
1388 3366 1494 3417 τῶν
1532 3367 1651 3435 μετ’
1685 3369 1872 3433 αὑτήν.
1920 3369 1996 3438 Τῇ
2029 3368 2129 3437 μὲν

540 3449 649 3518 γάρ
673 3448 862 3520 πρώτῃ
891 3451 1077 3521 ἡμέρᾳ.
1107 3452 1363 3522 ἐποίησεν
1391 3454 1418 3505 6
1451 3454 1582 3517 Θεὸς
1600 3457 1662 3507 ὲκ
1695 3455 1770 3526 μὴ
1798 3456 1997 3509 ὄντων’
2021 3457 2129 3509 ἀπὸ

539 3535 595 3587 δὲ
626 3536 721 3604 τῆς
746 3537 1001 3606 δευτέρας
1032 3540 1244 3607 ἡμέρας
1277 3540 1429 3592 οὐδὲν
1462 3544 1714 3612 ἐποίησεν
1745 3544 1772 3593 6
1793 3543 1927 3606 Θεὸς
1955 3546 2017 3596 ἐκ
2051 3543 2126 3613 μὴ

538 3621 728 3684 δντων,
753 3623 867 3674 ἀλλ’
893 3617 967 3675 ὧν
997 3625 1219 3693 ἐποίησε
1249 3628 1314 3695 τῇ
1354 3626 1542 3697 πρώτῃ
1574 3629 1754 3698 ἡμέρᾳ
1776 3670 1789 3694 ,
1832 3630 2125 3699 μετέϐαλεν

537 3708 613 3772 ὡς
645 3710 898 3779 ἠθέλησε.
947 3711 1018 3763 Σὺ
1066 3711 1122 3763 δέ
1160 3714 1186 3763 6
1223 3713 1558 3782 σκεψάμενος
1592 3715 1685 3766 καὶ
1731 3717 2046 3785 ἐρευνήσας,
2076 3718 2124 3769 εἰ

541 3796 640 3864 μὲν
666 3797 941 3866 εὑρίσκεις
972 3797 1257 3868 ἀλήθειαν,
1306 3799 1668 3871 συμφώνησον
1692 3819 1706 3834 ·
1738 3804 1786 3855 εί
1814 3804 1869 3856 δὲ
1892 3805 1988 3873 οὑχ
2032 3805 2123 3856 εὑ-

540 3882 749 3953 ρίσκεις
784 3884 1060 3954 ἀλήθειαν,
1101 3887 1416 3957 κατηγόρει,
1463 3889 1555 3940 καὶ
1584 3889 1808 3959 δέχομαι
1843 3890 1941 3961 τὴν
1989 3908 2123 3944 κατ-

538 3970 767 4039 ηγορίαν
787 3987 801 4001 σ
835 3972 989 4041 φέρει
1014 3972 1121 4041 γάρ
1154 3990 1242 4043 μοι
1267 3974 1463 4045 πολλὴν
1490 3974 1807 4043 ἀπολογίαν.

610 4055 672 4110 δ’.
714 4056 793 4126 Τῇ
831 4056 928 4125 μὲν
960 4054 1053 4109 οὖν
1088 4058 1277 4129 πρώτῃ
1308 4062 1489 4133 ἡμέρᾳ
1519 4062 1773 4132 ἐποίησεν
1805 4064 1833 4117 6
1864 4064 1995 4127 Θεὸς
2024 4064 2121 4128 τὰς

541 4143 671 4208 ῦλας
717 4145 825 4195 τῶν
872 4146 1218 4214 κτισμάτων·
1262 4152 1381 4212 ταῖς
1419 4150 1476 4203 δὲ
1507 4150 1696 4213 ἄλλαις
1740 4152 1972 4222 ἡμέραις
2021 4153 2119 4223 τὴν

537 4230 819 4300 μόρφωσιν
850 4231 944 4281 καὶ
975 4231 1070 4301 τὴν
1095 4232 1451 4304 διακόσμησιν
1476 4238 1584 4289 τῶν
1611 4239 1945 4308 κτισμάτων.
1994 4233 2118 4291 Οἷόν

532 4334 585 4369 τι
610 4317 751 4385 λέγω
775 4332 787 4345 °
836 4317 1086 4387 Ἐποίησε
1117 4320 1206 4372 τὸν
1240 4321 1464 4392 οὐρανὸν
1505 4326 1578 4392 μὴ
1617 4324 1766 4386 ὄντα,
1800 4327 1860 4378 οὑ
1894 4325 2112 4389 τοῦτον,

531 4405 667 4458 ἀλλὰ
700 4407 789 4458 τὸν
836 4405 1120 4476 ὑπεράνω·
1170 4402 1321 4471 οὗτος
1365 4410 1473 4480 γὰρ
1502 4414 1568 4479 τῇ
1603 4410 1833 4481 δευτέρᾳ
1875 4413 2109 4479 ἐγένετο.

532 4490 685 4563 [MO]
720 4493 999 4563 Ἐποίησεν
1025 4495 1053 4546 6
1082 4494 1212 4557 Θεὸς
1242 4495 1332 4548 τὸν
1358 4498 1581 4568 οὐρανὸν
1604 4498 1692 4550 τὸν
1722 4498 1829 4551 ἀνω
1848 4538 1862 4560 ,
1895 4500 2022 4568 περὶ
2052 4494 2111 4553 οὗ

532 4580 626 4632 καὶ
656 4582 683 4631 ὁ
702 4580 863 4633 Δαυῒδ
892 4580 1037 4648 λέγει
1062 4598 1075 4611 ·
1116 4582 1167 4634 Ὀ
1194 4584 1449 4652 οὐρανὸς
1476 4584 1583 4637 τοῦ
1610 4585 1867 4652 οὐρανοῦ
1896 4585 1975 4650 τῷ
1998 4590 2112 4639 Κυ-

524 4666 656 4732 ρίῳ.
720 4667 997 4737 ’Υπερῴον
1041 4669 1096 4719 δέ
1139 4671 1253 4723 ἐστι
1285 4670 1461 4723 τοῦτο.
1496 4673 1604 4724 Καὶ
1657 4672 1845 4743 ῶσπερ
1878 4674 1935 4725 ἐν
1975 4675 2111 4743 οἴκῳ

528 4750 783 4822 διωρόφῳ
815 4754 1099 4821 μεσολαϐεῖ
1122 4757 1286 4827 στέγη
1314 4758 1452 4827 μέση
1469 4759 1494 4797 ι)
1516 4799 1531 4823 ,
1562 4758 1733 4820 οὑτως
1756 4760 1832 4822 ὠς
1851 4758 1946 4811 ἕνα
1963 4756 2109 4812 οἷκον

530 4839 719 4900 κτίσας
748 4842 775 4891 6
806 4841 1006 4911 Κύριος
1046 4843 1136 4895 τὸν
1167 4845 1401 4913 κόσμον,
1434 4846 1605 4916 μέσην
1638 4846 1834 4916 στέγην
1872 4847 2105 4917 ἐπέθηκε

526 4926 618 4977 τὸν
648 4926 873 4993 οὑρανὸν
906 4929 1112 4991 τοῦτον,
1136 4933 1227 4983 καὶ
1252 4932 1504 5000 ὑπεράνω
1526 4933 1594 4985 τά
1627 4933 1814 4987 ὕδατα.
1834 4933 1933 4985 Διὰ
1950 4933 2106 4984 τοῦτο

526 5012 670 5079 λέγει
694 5013 882 5063 Δαυῖδ’
911 5016 973 5066 '0
995 5017 1289 5084 στενάζων
1315 5019 1491 5071 ὕδασι
1523 5020 1596 5071 τὰ
1633 5018 1872 5086 ὑπερῷα
1895 5018 2100 5072 αὐτοῦ.

537 5099 819 5168 Ἐποίησεν
838 5096 929 5152 οῦν
956 5102 1045 5152 τὸν
1066 5104 1290 5172 οὐρανὸν
1317 5106 1387 5176 μὴ
1407 5105 1553 5168 ὅντα,
1573 5106 1672 5175 τὴν
1696 5107 1798 5175 γῆν
1824 5107 1899 5175 μὴ
1916 5102 2100 5170 οὖσαν,

527 5186 622 5249 τὰς
651 5186 918 5248 ἀϐύσσους
950 5188 1024 5256 μὴ
1060 5188 1243 5252 οῦσας,
1271 5192 1523 5260 ἀνέμους,
1555 5192 1739 5263 ἀέρας,
1774 5192 1903 5263 πῦρ,
1937 5192 2099 5261 ὕδωρ.

526 5276 748 5328 Πάντων
782 5274 888 5326 τῶν
926 5275 1228 5344 γενομένων
1271 5280 1369 5347 τὴν
1414 5278 1545 5348 ὓλην
1574 5282 1638 5349 τῇ
1670 5280 1859 5351 πρώτῃ
1919 5280 2101 5349 ἡμέρᾳ

525 5362 797 5431 ἐποίησεν.
835 5363 994 5414 Ἀλλὰ
1025 5364 1240 5426 πάντως
1275 5366 1388 5434 ἐρεῖ
1412 5382 1525 5429 τις,
1549 5366 1859 5435 Γέγραπται
1896 5366 1994 5436 μὲν
2020 5366 2100 5418 ὅτι

2021 356 2388 418 SEVERIANI

3719 377 3815 432 434

2252 478 2423 549 πυρὸς
2447 477 2540 530 καὶ
2560 476 2718 546 ἀέρος
2740 476 2800 530 οὑ
2821 476 3149 548 γέγραπται.
3174 475 3395 548 Πρῶτον
3423 474 3522 545 μὲν
3543 469 3658 537 οῦν,
3684 474 3818 528 ἀδελ·
3930 480 3931 509 ξ

2248 566 2359 633 φοὶ,
2403 566 2497 633 ἀφ’
2534 558 2595 617 οὑ
2647 558 2767 617 εἶπε
2815 564 2906 616 τὸν
2951 565 3178 633 οὐρανὸν
3223 564 3316 616 καὶ
3342 563 3438 632 τὴν
3487 562 3592 633 γῆν
3614 562 3815 629 γεγενῆ-

2250 650 2394 716 σθαι,
2421 653 2484 704 ἐκ
2514 653 2616 703 τῶν
2633 650 2998 721 περιεχόντων
3015 653 3289 721 ἡρμήνευε
3305 660 3328 689 ο
3352 650 3419 702 τὰ
3439 649 3813 719 περιεχόμενα.

2260 739 2347 802 Ὠς
2376 738 2484 808 γὰρ
2516 738 2604 791 ὅτε
2634 734 2808 803 εἶπεν,
2857 738 3179 803 Ἐποίησεν
3213 740 3246 790 ὀ
3284 737 3429 800 Θεὸς
3456 737 3564 789 τὸν
3607 736 3815 803 ἀνθρω-

2252 839 2385 891 πον,
2422 825 2575 895 χοῦν
2610 825 2813 879 λαϐὼν
2845 824 2964 879 ἀπὸ
2997 823 3106 891 τῆς
3133 823 3263 893 γῆς,
3305 820 3426 876 εἶπε
3459 824 3559 893 μὲν
3606 822 3669 874 τὸ
3698 822 3819 875 πλά-

2247 929 2379 982 σμα,
2402 913 2503 966 οὑκ
2519 914 2791 984 ἠρίθμησε
2814 913 2870 965 δὲ
2897 912 2964 965 τὰ
2991 913 3146 982 μέλη,
3175 911 3294 965 οὑδὲ
3322 906 3476 963 εἶπεν
3496 927 3508 938 ·
3548 908 3818 976 Ἐποίησεν

2246 1003 2275 1053 6
2311 1002 2441 1065 Θεὸς
2469 1001 2801 1072 ὀφθαλμοὺς,
2844 1002 2939 1059 καὶ
2975 995 3111 1062 ὦτα,
3146 1001 3240 1054 καὶ
3274 1002 3395 1073 ῥῖνα
3420 1014 3432 1026 ·
3470 997 3611 1053 ἀλλά
3642 998 3717 1066 τῷ
3750 998 3817 1048 εί-

2248 1092 2369 1142 πεῖν
2400 1090 2490 1142 τὸν
2524 1090 2810 1160 ἄνθρωπον
2840 1088 2937 1143 ὅλα
2963 1088 3366 1160 συμπεριέλαϐε
3381 1087 3447 1140 τά
3478 1086 3638 1157 μέλη·
3664 1085 3818 1146 οὕτως

2246 1174 2561 1241 είπὼν,Τὸν
2580 1177 2841 1244 οὐρανὸν
2866 1176 2963 1229 καὶ
3003 1175 3117 1243 τὴν
3146 1174 3262 1242 γῆν
3292 1176 3582 1239 ἐποίησεν
3601 1176 3635 1226 ό
3667 1172 3815 1235 Θειῖης,

2248 1263 2651 1333 συμπεριέλαϐε
2687 1264 2887 1327 πάντα,
2915 1264 3009 1315 κα)⁵
3039 1264 3398 1331 συνεισὴγαγε
3428 1263 3523 1313 καὶ
3550 1260 3618 1311 τὸ
3642 1258 3817 1319 σκότος

2246 1350 2339 1402 καὶ
2387 1349 2485 1413 τὰς
2528 1350 2798 1413 ἀϐύσσους
2852 1351 3252 1420 γεγενημένας’
3304 1349 3529 1411 Σκότος
3572 1347 3681 1415 γάρ
3728 1340 3816 1413 ἦν.

2247 1436 2437 1507 φησὶν,
2467 1437 2671 1490 ἐπάνω
2699 1436 2809 1504 τῆς
2836 1439 3132 1492 ἀϐύσσου.
3184 1436 3451 1498 Ἀϐυσσος
3501 1435 3556 1488 δὲ
3589 1434 3819 1487 καλεῖται

2244 1526 2307 1578 τὸ
2336 1526 2540 1597 πλῆθος
2565 1526 2674 1579 τῶν
2701 1527 2927 1580 ὑδάτων.
2951 1528 3073 1580 ’Ὁτι
3101 1526 3159 1579 δὲ
3190 1528 3280 1578 καὶ
3301 1524 3526 1579 ἄϐυσσοι
3557 1523 3815 1590 ἐγένοντο,

2249 1617 2525 1684 μαρτυρεῖ
2556 1615 2590 1685 ἡ
2637 1614 2676 1666 Γ
2681 1615 2828 1685 ραφὴ
2861 1614 3129 1681 λέγουσα·
3172 1613 3289 1680 Πρὸ
3324 1611 3431 1665 τοῦ
3475 1610 3583 1675 τὰς
3640 1608 3818 1662 ἀϐύσ-

2243 1718 2394 1767 σους
2419 1701 2688 1767 ποιῆσαι,
2713 1702 2826 1769 πρὸ
2856 1702 2958 1755 τοῦ
2976 1702 3088 1769 τὴν
3104 1700 3219 1770 γῆν
3238 1699 3533 1768 γενέσθαι.
3554 1698 3716 1749 Ὥστε
3734 1694 3817 1746 καὶ

2243 1789 2467 1842 ἄϐυσσοι
2493 1790 2756 1855 ἐγένοντο.
2778 1784 2908 1842 Εἶτα
2933 1788 3025 1841 καὶ
3044 1790 3071 1841 6
3093 1788 3201 1857 ἀὴρ
3222 1787 3350 1838 πότε
3376 1785 3614 1853 ἐγένετο,
3634 1784 3814 1836 ἄκουε’

2244 1876 2351 1930 Καὶ
2386 1876 2621 1945 πνεῦμα
2655 1877 2802 1930 Θεοῦ
2827 1876 3145 1945 ἐπεφέρετο
3186 1872 3385 1927 ἐπάνω
3424 1870 3542 1924 τῶν
3570 1870 3813 1925 ὑδάτων.

2244 1965 2471 2036 Πνεῦμα
2491 1965 2547 2017 δὲ
2571 1965 2629 2017 οὑ
2660 1966 2720 2017 τὸ
2752 1966 2905 2032 ἀγιον
2934 1965 3081 2032 λέγει
3121 1963 3350 2016 ἐνταῦθα
3370 1978 3383 1991 ·
3416 1961 3475 2012 οὑ
3500 1959 3611 2028 γὰρ
3632 1960 3697 2027 τῇ
3723 1954 3819 2008 κτίο

2245 2070 2325 2106 σει
2359 2054 2765 2125 συναριθμεῖται
2812 2053 2873 2105 τὸ
2917 2054 3171 2107 ἀκτιστον
3199 2068 3212 2082 ο
3250 2049 3384 2103 ἀλλά
3414 2046 3635 2116 πνεῦμα
3678 2042 3820 2096 καλεῖ

2242 2139 2338 2210 τὴν
2367 2140 2460 2193 τοῦ
2487 2140 2649 2209 ἀέρος
2680 2141 2916 2209 κίνησιν.
2957 2140 3067 2193 Καὶ
3101 2138 3289 2209 ῶσπερ
3322 2138 3379 2189 ἐν
3425 2135 3502 2202 τῷ
3544 2134 3701 2203 Ἠλίᾳ
3734 2128 3816 2198 γέ-

2240 2243 2483 2298 γραπται
2509 2228 2585 2299 τῷ
2605 2230 2855 2298 προφήτῃ
2873 2244 2884 2255 ·
2904 2226 3012 2280 Καὶ
3036 2229 3068 2280 d
3091 2225 3347 2293 οἰιρανὸς
3367 2222 3819 2275 συνεσκότασεν

2239 2314 2309 2367 ἐν
2328 2314 2554 2384 νεφέλῃ
2587 2313 2683 2367 καί
2711 2315 3003 2383 πνεύματι
3026 2328 3040 2342 ·
3066 2310 3209 2365 οὑτω
3232 2312 3321 2362 καὶ
3351 2308 3585 2361 ἐνταῦθα
3613 2306 3816 2374 πνεῦμα

2238 2401 2339 2471 τὴν
2368 2401 2462 2453 τοῦ
2503 2402 2667 2471 ἀέρος
2710 2400 2858 2469 λέγει
2898 2401 3078 2469 φύσιν.
3113 2398 3309 2451 Λοιπὸν
3349 2396 3596 2449 λείπεται
3627 2394 3814 2459 δεῖξαι,

2240 2490 2343 2544 ποῦ
2374 2490 2435 2543 τὸ
2460 2490 2571 2560 πῦρ
2607 2491 2845 2558 ἐγένετο.
2878 2485 3042 2541 Εἶπεν
3072 2489 3101 2539 ὁ
3142 2487 3272 2549 Θεός
3291 2504 3304 2517 ⁸
3332 2484 3650 2551 Γενηθήτω
3676 2480 3816 2550 φῶς,

2240 2579 2332 2630 καὶ
2370 2580 2586 2646 ἐγένετο
2621 2581 2654 2648 ἡ
2696 2577 2790 2631 τοῦ
2813 2578 2981 2649 πυρὸς
3019 2574 3179 2644 φύσις
3203 2589 3215 2603 ⁸
3248 2574 3308 2626 οὑ
3334 2573 3442 2643 γὰρ
3480 2572 3638 2641 μόνον
3667 2568 3820 2621 τοῦτο

2238 2665 2298 2717 τὸ
2324 2665 2435 2735 πῦρ
2478 2667 2625 2718 ἐστιν
2650 2706 2664 2730 ,
2699 2664 2834 2717 ἀλλά
2876 2665 2968 2717 καὶ
2998 2664 3054 2716 αἱ
3096 2663 3207 2716 ἀνω
3250 2660 3506 2730 δυνάμεις
3541 2657 3652 2727 πῦρ
3694 2660 3817 2717 εἰσι,

2238 2755 2334 2807 καὶ
2363 2754 2623 2822 συγγενές
2650 2754 2765 2805 ἐστι
2791 2752 2851 2804 τὸ
2871 2753 2983 2805 ἀνω
3013 2750 3123 2819 πῦρ
3162 2749 3353 2802 τούτου
3382 2747 3474 2800 τοῦ
3506 2747 3636 2817 παρ’
3666 2747 3817 2814 ἡμῖν.

2236 2842 2457 2911 Ζητεῖτε
2505 2840 2561 2892 δὲ
2586 2880 2600 2901 ,
2636 2841 2715 2892 ὅτι
2758 2838 2821 2891 τὸ
2868 2839 2966 2907 μὲν
3015 2838 3339 2900 σϐέννυται,
3365 2836 3426 2889 τὸ
3468 2836 3524 2887 δὲ
3572 2835 3633 2886 οὐ
3668 2834 3821 2884 σϐέν-

2236 2946 2412 2983 νυται.
2475 2928 2630 2981 Ἐπεὶ
2688 2927 2782 2980 καὶ
2825 2927 2952 2988 τοὺς
2998 2926 3265 2994 ἀγγέλους
3305 2925 3559 2993 ἐποίησεν
3604 2924 3631 2975 6
3691 2922 3821 2981 Θεὸς

2237 3017 2544 3087 πνεύματα,
2572 3018 2664 3068 καὶ
2699 3015 2797 3078 τὰς
2822 3014 2998 3084 ψυχὰς
3030 3014 3189 3084 ἡμῶν
3222 3012 3526 3082 πνεύματα,
3560 3009 3698 3061 ἀλλά
3728 3018 3822 3069 τες

2239 3105 2337 3174 μὲν
2374 3104 2552 3173 ψυχὰς
2585 3102 2741 3173 ἡμῶν
2769 3105 2826 3157 ἐν
2853 3102 3089 3171 σώμασι,
3116 3102 3242 3164 τοὺς
3264 3100 3320 3153 δέ
3359 3098 3619 3166 ἀγγέλους
3655 3098 3821 3156 ἑκτπ

2238 3191 2527 3260 σωμάτων.
2564 3190 2774 3259 Ὥσπερ
2812 3186 2904 3242 οῦν
2934 3190 3027 3241 ἐπὶ
3056 3188 3167 3241 τῶν
3193 3186 3383 3256 ψυχῶν
3414 3186 3506 3237 καὶ
3534 3184 3639 3235 τῶν
3659 3184 3823 3249 ἀγγέ-

2234 3277 2364 3341 λων,
2395 3276 2539 3329 οὑτω
2567 3277 2659 3329 καὶ
2681 3277 2773 3328 ἐπὶ
2810 3276 2902 3329 τοῦ
2936 3275 3107 3345 πυρὸς
3156 3274 3302 3326 ἔστιν
3339 3273 3484 3325 ίδεῖν.
3521 3270 3591 3322 Τὸ
3619 3271 3736 3340 πῦρ
3766 3270 3823 3321 τὸ

2235 3366 2347 3418 ἅνω
2369 3366 2499 3417 ἄνευ
2535 3364 2689 3433 ῦλης,
2718 3365 2781 3417 τὸ
2807 3365 2917 3435 πῦρ
2942 3366 3003 3418 τὸ
3047 3365 3197 3418 κάτω
3230 3361 3371 3433 μετά
3402 3360 3568 3429 ὕλης·
3603 3358 3661 3410 τὸ
3711 3359 3820 3430 γὰρ

2233 3454 2345 3506 ἄνω
2377 3452 2489 3521 πῦρ
2519 3452 2778 3521 συγγενὲς
2821 3453 3026 3505 τούτων
3059 3452 3227 3513 ἐστὶν,
3257 3450 3444 3518 ῶσπερ
3474 3448 3566 3499 καὶ
3597 3448 3630 3515 ἡ
3662 3446 3818 3515 ψυχὴ

2232 3542 2388 3611 ἡμῶν
2432 3544 2701 3611 συγγενὴς
2733 3541 2981 3609 ἀγγέλων
3004 3559 3016 3573 ·
3052 3541 3186 3592 καθὸ
3233 3541 3473 3593 κάκεῖνοι
3503 3537 3817 3603 πνεύματα,

2231 3634 2322 3687 καὶ
2346 3630 2504 3689 αὗται
2532 3634 2839 3704 πνεύματα,
2864 3634 2939 3697 ὼς
2969 3635 3061 3686 καὶ
3092 3635 3141 3686 οἱ
3173 3637 3319 3704 τρεῖς
3349 3632 3534 3695 παῖδες
3559 3631 3783 3698 λέγουσι
3802 3647 3815 3658 ·

2229 3729 2567 3797 Εὐλογεῖτε,
2597 3730 2907 3797 πνεύματα
2933 3728 3030 3780 καὶ
3059 3727 3251 3795 ψυχαὶ
3289 3725 3533 3779 δικαίων
3551 3742 3563 3753 ·
3602 3726 3694 3777 καὶ
3712 3722 3819 3777 πά-

2227 3818 2344 3871 λιν·
2394 3821 2681 3874 Ὀ-ποιῶν
2719 3820 2861 3886 τοὺς
2907 3820 3199 3890 ἀγγέλους
3244 3818 3431 3873 αὑτοῦ
3481 3818 3812 3885 πνεύματα.

2228 3911 2367 3965 Οὑτε
2394 3907 2486 3965 οὖν
2513 3912 2658 3981 ψυχὴ
2685 3913 2813 3966 ἀνευ
2838 3912 3087 3979 σώματος
3109 3912 3377 3980 φαίνεται,
3402 3909 3526 3963 οῦτε
3554 3910 3662 3979 πῦρ
3682 3911 3815 3963 ἄνευ

2229 4003 2546 4067 στυππείου,
2576 4003 2609 4072 ἢ
2642 4003 2989 4074 κληματίδος,
3023 4004 3055 4073 ἡ
3087 4003 3278 4073 ἐτέρας
3308 4002 3440 4072 ῦλης
3474 4001 3621 4053 ἔστιν
3660 4001 3809 4056 ἰδεῖν.

2227 4096 2344 4149 Ἵνα
2370 4096 2425 4149 δὲ
2453 4096 2634 4165 δειχθῇ
2661 4097 2739 4148 ὅτι
2769 4095 2830 4148 τὸ
2858 4096 2969 4165 πῦρ
2995 4096 3151 4147 τοῦτο
3182 4096 3282 4147 οὑκ
3321 4094 3467 4147 ἐστιν
3511 4094 3808 4163 ἀλλότριον,

2225 4189 2259 4257 ἡ
2304 4188 2479 4250 κτίσις
2528 4187 2790 4239 διδάσκει.
2825 4185 3017 4238 Πολλοὶ
3067 4187 3174 4255 γὰρ
3224 4185 3486 4247 πολλάκις
3520 4187 3669 4255 παρά
3716 4182 3808 4237 τοῦ

2224 4279 2376 4348 ἡλίου
2403 4277 2734 4342 δανείζονται
2767 4277 2897 4346 πῦρ,
2930 4277 3023 4329 καὶ
3065 4276 3327 4329 ἅπτουσιν
3346 4292 3359 4305 ·
3396 4276 3445 4326 εί
3474 4276 3531 4327 δὲ
3556 4271 3624 4345 ἦν
3654 4276 3810 4327 ἀλλό-

2221 4387 2390 4439 τριον,
2417 4369 2533 4430 πῶς
2559 4368 2617 4420 τὸ
2638 4367 2916 4436 ἀλλότριον
2943 4367 2999 4431 ἐξ
3021 4365 3183 4419 αὑτοῦ
3208 4365 3572 4435 ἐλαμϐάνετο;
3602 4367 3806 4430 Ἀλλως

2223 4458 2371 4531 [441]
2408 4460 2463 4511 δὲ
2490 4458 2661 4520 οὕτως
2691 4459 2747 4510 ἐν
2776 4457 2853 4527 τῷ
2880 4455 3092 4529 οὐρανῷ
3121 4456 3232 4523 πῦρ
3267 4458 3414 4509 ἐστιν
3446 4458 3609 4511 ἀῦλον
3642 4458 3801 4526 μέγα.

2220 4549 2295 4611 ὡς
2328 4550 2420 4601 καὶ
2449 4549 2506 4599 ἐν
2525 4547 2603 4618 τῷ
2631 4548 2745 4618 δρει
2775 4548 2903 4617 Σινᾷ
2932 4546 3042 4617 πῦρ
3071 4547 3325 4617 φανῆναι,
3348 4548 3527 4618 ὅπερά
3550 4549 3611 4601 οὑ
3634 4549 3803 4614 ξύλων

2220 4638 2614 4707 ὑποκειμένων,
2640 4637 2755 4690 ἀλλ’
2786 4637 2844 4703 ἐξ
2878 4636 3044 4690 αὑτοῦ
3080 4638 3170 4690 τοῦ
3202 4638 3368 4690 ἀΰλου
3400 4639 3574 4709 πυρὸς
3600 4641 3805 4710 ἢγαγεν

2217 4730 2245 4780 6
2280 4728 2410 4790 Θεὸς
2441 4733 2518 4792 είς
2547 4729 2703 4782 θέαν·
2734 4729 2829 4782 καὶ
2872 4730 2947 4791 ὡς
2980 4729 3045 4783 ἂν
3080 4730 3220 4782 εἴποι
3254 4747 3339 4791 τις
3365 4725 3507 4782 εἶναι
3530 4730 3688 4783 τοῦτο
3721 4750 3804 4799 μι-

2218 4818 2348 4886 κρὸν
2383 4820 2442 4871 τὸ
2473 4819 2583 4890 πῦρ
2626 4820 2757 4889 παρ’
2797 4821 2973 4872 ἐκεῖνο
3016 4820 3077 4873 τὸ
3122 4821 3287 4889 μέγα,
3321 4820 3499 4884 οὕτως
3529 4817 3625 4874 οῦν
3657 4822 3802 4889 λέγει

2216 4909 2309 4960 καὶ
2355 4911 2627 4979 Μωὺσῆς·
2698 4910 2797 4974 Ἐξ
2858 4911 3117 4977 οἰιρανοῦ
3165 4911 3459 4977 ἐποίησεν
3509 4915 3543 4965 ό
3591 4914 3803 4979 Κύριος

2214 4999 2529 5065 ἀκουστὴν
2566 4999 2775 5066 φωνὴν
2817 5000 3024 5060 αὐτοῦ.
3060 5001 3158 5053 καὶ
3193 5001 3429 5065 ἔδειξεν
3474 5004 3508 5056 ὁ
3555 5002 3701 5067 Θεὸς
3738 5003 3798 5054 τὸ

2212 5090 2331 5156 πῦρ
2357 5091 2542 5143 αὑτοῦ
2566 5090 2628 5141 τὸ
2650 5090 2805 5157 μέγα
2824 5107 2836 5119 ·
2872 5090 2959 5142 ἵνα
2982 5091 3131 5163 δείξῃ
3172 5091 3330 5144 τοῦτο
3362 5093 3582 5162 μικρὸν.
3619 5094 3799 5146 Πάντα

2210 5175 2304 5231 οῦν
2338 5178 2448 5248 πῦρ
2483 5181 2616 5239 ἐστι,
2655 5180 2747 5231 καὶ
2794 5180 3067 5249 ἀστραπὴ,
3108 5179 3201 5232 καὶ
3251 5183 3297 5232 οί
3350 5181 3604 5252 ἀστέρες,
3653 5182 3747 5233 καὶ
3774 5184 3799 5233 ὀ

2210 5270 2378 5338 ἥλιος,
2397 5272 2489 5322 καὶ
2532 5271 2564 5339 ἡ
2611 5270 2825 5341 σελὴνη,
2862 5272 2956 5323 καὶ
2984 5272 3043 5323 τὸ
3073 5272 3201 5341 παρ’
3228 5274 3360 5341 ἡμῖν
3387 5273 3501 5343 πῦρ
3538 5272 3799 5340 συγγενές

2211 5363 2345 5414 ἐστι.
2371 5362 2478 5414 Καὶ
2503 5361 2663 5429 βλέπε
2695 5363 2809 5425 πῶς
2838 5364 3155 5431 συγγένειαν
3182 5362 3294 5433 ἔχει
3319 5365 3351 5433 ἡ
3375 5364 3636 5433 ἀστραπὴ
3661 5366 3797 5432 πρὸς

524 5451 744 5521 ἐποίησε
776 5453 865 5504 τὸν
895 5451 1119 5521 οὐρανὸν
1147 5454 1240 5503 καὶ
1267 5454 1363 5523 τὴν
1390 5453 1510 5521 γῆν,
1552 5455 1679 5525 περὶ
1707 5454 1762 5506 δὲ
1788 5453 1980 5516 ὕδατος
2010 5452 2099 5504 καὶ
2208 5448 2333 5510 τοὺς
2370 5449 2602 5518 ἀστέρας
2628 5450 2691 5500 ὲκ
2716 5448 2808 5501 τοῦ
2849 5451 3109 5520 ὀνόματος
3131 5467 3143 5480 ·
3175 5451 3434 5521 ἀστραπὴ
3474 5454 3568 5504 καὶ
3598 5451 3793 5521 ἄστρα.

586 5628 612 5689 _'
635 5628 876 5689 Ἕκαστος
897 5628 1040 5675 deest
1068 5629 1115 5675 in
1142 5627 1311 5686 Savil.,
1339 5627 1679 5689 clandicatque
1703 5628 1971 5677 senlenlia.

582 5685 613 5726 δ
634 5688 830 5737 Cosmus
855 5690 933 5735 καὶ
959 5691 1173 5750 ὑπεράνω
1194 5691 1242 5738 δέ
1269 5691 1368 5738 ἐστι
1392 5691 1578 5748 τούτου,
1600 5685 1681 5737 καὶ
1704 5693 1767 5744 ὡς
1787 5692 1834 5739 ἐν
1857 5693 1975 5751 οἴκῳ
1999 5693 2093 5739 διο·

517 5750 651 5813 ρόφῳ
679 5751 1007 5810 μεσολαϐεῖ-ται
1034 5758 1115 5808 τῆς
1138 5758 1220 5813 γῆς
1243 5753 1404 5813 μέσον.

2272 5627 2294 5699 ξ
2328 5624 2480 5672 Valic.
2505 5631 2557 5673 οι
2579 5625 2777 5674 Cosmas
2818 5627 3103 5689 ἡρμήνευσε,
3128 5627 3237 5677 Sav.
3279 5627 3505 5690 indeque
3531 5626 3793 5680 Combel‘zs

2211 5688 2431 5748 ἐμήνυσε.
2858 5688 2863 5689 ⁷

2272 5745 2299 5785 d
2318 5747 2473 5808 Ὅπερ
2497 5746 2709 5796 addilum
2733 5761 2761 5795 ο
2785 5746 2935 5797 Savil.
