3982 6218
164 408 277 464 433

178 512 468 566 multorum
499 509 690 563 animis
731 509 981 564 molestas
1015 508 1201 563 videri.
1233 510 1425 564 Verum
1455 518 1664 577 oportet
1693 508 1744 561 in

179 600 265 655 die
288 600 499 669 jejunii,
528 613 647 653 cum
674 599 1034 668 vigilantiores
1062 598 1254 652 animas
1282 606 1425 661 sunt,
1455 598 1521 651 de
1548 597 1750 650 altiori-

178 693 277 746 bus
300 691 460 745 verba
492 690 685 745 facere.
727 688 796 744 In
825 691 1070 758 principio
1112 700 1250 755 erat,
1283 699 1368 754 et,
1406 688 1469 741 In
1504 690 1749 757 principio

180 782 330 850 fecit;
372 781 492 834 ideo
533 778 807 833 exordium
838 793 934 848 par
962 792 1080 833 esse
1122 778 1251 843 dixi,
1285 777 1346 831 In
1376 777 1641 846 principio,
1671 783 1745 837 et,

180 870 245 925 In
292 870 585 940 principio,-
622 878 679 923 ut
714 868 1137 932 demonstretur,
1181 884 1337 921 unam
1380 882 1500 921 esse
1542 865 1749 935 pietatis

177 960 431 1022 radicem,
455 974 572 1029 qua:
600 967 654 1013 et
682 959 847 1024 illum,
882 974 1072 1028 nempe
1102 959 1477 1027 legislatorem,
1505 958 1745 1021 instituit,

177 1061 229 1105 et
274 1050 447 1116 hunc,
498 1051 798 1119 theologum
836 1050 1069 1115 scilicet,
1126 1049 1454 1103 illuminavit.
1490 1048 1747 1103 Gemiana

176 1143 372 1210 quippe
400 1149 523 1193 sunt
542 1139 648 1193 duo
677 1140 1034 1202 Testamenta,
1063 1154 1169 1191 uno
1190 1139 1346 1192 Patre
1370 1146 1482 1191 orta
1509 1154 1521 1188 :
1552 1136 1670 1192 ideo
1698 1137 1746 1190 in

177 1244 425 1283 sermone
465 1229 841 1283 consentiunt:
875 1227 985 1281 fere
1032 1229 1171 1282 enim
1210 1228 1392 1281 eadem
1424 1227 1625 1295 imago,
1654 1240 1748 1279 ea-

176 1319 296 1373 dem
333 1318 621 1373 similitudo
646 1326 743 1371 est.
777 1318 853 1371 Ac
880 1315 1321 1384 quemadmodum
1369 1318 1420 1370 in
1461 1314 1746 1385 germanis,

178 1425 283 1463 uno
312 1419 459 1477 patre
484 1410 613 1462 ortis
636 1449 650 1473 ,
691 1408 889 1462 similes
933 1417 1055 1462 sunt
1082 1412 1433 1478 proprietates
1463 1428 1475 1462 :
1507 1408 1583 1462 sic
1626 1409 1747 1477 quia

179 1502 283 1555 duo
313 1502 647 1556 Testamenta
679 1513 783 1553 uno
809 1498 962 1552 Patre
987 1510 1102 1553 orta
1133 1509 1274 1565 sunt,
1308 1500 1523 1552 multam
1554 1498 1751 1553 habent

178 1590 593 1645 similitudinem.
626 1585 767 1643 Sane
800 1597 853 1643 et
898 1588 949 1641 in
980 1588 1153 1642 Veteri
1184 1588 1523 1642 Testamento
1552 1601 1751 1656 praece-

178 1678 255 1731 dit
275 1678 374 1741 lex,
398 1686 453 1731 et
475 1685 766 1743 sequuntur
790 1675 1077 1745 prophetae,
1101 1686 1154 1731 et
1178 1677 1228 1729 in
1261 1691 1397 1730 nova
1425 1676 1588 1744 gratia
1616 1688 1750 1743 prte-

178 1764 704 1833 ceditEvangelium,
728 1776 779 1820 et
814 1776 1103 1835 sequuntur
1132 1767 1375 1836 apostoli.
1412 1766 1521 1819 Illic
1546 1763 1748 1817 duode-

177 1858 281 1910 rim
316 1855 584 1924 prophetae
610 1896 624 1921 ,
648 1865 700 1909 et
737 1856 926 1924 singuli
964 1866 1086 1909 sunt
1110 1871 1175 1911 ex
1202 1871 1421 1909 numero
1463 1853 1745 1908 duodeno;

179 1945 459 2001 duodecim
487 1955 607 1999 sunt
632 1945 767 2000 Osee
794 1955 848 2000 et
880 1946 1068 2016 reliqui
1104 1966 1117 2001 :
1146 1956 1405 2016 quatuor,
1436 1946 1593 1999 Isaias
1617 1984 1630 2006 ,
1661 1943 1751 1997 Je-

177 2037 405 2101 remias,
442 2035 717 2097 Ezechiel,
746 2036 945 2090 Daniel.
977 2037 1030 2090 In
1071 2035 1219 2090 Novo
1250 2036 1586 2089 Testamento
1613 2034 1748 2088 duo—

176 2124 350 2176 decim
392 2124 651 2192 apostoli,
684 2134 736 2178 et
780 2135 1002 2193 quatuor
1043 2126 1397 2193 evangelista.
1430 2123 1540 2177 Illic
1568 2138 1748 2178 rursus

178 2214 351 2282 prima
393 2215 595 2267 vocatio
642 2214 731 2267 Dei
758 2229 787 2267 a
830 2214 1078 2269 fratribus
1120 2217 1281 2283 erepit
1326 2233 1338 2268 :
1384 2216 1585 2283 accepit
1609 2215 1747 2269 enim

177 2303 420 2372 Moysem
447 2311 499 2356 et
526 2307 785 2357 Aaronem
833 2304 1029 2371 primos
1054 2318 1322 2371 praecones
1363 2304 1749 2372 :inEvangelio

180 2406 391 2460 quoque
421 2392 637 2459 primam
661 2393 985 2447 vocationem
1015 2392 1137 2446 facit
1162 2392 1302 2447 Petri
1327 2402 1379 2446 et
1406 2393 1649 2447 Andreae.
1686 2393 1749 2445 Et

180 2482 288 2537 illic
314 2483 526 2552 quidem
558 2484 782 2552 simplex
809 2483 996 2552 gratia,
1018 2483 1102 2537 hic
1131 2492 1305 2536 autem
1334 2483 1494 2551 duplo
1523 2484 1744 2535 auctior.

180 2570 293 2624 Illic
320 2573 458 2625 enim
482 2573 586 2626 duo
616 2573 802 2626 fratres
829 2572 997 2625 vocati
1025 2581 1164 2636 sunt,
1196 2572 1403 2642 Moyses
1435 2580 1489 2625 et
1528 2575 1700 2624 Aaron
1730 2585 1744 2635 ;

180 2661 270 2715 hic
298 2674 476 2717 autem
509 2664 587 2716 bis
622 2663 724 2716 duo
755 2663 965 2725 fratres,
994 2662 1182 2717 Petrus
1206 2672 1263 2717 et
1305 2662 1561 2726 Andreas,
1592 2662 1749 2716 Jaco-

178 2749 281 2803 bus
304 2760 358 2803 et
379 2750 627 2806 Joannes.
660 2752 788 2818 Quia
819 2752 985 2806 voluit
1007 2752 1260 2807 Servator
1284 2768 1400 2806 eam
1422 2768 1538 2822 quas
1561 2768 1749 2807 secun-

179 2840 304 2893 dum
332 2842 579 2909 Spiritum
603 2852 838 2895 sanctum
868 2850 951 2897 est
977 2843 1246 2896 caritatem
1276 2842 1425 2896 nobis
1456 2843 1743 2908 insinuare,

179 2940 234 2983 et
262 2930 446 2984 fratres
475 2931 663 2985 aﬂectu
690 2931 843 2985 simul
887 2940 941 2985 et
988 2932 1173 2999 spiritu
1213 2931 1406 2997 facere,
1438 2931 1748 2985 fundamen-

180 3029 290 3072 tum
319 3022 540 3088 sumpsit
581 3031 839 3083 naturam,
867 3021 1189 3090 inseruitque
1217 3033 1415 3074 natura:
1444 3022 1669 3085 viscera,
1696 3030 1749 3073 et

180 3108 232 3161 in
287 3108 372 3163 illa
424 3108 859 3175 supermdificavit
898 3109 1293 3163 fundamentum
1336 3110 1602 3163 Ecelesim.
1631 3109 1748 3162 Pri-

179 3215 325 3253 mum
379 3200 581 3269 signum
630 3201 683 3253 in
716 3200 893 3255 Veteri
938 3200 1033 3254 fuit
1060 3210 1290 3255 mutatus
1338 3202 1389 3255 in
1436 3201 1746 3270 sanguinem

178 3289 404 3353 ﬂuvius;
439 3291 662 3357 primum
708 3291 912 3356 signum
955 3291 1005 3344 in
1050 3291 1197 3344 Novo
1229 3290 1325 3344 fuit
1353 3292 1572 3344 mutatio
1599 3305 1747 3359 aqua:

179 3381 231 3433 iu
268 3379 465 3432 viuum.
498 3379 687 3433 Verum
720 3395 823 3433 non
867 3390 948 3434 est
985 3382 1260 3449 prtesentis
1302 3381 1554 3449 temporis
1582 3388 1747 3433 totam

177 3470 574 3523 similitudinem
604 3470 852 3538 deinceps
891 3472 1135 3540 persequi
1169 3490 1181 3525 :
1215 3471 1308 3525 sed
1347 3472 1410 3525 ad
1453 3472 1747 3525 institutum

178 3569 525 3612 revertamur.
557 3558 621 3612 In
649 3560 892 3629 principio
933 3560 1049 3627 fecit
1085 3559 1220 3613 Deus
1256 3562 1431 3614 cwlum
1461 3572 1505 3614 et
1543 3570 1744 3614 terram.

176 3646 280 3702 Sex
313 3650 515 3703 dierum
544 3651 712 3717 spatio
740 3649 862 3702 fecit
908 3649 1045 3703 Deus
1078 3651 1273 3703 omnia.
1304 3650 1406 3705 Sed
1434 3650 1602 3719 prima
1631 3648 1744 3704 dies

177 3737 357 3792 differt
399 3753 425 3789 a
461 3738 820 3806 sequentibus.
852 3736 979 3790 Nam
1025 3739 1191 3805 prima
1239 3737 1325 3791 die
1369 3739 1489 3791 fecit
1518 3739 1653 3792 Deus
1682 3752 1746 3790 ex

178 3844 284 3880 non
317 3829 642 3881 exstantibus
685 3845 697 3879 :
749 3842 779 3880 a
823 3825 1055 3880 secundo
1094 3836 1269 3879 autem
1317 3827 1402 3881 die
1447 3827 1573 3880 nihil
1625 3826 1748 3881 fecit

178 3920 318 3972 Deus
345 3934 408 3972 ex
448 3933 549 3971 non
577 3918 939 3980 exstantibus;
971 3917 1063 3971 sed
1108 3933 1171 3970 ex
1218 3919 1279 3971 iis
1320 3933 1435 3985 qua:
1466 3919 1631 3986 prima
1663 3917 1747 3972 die

178 4009 377 4063 fecerat
409 4010 627 4061 mutavit
657 4018 711 4061 ut
741 4008 922 4061 voluit.
946 4007 1024 4060 Tu
1068 4022 1192 4060 vero
1224 4008 1302 4060 his
1329 4007 1671 4061 consideratis
1695 4017 1749 4061 et

175 4099 484 4165 exploratis,
518 4099 561 4150 si
592 4096 863 4151 veritatem
891 4095 1275 4164 deprehendis,
1304 4111 1580 4150 assensum
1606 4112 1747 4165 pra:-

174 4188 244 4241 be
273 4206 286 4251 ;
320 4190 401 4240 sin
441 4203 542 4239 non
587 4186 971 4254 deprehendis,
1022 4188 1196 4239 incusa
1220 4228 1234 4252 ,
1280 4195 1333 4240 et
1360 4189 1747 4241 accusationem

174 4278 442 4330 admitto:
476 4276 523 4329 id
577 4277 715 4329 enim
762 4276 977 4329 multam
1019 4276 1342 4332 defensionis
1388 4292 1567 4332 ansam
1618 4277 1746 4332 mihi

178 4368 401 4435 prmbet.

247 4459 301 4511 4.
322 4456 569 4512 Castorum
587 4461 822 4528 formatio
836 4458 908 4528 (a)
921 4460 1185 4513 .—Primo
1204 4462 1376 4531 itaque
1391 4463 1749 4519 diecreatura-

172 4565 294 4603 rum
322 4550 594 4601 materiam
616 4547 734 4602 fecit
755 4550 911 4611 Deus;
940 4550 1151 4619 reliquis
1171 4567 1294 4605 vero
1311 4552 1496 4606 diebus
1526 4556 1745 4605 formam

171 4651 227 4693 et
244 4648 486 4693 ornatum
505 4653 883 4694 creaturarum.
905 4640 1144 4709 Exempli
1164 4657 1318 4695 causa
1342 4684 1357 4707 ,
1387 4642 1509 4695 fecit
1535 4643 1742 4706 cmlum,

170 4730 313 4798 quod
330 4739 447 4785 ante
468 4745 567 4781 non
587 4740 843 4793 erat;non
867 4728 965 4782 hoc
989 4730 1196 4793 caelum,
1221 4731 1311 4782 sed
1339 4730 1477 4798 quod
1507 4731 1747 4798 superius

176 4832 261 4875 est
286 4839 297 4873 :
334 4821 433 4873 hoc
460 4821 652 4889 quippe
676 4820 861 4874 caelum
888 4820 1119 4873 secundo
1145 4820 1231 4873 die
1258 4820 1449 4873 factum
1478 4828 1577 4873 est.
1599 4820 1749 4873 Fecit

174 4913 315 4965 Deus
332 4912 517 4964 cmlum
545 4912 802 4978 superius,
819 4909 883 4962 de
902 4924 1005 4978 quo
1030 4908 1194 4962 David
1217 4928 1227 4963 :
1250 4909 1436 4962 Cazlum
1453 4910 1559 4961 arti
1579 4908 1750 4961 Domi-

171 5018 237 5053 no
262 4999 432 5068 (Psat.
455 5000 573 5053 H5.
608 4998 713 5067 I6).
741 4998 869 5051 Illud
897 5014 1023 5053 vero
1052 5000 1199 5067 quasi
1222 5013 1522 5065 supremum
1551 4998 1749 5051 tabula-

174 5102 286 5145 tum
307 5100 404 5145 est.
431 5094 503 5143 Ae
528 5087 965 5157 quemadmodum
994 5088 1045 5140 in
1064 5088 1220 5141 domo
1232 5086 1451 5141 duarum
1471 5089 1744 5155 contigna-

171 5184 379 5235 tiouum
411 5176 990 5232 intercedittabulattun
1021 5177 1282 5230 medium:
1313 5178 1391 5231 sic
1418 5187 1468 5230 et
1492 5177 1743 5230 Dominus

170 5270 426 5325 mundum
441 5283 626 5324 creans
648 5283 741 5322 ceu
760 5268 992 5332 domum,
1022 5268 1246 5321 medium
1264 5268 1548 5320 tabulatum
1573 5268 1747 5334 posuit

170 5362 275 5413 huc
300 5361 483 5414 carlum
503 5367 587 5424 ,et
606 5372 759 5427 supra
792 5358 936 5410 illum
959 5371 1135 5424 aquas.
1158 5356 1280 5411 Ideo
1306 5357 1379 5410 ait
1411 5357 1573 5411 David
1598 5375 1609 5410 :
1649 5357 1748 5423 Qui

164 5454 294 5520 tegis
316 5452 453 5518 aquis
471 5452 726 5518 superiora
739 5449 847 5513 eius
864 5447 1029 5521 (Psal.
1054 5448 1172 5501 105.
1194 5449 1267 5515 5).
1293 5449 1439 5503 Fecit
1468 5450 1622 5517 igitur
1641 5462 1744 5501 ete-

166 5555 277 5594 .um
303 5540 440 5608 quod
453 5550 575 5595 ante
592 5556 692 5595 non
712 5550 841 5604 erat,
858 5549 1047 5595 terram
1069 5549 1315 5609 quaeaute
1328 5556 1429 5593 non
1452 5549 1578 5604 erat,
1605 5543 1750 5609 abys-

220 5666 307 5738 .(a)
340 5677 449 5725 Qua:
488 5672 934 5738 sequuiitur_af_l'ert
972 5671 1163 5722 Cosmus
1203 5670 1451 5732 [Egyptius
1497 5673 1545 5719 in
1592 5671 1749 5722 Colle-

166 5732 333 5779 diouc
357 5740 517 5781 nostra
540 5732 589 5782 't‘.
618 5732 661 5791 Ξ,
690 5746 735 5794 p.
763 5733 870 5785 διο.

1237 392 1326 450 DE
1366 394 1578 450 MUNDI
1616 391 2005 447 CREATIONE
2041 393 2291 450 ORATIO
2331 396 2369 449 I.

3315 407 3426 464 434

1854 522 1944 563 80$
1960 524 2074 578 qua:
2090 520 2213 565 ante
2227 526 2329 565 non
2347 519 2521 577 erant,
2542 522 2748 576 ventos,
2773 528 2972 581 aerem,
2995 516 3190 587 ignem,
3208 533 3420 589 aquam.

1854 598 2096 653 Omnium
2113 615 2230 668 qua:
2256 599 2390 653 facta
2413 610 2536 655 sunt
2553 604 2826 657 materiam
2846 607 3012 674 prima
3033 607 3119 662 die
3147 609 3288 663 fecit.
3316 610 3422 664 Sed

1855 688 1992 741 haud
2013 688 2169 743 dubie
2197 688 2332 743 dicet
2363 690 2553 759 aliquis
2577 708 2589 742 :
2619 690 2885 761 Scriptum
2914 706 2995 749 est
3022 697 3193 765 ipsum
3227 698 3420 752 fecisse

1853 778 2038 831 crelum
2079 787 2132 832 et
2174 789 2401 844 terram,
2444 780 2510 834 de
2538 796 2707 849 aqua,
2754 782 2874 851 igne
2909 794 2963 837 et
3004 800 3127 839 aere
3154 801 3259 839 non
3286 788 3421 840 seri-

1854 878 1999 935 ptum
2026 878 2128 921 est.
2157 868 2336 922 Primo
2364 870 2567 937 itaque,
2593 871 2781 925 fratres
2804 911 2817 934 ,
2848 888 2911 925 ex
2943 889 3047 941 quo
3076 874 3207 928 dixit
3234 876 3422 929 cmlum

1854 966 1907 1011 et
1940 968 2131 1010 terram
2171 956 2305 1011 facta
2332 972 2451 1012 esse
2478 999 2493 1024 ,
2524 975 2591 1012 ex
2636 961 2699 1013 iis
2742 976 2857 1029 quae
2896 964 3166 1017 continent
3203 979 3264 1018 ea
3304 980 3423 1033 quae

1854 1046 2193 1100 continentur
2237 1047 2502 1101 indicavit.
2547 1048 2691 1103 Sicut
2736 1051 2874 1103 enim
2902 1066 3019 1105 cum
3062 1051 3240 1119 dixit,
3278 1053 3424 1109 Fecit

1854 1135 1989 1189 Deus
2014 1137 2259 1190 hominem
2285 1138 2533 1206 pulverem
2554 1141 2799 1206 accipiens
2824 1141 2884 1193 de
2909 1151 3043 1194 terra
3071 1144 3215 1211 (Gen.
3252 1146 3305 1199 2.
3343 1147 3423 1215 7),

1853 1228 2119 1295 opificium
2148 1228 2279 1281 dixit
2303 1270 2317 1291 ,
2350 1246 2453 1284 non
2481 1231 2717 1285 membra
2743 1234 3072 1287 enumerat-it
3100 1251 3113 1286 ε
3144 1249 3316 1301 neque
3335 1234 3422 1289 di-

1854 1319 1967 1372 xit:
1999 1317 2146 1372 Fecit
2176 1318 2314 1372 Deus
2340 1320 2542 1385 oculos,
2574 1329 2820 1387 etaures,
2852 1330 2906 1377 et
2927 1337 3104 1387 nares,
3132 1324 3223 1377 sed
3248 1324 3421 1378 homi-

1856 1422 1975 1460 nem
2005 1406 2206 1469 dicens,
2234 1408 2407 1461 omnia
2431 1410 2584 1463 simul
2615 1411 2847 1465 membra
2876 1413 3275 1481 comprehendit
3302 1431 3314 1464 :
3344 1414 3422 1468 sic

1852 1510 1972 1550 cum
2003 1497 2130 1549 dicit
2160 1536 2173 1559 ,
2205 1496 2367 1551 Deum
2414 1497 2602 1553 fecisse
2637 1500 2822 1553 czelum
2871 1510 2923 1555 et
2967 1511 3158 1556 terram
3186 1543 3201 1567 ,
3230 1512 3420 1557 cuncta

1852 1585 2162 1653 complexus
2189 1596 2290 1651 est,
2323 1596 2375 1641 et
2402 1602 2502 1640 una
2534 1591 2779 1643 tenebras
2804 1598 2859 1643 et
2900 1590 3121 1660 abyssos
3146 1591 3311 1645 factas
3337 1593 3420 1645 ιιι-

1852 1675 1995 1729 duxit
2024 1693 2036 1728 :
2065 1691 2185 1729 nam
2208 1675 2463 1743 Tenebrte,
2489 1678 2677 1747 inquit,
2710 1690 2849 1732 erant
2874 1697 3023 1750 super
3050 1682 3227 1749 faciem
3255 1682 3419 1751 abyssi

1853 1766 1871 1833 (
1895 1763 2020 1817 Gen.
2054 1766 2105 1820 I.
2138 1765 2171 1817 2
2190 1765 2227 1834 ).
2261 1766 2495 1837 Abyssus
2524 1783 2649 1821 vero
2676 1778 2896 1822 vocatur
2923 1784 3175 1838 aquarum
3203 1785 3417 1839 gurges.

1852 1853 2000 1921 Quod
2028 1862 2202 1907 autem
2223 1856 2380 1908 etiam
2412 1856 2585 1925 abyssi
2616 1856 2765 1910 facta:
2787 1859 2910 1921 sint,
2938 1859 3245 1912 testificatur
3272 1859 3416 1914 Scri-

1854 1952 2002 2012 ptura
2046 1943 2227 1997 dicens
2266 1962 2278 1996 :
2327 1944 2605 2013 Antequam
2638 1948 2842 2015 abysso:
2889 1950 3231 2009 constitueret,
3279 1959 3420 2002 ante-

1850 2048 2002 2102 quam
2038 2042 2219 2084 terram
2252 2043 2441 2085 crearet
2471 2036 2487 2101 (
2522 2032 2673 2086 Prov.
2699 2036 2751 2088 8.
2776 2035 2865 2087 24.
2895 2035 2964 2088 26
2988 2036 3029 2105 ).
3058 2035 3234 2103 Itaque
3267 2037 3418 2089 facta:

1850 2131 2004 2176 erant
2042 2122 2238 2191 abyssi.
2270 2122 2468 2175 Deinde
2498 2139 2587 2175 aer
2624 2138 2835 2191 quoque
2874 2125 3207 2192 quandonam
3248 2125 3417 2179 factus

1850 2210 1919 2264 sit
1940 2210 2061 2263 audi
2084 2230 2097 2261 :
2123 2210 2188 2262 Et
2208 2212 2412 2277 spiritus
2442 2211 2533 2263 Dei
2565 2212 2813 2280 ferebatur
2837 2229 2985 2279 super
3006 2229 3160 2281 aquas
3189 2212 3334 2281 (Gen.
3362 2215 3414 2266 1.

1849 2297 1930 2367 2).
1957 2298 2056 2352 Hic
2086 2312 2189 2351 non
2220 2298 2470 2366 Spiritum
2516 2311 2753 2353 sanctum
2795 2302 2955 2365 dicit;
2990 2318 3093 2355 non
3125 2303 3264 2355 enim
3293 2318 3415 2357 cum

1850 2388 2109 2442 creaturis
2150 2398 2524 2442 annumeratur
2568 2390 2619 2442 id
2649 2392 2787 2458 quod
2829 2392 3122 2445 increatum
3153 2402 3235 2445 est
3274 2410 3286 2444 :
3322 2393 3415 2446 sed

1852 2478 2092 2546 Spiritum
2134 2486 2288 2531 vocat
2325 2479 2462 2532 aeris
2505 2487 2722 2531 motum.
2766 2482 2841 2533 Ac
2876 2482 3318 2549 quemadmodum
3360 2485 3412 2536 in

1853 2568 1963 2621 Elia
1995 2566 2245 2635 propheta
2288 2568 2540 2636 scriptum
2569 2578 2649 2623 est
2682 2588 2695 2622 :
2730 2568 2795 2622 Et
2833 2572 3009 2623 aulum
3053 2574 3415 2625 contenebravit

1850 2660 1900 2712 in
1922 2661 2049 2712 nube
2076 2670 2120 2712 et
2146 2662 2325 2728 spiritu
2348 2662 2424 2729 (5.
2454 2660 2580 2730 Reg.
2606 2662 2689 2715 13.
2718 2662 2829 2729 45);
2860 2665 2937 2715 sic
2965 2672 3012 2716 et
3045 2662 3143 2715 hoc
3172 2664 3286 2717 loco
3308 2665 3416 2732 spiv

1852 2750 2008 2802 ritum
2051 2760 2203 2803 vocat
2247 2752 2383 2803 aeris
2430 2763 2689 2804 naturam.
2723 2752 2939 2805 Demum
2972 2761 3214 2820 superest
3241 2762 3294 2805 ut
3324 2768 3416 2806 os-

1852 2840 2145 2901 tendamus,
2165 2840 2375 2893 ubinam
2396 2841 2526 2908 ignis
2544 2839 2709 2892 factus
2734 2840 2820 2893 sit.
2846 2839 2985 2892 Dixit
3004 2840 3158 2905 Deus,
3183 2840 3300 2892 Fiat
3326 2842 3416 2894 tua:

1856 2928 2002 2999 (Gen.
2032 2930 2081 2982 1.
2110 2930 2190 2997 2),
2215 2937 2268 2982 et
2288 2927 2421 2982 facta
2444 2941 2524 2983 est
2546 2930 2680 2997 ignis
2701 2939 2884 2982 natura
2911 2946 2923 2981 :
2958 2945 3061 2982 non
3084 2930 3251 2983 solum
3272 2931 3413 2983 enim

1852 3020 1936 3072 hic
1967 3019 2099 3086 ignis
2126 3019 2352 3080 exsistit,
2384 3018 2474 3070 sed
2502 3019 2659 3071 etiam
2690 3034 2933 3085 superna:
2961 3027 3250 3086 potestates
3276 3020 3413 3087 ignis

1852 3116 2013 3173 Sunt,
2041 3107 2320 3176 aflinisque
2346 3116 2428 3160 est
2454 3122 2715 3174 supernus
2747 3107 2833 3160 ille
2863 3147 2877 3171 ,
2922 3107 3043 3159 huic
3070 3117 3253 3161 nostro
3283 3108 3409 3175 igni.

1850 3199 2111 3265 Quatritur
2135 3207 2329 3261 autem,
2354 3212 2446 3250 cur
2465 3198 2547 3249 hic
2571 3196 2950 3265 exstinguatur,
2974 3197 3058 3250 ille
3083 3212 3208 3249 vero
3236 3212 3411 3251 secus.

1850 3290 1978 3357 Quia
2004 3290 2216 3359 angelos
2256 3290 2378 3342 fecit
2408 3288 2541 3341 Deus
2567 3288 2781 3355 spiritus
2810 3328 2824 3352 ,
2856 3288 3163 3355 animasque
3207 3294 3413 3339 nostras

1851 3380 1974 3432 item
1998 3378 2232 3446 spiritus,
2256 3376 2347 3430 sed
2381 3378 2584 3428 animas
2606 3384 2815 3428 nostras
2842 3375 2892 3428 in
2919 3390 3173 3443 corpore,
3199 3376 3415 3442 angelos

1850 3478 2025 3523 autem
2053 3479 2201 3521 extra
2228 3482 2473 3535 corpora.
2524 3466 2981 3533 Quemadmodum
3022 3467 3178 3535 igitur
3221 3467 3271 3518 in
3302 3466 3417 3518 ani-

1850 3559 2033 3612 mabus
2062 3567 2114 3611 et
2138 3556 2188 3611 in
2214 3557 2433 3625 angelis,
2466 3557 2542 3609 sic
2571 3564 2624 3610 et
2650 3557 2700 3609 in
2725 3557 2841 3625 igne
2865 3571 2973 3610 rem
3001 3571 3059 3609 se
3089 3555 3281 3610 habere
3300 3569 3417 3609 cer-

1850 3648 2012 3701 nitur.
2055 3646 2192 3715 Ignis
2232 3661 2491 3715 supernus
2528 3647 2641 3699 sine
2684 3650 2903 3699 materia
2938 3687 2953 3711 ,
3001 3646 3134 3714 ignis
3178 3645 3415 3698 infernus

1851 3753 1968 3792 cum
1993 3738 2241 3791 materia:
2269 3737 2498 3789 caelestis
2521 3737 2661 3789 enim
2692 3736 2825 3803 ignis
2854 3736 2935 3788 his
2957 3744 3037 3788 est
3059 3733 3254 3797 affinis,
3280 3736 3417 3785 sicut

1851 3837 1904 3882 et
1945 3828 2117 3879 anima
2158 3834 2339 3879 nostra
2384 3824 2554 3876 affinis
2588 3833 2670 3877 est
2716 3825 2953 3891 angelis:
2993 3833 3049 3876 ut
3087 3824 3160 3876 illi
3200 3824 3416 3890 spiritus

1851 3928 2005 3980 sunt,
2039 3918 2115 3970 sic
2144 3926 2196 3969 et
2225 3915 2306 3968 hae
2334 3922 2457 3969 sunt
2480 3914 2695 3982 spiritus
2716 3953 2730 3977 ,
2754 3913 2987 3966 utetiam
3020 3922 3128 3965 tres
3158 3913 3305 3979 pueri
3330 3912 3415 3963 di-

1851 4020 1975 4062 cunt
2001 4026 2013 4062 :
2040 4006 2339 4074 Benedicite,
2352 4007 2556 4074 spiritus
2590 4012 2636 4056 et
2672 4004 2852 4055 animte
2870 4006 3120 4072 justorum
3154 4002 3172 4071 (
3201 4001 3332 4053 Dan.
3360 4001 3411 4053 5.

1852 4098 1940 4165 86)
1967 4114 1980 4161 ;
2012 4113 2073 4151 ac
2100 4110 2328 4159 rursum,
2356 4094 2454 4159 Qui
2484 4094 2603 4161 facit
2627 4094 2829 4160 angelos
2858 4108 2974 4144 suos
3001 4091 3163 4155 spirit:
3185 4107 3207 4134 λ
3239 4088 3409 4158 (Psal.

1853 4187 1974 4241 105.
2008 4187 2041 4240 ι
2067 4187 2105 4256 ).
2137 4184 2315 4253 Neque
2345 4183 2501 4252 igitur
2528 4182 2700 4234 anima
2743 4180 2856 4234 sine
2884 4194 3109 4247 corpore
3149 4184 3368 4244 apparet
3397 4216 3412 4241 ,

1854 4294 2023 4348 neque
2048 4279 2219 4347 ignem
2244 4277 2357 4330 sine
2382 4284 2591 4343 stuppa,
2616 4272 2699 4326 vel
2729 4281 2999 4326 sarmento
3019 4313 3034 4337 ,
3058 4272 3139 4324 vel
3162 4271 3262 4322 alia
3294 4284 3405 4321 ma-

1854 4369 1981 4422 teria
2025 4367 2206 4421 videre
2245 4375 2344 4418 est.
2390 4362 2461 4419 Ut
2493 4372 2666 4416 autem
2711 4362 3017 4415 ostendatur
3062 4359 3201 4411 hunc
3242 4358 3414 4425 ignem

1852 4474 1957 4513 non
1986 4471 2104 4512 esse
2132 4456 2397 4520 alienum,
2443 4453 2493 4507 id
2524 4453 2679 4506 dooet
2709 4453 2819 4518 ipsa
2854 4460 3056 4503 natura.
3082 4447 3228 4501 Multi
3259 4460 3414 4499 nam-

1851 4564 1954 4616 que
1981 4561 2119 4614 saepe
2149 4561 2211 4599 ex
2235 4545 2347 4597 sole
2379 4544 2549 4610 ignem
2583 4550 2904 4602 mutuantur,
2929 4546 2982 4591 et
3004 4535 3296 4590 accendunt
3322 4552 3334 4587 :
3370 4534 3414 4587 si

1852 4646 2025 4689 autem
2056 4635 2257 4686 alienus
2288 4642 2446 4695 esset,
2478 4629 2747 4699 quomodo
2776 4629 3003 4681 alienum
3035 4642 3099 4680 ex
3125 4628 3237 4694 ipso
3273 4626 3415 4678 acci-

1854 4724 2108 4794 peretur?
2136 4724 2381 4791 Alioquin
2413 4730 2516 4774 tam
2547 4722 2727 4789 ingens
2772 4721 2822 4772 in
2873 4719 3003 4772 caelo
3034 4717 3166 4785 ignis
3194 4727 3277 4770 est
3302 4718 3416 4772 sine

1852 4816 2091 4873 materia,
2116 4821 2172 4865 ut
2201 4814 2251 4865 in
2282 4820 2458 4864 monte
2487 4811 2607 4865 Sina
2636 4810 2768 4878 ignis
2796 4817 3089 4875 appareret,
3111 4822 3263 4875 quem
3296 4807 3417 4861 abs-

1853 4921 1954 4976 que
1993 4904 2144 4972 lignis
2200 4902 2449 4969 subjectis
2481 4942 2494 4961 ,
2522 4900 2614 4953 sed
2662 4915 2724 4952 ex
2769 4900 2883 4965 ipso
2920 4897 3153 4950 matericc
3198 4906 3417 4965 experto

1856 4998 1974 5065 igne
1995 4995 2060 5049 ad
2083 4993 2434 5063 Spectaculuin
2464 4990 2647 5043 eduxit
2677 4990 2839 5047 Deus.
2863 4998 2917 5041 ut
2938 4988 3195 5056 quispiam
3224 4987 3417 5040 dixerit

1856 5099 2071 5153 parvum
2103 5096 2220 5135 esse
2268 5082 2405 5133 hunc
2445 5080 2620 5148 ignem
2650 5094 2769 5131 eum
2800 5078 2888 5130 illo
2921 5078 3116 5145 ingenti
3143 5090 3418 5144 compara-

1856 5186 1987 5230 tum.
2033 5176 2121 5230 Sic
2160 5174 2332 5240 itaque
2377 5172 2449 5223 ait
2491 5171 2732 5239 Moyses:
2766 5168 2841 5221 De
2881 5170 3003 5220 (G310
3041 5168 3261 5218 auditam
3306 5166 3416 5234 fecit

1854 5268 2103 5321 Dominus
2146 5280 2310 5317 vocent
2352 5279 2493 5315 suam
2527 5303 2541 5324 ,
2580 5272 2625 5313 et
2658 5262 2866 5313 ostendit
2908 5259 3043 5311 Deus
3082 5260 3242 5326 ignem
3272 5271 3414 5309 suum

1856 5356 2132 5430 magnum(
2163 5355 2309 5408 Deut.
2344 5355 2395 5406 4.
2423 5354 2493 5407 56
2524 5353 2576 5422 );
2608 5364 2661 5404 ιιι
2701 5352 3089 5406 demonstraret
3129 5349 3264 5399 hunc
3298 5358 3417 5397 esse

1857 5465 2093 5520 parvum.
2122 5446 2307 5501 Omnia
2335 5447 2506 5514 itaque
2533 5444 2665 5512 ignis
2687 5452 2825 5505 sunt,
2858 5451 2908 5493 et
2935 5441 3127 5507 fulgur,
3151 5448 3202 5491 et
3227 5435 3411 5495 stellae,

1856 5551 1909 5595 et
1938 5540 2013 5593 sol
2036 5548 2086 5591 et
2112 5536 2254 5598 luna,
2287 5535 2494 5603 illisque
2526 5543 2705 5586 noster
2726 5532 2857 5601 ignis
2886 5530 3060 5582 afﬁnis
3085 5536 3182 5579 est.
3206 5526 3266 5576 Et
3296 5522 3416 5575 vide

1857 5645 2013 5698 qnam
2054 5626 2361 5679 affinitatem
2405 5624 2632 5675 habeant
2662 5625 2885 5690 ἀστραπὴ
2911 5627 2962 5671 et
2996 5620 3209 5681 ἀστέρες,
3244 5611 3415 5673 fulgur

1858 5730 1910 5774 et
1936 5718 2123 5783 stellio,
2150 5717 2234 5771 vel
2260 5731 2322 5770 ex
2350 5716 2462 5784 ipso
2489 5714 2699 5767 nomine
2723 5730 2736 5777 ;
2767 5714 2988 5778 ἀστραπὴ
3021 5713 3071 5758 et
3096 5711 3249 5775 ἄττρα
3270 5742 3283 5769 ,
3311 5700 3411 5753 ful-
