3982 6218
540 409 654 466 435

539 529 639 580 gur
662 520 716 567 et
738 510 920 565 stellis.
954 509 1204 564 Servator
1228 517 1427 571 autem,
1461 515 1514 559 ut
1540 502 1840 559 ostenderet
1867 504 2038 572 ignem
2059 513 2113 558 et

541 605 716 674 fulgur
742 604 931 657 similia
959 617 1078 656 esse
1102 642 1116 665 ,
1140 602 1212 654 ait
1245 601 1294 652 in
1326 596 1646 664 Evangelio:
1673 596 1900 648 Lucerna
1931 612 2113 659 corpo-

539 696 611 746 ris
631 702 702 747 est
723 692 914 745 oculus.
945 690 1005 745 Si
1027 692 1199 743 oculus
1219 699 1330 740 tuus
1351 689 1500 755 fuerit
1522 686 1736 749 lucidus,
1756 694 1913 737 totum
1933 700 2117 752 corpus

543 793 681 835 tuum
703 781 925 834 lucidum
951 782 1043 832 erit
1063 779 1276 848 (Matt/1.
1303 779 1356 831 6.
1379 777 1494 844 22).
1521 776 1644 829 Haec
1665 777 1935 830 Servatur.
1962 773 2117 827 Dein-

539 872 607 925 de
629 871 928 938 subjungit:
955 869 1019 924 Ut
1049 885 1160 920 cum
1187 867 1387 920 lucerna
1406 868 1606 935 fulgure
1624 865 1877 918 illuminat
1898 872 1943 916 te
1964 863 2116 935 (Luc.

545 963 631 1014 11.
665 961 792 1028 56);
823 961 1050 1013 lucerna:
1076 960 1249 1027 fulgur
1273 973 1470 1011 vocans
1500 957 1732 1011 lucernae
1761 955 2040 1025 fulgorem.

614 1050 666 1104 5.
695 1048 881 1103 Omnia
904 1049 1062 1115 igitur
1089 1047 1224 1101 facta
1253 1056 1376 1102 sunt
1409 1065 1421 1100 :
1453 1047 1590 1116 ignis
1618 1046 1787 1099 factus
1813 1054 1914 1109 est,
1938 1044 2118 1114 abyssi

543 1139 694 1194 facta:
722 1148 844 1192 sunt
868 1182 880 1200 ,
915 1141 1056 1193 venti
1082 1181 1097 1202 ,
1143 1149 1368 1208 quatuor
1397 1139 1659 1192 elementa
1689 1177 1704 1202 ,
1739 1147 1872 1190 terra
1897 1177 1912 1199 ,
1943 1137 2076 1205 ignis
2101 1178 2116 1202 ,

545 1245 699 1299 aqua,
729 1245 840 1283 aer.
873 1229 1002 1282 Nam
1031 1245 1149 1298 qua:
1173 1231 1593 1298 omiseratquasi
1618 1228 1704 1282 hic
1727 1228 1946 1282 resumit
1973 1227 2121 1298 Moy-

543 1333 629 1376 ses
649 1321 862 1375 dicens:
898 1320 1002 1375 Sea:
1025 1321 1196 1374 diebus
1222 1321 1337 1389 fecit
1364 1320 1501 1374 Deus
1527 1322 1704 1374 caelum
1733 1330 1776 1373 et
1802 1330 1987 1372 terram
2016 1361 2030 1381 ,
2073 1329 2119 1373 et

546 1412 715 1462 omnia
739 1425 852 1478 qua:
872 1411 924 1463 in
946 1412 1015 1463 eis
1043 1419 1160 1464 sunt
1187 1410 1378 1479 (Exod.
1407 1409 1496 1464 20.
1524 1407 1632 1480 11).
1661 1408 2117 1474 Quemadmodum

543 1510 721 1556 autem
748 1501 987 1569 corporis
1017 1517 1121 1556 non
1151 1502 1329 1556 omnia
1359 1503 1594 1556 membra
1625 1501 1778 1564 dixit,
1812 1501 1888 1555 sic
1917 1515 1978 1555 ea
2001 1517 2119 1568 qua:

544 1591 610 1644 ad
640 1592 962 1645 creationem
994 1601 1235 1660 spectant
1257 1608 1360 1644 non
1391 1593 1741 1652 enumeravit,
1776 1590 1984 1644 etiamsi
2007 1605 2124 1643 om-

545 1682 631 1734 nia
653 1695 772 1735 cum
796 1681 994 1735 mundo
1021 1683 1125 1736 sint
1148 1683 1379 1736 condita.
1413 1681 1467 1737 Si
1509 1697 1667 1750 porro
1695 1698 1797 1735 non
1819 1689 1961 1737 esset
1987 1681 2122 1751 ignis

544 1771 598 1826 in
627 1779 788 1836 terra,
814 1787 917 1824 non
950 1772 1107 1827 hodie
1134 1775 1306 1842 ignem
1327 1790 1389 1828 ex
1419 1782 1564 1842 petra
1592 1773 1900 1840 educerent,
1932 1789 2034 1827 non
2057 1788 2122 1827 ex

545 1861 730 1931 ligno;
761 1864 1002 1917 collisum
1040 1866 1233 1933 quippe
1279 1866 1477 1934 lignum
1528 1867 1701 1935 ignem
1749 1866 1961 1920 emittit.
1990 1866 2123 1920 Ani-

545 1968 690 2006 mum
729 1970 855 2024 ergo
880 1956 1164 2025 diligenter
1191 1959 1404 2013 adhibe.
1440 1958 1677 2012 Tenebrae
1701 2000 1715 2025 ,
1747 1958 1914 2027 inquit
1940 2000 1954 2024 ,
1979 1968 2124 2012 erant

545 2058 696 2111 super
723 2046 902 2113 {aciem
935 2047 1103 2116 abyssi
1145 2046 1164 2117 (
1190 2047 1318 2102 Gen.
1353 2049 1401 2102 1.
1433 2049 1468 2101 ‘2
1490 2051 1528 2116 ).
1580 2049 1792 2117 Ergone
1817 2089 1832 2110 ,
1876 2047 2079 2117 inquies
2105 2086 2122 2114 ,

551 2131 694 2186 Deus
725 2135 968 2188 tenebras
998 2136 1162 2190 fecit?
1189 2137 1396 2192 Scimus
1425 2138 1584 2191 altam
1618 2152 1736 2192 esse
1762 2137 2080 2193 sententiam
2107 2154 2121 2190 :

548 2222 642 2276 sed
673 2224 792 2290 quia
817 2224 866 2276 in
899 2233 1039 2278 coetu
1082 2242 1225 2295 sarpe
1259 2242 1440 2280 sumus
1484 2243 1670 2282 eorum
1702 2269 1716 2292 ,
1745 2241 1971 2296 quorum
2003 2241 2126 2296 pars

549 2312 721 2365 amico
747 2313 966 2367 audiunt
999 2317 1176 2368 animo
1196 2357 1210 2379 ,
1248 2332 1370 2385 pars
1395 2333 1522 2371 vero
1549 2317 1940 2386 reprehendere
1983 2327 2126 2371 sata-

549 2411 682 2469 gunt
715 2417 728 2465 ;
777 2417 1000 2458 necesse
1043 2414 1124 2459 est
1163 2407 1384 2461 verbum
1419 2425 1523 2461 non
1554 2409 1670 2462 sine
1695 2409 1937 2463 examine
1963 2409 2127 2463 relin-

551 2505 743 2558 quere,
771 2507 837 2547 ne
863 2502 982 2562 post
1010 2510 1197 2564 magna
1225 2497 1483 2565 promissa
1517 2539 1532 2563 ,
1564 2499 1754 2569 exigua
1785 2510 2124 2569 prrestemus.

551 2578 828 2636 Undenam
859 2599 986 2654 ergo
1012 2587 1250 2641 tenebrte
1275 2588 1298 2640 ?
1327 2588 1457 2642 Nam
1488 2589 1626 2643 Deus
1660 2632 1675 2656 ,
1719 2591 2004 2659 inquiunt,
2031 2591 2127 2646 has

550 2687 656 2726 non
683 2671 838 2727 fecit:
870 2675 1009 2731 Deus
1029 2679 1170 2731 enim
1204 2720 1218 2743 ,
1249 2681 1394 2732 aiunt
1423 2721 1438 2745 ,
1470 2697 1639 2750 neque
1668 2682 2001 2736 tenebrarum
2027 2699 2128 2738 ne—

551 2775 657 2829 que
699 2763 941 2832 caliginis
987 2767 1162 2835 Opifex
1195 2780 1294 2822 est.
1327 2770 1464 2836 Quid
1493 2771 1649 2838 igitur
1691 2783 1814 2825 sunt
1841 2773 2075 2828 tenebra:
2105 2775 2127 2828 i

549 2847 696 2904 Multi
725 2851 974 2908 dixerunt
996 2870 1116 2910 esse
1141 2858 1255 2910 cadi
1301 2859 1563 2911 umbram.
1601 2859 1731 2913 Nam
1757 2902 1770 2923 ,
1793 2861 1941 2916 aiunt
1967 2904 1978 2924 .
2005 2877 2128 2917 cum

550 2940 738 2994 caelum
764 2944 1008 3012 superius
1033 2946 1302 2999 conditum
1350 2957 1462 3014 cst,
1491 2964 1612 3002 cum
1660 2963 1889 3018 superna
1929 2951 2128 3005 lumina

550 3035 786 3090 nondum
827 3049 1034 3102 essent,
1067 3039 1262 3092 nudata
1291 3052 1402 3094 erat
1431 3050 1568 3096 terra
1594 3082 1609 3107 ,
1638 3053 1691 3098 et
1718 3043 1872 3098 facta:
1904 3053 2026 3098 sunt
2048 3054 2128 3100 te-

550 3126 750 3180 nebrae.
795 3128 865 3182 At
894 3130 1081 3183 caelum
1111 3146 1396 3200 supernum
1429 3132 1661 3186 lucidum
1691 3143 1773 3188 est
1803 3175 1817 3197 ,
1849 3151 1953 3188 non
1982 3144 2130 3189 tene-

550 3217 769 3271 brosum
793 3235 808 3284 ;
834 3228 993 3290 atque
1022 3223 1229 3275 etiamsi
1255 3238 1359 3276 non
1390 3223 1608 3278 haberet
1631 3226 1798 3279 solem
1826 3267 1840 3290 ,
1874 3227 2052 3280 lunam
2075 3235 2130 3282 et

551 3307 740 3362 stellas
773 3349 787 3372 ,
821 3309 989 3377 ipsam
1018 3320 1257 3364 naturam
1290 3328 1381 3379 per
1403 3327 1461 3366 se
1482 3315 1850 3381 Splendeutem
1888 3317 2128 3371 haberet.

551 3397 604 3452 Si
632 3413 758 3469 ergo
775 3401 962 3454 cadum
993 3403 1327 3468 imminebat,
1355 3413 1599 3472 terraque
1621 3421 1852 3473 expansa
1883 3417 2030 3474 erat,
2065 3408 2129 3462 il-

553 3488 750 3557 ludque
786 3505 1017 3560 superne
1065 3492 1315 3560 lucebat,
1345 3503 1397 3546 et
1434 3493 1544 3548 hmc
1576 3496 1749 3550 lucem
1788 3497 2086 3566 excipiebat
2113 3537 2129 3560 .

551 3578 816 3632 undenam
849 3581 1082 3635 tenebrae
1106 3583 1129 3634 ?
1155 3582 1278 3635 Mihi
1306 3592 1450 3636 certe
1477 3584 1702 3648 videtur,
1727 3586 1975 3655 quoniam
1994 3602 2128 3656 aqua

551 3680 709 3723 terra:
739 3672 1074 3739 superficiem
1104 3675 1350 3742 tegebat,
1379 3677 1679 3746 nebulaque
1718 3686 1771 3731 et
1798 3679 1968 3748 caligo
1989 3679 2130 3733 circa

549 3775 716 3828 aquas
739 3761 1067 3814 consistebat
1095 3803 1110 3826 ,
1142 3764 1281 3832 quod
1311 3766 1471 3818 etiam
1506 3781 1646 3820 nunc
1671 3769 1886 3822 evenire
1909 3769 2045 3822 solet
2076 3769 2127 3823 in

551 3849 859 3906 ﬂuminibus
892 3893 907 3916 ,
945 3853 1320 3909 obscuritatem
1346 3857 1490 3910 illam
1517 3858 1800 3926 caliginem
1828 3860 2127 3916 excitasse:

551 3941 825 4010 nubesque
871 3942 1060 3998 fecisse
1093 3985 1108 4009 ,
1138 3959 1202 4000 ac
1252 3946 1418 4001 nubes
1460 3948 1838 4004 obumbrantes
1885 3951 2130 4007 tenebras

552 4032 846 4087 induxisse.
869 4035 1020 4100 Quod
1050 4045 1226 4089 autem
1253 4045 1420 4091 nubes
1453 4038 1697 4094 tenebras
1725 4042 1944 4105 excitet,
1975 4042 2023 4095 id
2050 4042 2132 4096 dit

551 4123 625 4201 cit
647 4121 954 4191 Scriptura:
988 4125 1049 4178 Et
1088 4127 1266 4180 caelum
1292 4127 1664 4182 obtenebratum
1704 4140 1774 4184 est
1818 4131 1871 4184 in
1918 4132 2128 4185 nubibus

555 4213 644 4276 (ὅ.
679 4212 806 4282 Reg.
838 4214 922 4267 l8.
943 4215 1068 4285 45).
1103 4217 1486 4271 [hereticorum
1516 4229 1699 4275 autem
1727 4221 1996 4292 allegoria:
2023 4238 2129 4277 non

554 4303 860 4372 ignoranda:
900 4313 1042 4358 sunt.
1076 4306 1297 4372 Quidam
1327 4307 1560 4362 literelici
1593 4310 1773 4364 dicere
1818 4313 1929 4364 ausi
1958 4322 2078 4364 sunt
2112 4353 2127 4377 ,

556 4393 805 4448 tenebras
831 4409 950 4448 esse
979 4395 1246 4449 diabolum
1271 4399 1372 4466 (α),
1402 4399 1651 4467 abyssum
1680 4413 1807 4453 vero
1835 4399 2127 4453 daemonas:

551 4482 763 4553 quando
805 4493 981 4537 autem
1018 4484 1150 4538 dixit
1191 4485 1330 4540 Deus
1366 4505 1377 4540 :
1413 4487 1532 4540 Fiat
1575 4489 1701 4550 lux;
1731 4488 1782 4542 id
1812 4499 1890 4543 est
1942 4488 2130 4555 Filius,

552 4574 700 4627 aiunt
725 4593 735 4625 :
762 4573 874 4628 Non
902 4559 1214 4645 modo'ergo
1239 4579 1252 4608 ¹
1284 4577 1359 4630 illi
1386 4577 1587 4632 honore
1609 4593 1706 4646 par
1735 4588 1815 4633 est
1845 4579 2086 4635 diabolus
2111 4623 2126 4646 ,

552 4665 646 4718 sed
698 4666 855 4719 etiam
906 4669 994 4722 illo
1035 4670 1230 4722 senior.
1267 4669 1457 4723 Verum
1511 4671 1647 4724 hanc
1688 4671 2011 4740 impietatem
2062 4687 2129 4727 ne

550 4767 971 4811 commemorare
999 4759 1208 4820 quidem
1238 4775 1332 4827 par
1354 4771 1435 4814 est
1458 4777 1474 4817 :
1494 4761 1587 4816 sed
1617 4762 1736 4814 ideo
1761 4763 2078 4830 protulimus
2110 4804 2126 4830 ,

551 4857 620 4898 ne
644 4857 707 4898 ea
734 4861 854 4914 qua:
880 4847 1019 4901 dicta
1048 4859 1170 4902 sunt
1191 4849 1526 4918 ignoraretis.
1561 4851 1819 4906 Tenebra:
1844 4868 1972 4921 ergo
2000 4863 2125 4908 tunc

550 4931 655 4987 illa!
677 4949 746 4988 ex
775 4935 1001 4990 nubibus
1042 4947 1211 4992 erant.
1260 4939 1349 4993 Sic
1388 4941 1531 4994 enim
1576 4943 1626 4994 in
1659 4941 1891 5011 tEgyptO
1918 4957 2128 5013 quoque

551 5024 784 5078 tenebrae
809 5037 960 5082 erant
982 5069 996 5090 .
1028 5046 1130 5082 non
1159 5030 1300 5099 quod
1331 5046 1435 5084 nox
1461 5041 1603 5086 esset
1627 5072 1642 5097 ,
1673 5033 1766 5086 sed
1788 5033 1929 5102 quod
1957 5034 2126 5104 caligo

550 5122 696 5165 esset
724 5113 934 5168 inducta
980 5116 1000 5188 (
1031 5117 1197 5172 Exod.
1230 5119 1317 5174 10.
1347 5120 1418 5173 22
1445 5137 1550 5191 sqq.
1587 5120 1607 5192 )
1655 5121 1744 5176 Sic
1771 5131 1824 5176 et
1864 5123 1913 5176 in
1947 5133 2126 5178 monte

551 5202 676 5256 Sina
703 5202 900 5260 factum
927 5217 1046 5273 est;
1082 5211 1313 5265 tenebrae
1350 5223 1501 5266 erant
1544 5229 1647 5267 non
1696 5230 1761 5269 ex
1809 5225 1964 5270 nocte
1986 5255 2001 5280 ,
2033 5216 2126 5270 sed

617 5349 779 5410 '_Ha:c
821 5351 870 5400 in
907 5352 1076 5404 Savilio
1098 5355 1424 5405 additamento
1462 5364 1599 5406 aucta
1642 5357 1873 5410 leguntur
1910 5359 1958 5406 in
1999 5360 2126 5410 hunc

618 5371 634 5378 '
670 5371 779 5398 nam:
823 5371 870 5400 In
908 5371 1076 5404 δειγιιιο
1098 5371 1424 5405 θααιωῐηθοιο
1462 5371 1599 5406 aucta
1642 5371 1690 5407 le
1764 5371 1873 5408 ntur
1910 5371 1958 5406 ιη
1999 5371 2126 5410 nunc

550 5408 980 5484 [ιρᾲξιαξεψάρ
1003 5422 1167 5484 autem
1183 5416 1310 5465 diuit
1337 5425 1462 5484 Deus
1486 5430 1503 5466 :
1534 5436 1557 5463 ι
1577 5371 1812 5484 Ρξᾳιῆυιιττ,
1837 5436 1859 5464 ι
1885 5419 1953 5484 sic
1979 5421 2126 5484 impe-

698 5479 749 5520 ut
762 5473 911 5542 Filius
933 5474 1102 5542 ﬁeret;
1124 5483 1168 5524 et
1181 5491 1282 5542 _non
1297 5479 1579 5542 erubescunt
1604 5473 1848 5542 diabolum
1865 5481 2025 5530 dicere
2045 5473 2123 5533 'se-

556 5534 898 5603 pioremgrilio.
928 5537 976 5584 si
1007 5534 1136 5603 enim
1157 5537 1346 5603 damon
1368 5539 1426 5587 sit
1451 5539 1666 5603 abyssus,
1684 5549 1728 5591 et
1754 5540 1971 5603 diabolus
1995 5551 2123 5593 tene-

549 5587 667 5664 bztt,
705 5601 750 5664 et
786 5594 828 5664 si
857 5609 978 5664 crint
995 5599 1096 5654 iam
1132 5598 1346 5664 abyssus
1364 5607 1410 5648 et
1439 5587 1971 5664 Δζβιῗέιῖἓᾶίεἷέκςῧῷἶ-ξξὶὶί

550 5647 765 5726 digerit;
791 5656 938 5705 «Ἱιὶιιι
962 5647 1064 5726 1.21;,
1078 5675 1108 5726 _»
1131 5667 1175 5707 et
1196 5647 1285 5726 lux
1305 5647 1377 5708 sit?
1391 5647 1544 5712 Filius
1560 5647 1857 5725 {:ibi'oz'éd'd
1873 5647 2121 5726 é‘r‘ﬁbf'c'tE

611 5712 684 5766 ἰαὶ
720 5723 812 5766 Itoc
833 5712 1155 5770 contendebat
1176 5722 1428 5783 Origenes.

1987 384 2354 446 SEVERIANI

3696 411 3806 466 436

2232 502 2374 557 nube
2395 501 2746 557 obumbrante
2779 505 2797 575 (
2833 502 2976 557 Deut.
3011 507 3063 559 4.
3095 505 3151 560 11
3186 503 3229 574 ).
3253 504 3338 560 Sic
3367 505 3526 560 etiam
3558 505 3608 559 lu
3637 521 3794 564 cruce

2221 594 2419 647 Christi
2451 594 2682 647 tenebrm
2710 595 2859 647 facta:
2887 605 3008 647 sunt
3035 636 3049 657 ,
3095 611 3198 648 nou
3245 597 3562 652 adveniente
3594 607 3750 650 nocte
3777 638 3792 660 ,

2223 687 2314 741 sed
2343 687 2525 740 umbra
2549 697 2604 739 et
2630 689 2989 740 obstructione
3019 686 3173 739 facta.
3199 686 3270 739 Ita
3299 703 3400 739 non
3428 696 3637 755 oportet
3664 687 3799 739 divi—

2224 791 2289 829 na
2313 776 2521 844 eloquia
2579 784 2778 830 temere
2805 777 3037 845 aggredi.
3075 776 3138 829 Et
3166 777 3371 844 spiritus
3399 777 3493 830 Dei
3517 778 3799 845 super-{ere-

2223 864 2370 917 batur
2394 881 2546 932 super
2570 865 2792 936 aquam(
2823 865 2948 917 Gen.
2985 868 3034 920 1.
3066 866 3100 918 2
3131 868 3168 932 ).
3196 866 3446 934 Spiritum
3484 876 3641 920 vocat
3668 882 3798 920 ven-

2227 963 2359 1017 tum,
2391 964 2445 1006 ut
2469 953 2590 1007 alibi
2613 954 2737 1008 dicit
2769 971 2781 1006 :
2823 954 2885 1006 In
2913 956 3089 1023 spiritu
3111 956 3378 1008 vehementi
3400 965 3622 1009 conteres
3646 972 3799 1009 naues

2227 1044 2434 1098 Thai-sis
2468 1045 2636 1113 (Psal.
2668 1048 2754 1099 47.
2786 1049 2874 1114 8):
2910 1048 3150 1114 spiritum
3185 1062 3382 1099 vocans
3409 1051 3546 1100 aeris
3574 1058 3800 1101 malum.

2223 1133 2302 1188 Ne
2335 1144 2489 1204 putes
2516 1138 2658 1188 enim
2700 1137 2838 1189 aliud
2883 1152 3002 1191 esse
3040 1153 3215 1190 aerem
3247 1179 3258 1203 ,
3292 1147 3344 1192 et
3369 1138 3509 1191 aliud
3536 1148 3752 1193 \entutn
3788 1156 3801 1192 :

2227 1225 2342 1292 ipse
2370 1227 2564 1294 quippe
2591 1242 2683 1279 aer
2719 1227 3013 1280 concitatus
3054 1238 3267 1280 ventum
3303 1227 3424 1280 facit
3451 1269 3464 1292 ,
3511 1239 3566 1281 ut
3593 1229 3806 1306 experi-

2227 1326 2410 1369 mento
2430 1318 2827 1384 comprobatur.
2864 1317 3016 1386 Stepe
3047 1318 3204 1386 igitur
3226 1317 3434 1371 flabello
3463 1328 3553 1372 aut
3579 1319 3804 1373 sindone

2227 1405 2564 1473 tranquillum
2594 1422 2769 1460 aerem
2797 1422 3200 1461 eommovemus
3225 1448 3238 1469 ,
3290 1417 3342 1459 et
3381 1421 3443 1460 ex
3485 1408 3627 1460 aeris
3657 1419 3804 1462 motu

2228 1506 2446 1549 ventum
2472 1495 2710 1550 facimus.
2742 1498 2952 1566 Utergo
2981 1514 3046 1551 ex
3074 1499 3186 1567 ipso
3207 1499 3390 1566 spiritu
3413 1499 3811 1554 demonstrare-

2228 1595 2314 1640 tur
2343 1597 2555 1640 ventum
2599 1603 2717 1642 esse
2761 1589 2897 1642 aeris
2942 1599 3182 1652 motum,
3227 1586 3323 1641 hac
3349 1588 3416 1641 de
3444 1602 3604 1641 causa
3635 1589 3806 1650 dixit.

2230 1675 2673 1744 Superferebatur.
2709 1677 2984 1746 Proprium
3010 1678 3151 1732 enim
3188 1687 3344 1731 vento
3371 1687 3453 1732 est
3480 1687 3537 1730 ut
3568 1677 3812 1748 superfe-

2227 1778 2376 1822 ratur
2401 1770 2675 1822 creationi.
2723 1769 2868 1823 Dixit
2902 1769 3040 1823 Deus
3070 1810 3084 1831 ,
3129 1768 3248 1822 Fiat
3275 1770 3381 1823 lux.
3409 1769 3514 1824 Cur
3541 1784 3650 1822 non
3683 1769 3819 1822 dixit

2229 1857 2457 1928 Moyses,
2494 1860 2635 1911 Dixit
2663 1858 2801 1912 Deus
2829 1901 2842 1922 ,
2877 1857 2994 1912 Fiat
3024 1859 3209 1912 cmlum
3233 1899 3246 1922 ,
3278 1857 3363 1910 liat
3392 1873 3542 1912 mare
3564 1895 3582 1922 ,
3616 1859 3713 1911 sed
3746 1858 3817 1910 ibi

2228 1946 2479 2015 quidem,
2507 1946 2649 2000 Fecit
2675 1988 2688 2009 ,
2720 1947 2806 2001 hic
2827 1963 2984 2012 vero,
3017 1947 3191 2012 Dixit,
3217 1947 3645 2017 quandoquidem
3677 1947 3818 2017 apud

2229 2050 2328 2090 nos
2356 2051 2532 2091 sermo
2558 2037 2812 2106 przecedit
2839 2053 2973 2107 opus
2998 2056 3010 2090 :
3035 2053 3155 2092 nam
3185 2038 3353 2106 primo
3376 2037 3606 2091 dicimus
3628 2079 3643 2103 ,
3668 2038 3820 2092 deiu-

2229 2125 2297 2179 de
2337 2124 2601 2180 facimus?
2628 2127 2923 2182 Ostemlere
2952 2128 3134 2182 volens
3163 2127 3328 2182 Deum
3379 2127 3552 2195 primo
3593 2125 3775 2182 facere
3799 2143 3813 2192 ;

2229 2223 2289 2267 ut
2309 2216 2452 2269 omni
2479 2231 2726 2271 sermone
2747 2217 3066 2272 velociorem
3093 2219 3416 2272 creationem
3444 2231 3566 2271 esse
3597 2217 3820 2272 demou-

2231 2315 2398 2368 stret;
2429 2307 2645 2375 quando
2667 2309 2940 2363 materiam
2966 2310 3163 2363 virtute
3192 2323 3285 2362 sua
3310 2317 3472 2367 creat.
3505 2307 3638 2363 dicit
3663 2308 3816 2372 illud,

2232 2395 2378 2451 Fecit
2404 2398 2654 2466 ;quando
2679 2408 2856 2454 autem
2880 2400 3054 2453 omnia
3084 2401 3220 2454 Deus
3250 2408 3536 2454 ornaturus
3563 2409 3708 2465 erat,
3731 2416 3820 2454 or-

2231 2500 2388 2544 natus
2417 2502 2592 2545 autem
2617 2491 2918 2558 huiusmodi
2951 2492 3268 2560 principium
3291 2492 3376 2546 lux
3407 2502 3543 2556 erat,
3580 2501 3712 2546 tunc
3738 2493 3817 2545 in-

2231 2580 2376 2634 ducit
2405 2584 2725 2634 concinnum
2755 2595 3076 2636 sermonem.
3109 2581 3175 2636 Et
3203 2582 3324 2650 quia
3347 2595 3561 2635 rursum
3585 2582 3814 2649 primum

2234 2668 2324 2722 Dei
2371 2683 2504 2737 opus
2543 2671 2631 2722 lux
2665 2711 2678 2727 .
2726 2680 3052 2738 postremum
3101 2685 3228 2724 vero
3276 2670 3436 2724 homo
3484 2670 3616 2724 fuit:
3649 2672 3820 2740 primo

2233 2758 2373 2812 Deus
2391 2760 2558 2812 lucem
2573 2770 2822 2828 operatur
2839 2763 3022 2823 verbo,
3045 2768 3313 2829 postremo
3332 2760 3607 2814 hominem
3632 2775 3812 2829 opere,

2238 2864 2266 2901 a
2303 2849 2418 2903 luce
2443 2851 2492 2903 in
2521 2852 2690 2903 lucem
2717 2851 2988 2904 desinens.

2303 2937 2354 2992 6.
2390 2937 2555 2990 Homo
2587 2939 2836 3004 quomodo
2875 2939 2979 2992 lux.
3016 2969 3080 2977 —
3106 2938 3383 3004 Quomodo
3414 2948 3595 2992 autem
3647 2939 3809 2992 homo

2233 3025 2321 3079 lux
2349 3027 2435 3090 sit,
2471 3028 2614 3080 audi.
2642 3028 2754 3080 Lux
2783 3044 2867 3081 res
2897 3029 3169 3082 ostendit:
3201 3028 3284 3081 lux
3312 3028 3490 3082 mundi
3518 3028 3684 3082 homo
3704 3037 3814 3082 est:

2235 3115 2508 3184 ingressus
2545 3116 2782 3169 ostendit
2828 3117 2920 3170 tibi
2953 3117 3124 3171 lucem
3157 3118 3308 3181 artis,
3344 3117 3516 3172 lucem
3549 3118 3812 3173 scientim.

2235 3205 2346 3260 Lux
2396 3207 2634 3260 ostendit
2681 3207 3028 3274 frumentum,
3059 3209 3404 3279 intelligentia
3435 3225 3628 3278 panem
3660 3212 3818 3271 fecit;

2237 3297 2327 3350 lux
2354 3298 2592 3351 ostendit
2619 3299 2788 3353 vinea:
2823 3314 2974 3351 uvam
3001 3317 3013 3361 ;
3042 3300 3128 3352 lux
3161 3300 3526 3369 intelligentiae
3574 3299 3824 3352 exhibuit

2236 3389 2418 3442 vinum
2441 3429 2455 3452 ,
2496 3389 2636 3458 quod
2668 3390 2718 3442 in
2749 3406 2850 3442 uva
2897 3392 3233 3454 continetur,
3265 3391 3352 3443 lux
3382 3391 3706 3444 monstravit
3754 3390 3825 3442 la-

2239 3495 2400 3540 nam,
2459 3481 2548 3533 lux
2581 3481 2812 3534 hominis
2857 3481 3102 3534 exhibuit
3151 3489 3352 3534 vestem
3399 3480 3525 3533 :lux
3582 3481 3828 3534 ostendit

2239 3580 2498 3633 montem,
2534 3571 2621 3624 lux
2658 3572 3022 3641 intelligentia:
3045 3571 3666 3641 exhilmitlapicidinam.
3695 3572 3826 3626 Ideo

2235 3658 2486 3714 Servator
2516 3661 2688 3713 lucem
2716 3671 2872 3714 vocat
2913 3663 3186 3731 apostolos
3214 3661 3296 3715 his
3318 3662 3495 3716 verbis
3520 3679 3532 3714 :
3574 3660 3673 3715 Vos
3699 3664 3827 3716 estis

2239 3749 2328 3802 lux
2353 3752 2525 3802 mundi
2549 3751 2759 3818 (ΜαηΙι.
2787 3752 2838 3805 5.
2865 3753 2975 3820 14).
3009 3750 3116 3805 Cur
3145 3753 3261 3806 illos
3282 3753 3455 3808 lucem
3485 3753 3686 3807 vocat?
3705 3753 3824 3806 Non

2238 3848 2295 3891 ut
2323 3838 2442 3892 illos
2468 3839 2665 3894 ofﬁciat
2703 3841 2907 3896 honore
2940 3851 3146 3895 tantum
3169 3883 3182 3901 .
3225 3843 3319 3897 sed
3363 3845 3523 3897 etiam
3557 3851 3613 3896 ut
3661 3858 3824 3912 spem

2236 3927 2648 3980 resurrectionis
2674 3928 2939 3982 ostendat.
2971 3929 3430 3996 Quemadmodum
3452 3932 3591 3984 enim
3609 3931 3701 3983 lux
3734 3947 3828 3983 ve-

2237 4030 2392 4084 spere
2413 4016 2663 4069 occidens
2692 4033 2795 4070 non
2836 4019 2973 4086 perit
2999 4059 3012 4079 ,
3054 4019 3147 4072 sed
3177 4019 3538 4081 absconditur,
3585 4029 3639 4072 et
3671 4031 3827 4087 post-

2235 4119 2394 4172 quam
2418 4105 2626 4159 occulta
2649 4104 2768 4170 fuit,
2803 4120 3012 4159 rursum
3042 4113 3264 4174 apparet
3292 4123 3304 4157 :
3338 4107 3418 4159 sic
3457 4115 3510 4162 et
3537 4106 3703 4161 homo
3728 4123 3821 4162 ve-

2237 4193 2315 4246 lut
2350 4193 2401 4246 in
2436 4208 2684 4248 occasum
2740 4193 3024 4263 quemdam
3066 4195 3117 4247 in
3159 4195 3463 4262 sepulcrum
3503 4196 3818 4258 demissus,

2236 4285 2648 4338 resurrectionis
2681 4300 2890 4337 rursum
2919 4284 3058 4338 ortui
3083 4296 3346 4338 servatur.
3391 4285 3512 4338 Fiat
3537 4287 3642 4340 lux.
3671 4287 3824 4340 Dixit

2239 4371 2438 4426 factam
2471 4389 2592 4428 esse
2619 4390 2632 4436 ;
2665 4389 2770 4442 quo
2804 4384 2983 4428 autem
3011 4377 3192 4438 modo,
3219 4392 3325 4429 non
3364 4376 3673 4441 declaravit,
3733 4395 3825 4432 ne-

2240 4474 2344 4527 que
2370 4460 2529 4513 etiam
2547 4460 2746 4514 didicit.
2770 4460 3153 4531 Namquodlux
3181 4463 3314 4518 faeta
3341 4465 3430 4530 sit,
3455 4465 3642 4533 inquit,
3668 4465 3817 4520 bene

2238 4550 2359 4603 novi
2392 4569 2406 4605 :
2438 4552 2709 4619 quomodo
2730 4560 2906 4607 autem
2932 4553 3066 4609 facta
3094 4556 3164 4608 sit
3191 4570 3294 4609 non
3326 4555 3499 4626 capio.
3530 4555 3654 4610 Ideo
3683 4557 3820 4611 Ser-

2240 4649 2393 4693 vator
2415 4644 2672 4709 apostolis
2701 4643 2913 4697 dicebat
2945 4662 2958 4694 :
2993 4643 3112 4700 Non
3139 4656 3358 4700 vestrum
3408 4657 3479 4700 est
3507 4664 3653 4702 nosse
3680 4660 3816 4703 tem-

2235 4745 2359 4798 pora
2385 4731 2460 4784 vel
2504 4743 2754 4786 momenta
2776 4774 2790 4798 ,
2820 4750 2933 4801 qua:
2960 4734 3120 4788 Pater
3147 4739 3310 4804 posuit
3339 4739 3389 4791 in
3417 4755 3510 4792 sua
3547 4748 3819 4809 potestate

2234 4820 2366 4888 (Act.
2395 4823 2447 4874 1.
2473 4822 2547 4889 7).
2598 4823 2757 4890 Atqui
2810 4837 2913 4876 non
2945 4833 3030 4878 est
3070 4836 3308 4880 nostrum
3360 4844 3523 4884 nosse
3568 4840 3815 4900 tempora

2233 4908 2315 4962 vel
2343 4920 2612 4964 momenta
2636 4952 2651 4975 ,
2688 4921 2741 4964 et
2783 4912 3065 4967 Dominum
3112 4923 3412 4983 temporum
3444 4917 3818 4990 Opiﬁcemque

2231 4999 2556 5053 steculorum
2587 5009 2838 5067 poterunt
2868 5001 3098 5057 humana
3129 5005 3412 5060 ratiocinia
3447 5009 3816 5076 comprehen-

2230 5087 2398 5141 dere?
2423 5087 2565 5140 Dixit
2591 5087 2750 5154 Deus,
2785 5088 2904 5142 Fiat
2934 5090 3024 5145 lux
3051 5107 3070 5144 :
3099 5102 3142 5146 et
3172 5093 3308 5162 facta
3329 5104 3402 5147 est
3428 5095 3519 5148 lux
3573 5094 3736 5164 (Cen.
3764 5101 3815 5152 l.

2231 5178 2309 5248 3).
2353 5177 2399 5233 Ο
2452 5187 2688 5232 sanctam
2729 5181 2870 5234 illam
2905 5196 3256 5253 magnamque
3297 5184 3632 5253 potentiam!
3665 5201 3700 5241 ο
3733 5188 3817 5242 ἰη-

2230 5269 2409 5338 gentia
2439 5269 2691 5322 miracula
2717 5273 2731 5324 !
2757 5269 2921 5324 Facta
2949 5283 3023 5326 est
3044 5275 3180 5328 lux:
3219 5285 3266 5327 et
3287 5283 3442 5327 vocat
3468 5273 3608 5330 Deus
3653 5277 3812 5332 lucem

2233 5358 2386 5421 diem,
2417 5367 2462 5411 et
2482 5360 2706 5414 tenebras
2736 5370 2928 5414 noctem
2959 5361 3108 5431 (Gen.
3150 5364 3199 5416 1.
3232 5364 3312 5428 5).
3341 5361 3449 5418 Cur
3471 5379 3638 5432 porro
3670 5369 3812 5424 die.

2233 5459 2409 5518 ἠμὲραν
2453 5451 2644 5503 vocat?
2702 5453 2962 5517 Quoniam
3012 5453 3268 5523 quidquid
3301 5453 3479 5509 laetum
3507 5466 3562 5511 et
3592 5456 3771 5516 hilare
3795 5502 3809 5525 .

2234 5550 2400 5611 ἥμερον
2452 5542 2565 5596 sive
2601 5542 2754 5598 dulce
2782 5543 2996 5598 dieitur.
3040 5544 3163 5599 Ideo
3207 5545 3367 5599 etiam
3419 5547 3808 5620 benignitatem

2235 5641 2505 5702 ἡμερότητα
2545 5647 2797 5688 vocamus
2818 5675 2832 5698 ,
2866 5644 2921 5689 et
2939 5634 3145 5689 cicures
3169 5634 3473 5692 animantes
3500 5646 3706 5710 ἦμὶροας
3735 5642 3812 5697 di-

2231 5721 2418 5776 cimus.
2445 5721 2512 5777 Et
2538 5723 2726 5780 vocavit
2757 5723 2892 5778 Deus
2909 5724 3070 5779 lucem
3091 5722 3220 5777 diem
3244 5762 3262 5792 ,
3286 5731 3334 5777 et
3354 5726 3583 5784 tenebras
3611 5731 3811 5784 uocauit
