3982 6218
165 393 280 448 435

189 489 298 540 Καὶ
321 488 350 538 6
377 485 564 556 Σωτὴρ
589 486 664 548 δὲ,
692 485 777 539 ἵνα
803 485 970 556 δείξῃ,
1003 487 1082 538 ὅτι
1113 490 1172 537 τὸ
1203 485 1312 555 πῦρ
1335 486 1481 554 καὶὴ
1509 481 1760 552 ἀστραπὴ

192 575 451 641 συγγενές
484 575 621 639 ἐστι,
651 575 796 642 λέγει
826 577 883 626 ἐν
915 575 994 643 τῷ
1033 574 1347 642 Εὑαγγελίῳ
1371 591 1382 602 ·
1433 574 1493 624 '0
1537 572 1765 638 λύχνος

190 661 295 714 τοῦ
323 660 595 728 σώματός
609 661 778 712 ἐστιν
801 663 834 711 ό
853 661 1178 727 ὀφθαλμός.
1196 659 1336 711 Ἐὰν
1358 655 1472 712 οὖν
1493 659 1525 709 ό
1546 657 1766 722 ὀφθαλ-

184 749 298 816 μός
331 765 444 801 σου
474 748 754 816 φωτεινὸς
777 742 836 816 ᾖ,
861 748 997 800 ὅλον
1035 747 1099 798 τὸ
1137 745 1305 813 σῶμά
1332 761 1447 798 σου
1477 740 1766 812 φωτεινόν

187 837 378 887 ἔσται.
415 835 598 887 Ταῦτα
644 838 671 886 6
721 835 928 903 Σωτήρ.
970 829 1098 884 Εἶτα
1134 833 1360 898 ἐπάγει·
1400 832 1498 894 Ὠς
1547 829 1692 881 ὅταν
1732 829 1764 879 ό

187 925 417 988 λύχνος
452 920 526 988 τῇ
565 920 842 1011 ἀστρξιπῇ
875 919 1086 987 φωτίζῃ
1114 936 1186 972 σε
1214 937 1226 948 ·
1269 920 1459 989 λύχνου
1482 917 1763 988 ἀστραπὴν

185 1008 356 1060 εἰπὼν
384 1009 477 1077 τὴν
504 1008 676 1077 αύγὴν
707 1007 799 1058 τοῦ
831 1007 1038 1074 λύχνου.

257 1101 318 1146 ε’.
360 1097 542 1146 Πάντα
570 1091 660 1147 οὖν
688 1096 930 1162 ἐγένετο·
984 1093 1094 1162 πῦρ
1127 1091 1362 1160 ἐγένετο,
1391 1090 1612 1145 ἄϐυσσοι
1645 1090 1765 1156 ἐγέ-

186 1201 358 1244 νοντο,
389 1186 598 1250 ἄνεμοι,
633 1183 700 1235 τά
731 1185 971 1253 τέσσαρα
1003 1185 1261 1250 στοιχεῖα,
1294 1180 1386 1248 γῆ,
1431 1179 1562 1249 πῦρ,
1596 1178 1762 1246 ὕδωρ,

186 1271 312 1340 ἀήρ.
356 1270 460 1322 Καὶ
503 1268 610 1338 γάρ
657 1269 796 1338 ἅπερ
849 1269 1172 1340 παρέλειψεν
1214 1267 1287 1330 ὡς
1331 1270 1388 1319 ἐν
1435 1266 1762 1336 παραδόξῳσι

186 1356 677 1424 ἀνακεφαλαιοῦται
723 1357 963 1425 Μωῦσῆς
1005 1356 1209 1424 λέγων·
1255 1355 1357 1408 Ἐν
1407 1353 1475 1417 ἐξ
1518 1353 1763 1421 ἡμέραις

183 1446 474 1513 ἐποίησεν
503 1447 534 1498 ὀ
565 1445 707 1508 Θεὸς
743 1443 848 1498 τὸν
879 1442 1140 1512 οὐρανὸν
1187 1443 1283 1496 καὶ
1331 1441 1447 1510 τὴν
1486 1442 1620 1513 γῆν,
1663 1441 1762 1494 καὶ

185 1533 382 1585 πάντα
412 1533 480 1585 τὰ
505 1532 572 1585 ἐν
593 1533 1032 1602 αὑτοῖς.”Ωσπερ
1057 1530 1114 1583 δὲ
1145 1531 1237 1583 ἐπὶ
1267 1529 1360 1582 τοῦ
1387 1528 1633 1599 σώματος
1664 1528 1763 1581 οὐκ

185 1613 306 1670 εἷπε
335 1620 509 1671 πάντα
539 1619 605 1670 τὰ
635 1619 793 1688 μέλη,
818 1618 988 1681 οὕτως
1014 1617 1133 1671 οὐδὲ
1155 1617 1246 1669 ἐπὶ
1279 1620 1376 1686 τῆς
1409 1615 1762 1688 δημιουργίας

185 1705 610 1775 ἐξηριθμήσατο,
660 1707 707 1757 εί
757 1705 850 1758 καὶ
899 1705 1082 1760 πάντα.
1119 1703 1634 1773 συγκατεσκευάσθη
1686 1702 1764 1772 τῷ

187 1791 396 1860 κόσμῳ.
424 1791 569 1842 Εἰδέ
608 1792 681 1860 μὴ
706 1786 773 1860 ἦν
800 1792 858 1844 ἐν
889 1793 956 1862 τῇ
993 1793 1062 1862 γῇ
1107 1790 1240 1860 πῦρ,
1279 1791 1378 1843 οὑκ
1420 1790 1485 1843 ἂν
1526 1791 1761 1860 σήμερον

183 1877 294 1928 ἀπὸ
327 1877 530 1945 πέτρας
561 1876 669 1946 πῦρ
697 1876 967 1942 ἐξέϐαλον,
999 1878 1032 1947 ἢ
1062 1877 1168 1930 ἀπὸ
1196 1877 1384 1943 ξύλου·
1432 1876 1763 1948 παρατριϐό-

188 1980 349 2031 μενον
377 1963 485 2033 γάρ
507 1963 568 2014 τὸ
595 1962 746 2026 ξύλον
773 1962 882 2034 πῦρ
905 1965 1087 2034 γεννᾷ.
1119 1964 1358 2035 Πρόσεχε
1382 1958 1473 2016 οῦν
1499 1963 1758 2032 ἀκριϐῶς.

184 2054 410 2117 Σκότος
455 2047 556 2121 ἦν,
586 2053 769 2121 φησιν,
813 2051 1011 2106 ἐπάνω
1044 2051 1154 2119 τῆς
1191 2047 1636 2121 ἀϐύσσουῙΑρα
1670 2047 1762 2104 οὖν

186 2139 396 2200 σκότος,
427 2139 610 2208 φησὶν,
641 2141 668 2192 6
687 2139 818 2202 Θεὸς
846 2139 1132 2209 ἐποίησεν;
1159 2139 1392 2209 Οἴδαμεν
1414 2135 1506 2192 οὖν
1525 2140 1606 2192 ὅτι
1628 2138 1760 2208 βαθὺ

183 2227 244 2277 τὸ
275 2227 453 2296 νόημα
475 2243 487 2257 ·
519 2226 632 2280 ἀλλ’
664 2226 851 2297 ἐπειδὴ
900 2226 1102 2296 μεταξύ
1150 2229 1316 2296 ἐσμεν
1368 2226 1624 2288 πολλάκις
1668 2228 1762 2280 καὶ

184 2312 294 2364 τῶν
335 2311 632 2382 ἀγαπητῶς
681 2313 1006 2376 ἀκουόντων,
1045 2313 1268 2366 καὶτῶν
1296 2312 1760 2383 ἐπιλαμϐάνεσθαι

185 2398 504 2465 φιλούντων,
531 2399 741 2469 ἀνάγκη
790 2400 864 2469 μὴ
902 2399 1262 2468 παραλείπειν
1284 2399 1638 2465 ἀνεξέταστον
1671 2400 1760 2452 τὸν

183 2486 363 2553 λόγον,
393 2487 476 2538 ἵνα
510 2486 584 2556 μὴ
613 2486 820 2556 μεγάλη
851 2487 949 2554 μὲν
975 2487 1272 2554 ἐπαγγελία
1302 2484 1358 2559 ᾖ,
1397 2488 1588 2557 μικρὸν
1619 2489 1675 2540 δὲ
1701 2487 1762 2539 τὸ

183 2573 549 2641 ἀποτέλεσμα.
584 2572 753 2626 Πόθεν
779 2571 871 2625 οῦν
896 2573 956 2625 τὸ
984 2575 1206 2638 σκότος;
1251 2575 1306 2625 Ὀ
1329 2574 1434 2645 γὰρ
1455 2575 1585 2637 Θεὸς
1608 2576 1756 2640 αὐτὸ,

186 2661 374 2728 φησὶν,
404 2661 500 2710 οὐκ
533 2659 786 2728 ἐποίησε·
821 2659 949 2722 Θεὸς
975 2661 1102 2730 γάρ,
1145 2663 1327 2730 φησὶν,
1355 2661 1477 2713 οὒτε
1513 2662 1757 2725 σκότους,

183 2745 309 2797 οὔτε
341 2746 570 2812 γνόφους
594 2747 740 2799 ἐστὶν
770 2748 1025 2818 ἐργάτης.
1046 2749 1109 2800 Τί
1130 2766 1255 2802 ποτε
1281 2746 1370 2802 οῦν
1401 2752 1515 2802 ἐστι
1541 2749 1755 2814 σκότος;

184 2831 378 2883 Πολλοὶ
405 2831 674 2902 ἠθέλησαν
705 2834 900 2897 εἰπεῖν,
936 2835 1288 2904 ἀποσκίασμα
1316 2831 1452 2889 εἶναι
1481 2835 1574 2888 τοῦ
1596 2837 1759 2906 οὐρα-

182 2917 403 2980 νοῦ.Ὠς
453 2918 560 2987 γάρ
606 2921 839 2986 ἐγένετο,
871 2922 1052 2990 φησὶν,
1084 2923 1111 2973 6
1157 2921 1381 2992 οὐρανὸς
1425 2923 1454 2974 6
1499 2922 1627 2985 ἄνω,
1666 2921 1758 2974 καὶ

182 3005 405 3077 ἐλείφθη
433 3005 499 3057 τά
535 3006 687 3075 φῶτα
716 3007 779 3058 τά
811 3008 941 3068 ἄνω,
974 3006 1260 3077 ἐγυμνώθη
1293 3008 1414 3077 ήγῆ
1437 3009 1528 3060 καὶ
1547 3009 1760 3077 ἐγένετο

186 3095 398 3154 σκότος.
419 3094 553 3145 Ἀλλ’
593 3095 619 3144 6
652 3095 874 3164 οὐρανὸς
908 3095 1019 3146 ἀνω
1054 3096 1310 3160 φωτεινός
1345 3097 1512 3157 ἐστιν,
1545 3098 1603 3148 οὐ
1634 3114 1758 3150 σκοο

181 3184 378 3247 τεινὸς,
406 3183 505 3236 κᾶν
537 3184 610 3254 μὴ
633 3180 743 3252 εἶχε
766 3183 855 3234 τὸν
874 3184 1044 3252 ἣλιον,
1067 3184 1212 3253 ἣτὴν
1237 3183 1482 3254 σελήνην,
1503 3186 1534 3254 ἥ
1559 3186 1753 3258 ἄστρα,

183 3271 354 3340 αὐτὴν
393 3267 503 3340 εἶχε
540 3271 635 3340 τὴν
666 3270 824 3338 φύσιν
857 3269 1194 3339 λάμπουσαν.
1240 3272 1300 3323 Εἰ
1339 3267 1430 3322 οῦν
1467 3273 1492 3321 ό
1531 3273 1755 3342 οὐρανὸς

183 3361 434 3410 ἐπέκειτο
457 3397 470 3420 ,
513 3358 545 3427 ὴ
584 3357 635 3409 δὲ
675 3359 743 3426 γῆ
781 3358 999 3427 ἧπλωτο
1023 3399 1036 3422 ,
1078 3359 1105 3409 6
1143 3359 1370 3428 λάμπων
1410 3359 1612 3413 ἀνωθεν
1641 3401 1655 3424 ,
1694 3362 1754 3412 τὸ

182 3443 552 3514 φωτιζόμενον
590 3443 853 3508 κάτωθεν,
896 3444 1056 3497 πόθεν
1094 3446 1151 3498 τὸ
1192 3446 1421 3512 σκότος;
1475 3449 1625 3517 Ἐμοὶ
1663 3445 1754 3502 οὖν

181 3535 350 3595 δοκεῖ,
379 3533 563 3602 ἐπειδὴ
591 3532 891 3596 ἐπεπόλαζε
917 3532 978 3585 τὸ
1012 3533 1153 3604 ὓδωρ
1178 3537 1242 3605 τῇ
1277 3538 1368 3606 γῇ,
1394 3535 1556 3604 ἀχλὺς
1582 3537 1636 3588 δὲ
1664 3538 1756 3590 καὶ

181 3623 378 3687 γνόφος
417 3625 542 3692 περὶ
572 3621 638 3673 τὰ
671 3621 839 3675 ὕδατα
874 3623 1229 3692 συνειστήκει,
1255 3622 1284 3674 ὃ
1310 3624 1400 3675 καὶ
1428 3625 1633 3691 γίνεται
1661 3625 1754 3677 νῦν

182 3710 276 3760 ἐπὶ
299 3711 409 3768 τοῖς
445 3711 724 3776 ποταμοῖς,
760 3709 792 3776 ή
823 3707 986 3777 ἀχλὺς
1013 3708 1206 3774 ννόιρον
1226 3709 1508 3778 ἐγείρουσα
1532 3711 1752 3781 ἐποίησε

180 3795 429 3862 νεερέλας,
449 3794 503 3865 [4
517 3794 595 3865 5‘2]
616 3796 671 3846 αἱ
689 3793 903 3862 νεφέλαι
920 3794 1333 3860 ἐπισκιάζουσαι
1360 3798 1544 3860 σκότος
1566 3800 1750 3869 ἐποίη-

183 3901 306 3937 σαν.
339 3885 459 3935 Ὅτι
498 3884 553 3936 δὲ
591 3883 790 3953 ἐγείρει
824 3882 1018 3952 νεφέλη
1048 3884 1254 3948 σκότος,
1288 3885 1431 3953 λέγει
1459 3888 1491 3958 ἡ
1520 3888 1706 3959 Γραφή
1737 3906 1748 3916 ·

180 3972 288 4022 Καὶ
311 3973 342 4023 ό
362 3969 614 4036 οἱφανὸς
631 3971 1084 4023 συνεσκότασεν
1097 3971 1164 4023 ἐν
1181 3973 1478 4040 νεφέλαις.
1497 3977 1587 4026 Δεῖ
1606 3976 1659 4028 δὲ
1677 3977 1750 4046 μὴ

180 4058 396 4122 ἀγνοεῖν
434 4058 524 4108 καὶ
558 4056 663 4108 τῶν
699 4055 990 4125 αἱρετικῶν
1023 4055 1122 4118 τάς
1151 4057 1496 4128 ἀλληγορίας.
1545 4061 1751 4130 Αἱρετι-

178 4143 265 4193 κοί
311 4159 454 4204 τινες
502 4142 801 4210 ἐτόλμησαν
853 4145 1044 4204 εἰπεῖν,
1084 4144 1164 4196 ὅτι
1223 4146 1410 4208 σκότος
1452 4150 1480 4200 6
1511 4147 1750 4212 διάϐολός

174 4231 346 4291 ἐστιν,
373 4232 404 4297 ἡ
428 4228 482 4279 δὲ
510 4227 740 4290 ἄϐυσσος
767 4230 815 4280 οἱ
843 4229 1092 4298 δαίμονες
1110 4247 1122 4260 ·
1159 4231 1243 4282 ὅτε
1271 4231 1324 4284 δὲ
1349 4229 1497 4287 εἶπεν
1525 4236 1551 4286 6
1578 4237 1707 4300 Θεός
1732 4255 1744 4268 ·

174 4315 493 4380 Γενηθήτω
521 4313 642 4383 φῶς
668 4331 680 4341 ·
711 4317 1002 4376 τουτέστιν,
1028 4316 1055 4366 6
1079 4316 1203 4378 Υἱός
1224 4317 1249 4355 b
1268 4333 1281 4345 '
1311 4319 1369 4369 οὑ
1401 4320 1556 4387 μόνον
1584 4321 1746 4374 αὑτοῦ

174 4407 326 4455 ἐστιν
361 4402 618 4469 ἰσότιμος,
654 4402 788 4454 ἀλλά
822 4405 913 4454 καὶ
937 4405 1324 4475 πρεσϐύτερος.
1368 4407 1524 4459 Ἀλλὰ
1547 4409 1747 4479 ταύτης

175 4493 277 4560 μὲν
302 4491 403 4557 τῆς
442 4490 692 4553 ἀσεϐείας
718 4491 835 4543 οὐδὲ
873 4495 1240 4562 μνημονεῦσαι
1263 4495 1342 4548 δεῖ
1365 4514 1376 4526 ·
1406 4497 1541 4567 ὑπὲρ
1569 4498 1623 4550 δὲ
1652 4501 1744 4551 τοῦ

173 4578 251 4646 μὴ
283 4577 496 4641 ἀγνοεῖν
537 4577 677 4644 ὑμᾶς
715 4579 784 4630 τὰ
817 4578 1079 4648 λεγόμενα
1109 4584 1519 4650 παρηγάγομεν.
1551 4585 1743 4648 Σκότος

167 4662 356 4713 τοίνυν
387 4657 453 4731 ἦν
476 4663 596 4714 τότε
627 4663 685 4714 τὸ
715 4664 777 4715 ἐκ
810 4665 915 4716 τῶν
948 4666 1201 4732 νεφελῶν.
1240 4669 1392 4719 Ούτω
1417 4671 1523 4739 γάρ
1554 4667 1620 4740 ἦν
1651 4675 1744 4725 καὶ⁵

168 4749 229 4799 ἐν
260 4748 519 4818 Αἰγύπτῳ
565 4750 772 4812 σκότος,
826 4750 884 4801 οὗ
943 4751 1132 4814 νυκτὸς
1178 4752 1359 4820 οῦσης,
1401 4756 1514 4807 ἀλλ’
1549 4758 1742 4826 ἀχλύος

167 4837 498 4905 γεναμένης,
530 4836 711 4900 Οῦτως
737 4833 804 4906 ἦν
831 4838 924 4888 καί
945 4840 1002 4890 ὲν
1028 4838 1107 4907 τῷ
1141 4840 1253 4910 ὄρει
1278 4843 1406 4911 Σινᾷ
1425 4861 1437 4874 ·
1473 4846 1657 4908 σκότος
1678 4844 1744 4916 ἦν

165 4925 230 4976 οὐ
267 4922 460 4985 νυκτὸς
493 4925 817 4993 γεναμένης,
843 4924 975 4977 ἀλλά
1001 4927 1225 4998 νεφέλης
1254 4933 1600 5003 σκιαζούσης.
1641 4937 1744 4987 06-

164 5029 276 5074 τως
306 5011 520 5078 ἐγένετο
563 5015 653 5063 καὶ
683 5013 775 5063 ἐπὶ
812 5013 902 5064 τοῦ
944 5015 1176 5085 σταυροῦ
1212 5018 1303 5069 τοῦ
1343 5021 1576 5088 Χριστοῦ
1621 5025 1742 5076 σκό-

228 5191 256 5220 ⁸
288 5189 370 5258 Ὧς
417 5189 463 5235 ἐν
486 5189 754 5258 παραδόξῳ,
797 5191 866 5236 sic
907 5189 1201 5258 Vgliqanus;
1230 5195 1316 5258 εἰσ
1339 5198 1484 5243 etiam
1509 5198 1739 5258 Savilius,

159 5249 264 5320 alip
287 5257 453 5320 tanget)
479 5253 752 5320 εχεςηρίρτί
779 5263 910 5320 υευεἶ
945 5252 1043 5320 Se_d
1061 5251 1266 5320 _conjicil_
1289 5256 1345 5320 ’ἐν
1366 5259 1576 5320 παρόδῳ.
1603 5249 1741 5310 [ἱροί

158 5318 331 5358 autem
357 5311 404 5357 ἐν
447 5311 641 5372 παρόδῳ
681 5311 760 5357 hic
792 5312 974 5376 melius
1000 5311 1181 5376 habere
1218 5311 1462 5376 videatux‘,
1495 5311 1741 5372 nbluimus

161 5379 360 5433 textum
381 5379 594 5424 mutare.
624 5385 732 5418 cum
760 5372 975 5430 alioquin
1000 5373 1299 5425 Severianus
1319 5391 1414 5426 nun
1441 5372 1549 5429 faro
1570 5383 1738 5433 insoli-

158 5438 235 5479 tas
263 5432 522 5479 verborum
545 5434 760 5479 rationes
782 5439 1014 5480 sectetur.

225 5493 252 5530 b
278 5493 427 5556 Addit
446 5493 603 5556 Say’il,
620 5494 878 5556 τουτέστιν,
913 5495 938 5539 6
961 5492 1066 5548 1'16;
1089 5493 1164 5542 ἵνα
1187 5499 1372 5556 γένηται
1398 5501 1516 5550 εἷπε·
1551 5505 1629 5551 καὶ
1651 5507 1736 5553 οὐκ

153 5615 602 5684 τὰρᾼδαίμωναέοέτὶν
635 5616 860 5684 ἀρυσσρς,
886 5617 911 5661 6
935 5616 985 5684 δέ
1018 5615 1243 5684 διάϐολος
1258 5624 1443 5679 σκότος,
1471 5627 1592 5684 μετά
1621 5628 1736 5675 ταῦ-

153 5691 216 5750 τα
237 5677 288 5750 δέ
311 5676 484 5750 εἶπεν-ό
506 5676 906 5750 Θεὸςκιςενηθήτω
929 5677 982 5722 τὸ
998 5680 1119 5750 iam,
1145 5682 1400 5746 τουτέστιν,
1417 5676 1608 5750 6.116;,
1633 5697 1730 5740 etc.

155 5735 316 5785 Paulo
339 5744 449 5798 post
471 5737 598 5784 idem
612 5737 719 5783 οὐδὲ
741 5739 861 5791 ὅλως
885 5754 941 5796 μν
960 5771 969 5782 .
994 5735 1101 5789 ἔδει.

498 5821 768 5886 ΡΔτιιοι..
817 5825 934 5884 Gn.
987 5825 1136 5885 LV].

1260 371 1347 426 DE
1388 369 1600 427 MUNDI
1639 365 2036 423 CREATIONE
2068 368 2242 424 ΟΠΛἸ
2259 367 2324 425 10
2364 372 2403 425 1.

3335 384 3448 438 430

1871 499 1981 547 τος,
2010 485 2070 538 οὐ
2099 486 2286 548 νυκτὸς
2320 485 2669 554 ἐπελθούσης,
2694 483 2830 537 αλλά
2874 485 3207 554 σκιάσματος
3235 483 3330 537 καὶ
3354 486 3447 539 ἀν-

1867 569 2171 637 τιφράξεως
2203 573 2525 641 γεναμένης,
2549 570 2732 634 Οῦτως
2757 573 2815 623 ού
2837 571 2916 622 δεῖ
2949 570 3130 632 ἁπλῶς
3152 573 3448 641 ἐπιχειρεῖν

1868 661 1975 718 τοῖς
2010 658 2172 720 θείοις
2218 660 2436 725 λογίοις.
2494 660 2600 714 Καὶ
2651 661 2885 728 πνεῦμα
2931 660 3078 712 Θεοῦ
3128 659 3448 728 ἐπεφέρετο

1866 743 2064 796 ἐπάνω
2110 745 2218 799 τοῦ
2264 747 2501 811 ὓδατος.
2533 747 2754 816 Πνεῦμα
2799 747 2956 798 καλεῖ
2992 746 3081 799 τὸν
3111 747 3331 815 ἄνεμον,
3369 745 3448 810 ὡς

1867 831 2012 898 λέγει
2058 832 2318 900 ἀλλαχοῦ·
2377 835 2472 885 Ἐν
2525 835 2810 902 πνεύματι
2863 834 3042 899 ,βιαίῳ
3093 835 3447 901 συντρίψεις

1865 918 2047 970 πλοῖα
2087 919 2337 986 Θαρσεῖς
2359 939 2370 948 ·
2399 921 2614 988 πνεῦμα
2645 921 2821 972 καλῶν
2859 921 2957 991 τὴν
2986 920 3077 972 τοῦ
3108 921 3266 989 ἀέρος
3295 921 3447 991 κίνη-

1868 1022 1970 1058 σιν.
2009 1005 2097 1074 Μὴ
2126 1006 2233 1075 γάρ
2259 1007 2484 1078 νομίσῃς
2520 1006 2647 1059 ἄλλο
2673 1002 2809 1058 εἶναι
2847 1007 3004 1077 ἀέρα,
3047 1009 3140 1059 καὶ
3171 1007 3297 1060 ἄλλο
3324 1007 3447 1061 ἄνε-

1869 1108 1967 1159 μον
1991 1109 2004 1122 ο
2034 1093 2193 1155 αὐτὸς
2222 1093 2329 1163 γὰρ
2365 1096 2392 1144 ό
2419 1096 2526 1164 ἀὴρ
2563 1094 2876 1161 κινούμενος
2923 1097 3067 1146 ποιεῖ
3110 1094 3330 1159 ἄνεμον,
3369 1094 3446 1157 ὼς

1870 1182 2138 1249 μαρτυρεῖ
2165 1179 2374 1243 τούτοις
2408 1183 2438 1249 ἡ
2477 1185 2658 1248 πεῖρα.
2698 1180 2959 1244 Πολλάκις
2989 1177 3080 1234 οῦν
3110 1183 3140 1250 ἢ
3172 1182 3388 1251 ριπιδίῳ
3409 1181 3444 1250 ἢ

1871 1265 2062 1317 σινδόνι
2094 1267 2431 1336 ἡσυχάζοντα
2462 1267 2550 1318 τὸν
2583 1268 2720 1339 ἀέρα
2751 1267 3032 1338 κινοῦμεν,
3058 1271 3149 1321 καὶ
3188 1267 3444 1337 ποιοῦμεν

1868 1352 1974 1404 ἀπὸ
1999 1353 2094 1420 τῆς
2128 1355 2394 1423 κινήσεως
2424 1356 2516 1407 τοῦ
2545 1355 2702 1424 ἀέρος
2732 1355 2950 1426 ἄνεμον.
2991 1357 3108 1409 Ἵνα
3140 1351 3232 1408 οῦν
3260 1355 3444 1426 δειχθῇ

1867 1438 1932 1489 ἐκ
1958 1437 2049 1489 τοῦ
2085 1439 2412 1508 πνεύματος,
2458 1443 2540 1494 ὅτι
2567 1441 2595 1492 6
2629 1441 2826 1512 ἄνεμος
2855 1443 3015 1514 ἀέρος
3050 1443 3167 1496 ἐστὶ
3208 1442 3440 1512 κίνησις,

1863 1525 1949 1578 διὰ
1979 1526 2137 1578 τοῦτο
2184 1521 2358 1591 εἶπεν,
2399 1526 2767 1597 Ἐπεφέρετοο
2810 1530 2941 1582 ἴδιον
2981 1530 3089 1601 γάρ
3130 1529 3332 1600 ἀνέμου
3383 1531 3447 1582 τὸ

1865 1613 2220 1683 ἐπιφέρεσθαι
2258 1617 2321 1682 τῇ
2349 1615 2696 1686 δημιουργίᾳ.
2744 1612 2931 1670 Εἶπεν
2973 1618 3006 1669 ό
3054 1618 3220 1682 Θεός·
3254 1617 3444 1682 Γενη-

1865 1701 2020 1766 θήτω
2057 1701 2202 1768 φῶς.
2273 1704 2424 1755 Διατί
2473 1703 2547 1773 μὴ
2597 1700 2718 1756 εἷπε
2774 1704 3036 1774 Μωῦσῆς,
3080 1706 3161 1756 ὅτι
3212 1703 3377 1758 Εἶπεν
3413 1707 3446 1757 6

1863 1786 2032 1849 Θεός·
2067 1789 2354 1859 Γενηθήτω
2400 1789 2646 1863 οὐρανὸς,
2691 1791 2973 1862 γενηθήτω
3017 1791 3282 1855 θάλασσα,
3331 1793 3446 1846 ἀλλ’

1864 1875 1980 1926 ἐκεῖ
2011 1875 2128 1944 μὲν,
2166 1876 2501 1940 Ἐποίησεν,
2549 1873 2651 1930 ὦδε
2703 1877 2780 1943 δὲ,
2838 1873 3045 1944 Εἶπεν,
3075 1879 3262 1950 ἐπειδὴ
3313 1880 3444 1952 παρ’

1864 1962 1994 2030 ἡμῖν
2029 1966 2349 2032 προηγεῖται
2379 1963 2536 2032 λόγος
2564 1963 2656 2018 τοῦ
2687 1965 2848 2034 ἔργου
2871 1982 2884 1995 ·
2919 1965 3133 2034 πρῶτον
3154 1966 3262 2037 γάρ
3295 1967 3447 2035 λέγο-

1866 2066 1984 2117 μεν,
2025 2043 2142 2102 εἶτα
2193 2051 2575 2121 ἐργαζόμεθα;
2625 2053 2956 2122 Βουλόμενος
3000 2053 3168 2118 δεῖξαι
3193 2054 3283 2107 τὸν
3315 2053 3446 2106 Θεὸν

1863 2136 2078 2206 πρῶτον
2135 2139 2524 2209 ἐργαζόμενον,
2589 2140 2678 2194 ἵνα
2732 2141 2931 2204 παντὸς
2979 2141 3135 2209 λόγου
3186 2140 3447 2212 ὀξυτέραν

1863 2224 2189 2294 παραστήσῃ
2229 2224 2326 2293 τὴν
2366 2224 2755 2297 δημιουργίαν*
2797 2228 2885 2282 ὅτε
2916 2226 3014 2298 μὲν
3046 2228 3145 2292 τὰς
3188 2227 3318 2292 ὔλας
3351 2229 3446 2298 ἐρ-

1861 2309 2084 2376 γάζεται
2148 2310 2412 2380 δυνάμει,
2462 2311 2612 2380 λέγει
2670 2313 2770 2381 τὸ,
2841 2315 3191 2383 Ἐποίησεν·
3247 2315 3336 2368 ὅτε
3388 2315 3446 2368 δὲ

1862 2395 2052 2464 ἔμελλε
2079 2400 2304 2466 κοσμεῖν
2322 2398 2388 2449 τά
2417 2400 2616 2464 πάντα,
2640 2401 2861 2472 ἀρχὴδέ
2880 2402 2974 2456 τοῦ
3005 2403 3211 2473 κόσμου
3244 2402 3306 2455 τὸ
3329 2401 3446 2470 φῶς

1861 2479 1947 2552 ἦν,
1981 2483 2188 2550 εἰσάγει
2219 2483 2374 2550 λόγον
2399 2485 2727 2554 ἁρμόζοντα.
2757 2488 2867 2539 Καὶ
2888 2487 3072 2558 ἐπειδὴ
3104 2489 3266 2541 πάλιν
3289 2488 3444 2558 πρῶ-

1860 2586 1950 2620 τον
1973 2569 2128 2639 ἔργον
2157 2571 2290 2623 Θεοῦ
2322 2571 2455 2638 φῶς,
2487 2573 2792 2626 τελευταῖον
2813 2574 2869 2628 δὲ
2892 2574 3053 2644 ἔργον
3079 2575 3212 2628 Θεοῦ
3240 2575 3445 2645 ἀνθρω-

1863 2673 1961 2718 πος
1997 2652 2063 2725 ἦν
2086 2673 2098 2685 ·
2131 2657 2344 2726 πρῶτον
2373 2659 2664 2728 ἐργάζεται
2691 2659 2822 2724 Θεὸς
2852 2660 2994 2731 λόγῳ
3021 2663 3080 2715 τὸ
3113 2663 3246 2731 φῶς,
3289 2662 3446 2716 ὓστε-

1865 2759 1953 2811 ρον
1979 2743 2034 2795 δὲ
2065 2743 2155 2794 τὸν
2185 2744 2468 2814 ἄνθρωπον
2494 2745 2659 2816 ἔργῳ,
2695 2747 2802 2800 ἀπὸ
2841 2748 3017 2816 φωτὸς
3046 2751 3125 2812 εἰς
3160 2749 3276 2818 φῶς
3310 2766 3446 2820 συμ-

1861 2829 1966 2898 πλη
1977 2829 2082 2899 ρῶν
2089 2869 2101 2882 .

1931 2924 2001 2982 ς’.
2033 2918 2139 2969 Καὶ
2171 2917 2287 2981 πῶς
2309 2919 2423 2986 φῶς
2445 2921 2539 2973 καὶ
2566 2921 2872 2992 ἄνθρωπος,
2895 2924 3081 2978 ἄκουε.
3104 2924 3176 2977 Τὸ
3200 2925 3314 2992 φῶς
3332 2926 3441 2979 δεί⁴

1860 3021 2012 3056 κνυσι
2039 3004 2106 3056 τὰ
2133 3005 2289 3057 ὄντα·
2316 3007 2376 3057 τὸ
2399 3007 2512 3075 φῶς
2539 3009 2632 3060 τοῦ
2663 3010 2864 3078 κόσμου
2886 3013 2914 3063 6
2933 3011 3217 3080 ἄνθρωπος
3235 3029 3248 3042 °
3275 3013 3441 3065 είσελ-

1859 3089 1968 3143 θὼν
2000 3089 2165 3154 ἐδειξέ
2199 3108 2279 3144 σοι
2318 3091 2433 3159 φῶς
2457 3094 2675 3162 τέχνης,
2709 3095 2824 3162 φῶς
2854 3096 3184 3166 ἐπιστήμης.
3228 3099 3300 3150 Τὸ
3324 3098 3441 3167 φῶς

1858 3178 2023 3242 ἔδειξε
2049 3180 2210 3242 σῖτον,
2243 3179 2276 3248 ἡ
2310 3179 2523 3242 σύνεσις
2551 3181 2807 3251 ἐποίησεν
2836 3184 3027 3253 ἄρτον·
3053 3185 3111 3236 τὸ
3133 3184 3245 3252 φῶς
3272 3185 3440 3250 ἔδειξε

1857 3267 1946 3318 τὸν
1969 3266 2162 3336 βότρυν
2194 3269 2293 3338 τῆς
2311 3267 2578 3336 ἀμπέλου,
2611 3269 2673 3322 τὸ
2705 3270 2820 3338 φῶς
2851 3271 2948 3340 τῆς
2984 3273 3254 3336 συνέσεως
3270 3273 3439 3339 ἔδειξε

1855 3353 1946 3406 τὸν
1983 3349 2122 3405 οἶνον
2152 3353 2242 3406 τὸν
2281 3355 2339 3406 ἐν
2367 3355 2443 3423 τῷ
2479 3355 2663 3427 βότρυῖ
2685 3371 2698 3384 ·
2741 3356 2800 3409 τὸ
2839 3358 2953 3426 φῶς
2982 3359 3147 3423 ἔδειξε
3175 3360 3236 3412 τὸ
3271 3361 3437 3430 ἔριον,

1855 3439 1915 3492 τὸ
1944 3440 2058 3508 φῶς
2083 3438 2176 3491 τοῦ
2201 3441 2486 3511 ἀνθρώπου
2516 3443 2715 3507 ἔδειξεν
2750 3445 2960 3513 ἱμάτιον
2979 3463 2993 3477 ο
3017 3447 3076 3498 τὸ
3103 3447 3217 3514 φῶς
3239 3448 3438 3513 ἔδειξεν

1855 3526 1999 3596 690;,
2039 3527 2098 3578 τὸ
2142 3529 2256 3596 φῶς
2308 3528 2404 3597 τῆς
2461 3529 2730 3591 συνέσεως
2787 3530 2953 3598 ἔδειξε
3012 3533 3296 3602 λατομίαν.
3336 3537 3437 3591 Διά

1853 3612 2009 3664 τοῦτο
2035 3613 2127 3666 καὶ
2156 3616 2184 3666 6
2223 3615 2411 3686 Σωτὴρ
2458 3616 2572 3683 φῶς
2602 3617 2756 3668 καλεῖ
2792 3618 2918 3682 τοὺς
2958 3618 3306 3685 ἀποστόλους,
3347 3623 3438 3677 λέ-

1855 3717 1965 3765 γων
1983 3716 1995 3726 ·
2043 3700 2238 3769 ’Υμεῖς
2267 3701 2406 3753 ἐστε
2434 3702 2498 3754 τὸ
2523 3702 2647 3771 φῶς
2671 3702 2777 3758 τοῦ
2807 3707 3060 3775 κόσμου.
3100 3708 3252 3762 Διατί
3282 3709 3436 3762 καλεῖ

1855 3785 2051 3848 αὐτοὺς
2090 3786 2231 3854 φῶςς
2274 3788 2384 3856 Ούχ
2409 3788 2494 3840 ἵνα
2524 3789 2720 3852 αὐτοὺς
2751 3793 2960 3863 τιμήσῃ
2989 3793 3168 3863 μόνον,
3202 3795 3316 3848 ἀλλ’
3349 3797 3434 3852 ἵνα

1856 3874 1947 3924 καὶ
1985 3873 2081 3942 τὴν
2113 3871 2262 3943 [445]
2302 3874 2492 3927 ἐλπίδα
2522 3876 2621 3946 τῆς
2649 3877 2999 3943 ἀναστάσεως
3019 3881 3187 3953 δείξῃ.
3223 3883 3433 3955 Ὥσπερ

1853 3960 1960 4028 γὰρ
2011 3959 2068 4012 τὸ
2129 3959 2244 4029 φῶς
2280 3960 2516 4031 ἑσπέρας
2573 3963 2748 4024 δῦνον,
2795 3965 2892 4018 οὐκ
2941 3967 3256 4034 ἀπόλλυται,
3296 3971 3434 4026 ἀλλά

1853 4045 2174 4115 κρύπτεται,
2212 4049 2306 4100 καὶ
2355 4046 2688 4116 κρυϐόμενον
2737 4051 2902 4102 πάλιν
2935 4053 3214 4119 φαίνεται·
3258 4055 3431 4121 οὕτως

1852 4135 1944 4185 καὶ
1981 4136 2007 4186 6
2055 4133 2337 4204 ἄνθρωπος
2385 4135 2458 4196 ὡς
2503 4137 2581 4198 εἰς
2627 4135 2775 4188 δύσιν
2808 4136 2930 4189 τινὰ
2957 4138 3034 4208 τῷ
3059 4140 3212 4210 τάφῳ
3251 4160 3431 4214 παρα-

1852 4221 2142 4290 πεμφθεὶς,
2181 4221 2341 4272 πάλιν
2383 4223 2449 4290 τῇ
2487 4221 2717 4292 ἀνατολῇ
2753 4223 2851 4293 τῆς
2891 4223 3238 4292 ἀναστάσεως
3269 4233 3429 4302 τετήο

1852 4323 2031 4374 ρηται.
2083 4308 2399 4373 Γενηθήτω
2443 4306 2587 4374 φῶς.
2639 4304 2774 4360 Εἷπε
2817 4311 2877 4362 τὸ
2910 4312 3218 4382 γενόμενον,
3254 4316 3345 4369 τὸν
3371 4317 3428 4370 δὲ

1850 4392 2044 4462 τρόπον
2066 4393 2163 4445 οῦ¹κ
2187 4394 2474 4463 ἐμήνυσεν,
2506 4394 2621 4447 ἀλλ’
2644 4396 2763 4448 οὐδὲ
2797 4397 3018 4465 ἔμαθεν.
3058 4401 3176 4454 Ὅτι
3200 4403 3296 4472 μὲν
3319 4405 3427 4474 γάρ

1848 4481 2061 4547 ἐγένετο
2091 4481 2223 4548 φῶς,
2249 4477 2382 4544 οἶδα,
2428 4482 2620 4551 φησίν·
2650 4482 2711 4534 τὸ
2730 4483 2786 4535 δὲ
2813 4485 2928 4546 πῶς
2959 4487 3193 4552 ἐγένετο,
3235 4491 3295 4541 οὑ
3327 4509 3426 4544 κα-

1847 4568 2192 4636 ταλαμϐάνω.
2227 4569 2325 4619 Διά
2363 4567 2516 4620 τοῦτο
2545 4570 2637 4621 καὶ
2672 4572 2700 4621 6
2738 4571 2928 4642 Σωτὴρ
2967 4573 3116 4642 ἔλεγε
3153 4581 3262 4640 τοῖς
3284 4580 3422 4633 ἀποο

1849 4656 2081 4716 στόλοις·
2121 4655 2240 4721 Οὐχ
2280 4654 2444 4722 ὑμῶν
2489 4655 2619 4708 ἐστι
2651 4656 2871 4722 γνῶναι
2920 4663 3176 4728 χρόνους
3215 4665 3252 4732 ἢ
3295 4685 3424 4720 και-

1839 4742 2009 4806 ροίις,
2033 4740 2138 4802 οὓς
2167 4743 2199 4791 ὀ
2239 4741 2436 4807 Πατὴρ
2458 4743 2622 4795 ἕθετο
2653 4744 2720 4796 ἐν
2743 4743 2816 4811 τῇ
2841 4746 2959 4814 ίὸίςι
2984 4749 3252 4816 ἐξουσίᾳ.
3289 4750 3420 4806 Εἶτα

1847 4829 2068 4896 χρόνους
2095 4828 2127 4896 ἢ
2158 4829 2376 4898 καιροὺς
2411 4828 2509 4880 οῦκ
2557 4831 2702 4883 ἔστιν
2737 4833 2893 4902 ἡμῶν
2937 4837 3154 4902 γνῶναι,
3186 4840 3278 4890 καί
3328 4841 3421 4893 τὸν

1846 4917 2119 4983 Δεσπότην
2147 4915 2252 4966 τῶν
2284 4917 2487 4984 χρόνων
2516 4917 2610 4970 καὶ
2660 4918 2748 4971 τὸν
2793 4923 3019 4993 ποιητὴν
3057 4926 3165 4977 τῶν
3207 4927 3420 4981 αἰώνων

1846 5002 1956 5053 ἔστι
1973 5002 2246 5068 λογισμοῖς
2266 5003 2585 5055 καταλαϐεῖν
2601 5006 2954 5076 ἀνθρωπίνοις
2969 5026 2981 5073 ;
3003 5010 3186 5063 Εἶπεν
3201 5015 3233 5065 o'
3252 5017 3412 5080 Θεός·

1847 5084 2158 5149 Γενηθήτω
2198 5083 2355 5151 φῶς·
2410 5087 2509 5138 καὶ
2554 5089 2789 5156 ἐγένετο
2833 5089 2976 5158 φῶς.
3015 5093 3078 5144 Ὢ
3110 5095 3206 5163 τῆς
3255 5098 3417 5164 ἀγίας

1843 5168 2054 5235 ἐκείνης
2094 5167 2185 5218 καὶ
2222 5168 2458 5239 μεγάλης
2508 5170 2820 5239 δυνάμεωςί
2857 5173 2901 5224 ὣ
2933 5176 3182 5243 μεγάλων
3209 5178 3416 5250 θαυμά-

1841 5253 1979 5303 τωνξ
2029 5249 2289 5316 Ἐγένετο
2321 5252 2467 5319 φῶς,
2498 5254 2594 5306 καὶ
2629 5255 2784 5306 καλεῖ
2805 5259 2836 5308 ὀ
2868 5259 3011 5323 Θεὸς
3033 5261 3098 5313 τὸ
3126 5263 3248 5329 φῶς
3274 5249 3413 5332 ἡμέ-

1833 5351 1971 5398 ραν,
2012 5333 2107 5385 καὶ
2140 5333 2206 5385 τὸ
2235 5337 2453 5402 σκότος
2483 5338 2691 5390 νύκτα.
2720 5340 2871 5392 Διατί
2900 5342 2955 5394 δὲ
2983 5345 3196 5414 ἡμέραν
3224 5347 3409 5410 καλεῖς

1853 5415 2065 5484 Ἐπειδὴ
2095 5418 2200 5468 πᾶν
2224 5419 2444 5487 φαιδρὸν
2473 5421 2562 5471 καὶ
2594 5420 2791 5491 ἱλαρὸν,
2817 5425 3022 5496 ἥμερον
3056 5427 3288 5496 λέγεται.
3311 5431 3410 5483 Διά

192 5497 252 5566 .h
278 5497 427 5565 ᾼόαίῐ
446 5497 878 5580 ὃόγὶιζτοὲτέστιν,
913 5497 938 5539 ό
961 5497 1066 5576 ξίὸς
1089 5497 1372 5580 ἴναῖγένηται
1398 5501 1632 5580 εἶπε·λαῖ
1651 5507 1736 5580 οἶφε
1839 5497 1994 5549 τοῦτο
2041 5499 2134 5550 καὶ
2171 5501 2269 5568 τὴν
2321 5501 2730 5570 φιλανθρωπίαν
2761 5507 3068 5577 ἡμερότητα
3115 5510 3406 5580 καλοῦμεν,

155 5555 809 5636 agqxév9vtal‘16v‘atégo).ov
841 5555 1380 5636 πρεσϐύτερρνὶλέγοντες
1401 5562 1484 5610 τοῦ
1527 5565 1654 5612 Υἱοῦ.
1682 5570 1736 5614 Εἰ
1839 5580 1932 5631 καὶ

1962 5580 2030 5631 τά
2061 5580 2223 5652 θηρία
2246 5582 2312 5632 τά
2347 5585 2597 5654 χειροήθη
2620 5586 2800 5656 ἥμερα
2823 5590 3106 5659 καλοῦμεν.
3140 5594 3247 5645 Καὶ
3270 5593 3408 5645 ἐκά-

1837 5666 2022 5715 λεσεν
2039 5665 2070 5715 ὀ
2087 5665 2229 5728 Θεὸς
2255 5665 2314 5716 τὸ
2331 5665 2454 5732 φῶς
2474 5667 2716 5733 ἡμέραν,
2737 5672 2829 5723 καὶ
2848 5673 2910 5722 τὸ
2925 5673 3143 5737 σκότος
3155 5675 3408 5729 ἐκάλεσε

1839 5745 2046 5800 νύκτα.
2072 5747 2256 5799 Νύκτα
2277 5747 2414 5798 διατί
2439 5766 2449 5812 ;
2480 5750 2597 5802 Ὅτι
2632 5753 2783 5804 νυκτὶ
2807 5754 2893 5806 τὸν
2913 5755 3192 5822 ἄνθρωπον
3215 5759 3407 5812 καθεύ-

3022 5840 3097 5896 ‘27
