3982 6218
547 335 662 391 437

540 453 695 506 δοντα
725 457 803 516 εἰς
830 452 1136 526 ὑπόμνησιν
1160 455 1389 512 Θανάτου
1414 456 1590 532 φέρει,
1613 468 1896 536 μονονουχὶ
1919 468 2095 537 λέγων
2117 484 2130 498 ⁸

542 538 1003 609 Μάθε,ανθρωπε,
1024 544 1105 606 τίς
1121 541 1189 597 εί.
1209 545 1413 616 Θνητὸς
1430 541 1500 612 εί,
1522 548 1673 620 ὕπνῳ
1686 549 1976 618 δουλεύεις·
1997 556 2138 608 διατί

539 625 610 680 τὰ
634 627 775 697 ὑπὲρ
796 629 852 681 σὲ
880 631 1121 703 φαντάζῃ
1145 649 1159 695 ;
1195 633 1261 685 'H
1283 634 1391 706 γὰρ
1409 635 1506 700 νὺξ
1529 641 1806 710 κατανυγή
1833 641 1999 694 ἐστιν·
2019 643 2141 696 ὅθεν

541 715 636 768 καὶ
649 716 810 768 Δαυτδ
827 733 1008 787 φησιν·
1025 721 1082 771 Ἃ
1099 720 1306 788 λέγετε
1321 722 1393 774 ἐν
1407 722 1533 788 ταῖς
1546 725 1820 792 καρδίαις
1839 728 2024 796 ὑμῶν,
2039 729 2136 782 ἐπὶ

539 801 671 866 ταῖς
685 803 910 868 κοίταις
926 803 1095 872 ὑμῶν
1105 809 1497 877 κατανύγητε.
1518 811 1735 880 Ἀμέλει
1747 817 1923 866 κεῖται
1936 816 2031 869 ἄνθ
2043 833 2142 885 ρω-

541 910 641 956 πος
667 894 723 946 ἐν
753 894 928 958 νυκτὶ,
961 893 1085 948 οὔτε
1112 899 1324 969 νεκρὸς,
1365 900 1487 953 οῦτε
1522 902 1653 966 ζῶν.
1706 903 2012 975 Ἑρὼτησον
2051 908 2139 958 al-

543 983 786 1051 ρετικόνι
815 985 880 1037 Τί
922 987 1072 1050 ἐστι;
1103 985 1212 1050 ζῶν
1238 989 1270 1058 ἢ
1297 990 1489 1060 νεκρός
1516 1009 1529 1056 ;
1565 993 1674 1044 Kal
1721 993 1816 1046 ἐὰν
1858 995 1958 1064 μὲν
1985 997 2136 1068 εἴπῃ,

540 1071 680 1136 Ζῶν,
718 1072 860 1124 εἰπέ·
881 1075 1034 1126 Διατί
1059 1069 1152 1127 οὖν
1184 1077 1283 1129 οὐκ
1305 1077 1618 1132 αἰσθάνεται
1645 1080 1753 1134 τῶν
1774 1081 2078 1137 λαλούντων
2103 1084 2136 1156 ἢ

541 1160 986 1230 περιπατούντων
1005 1179 1018 1225 ;
1038 1163 1163 1215 Ἐὰν
1187 1164 1243 1216 δέ
1271 1164 1422 1237 είπῃ,
1450 1167 1530 1219 ὃτι
1553 1168 1784 1239 Νεκρὸς,
1820 1171 1939 1223 είπέ
1960 1188 1972 1199 ο
2012 1172 2138 1234 Πῶς

538 1243 634 1301 οῦν
666 1249 926 1313 ἁναπνεῖ;
948 1250 1010 1301 τὸ
1035 1250 1143 1320 γὰρ
1170 1252 1405 1322 ἐμπνέον
1424 1254 1524 1306 οὐκ
1553 1257 1667 1308 ἔστι
1702 1257 1896 1328 νεκρόν
1925 1275 1934 1286 ·
1963 1258 2024 1310 τὸ
2062 1260 2135 1330 μὴ

540 1334 930 1405 αἰσθανόμενον
959 1338 1059 1390 οὐκ
1091 1339 1204 1392 ἔστι
1234 1339 1344 1404 ζῶν
1369 1358 1382 1372 ι
1415 1343 1610 1396 σαυτὸν
1641 1344 1700 1396 ού
1727 1344 1963 1414 βλέπεις,
2001 1345 2138 1400 ἁλλὰ

539 1423 610 1475 τὰ
631 1423 769 1494 ὑπὲρ
794 1425 853 1475 σέ
884 1424 1153 1498 φαντάζῃ.
1198 1427 1358 1480 Ἀλλὰ
1387 1428 1560 1483 ταῦτα
1582 1431 1895 1501 ἀρκούντως
1933 1435 2011 1495 είς
2041 1433 2137 1503 τήν

540 1508 768 1580 πρώτην
814 1511 1028 1581 ἡμέραν
1072 1513 1330 1584 εἰρήσθω.
1382 1517 1663 1570 Κατέλαϐε
1701 1518 1810 1590 γὰρ
1843 1523 1874 1588 ή
1907 1520 2133 1590 ἐσπέρα,

538 1596 730 1668 ὥσπερ
757 1599 918 1652 κάκεῖ
943 1598 1011 1652 τὰ
1043 1600 1142 1670 τῆς
1168 1601 1394 1672 πρώτης
1420 1604 1654 1674 ἡμέρας,
1685 1607 1781 1658 καὶ
1811 1608 1954 1661 κατὰ
1976 1607 2136 1660 δύνα-

542 1702 657 1755 μιν,
701 1687 749 1738 εί
785 1685 880 1740 καὶ
918 1685 1086 1756 βαθέα
1113 1683 1182 1759 ἦν
1211 1690 1279 1742 τὰ
1320 1692 1590 1760 νοήματα,
1637 1693 1786 1763 ὅμως
1814 1691 2133 1764 ἐξεθέμεθα.

539 1772 662 1824 Τῶν
689 1773 746 1825 δὲ
778 1773 986 1827 πιστῶν
1013 1777 1161 1853 ἐστιν
1194 1778 1486 1848 ἐρευνῆσαι
1519 1780 1589 1832 τὰ
1613 1779 1894 1850 λεχθέντα,
1925 1783 2018 1835 καὶ
2041 1782 2135 1853 ζη-

537 1861 700 1931 τῆσαι
721 1861 818 1932 τήν
846 1864 1106 1933 ἱστορίαν.
1152 1849 1157 1860 ’

611 1948 678 2012 ζ’.
721 1949 915 2020 Ἡμεῖς
936 1951 990 2003 δὲ
1019 1951 1275 2022 νηστείας
1309 1954 1460 2018 ὸντες
1492 1955 1655 2024 ἁγίας
1686 1956 2003 2028 θρέμματα,
2042 1960 2135 2013 καὶ

539 2036 600 2089 ἐν
626 2036 863 2109 ἀτροφίᾳ
892 2041 1164 2110 σωμάτων
1185 2044 1567 2112 τρυφήσαντες
1592 2045 1661 2098 τὰ
1691 2046 1941 2116 οὐράνια,
1972 2063 2136 2100 σπου-

541 2122 795 2194 δάσωμεν
842 2125 942 2197 τὴν
996 2128 1253 2198 νηστείαν
1299 2131 1462 2198 ἁγίαν
1515 2132 1785 2200 φυλάξαι·
1824 2133 2138 2202 Ἀγιάσατε

542 2211 674 2283 γάρ,
725 2213 877 2282 φησὶ,
913 2216 1224 2282 νηστείαν.
1275 2218 1464 2287 Ἡμεῖς
1515 2221 1685 2291 αὐτὴν
1722 2222 2057 2292 άγιάζομεν,
2101 2222 2134 2292 ἢ

547 2300 640 2352 ὑπ’
676 2300 846 2370 αὐτῆς
872 2301 1248 2372 ἁγιαζόμεθας
1302 2306 1462 2358 Ἀλλὰ
1495 2307 1616 2359 ἀντὶ
1639 2307 1733 2359 τοῦ
1779 2309 1942 2376 ἁγίαν
1970 2307 2140 2378 αὐτὴν

545 2386 800 2454 φυλάξαι,
833 2386 993 2441 τοῦτο
1021 2390 1244 2460 εἴρηκεν
1274 2394 1302 2444 6
1335 2395 1639 2464 προφήτης.
1665 2395 1876 2466 ’Ὠσπερ
1910 2397 2017 2467 γὰρ
2050 2397 2138 2449 ὅτε

542 2474 814 2545 εὐχόμεθα
835 2514 850 2540 ,
899 2477 1259 2548 Ἁγιασθήτω
1283 2480 1347 2534 τὸ
1370 2481 1555 2550 ὄνομα
1577 2499 1715 2548 σου,
1740 2486 1861 2554 οὐχὶ
1884 2486 1965 2537 ὅτι
1997 2485 2139 2556 ὑπὲρ

542 2561 637 2616 τοῦ
669 2565 930 2634 ὀνόματος
977 2568 1141 2620 αὑτοῦ
1170 2569 1442 2639 εὐχόμεθα
1483 2571 1581 2641 (τὸ
1622 2571 1731 2642 γάρ
1762 2574 1931 2644 ὸνομα
1971 2573 2137 2626 αὑτοῦ

543 2652 759 2720 ἁγιάζει
800 2656 1020 2725 πάντα),
1051 2657 1167 2710 ἀλλ’
1202 2660 1390 2729 ἐπειδὴ
1435 2660 1495 2712 τὸ
1537 2661 1710 2729 ὄνομα
1748 2662 1913 2716 αὑτοῦ
1954 2663 2140 2715 ἐπικέ-

543 2739 739 2810 κληται
777 2742 912 2810 ἡμῖν
940 2745 1282 2812 (Χριστιανοὶ
1331 2747 1438 2815 γὰρ
1481 2747 1589 2799 ἀπὸ
1645 2748 1882 2817 Χριστοῦ
1946 2748 2140 2801 καλού-

544 2829 734 2899 μεθα),
775 2829 962 2898 λέγει’
995 2831 1070 2884 Τὸ
1123 2834 1297 2902 ὸνομά
1357 2851 1452 2887 σου
1502 2837 1585 2904 ἐφ’
1621 2838 1754 2907 ἡμῖν
1799 2836 2136 2907 ἁγιασθήτω.

547 2915 709 2986 Παρὰ
737 2916 843 2988 γὰρ
875 2918 954 2988 τῷ
988 2918 1132 2990 ἁγίῳ
1153 2919 1330 2975 πάντα
1359 2921 1490 2990 ἅγια
1511 2939 1524 2952 ο
1561 2924 1654 2975 καὶ
1685 2923 1793 2994 γὰρ
1814 2924 1962 2977 οὐδὲν
2005 2924 2141 2995 πλη-

545 3002 723 3068 σιάζει
750 3004 870 3076 Θεῷ
904 3005 980 3077 μὴ
1016 3005 1076 3058 ὃν
1107 3007 1289 3076 ἁγιονο
1323 3008 1476 3075 ἅγιος
1511 3008 1619 3079 γάρ
1644 3011 1671 3062 ό
1694 3009 1826 3073 Θεὸς
1863 3013 1920 3063 ἐν
1963 3012 2141 3080 ἁγίοις

543 3094 978 3164 αναπαυόμενος.
1017 3095 1129 3148 Kal
1157 3096 1184 3145 6
1213 3097 1440 3166 οὐρανὸς
1483 3097 1538 3149 δὲ
1587 3099 1753 3152 αὑτοῦ
1789 3098 1979 3166 ἅγιος·
2017 3101 2142 3151 Ἑπο

543 3180 865 3234 ακσὺσεται
901 3182 1009 3253 γὰρ
1045 3183 1232 3236 αὑτοῦ
1261 3183 1330 3247 ἐξ
1354 3185 1612 3251 οὐρανοῦ
1643 3186 1816 3254 ἁγίου
1844 3187 2049 3239 αὑτοῦ.
2077 3188 2140 3239 Οἱ

545 3266 767 3335 ἄγγελοι
790 3267 935 3336 ἆγιοι
954 3281 969 3296 ⁸
1002 3269 1188 3321 Ὅταν
1209 3269 1357 3338 ἔλθῃ
1389 3275 1420 3324 ό
1453 3272 1585 3336 Υἱὸς
1608 3273 1714 3325 τοῦ
1737 3272 2051 3341 ἀνθρώπου
2072 3273 2142 3327 ἐν

544 3354 621 3423 τῇ
649 3355 799 3424 δόξῃ
829 3356 1018 3410 αὑτοῦ
1034 3357 1186 3426 μετὰ
1211 3358 1329 3411 τῶν
1349 3360 1535 3428 ἁγίων
1553 3361 1825 3430 ἀγγέλων
1840 3362 2046 3416 αὑτοῦ.
2075 3364 2142 3415 Ἠ

545 3442 622 3512 γῆ
645 3442 842 3512 ἔχουσα
860 3446 956 3513 τὴν
976 3444 1233 3515 λατρείαν
1253 3444 1401 3517 [MA]
1431 3447 1579 3514 ἁγία·
1610 3449 1719 3502 Kal
1746 3447 2014 3515 θελήσει,
2040 3468 2142 3520 φη·-

549 3530 626 3594 cl,
651 3529 1009 3599 διαστρέψαι
1036 3531 1332 3599 διαθήκην
1347 3534 1442 3586 ἐπὶ
1470 3533 1588 3603 γῆν
1609 3537 1788 3604 ἁγίαν
1803 3538 2007 3590 αὐτοῦ.
2033 3537 2142 3590 Kal

545 3619 575 3670 6
605 3616 788 3681 Δαυῒδ,
815 3619 847 3688 ή
875 3617 1012 3689 αὐλὴ
1039 3619 1168 3686 ἁγία
1191 3636 1204 3650 ο
1241 3622 1720 3687 Προσκυνήσατε
1748 3622 1827 3688 τῷ
1854 3626 2046 3691 Κυρίῳ
2075 3625 2144 3677 ἐν

550 3704 719 3772 αὐλῇ
746 3705 884 3774 ἁγίᾳ
914 3706 1198 3761 αὑτοῦ.⁶0
1234 3707 1481 3773 Ἡσαΐας,
1529 3711 1556 3762 6
1590 3709 1719 3772 ναὸς
1749 3711 1922 3778 ἅγιος·
1948 3711 2144 3780 ’Ἄγιος

549 3793 656 3864 γάρ
704 3796 737 3846 ό
776 3794 924 3859 ναός
957 3810 1094 3857 σου,
1133 3796 1478 3864 θαυμαστὸς
1534 3798 1601 3850 ἐν
1643 3797 2025 3866 δικαιοσύνῃ.
2063 3798 2142 3851 Τά

549 3881 800 3950 πρόϐατα
854 3881 922 3933 τά
962 3881 1131 3949 ἄλογα
1164 3883 1233 3934 τά
1272 3882 1393 3935 τότε
1439 3883 1679 3953 θυόμενα
1727 3886 1860 3952 ἅγια
1889 3885 2140 3952 ἐλέγετο·

560 3968 653 4034 Ὡς
679 3970 963 4035 πρόϐατα,
991 3969 1174 4039 φησὶν,
1200 3971 1336 4039 ἅγια
1369 3971 1438 4023 ἐν
1474 3971 1892 4042 Ἰερουσαλήμ.
1937 3974 2003 4025 Ἠ
2027 3974 2143 4027 δια-

548 4055 695 4126 θήκη
727 4057 889 4123 ἁγία·
947 4056 1054 4110 Kal
1103 4056 1442 4127 δυναμώσει
1468 4061 1621 4128 μετὰ
1663 4060 1912 4113 πολλῶν
1939 4060 2144 4126 διαθή-

549 4160 668 4208 κην
697 4144 874 4211 ἁγίαν
910 4143 1118 4198 αὑτοῦ.
1145 4145 1291 4211 Αὐτὴ
1323 4150 1356 4215 ή
1399 4148 1552 4211 πόλις
1583 4149 1714 4215 ἁγία
1748 4147 1966 4216 ἐλέγετο
1986 4163 2001 4176 ⁸
2035 4149 2146 4202 Καὶ

493 4256 501 4263 ·
550 4229 649 4282 ἐπὶ
675 4229 790 4296 τὴν
815 4231 998 4283 πόλιν
1026 4229 1142 4297 τὴν
1169 4231 1349 4300 ἁγίαν
1386 4235 1500 4298 τὴν
1527 4235 1645 4287 τῶν
1680 4241 1952 4303 πατέρων
1977 4237 2147 4304 ἡμῶν

563 4314 980 4384 Ἰερουσαλήμ.
1018 4316 1184 4369 Οὐδὲν
1233 4317 1341 4389 γὰρ
1395 4321 1757 4390 προσέρχεται
1807 4321 1928 4390 Θεῷ
1974 4323 2047 4391 μὴ
2088 4323 2146 4374 ὃν

551 4403 729 4470 ἅγιον.
760 4401 851 4454 Διὸ
877 4401 1024 4470 λέγει
1055 4403 1266 4469 Παῦλος
1286 4423 1297 4435 ·
1326 4407 1436 4458 Kal
1461 4408 1568 4459 τὸν
1588 4408 1908 4475 ἁγιασμόν,
1936 4405 2008 4461 οὗ
2038 4425 2149 4474 χω-

545 4488 646 4558 ρίς
667 4488 865 4556 οὐδεὶς
892 4489 1100 4558 ὄψεται
1128 4493 1295 4548 Θεόν.
1349 4494 1782 4562 Ἑνηστεύσαμεν
1819 4493 1928 4546 ἀπὸ
1956 4495 2144 4563 ἄρτου·

554 4578 942 4649 νηστεύσωμεν
981 4582 1075 4633 xal
1127 4582 1239 4635 άπὸ
1279 4583 1514 4646 ἀδικίας.
1548 4584 1661 4636 Οὐκ
1697 4583 1901 4645 ἐσθίεις
1947 4585 2146 4652 ἁρτονς

559 4666 636 4737 μὴ
674 4667 856 4738 φάγῃς
903 4670 1112 4738 σάρκας
1160 4673 1427 4742 πενήτων,
1477 4672 1562 4725 ἵνα
1597 4672 1672 4744 μὴ
1706 4674 1835 4744 είπῃ
1875 4672 1970 4726 καὶ
2019 4673 2150 4742 περὶ

558 4754 652 4807 σοῦ
683 4757 711 4806 6
743 4755 906 4819 Θεός·
955 4760 1019 4808 Ol
1053 4762 1476 4825 κατεσθίοντες
1527 4761 1634 4813 τὸν
1692 4762 1851 4815 λαόν
1902 4778 2022 4829 μου
2079 4761 2150 4812 ἐν

550 4843 777 4911 ,βρώσει
799 4844 1002 4913 ἄρτου.
1024 4846 1098 4897 Ού
1125 4846 1299 4910 πίνεις
1323 4844 1495 4911 οἷνον;
1525 4851 1597 4919 μὴ
1621 4849 1832 4919 μεθύσῃ
1861 4865 1921 4901 σε
1954 4848 2146 4918 θυμὸς,

562 4932 652 4985 ἵνα
679 4931 751 5002 μὴ
781 4932 1070 5007 ἁκούσῃ[ς]
1096 4934 1247 5006 παρὰ
1265 4934 1360 4987 τοῦ
1386 4935 1696 5006 νομοθέτου’
1727 4937 1922 5005 Θυμὸς
1944 4935 2150 5001 αὐτοῖς

559 5020 710 5072 κατὰ
739 5018 853 5086 τὴν
884 5023 1167 5089 ὁμοίωσιν
1194 5022 1302 5076 τοῦ
1339 5023 1559 5091 ὄφεως·
1599 5026 1691 5076 καὶ
1725 5025 1910 5088 πάλιν,
1955 5023 2151 5092 Θυμός

558 5106 901 5174 δρακόντων
953 5112 985 5162 ὁ
1022 5105 1185 5176 οἶνος
1217 5111 1436 5165 αὐτῶν.
1473 5112 1642 5165 Ὅταν
1676 5116 1783 5184 γὰρ
1820 5113 2014 5184 θλίψῃς
2050 5112 2147 5164 πέ-

558 5211 716 5264 νητα,
736 5196 826 5247 καὶ
851 5196 1102 5265 στενάξη,
1117 5198 1208 5250 ἐπὶ
1230 5199 1323 5252 τοῦ
1347 5199 1482 5253 Θεοῦ
1507 5199 1702 5269 εὑρέθη
1724 5213 1748 5239 ⁸
1771 5201 1964 5253 ἐσθίων
1986 5200 2150 5270 ἄρτον

557 5281 829 5352 δακρύων.
862 5283 960 5336 Διὰ
986 5283 1143 5335 τοῦτο
1165 5283 1312 5351 λέγει
1342 5287 1435 5339 καὶ
1468 5289 1496 5339 6
1525 5287 1692 5350 Θεός·
1756 5288 2150 5342 Ἐκαλύπτετε

556 5370 629 5422 ἐν
657 5367 913 5438 δάκρυσι
947 5370 1012 5422 τὸ
1045 5373 1474 5441 θυσιαστήριόν
1514 5393 1654 5443 μου.
1702 5375 1954 5442 Ἐγκαλεῖ
1997 5371 2088 5427 οὖν
2123 5377 2151 5427 6

557 5457 693 5521 Θεὸς
730 5461 842 5522 τοῖς
881 5459 1158 5513 κλαίουσιν
1206 5462 1299 5514 ἐπὶ
1352 5463 1446 5516 τοῦ
1497 5464 1890 5533 θυσιαστηρίου
1939 5465 2144 5531 λέγων·

571 5544 794 5613 ⁸1ερεῖς,
824 5547 1155 5611 είσέλθατε,
1203 5550 1537 5606 κλαύσατε.
1589 5551 1729 5605 Ἀλλ’
1779 5552 2022 5619 ἐγκαλεῖ,
2054 5552 2150 5619 οὐχ

587 5771 600 5785 ι
624 5710 757 5829 {ac
778 5711 934 5765 Valic.
962 5711 1160 5776 melius,
1187 5715 1238 5763 ni
1267 5713 1433 5776 fallor,
1455 5728 1599 5777 quam
1622 5715 1773 5766 Savil.
1805 5717 1880 5764 ἐπὶ
1904 5715 1987 5763 τὸν
2012 5716 2150 5775 Θεὸν,

587 5784 660 5829 up:
724 5788 763 5827 ς.

559 5784 763 5832 ευριυης.

2001 343 2373 404 SEVERIANI

3734 365 3848 419 438

2246 465 2326 517 ὅτι
2369 464 2584 519 ἔκλαιον
2626 469 2800 534 αὐτοὶ,
2851 469 2964 524 ἀλλ’
2995 468 3179 541 ἐπειδὴ
3217 471 3266 524 οι
3310 468 3656 540 ἀδικούμενοι
3725 467 3846 519 ἐκεῖ

2245 553 2600 624 ἐνετύγχανον
2643 558 2733 610 ἐπὶ
2775 559 2869 611 τοῦ
2910 559 3327 630 θυσιαστηρίου,
3371 558 3594 629 ὀρφανοί
3631 573 3700 608 τε
3749 553 3845 606 καὶ

2244 641 2430 710 χῆραι.
2480 643 2589 695 Kal
2630 645 2717 698 ἵνα
2756 645 2924 717 δείξῃ,
2965 647 3044 699 ὅτι
3089 646 3216 716 περὶ
3257 646 3476 698 ἐκείνων
3528 644 3707 711 λέγει,
3745 641 3847 692 ἐπ-

2244 729 2440 799 ήγαγε·
2474 732 2787 801 Κλαυθμῷ,
2809 735 2906 786 καὶ
2930 733 3178 797 κοπετῷ,
3210 732 3308 786 καί
3328 733 3510 798 κόπῳ.
3534 733 3656 784 Ἔτι
3684 729 3845 793 ἄξιον

2244 817 2532 886 ἐπιϐλέψαι
2567 821 2658 872 ἐπὶ
2679 820 2776 882 τὰς
2813 821 3000 883 θυσίας
3032 819 3203 889 ἡμῶν.
3232 821 3524 891 Πρόκειται
3557 815 3652 871 οὖν
3707 816 3851 885 τρά-

2246 903 2382 967 πεζα
2414 903 2592 974 ψυχῆς
2621 907 2648 957 6
2677 906 2769 958 τοῦ
2793 907 2926 959 Θεοῦ
2965 907 3140 974 λόγος.
3170 907 3336 977 Σῶμα
3365 905 3628 977 νηστεῦον
3671 904 3848 971 ἁγιά-

2242 991 2413 1060 ζεται,
2453 993 2600 1065 ψυχὴ
2645 994 2719 1067 μὴ
2771 995 3080 1068 τρεφομένη
3125 996 3420 1067 φθείρεται.
3455 996 3672 1049 Γένοιτο
3698 993 3762 1046 δέ
3787 991 3850 1043 τὸ

2245 1079 2342 1150 μὲν
2369 1079 2527 1150 σῶμα
2561 1081 2842 1151 νηστεύειν
2865 1083 2972 1136 ἀπὸ
2995 1085 3425 1153 ἁμαρτημάτων,
3454 1081 3553 1152 τὴν
3572 1081 3630 1133 δὲ
3655 1079 3848 1148 ψυχὴν

2241 1168 2512 1238 ἐντρυφᾷ-ι
2557 1172 2669 1232 τοῖς
2709 1169 2872 1233 θείοις
2904 1169 3187 1240 δόγμασιν.
3231 1170 3304 1222 Οὐ
3351 1170 3482 1239 δύνῃ
3524 1167 3580 1220 δέ
3629 1168 3848 1220 ἐσθίειν

2240 1255 2403 1326 ἄρτον
2436 1256 2672 1326 Χριστοῦ
2699 1257 2792 1309 καὶ
2822 1256 2985 1327 ἁρτον
3011 1256 3278 1328 δακρύων,
3313 1257 3390 1318 ὡς
3413 1257 3562 1322 λέγει
3587 1255 3811 1315 Παῦλος
3833 1269 3845 1280 ·

2243 1343 2326 1394 Οὐ
2359 1340 2624 1396 δύνασθε
2660 1343 2951 1410 τραπέζης
2977 1344 3233 1414 Χριστοῦ
3267 1344 3544 1413 μετέχειν
3563 1343 3666 1395 καὶ
3701 1357 3848 1409 τρα-

2239 1427 2418 1496 πέζης
2458 1430 2798 1501 δαιμονίων.
2841 1434 2933 1485 Δεῖ
2976 1432 3156 1486 τοίνυν
3197 1432 3287 1484 τὸν
3338 1430 3671 1501 νηστεύοντα
3729 1430 3848 1480 άπ-

2240 1517 2584 1586 έχεσθαιὰπὸ
2615 1518 2940 1590 βρωμάτων,
2975 1519 3071 1572 καὶ
3113 1519 3322 1590 πρῶτόν
3352 1535 3416 1586 γε
3441 1518 3549 1572 άπὸ
3575 1518 3848 1587 ἁμαρτη-

2244 1606 2448 1674 μάτων.
2483 1607 2594 1660 Καὶ
2621 1607 2729 1678 γὰρ
2765 1607 2884 1660 καθ’
2921 1607 3159 1676 ἑκάστην
3210 1606 3422 1677 ἡμέραν
3484 1605 3713 1673 ἄγγελοι
3751 1620 3850 1671 ση-

2244 1693 2639 1765 μειοῦνται,τίς
2674 1695 2932 1765 προέθετο
2959 1695 3257 1764 ἀπέχεσθαι
3289 1696 3395 1747 ἀπὸ
3425 1692 3772 1757 πλεονεξίας,
3810 1690 3844 1758 ἦ

2241 1781 2516 1852 πορνείας,
2555 1781 2586 1850 ἢ
2619 1781 2830 1845 ἀδικίας
2856 1783 2904 1836 ι).
2941 1781 3156 1845 Ταύτας
3186 1781 3294 1852 γὰρ
3320 1780 3421 1844 τὰς
3459 1781 3721 1851 νηστείας
3745 1777 3847 1830 καὶ

2240 1871 2463 1938 ἄγγελοι
2488 1872 2914 1942 ἁναγράφονται,
2949 1872 3043 1925 καὶ
3067 1872 3198 1935 Θεὸς
3242 1870 3582 1940 ταμιεύεται.
3619 1869 3844 1935 Ὠσπερ

2241 1959 2371 2028 γὰρ,
2413 1959 2655 2028 ἀδελφοὶ,
2694 1959 2803 2012 ἀπὸ
2835 1959 2941 2012 τῶν
2985 1958 3308 2028 ἁναφορῶνο
3357 1957 3408 2010 οἱ
3446 1958 3712 2026 ἄρχοντες
3762 1953 3847 2022 τῷ

2243 2046 2453 2116 βασιλεῖ
2485 2050 2663 2101 πάντα
2701 2047 2996 2118 μηνύουσιν
3017 2089 3030 2112 ,
3059 2046 3232 2108 οὕτως
3255 2047 3349 2099 καὶ
3379 2046 3428 2098 οἱ
3483 2043 3712 2111 ἄγγελοι
3764 2039 3847 2108 τῷ

2239 2135 2357 2204 Θεῷ
2384 2135 2561 2189 πάντα
2585 2134 2655 2188 τὰ
2685 2137 2965 2205 γινόμενα,
2998 2137 3098 2188 οὐκ
3124 2133 3421 2201 ἀγνοοῦντα
3459 2131 3844 2189 διδάσκοντες,

2241 2222 2377 2275 ἀλλὰ
2405 2222 2500 2293 τὴν
2538 2222 2917 2294 λειτουργικὴν
2954 2219 3106 2285 τάξιν
3155 2221 3252 2289 τῆς
3298 2217 3667 2288 δημιουργίας
3703 2214 3846 2281 πλη·

2245 2310 2483 2380 ροῦντες.
2532 2309 2675 2378 Ἐγὼ
2704 2311 3016 2381 ἐμακάρισα
3045 2309 3111 2362 ἂν
3154 2307 3411 2378 μυριάκις
3443 2304 3536 2357 τὸν
3564 2301 3846 2360 ἐσθίοντα,

2241 2396 2273 2465 ἢ
2315 2395 2406 2447 τὸν
2443 2395 2770 2465 νηστεύοντα
2824 2397 2917 2448 καὶ
2960 2395 3270 2448 ἀδικοῦντα.
3303 2391 3490 2444 Ταῦτα
3537 2389 3724 2456 λέγω,
3781 2387 3846 2437 οὗ

2241 2485 2493 2553 νηστείαν
2520 2483 2684 2549 λύων,
2713 2483 2827 2536 ἁλλ’
2860 2481 3142 2535 εὐσέϐειαν
3185 2479 3490 2551 κηρύττων.
3520 2478 3599 2529 Οὐ
3639 2475 3757 2544 γὰρ
3787 2473 3852 2525 τὸ

2242 2573 2434 2638 φαγεῖν
2484 2571 2672 2638 κακὸν,
2706 2570 2842 2624 ἁλλὰ
2877 2570 2938 2622 τὸ
2982 2569 3315 2641 ἁμαρτάνειν
3357 2566 3621 2635 πονηρὸν,
3656 2560 3850 2621 καθὼς

2241 2660 2390 2726 λέγει
2410 2662 2437 2711 6
2465 2661 2598 2722 Θεὸς
2625 2661 2754 2730 περί
2807 2677 2950 2723 τινος
2983 2659 3190 2713 δικαίου
3211 2674 3224 2686 ·
3263 2657 3325 2708 '0
3357 2652 3558 2720 πατήρ
3589 2665 3714 2705 σου
3740 2650 3853 2702 οὑκ

2241 2746 2445 2814 ἔφαγε,
2475 2747 2570 2799 καί
2601 2747 2667 2799 τὸ
2699 2745 2928 2815 θέλημά
2947 2763 3064 2815 μου
3087 2743 3401 2808 ἐποίησεν.
3436 2739 3599 2792 Οὕτω
3642 2737 3712 2806 δὴ
3760 2734 3856 2788 καὶ

2242 2834 2475 2903 ἀλλαχοῦ
2498 2851 2510 2863 ·
2543 2835 2806 2896 Νηστεία
2828 2835 2865 2903 ἡ
2884 2831 3110 2900 τετρὰς,
3130 2829 3226 2882 καί
3242 2827 3496 2895 νηστεία
3519 2826 3558 2893 ἡ
3578 2825 3853 2893 πέμπτη.

2246 2922 2395 2994 1445]
2423 2923 2518 2978 καὶ
2547 2925 2798 2991 νηστεία
2826 2926 2864 2992 ιή
2886 2921 3125 2986 δεκάτη,
3151 2919 3320 2972 ἔσται
3348 2914 3499 2985 ὑμῖν
3529 2916 3624 2978 εις
3653 2911 3858 2980 χαρὰν

2243 3013 2341 3065 καὶ
2369 3013 2455 3077 είς
2484 3013 2872 3080 εὐφροσύνην
2912 3009 3011 3062 καί
3058 3009 3146 3072 είς
3181 3002 3385 3072 ἑορτὰς
3445 2999 3711 3068 ἀγαθὰς,
3756 2995 3859 3050 καί

2241 3099 2357 3166 τὴν
2389 3098 2680 3165 ἀλήθειαν
2705 3096 3081 3166 ἀγαπήσατε.
3101 3092 3240 3145 Ἀλλ’
3263 3087 3551 3156 ἐπέλαμψε
3569 3085 3636 3137 τὸ
3653 3082 3860 3151 αἰσθη-

2242 3188 2333 3241 τὸν
2368 3188 2503 3256 φῶς,
2537 3187 2624 3240 ἵνα
2663 3185 2908 3257 κηρυχθῇ
2956 3186 2984 3236 6
3026 3181 3120 3234 τοῦ
3152 3179 3327 3248 φωτὸς
3367 3176 3640 3244 ἐργάτης.
3703 3173 3861 3225 Κατ-

2243 3276 2481 3346 έλαόενή
2506 3275 2713 3345 ἑσπέρα
2739 3272 3112 3343 σφραγίζουσα
3133 3269 3228 3338 τῆς
3256 3266 3470 3336 ἡμέρας
3502 3263 3598 3314 τὸν
3621 3261 3859 3330 δρόμον.

2243 3364 2400 3434 Καλὴ
2448 3366 2479 3433 ή
2523 3361 2698 3432 ἁρχὴ,
2744 3358 3098 3430 προστεθήτω
3150 3355 3210 3407 τὸ
3255 3353 3430 3414 τέλος.
3492 3349 3589 3418 Μὴ
3634 3346 3863 3434 ἀπώθει

2244 3433 2453 3516 κακῶς,
2499 3451 2613 3505 ἀλλ’
2658 3450 2821 3504 ἄκουε
2871 3445 2965 3498 τοῦ
3000 3443 3201 3496 Δαυῖδ·
3255 3442 3358 3506 Εἰς
3408 3439 3472 3491 τὸ
3523 3437 3739 3500 τέλος,
3773 3433 3864 3502 μὴ

2245 3539 2614 3608 διαφθείρῃς.
2652 3537 2708 3589 '0
2741 3535 2797 3589 δὲ
2843 3533 2974 3596 Θεὸς
3019 3530 3112 3584 τοῦ
3149 3528 3325 3598 φωτὸς
3376 3524 3572 3578 τούτου
3635 3523 3867 3582 πάντας

2247 3628 2392 3697 ὑμᾶς
2437 3627 2646 3696 φωτίσῃ
2696 3623 2860 3691 λόγῳ,
2896 3621 3066 3691 νόμῳ,
3118 3617 3318 3677 πίστει,
3348 3610 3713 3682 δικαιοσύνῃ,
3754 3625 3870 3697 om:

2248 3688 2510 3788 φ’ροσύνίῃ,
2540 3715 2597 3767 ἐν
2621 3688 2845 3782 Χριστῷ
2886 3688 3060 3779 Ἰησοῦ
3093 3705 3172 3776 τῷ
3221 3701 3408 3773 Κυρίῳ
3449 3699 3638 3788 ἡμων,
3667 3697 3770 3788 δι’
3803 3688 3866 3746 05

2249 3784 2343 3858 καὶ
2369 3784 2487 3874 μεθί
2514 3797 2575 3856 οὗ
2616 3800 2692 3871 τῷ
2720 3798 2894 3868 Πατρ“ι
2927 3795 3082 3859 δόξα,
3115 3795 3230 3862 ἁμα
3256 3789 3334 3860 τῷ
3357 3788 3500 3858 ἁγίῳ
3533 3784 3867 3854 Ιινεύματι,

2251 3895 2328 3957 είς
2353 3893 2478 3954 τοὺς
2506 3890 2708 3952 αἰῶνας
2731 3885 2840 3938 τῶν
2877 3883 3108 3939 αἰώνων.
3157 3878 3347 3948 Ἀμήν.

2256 4061 2366 4117 Τοῦ
2405 4057 2589 4112 αὑτοῦ
2632 4058 2717 4130 είς
2753 4052 2868 4130 τήν
2905 4048 3190 4130 δευτέραν
3222 4043 3872 4130 ἡμέραν-’τῆς

2320 4107 2540 4192 ποῦἀς,
2561 4107 2870 4191 *καὶΊπρδς
2898 4121 3007 4174 τὸν
3030 4107 3280 4192 εἶπόντᾶ
3321 4107 3483 4192 αύτῷ
3505 4125 3520 4139 ’
3559 4107 3870 4192 Οιὺκβδει

2322 4178 3091 4270 ἧμνᾶξῚτοῦςμΧρισξτιανοιιξς
3128 4184 3330 4253 λέγειν
3369 4181 3469 4233 ἐπὶ
3519 4178 3629 4231 τοῦ
3679 4178 3869 4246 ἁγιά-

2322 4258 2568 4340 ἀζααὲος·
2607 4258 2812 4335 Κύρίος
2842 4258 3091 4313 Σαϐαὼθ.

2327 4403 2394 4449 α’.
2429 4394 2622 4462 Ψυχῆς
2656 4389 2817 4443 πόθον
2852 4385 3056 4456 ἐγείρει
3107 4381 3240 4436 Θεοῦ
3276 4381 3432 4449 λόγος
3465 4421 3478 4443 ,
3519 4378 3616 4431 καὶ
3655 4376 3871 4445 ὥσπερ

2252 4482 2375 4536 τινὰ
2412 4479 2671 4551 λαμπάδα
2700 4476 3044 4548 περιτίθησιν
3072 4473 3205 4543 αὐτῇ
3241 4473 3339 4543 τὴν
3376 4467 3575 4540 χαρὰν,
3632 4467 3734 4519 ἵνα.
3771 4467 3870 4518 xal

2251 4572 2375 4633 τοὺς
2406 4569 2702 4636 λογισμοὺς
2735 4562 3144 4634 λαμπρύνηται,
3170 4559 3263 4613 καὶ
3300 4559 3399 4627 τὴν
3436 4556 3687 4610 διάνοιαν
3734 4572 3870 4622 φαι-

2252 4657 2540 4729 δρύνηται,
2594 4655 2685 4708 καὶ
2716 4652 2783 4705 τὰ
2835 4651 3206 4721 ἁμαρτήματα
3235 4645 3616 4729 καθαίρηται,
3640 4644 3748 4729 καέ
3797 4641 3871 4692 τὰ

2255 4727 2499 4814 νοήματα
2529 4740 2850 4809 φωτίζηται.
2870 4740 2913 4790 Τ
2917 4736 3124 4798 οιοῦτός
3144 4735 3292 4786 ἐστιν
3317 4734 3346 4784 6
3366 4730 3460 4783 τοῦ
3495 4728 3635 4781 Θεοῦ
3666 4727 3862 4795 λόγος.

2256 4834 2432 4902 Ὅπερ
2465 4832 2572 4901 γάρ
2605 4832 2749 4881 ἐστιν
2775 4827 2940 4896 ἀκόνη
2973 4824 3196 4893 σιδήρῳ,
3226 4819 3385 4873 τοῦτο
3412 4816 3547 4870 Θεοῦ
3584 4815 3761 4882 λόγος
3797 4816 3868 4882 τῇ

2252 4921 2419 4990 ψυχῇ.
2451 4921 2512 4971 'H
2541 4918 2704 4985 ἀκόνη
2734 4916 2832 4984 οὐχ
2864 4913 2921 4964 ’ἐν
2941 4929 2994 4964 τι
3025 4905 3410 5003 χαρίζεται
3443 4904 3672 5003 σιδήριρ,
3721 4902 3868 5003 ἀλλὰ

2257 5010 2471 5082 πρῶτον
2507 5006 2668 5060 αὐτὸν
2702 5000 3108 5072 παρασκευάζει
3146 4994 3457 5050 ἀποπτύσαι
3477 4992 3570 5045 τὸν
3594 4992 3709 5044 ἱόνο
3742 4992 3866 5082 εἶτα

2257 5074 2432 5168 παχὺν
2461 5098 2588 5149 ὅντα
2617 5091 2890 5150 λεπτύνει,
2920 5086 3130 5157 ἀμϐλὺν
3169 5083 3298 5136 ὄντα
3330 5079 3534 5144 ὀξύνει,
3570 5074 3866 5168 σκοτεινὸν

2434 5180 2759 5254 λαμπρύνει,
2803 5176 3023 5246 σμήχει,
3069 5169 3370 5241 φαιδρύνει,
3413 5166 3633 5254 ὀξύνει.
3661 5161 3865 5254 Οῦτως

2254 5273 2346 5330 οῦν
2379 5249 2523 5327 ἐστιν
2553 5249 2711 5321 δήτοῦ
2759 5263 2893 5318 Θεοῦ
2939 5262 3114 5329 λόγος,
3146 5255 3317 5310 ποιῶν
3356 5255 3456 5324 τὴν
3497 5249 3684 5320 ψυχὴν
3725 5250 3865 5302 ἀπο-

2256 5366 2456 5420 πτύσαι
2494 5359 2584 5412 τὸν
2619 5358 2694 5408 ἰὸν
2731 5354 2830 5422 τῆς
2870 5349 3164 5422 ἁμαρτίας,
3189 5344 3456 5415 ἀμϐλεῖαν
3500 5335 3675 5392 οὖσαν
3733 5337 3862 5402 ὀξύ-

2257 5471 2381 5513 νων,
2406 5449 2638 5517 παχεῖαν
2666 5438 2828 5495 οὖσαν
2856 5437 3151 5500 λεπτύνων,
3179 5429 3460 5500 σκοτεινὴν
3506 5423 3680 5479 οὖσαν
3716 5425 3861 5494 λαμ-

2321 5588 2347 5677 2
2371 5575 3857 5705 313310ééipﬁiiwegi‘ng2933531193x1931:

2256 5679 3210 5758 δει’ἰοιδἰῗεέἔὸῗδίνάήπὸντῖνΓάναφόρῶν,
3235 5686 3318 5748 qui
3345 5679 3539 5735 libellés
3563 5679 3854 5745 imperawri

2259 5767 2533 5835 oﬁ'crebam.
