3982 6218
190 399 304 454 437

203 518 424 563 noctem.
453 507 674 563 Noctem
696 520 862 578 quare
887 508 910 560 ?
949 505 1082 575 Quia
1110 515 1271 563 noctu
1294 505 1651 561 dormientem
1689 503 1784 558 bo-

203 601 403 654 minem
432 600 483 654 in
515 601 703 655 mortis
755 599 1068 655 memoriam
1122 607 1341 653 revocat
1391 597 1781 667 propemodum

202 691 427 745 dicens:
460 691 644 755 Disce,
701 691 883 757 homo,
926 691 1051 760 quid
1095 691 1191 744 sis.
1225 690 1467 745 Mortalis
1494 704 1576 755 es,
1605 689 1781 743 somni

202 781 384 833 virtuti
414 780 662 835 addictus
694 799 706 835 :
734 797 829 836 cur
870 798 932 837 ea
954 797 1071 852 quae
1101 796 1258 848 supra
1288 792 1338 835 te
1366 789 1489 834 sunt
1526 780 1785 849 imagina-

198 873 321 928 ris?
353 872 468 926 Nox
498 874 642 927 enim
672 874 1011 941 compunctio
1041 881 1125 927 est
1155 890 1167 926 :
1198 871 1545 941 quamobrem
1571 871 1645 924 ait
1679 870 1782 923 Da-

200 963 287 1017 vid
324 982 335 1016 :
367 964 494 1030 Qua:
519 964 683 1017 dicitis
705 964 753 1016 in
773 964 1005 1017 cordibus
1032 964 1226 1027 vestris,
1256 963 1307 1016 in
1336 963 1583 1017 cubilibus
1611 962 1785 1015 vestris

197 1054 598 1123 compungimini
644 1053 808 1124 (Psal.
856 1054 909 1108 ι.
938 1054 1015 1122 5).
1048 1054 1184 1108 Vere
1209 1056 1355 1122 jacet
1411 1054 1569 1107 homo
1599 1063 1781 1116 noctu,

200 1154 374 1207 neque
403 1148 666 1204 mortuus,
715 1153 889 1208 neque
915 1139 1088 1193 vivus.
1119 1139 1397 1207 interroga
1432 1138 1740 1194 luereticum
1768 1155 1780 1190 :

198 1229 337 1295 Quid
370 1230 489 1283 est?
544 1230 765 1283 vivusne
800 1244 869 1282 an
922 1230 1203 1283 mortuus?
1231 1228 1288 1284 Si
1318 1230 1534 1293 dixerit,
1576 1230 1736 1283 Vivus
1767 1271 1780 1294 ,

198 1335 401 1389 repone
431 1321 505 1373 illi
533 1337 544 1371 :
572 1320 680 1373 Cur
709 1336 838 1389 ergo
866 1335 966 1376 nec
1010 1321 1292 1390 loquentes
1319 1335 1419 1375 nec
1448 1320 1785 1376 ambulantes

198 1411 400 1467 sentit?
430 1411 485 1465 Si
516 1410 731 1474 dixerit,
763 1411 1021 1473 Mortuus.
1055 1420 1108 1465 tu
1134 1410 1299 1466 dicito
1324 1428 1336 1463 :
1361 1410 1639 1478 Quomodo
1656 1425 1784 1479 ergo

198 1502 470 1570 reSpirat?
522 1500 666 1571 quod
716 1501 859 1555 enim
898 1502 1161 1571 respirat,
1212 1516 1318 1557 non
1368 1510 1451 1557 est
1478 1510 1780 1554 mortuum:

197 1597 341 1665 quod
374 1614 477 1649 non
515 1596 701 1661 sentit,
732 1611 837 1650 non
863 1604 947 1649 est
970 1597 1145 1649 vivum
1174 1613 1184 1647 :
1215 1597 1444 1664 teipsum
1470 1611 1573 1647 non
1608 1593 1780 1656 vides,

196 1688 291 1741 sed
322 1704 438 1756 qua:
460 1702 625 1757 supra
655 1698 703 1739 te
730 1696 854 1740 sunt
893 1687 1221 1756 imaginaris.
1258 1686 1451 1739 Verum
1481 1684 1597 1739 haec
1652 1684 1783 1737 satis

194 1779 341 1831 circa
375 1779 600 1845 primam
626 1778 769 1832 diem
810 1777 949 1831 dicta
975 1778 1097 1831 sint.
1128 1776 1288 1831 Venit
1317 1778 1512 1845 quippe
1534 1790 1780 1844 vespera,

196 1879 255 1922 ut
281 1872 441 1923 etiam
471 1869 577 1923 illic
600 1885 718 1938 qua:
742 1868 807 1921 ad
823 1870 1049 1939 primam
1077 1869 1218 1923 diem
1238 1876 1482 1937 spectant
1505 1868 1777 1930 desinunt,

196 1970 250 2015 et
278 1976 375 2029 pro
404 1960 676 2025 facultate,
705 1961 805 2015 etsi
843 1958 1134 2029 profundos
1155 1973 1363 2025 sensus,
1400 1959 1783 2027 explicavimus

199 2062 398 2107 tamen.
433 2053 601 2107 Porro
630 2051 866 2107 fidelium
894 2059 982 2105 est
1013 2050 1155 2105 dicta
1181 2052 1487 2121 explorare,
1516 2061 1573 2107 et
1604 2052 1779 2110 histo-

196 2144 331 2197 riam
349 2143 662 2214 disquirere.

271 2234 325 2287 7.
375 2234 638 2305 Jejuniunt
690 2237 938 2305 quomodo
985 2239 1393 2309 sancti/icemus;
1444 2241 1785 2311 jejunandutr.

197 2326 420 2379 maxime
444 2344 475 2379 a
498 2329 731 2396 peccatis.
760 2358 829 2367 —
851 2328 960 2384 Nos
979 2340 1156 2384 autem
1187 2332 1323 2386 sacri
1343 2332 1530 2401 jejuuii
1560 2332 1781 2399 alumni,

198 2428 253 2472 et
284 2420 335 2471 in
362 2420 680 2473 abstinentia
699 2435 952 2489 corporea
979 2422 1183 2477 deliciis
1202 2423 1437 2479 fruentes
1456 2424 1779 2490 οωιεδιὶὺιιε,

196 2519 439 2563 sanctum
480 2511 738 2579 jejunium
785 2527 1002 2567 servare
1039 2530 1298 2568 conentur
1344 2532 1357 2569 :
1409 2515 1775 2583 Sanctiﬁcate,

197 2598 405 2667 inquit,
426 2601 683 2668 jejunium
714 2600 868 2669 (Joel.
896 2604 949 2655 1.
982 2604 1093 2672 Η).
1125 2604 1301 2659 Nosne
1330 2606 1455 2660 illud
1482 2606 1783 2660 sanctiﬁca-

196 2704 355 2755 mus,
385 2706 449 2742 an
469 2692 537 2743 ab
584 2692 673 2745 illo
703 2693 1132 2746 sanetificamur?
1169 2695 1359 2749 Verum
1408 2696 1457 2749 id
1486 2696 1614 2750 dicit
1663 2712 1783 2765 pro-

196 2780 382 2850 pheta,
406 2789 463 2834 ut
485 2781 611 2835 illud
638 2792 877 2836 sanetum
908 2784 1287 2838 custodiamus.
1320 2784 1781 2850 Quemadmodum

198 2871 345 2924 enim
390 2885 509 2924 eum
557 2873 824 2939 precando
887 2874 1148 2941 dicimus,
1198 2876 1557 2943 Sancti/iretur
1603 2893 1784 2930 nomen

196 2968 339 3013 tuum
368 2960 575 3031 (Matth.
608 2962 658 3016 6.
686 2963 736 3016 9.
757 2964 986 3032 H),non
1014 2980 1110 3035 pro
1133 2968 1344 3020 nomine
1358 2967 1472 3036 ejus
1505 2983 1785 3036 precamur

196 3052 419 3120 (nomen
447 3052 643 3122 quippe
670 3055 783 3122 ejus
813 3056 991 3109 omnia
1032 3058 1375 3127 sanctiﬁcat),
1419 3060 1511 3114 sed
1543 3062 1661 3128 quia
1698 3078 1784 3115 no-

195 3156 324 3195 men
357 3144 473 3211 ejus
501 3145 799 3198 invocatum
827 3156 911 3200 est
941 3162 1101 3216 super
1127 3163 1223 3202 nos
1246 3148 1553 3218 (Christiani
1580 3154 1722 3206 enim
1752 3169 1783 3207 a

196 3234 415 3291 Christo
442 3235 708 3305 dicimur),
735 3238 841 3303 ait,
875 3237 1078 3293 Nomen
1107 3249 1253 3293 tuum
1286 3242 1337 3294 in
1367 3242 1519 3296 nobis
1551 3244 1783 3297 sanctiti-

196 3336 374 3379 cetur.
407 3327 560 3395 Apud
592 3337 833 3382 sanctum
885 3330 1025 3383 enim
1068 3332 1244 3384 omnia
1292 3341 1475 3385 sancta
1504 3341 1669 3386 sunt:
1714 3333 1784 3387 ad

199 3416 370 3471 Deum
417 3420 612 3486 quippe
651 3419 779 3472 nihil
824 3434 929 3474 non
984 3433 1221 3476 sanctum
1267 3423 1472 3477 accedit
1512 3440 1525 3476 :
1569 3434 1784 3478 sanctus

205 3510 345 3564 enim
394 3511 533 3564 licus
579 3521 695 3574 est,
740 3513 791 3565 iu
838 3515 1038 3568 sanctis
1088 3515 1390 3581 quieSCens.
1432 3517 1568 3583 Quin
1624 3517 1783 3570 etiam

200 3600 391 3651 tta-lum
431 3602 547 3668 ejus
592 3613 831 3655 sanctum
863 3612 944 3657 est
986 3621 997 3655 :
1049 3619 1169 3658 nam
1222 3604 1476 3659 Exaudiet
1524 3608 1670 3661 illum
1723 3610 1787 3661 de

200 3690 326 3740 cwlo
344 3699 515 3741 sancto
532 3708 621 3742 suo
637 3690 799 3761 (Psal.
823 3693 989 3762 {9.7).
1021 3694 1202 3763 Angeli
1217 3710 1427 3765 quoque
1442 3700 1637 3751 sancti:
1659 3698 1785 3753 Cum

202 3780 387 3831 venerit
414 3778 583 3833 Filius
605 3782 821 3834 hominis
846 3783 898 3835 in
924 3784 1086 3853 gloria
1114 3801 1205 3837 sua
1230 3802 1343 3838 cum
1370 3789 1557 3843 sanctis
1593 3790 1787 3859 angelis

198 3871 306 3922 suis
334 3870 522 3938 (illam.
554 3871 605 3925 8.
637 3871 751 3941 58).
781 3872 949 3928 Terra
978 3876 1029 3929 in
1058 3892 1162 3945 qua
1194 3879 1283 3932 Dei
1334 3880 1507 3935 cultus
1552 3896 1735 3937 sancta
1772 3904 1783 3938 :

200 3959 269 4013 Et
298 3962 460 4027 volet,
512 3962 715 4032 inquit,
758 3976 973 4019 evertere
1015 3976 1360 4022 testamentum
1412 3989 1562 4041 super
1603 3985 1788 4027 (errant

198 4065 427 4106 sanctam
457 4058 583 4133 ejus.
610 4056 676 4110 Et
702 4057 883 4110 Davidi
914 4058 1035 4111 aula
1056 4071 1237 4113 sancta
1270 4071 1350 4115 est
1381 4083 1392 4114 :
1427 4066 1648 4117 Adet-ate
1672 4064 1785 4116 Do-

200 4145 394 4196 minum
420 4146 473 4197 in
503 4146 623 4199 aula
643 4157 816 4201 sancta
834 4148 942 4218 ejus
972 4148 1139 4219 (Psal.
1168 4152 1255 4205 95.
1281 4152 1356 4222 9).
1394 4154 1542 4208 idem
1578 4170 1786 4223 quoque

198 4234 447 4299 templum
480 4244 708 4288 sanctum
754 4237 922 4292 dicit:
965 4255 1087 4292 nam
1130 4241 1378 4294 Sanctum
1426 4253 1495 4296 est
1545 4247 1786 4311 templum

198 4333 366 4388 tuum,
389 4325 617 4379 mirabile
640 4329 692 4381 in
720 4330 950 4397 (equitate
975 4328 1091 4401 (Ps.
1124 4332 1212 4384 64.
1237 4332 1288 4386 5.
1316 4334 1394 4400 6).
1416 4331 1552 4388 Oves
1575 4350 1787 4404 quoque

200 4416 430 4469 rationis
462 4425 709 4485 expertes
730 4459 743 4483 ,
794 4435 911 4489 qua:
942 4429 1066 4475 tunc
1101 4421 1531 4485 immolabantur,
1588 4436 1787 4478 sancta:

198 4517 357 4559 erant
389 4526 399 4558 :
441 4507 507 4561 Ut
536 4525 679 4575 oves,
716 4510 921 4579 inquit,
953 4522 1141 4565 sancta:
1165 4512 1214 4564 in
1248 4513 1529 4568 Jerusalem
1570 4516 1784 4584 (Ezec/t.

198 4597 291 4649 56.
323 4597 430 4665 58).
474 4598 870 4653 Testamentum
913 4616 1124 4670 quoque
1161 4614 1442 4657 sanctum:
1492 4606 1555 4658 Et
1597 4609 1784 4675 con/ir-

198 4688 356 4739 ntabit
382 4706 496 4742 cum
541 4692 709 4744 multis
736 4702 1080 4745 testamentum
1106 4708 1333 4749 sanctunt
1366 4714 1508 4751 suum
1541 4698 1703 4765 (Dan.
1729 4704 1781 4755 υ.

195 4782 315 4850 27).
354 4782 490 4835 Urbs
513 4785 623 4851 ipsa
650 4800 857 4854 quoque
888 4796 1068 4839 sancta
1096 4788 1371 4843 dicebatur
1398 4806 1411 4842 :
1441 4789 1508 4842 Et
1533 4808 1683 4859 super
1710 4794 1785 4846 ci-

198 4874 403 4926 uitatem
424 4888 653 4928 sanctam
695 4887 894 4945 patrum
920 4889 1204 4932 nostrorum
1230 4879 1511 4935 Jerusalem
1543 4882 1589 4951 (1
1600 4885 1701 4937 bid.
1736 4904 1783 4940 υ.

196 4964 314 5032 2-1).
339 4964 478 5017 Nihil
507 4966 700 5034 quippe
728 4982 831 5021 non
854 4980 1091 5021 sanctum
1114 4970 1321 5024 accedit
1350 4972 1415 5025 ad
1448 4973 1632 5027 Deum.
1662 4976 1787 5030 ideo

201 5056 278 5108 ait
305 5054 500 5108 Paulus
532 5072 542 5107 :
575 5055 640 5107 Et
682 5060 1097 5124 sanctimoniam,
1128 5062 1236 5114 sine
1273 5079 1373 5128 qua
1419 5080 1560 5115 nemo
1605 5066 1784 5119 videbit

200 5144 565 5212 Deuntmebr.
598 5145 681 5198 12.
706 5149 818 5217 14).
851 5150 1214 5219 Jejunavimus
1241 5168 1269 5205 a
1298 5168 1431 5221 pane
1452 5170 1464 5218 ;
1484 5154 1786 5223 jejunemus

199 5238 353 5291 etab
393 5238 691 5307 iniquitate.
739 5240 852 5295 Non
879 5243 1115 5298 comedis
1163 5248 1393 5313 pauent?
1421 5247 1497 5300 Ne
1537 5248 1785 5301 comedas

199 5342 394 5385 earnes
424 5345 742 5398 pauperum,
777 5347 841 5386 ne
866 5334 933 5389 de
966 5345 1015 5389 te
1041 5352 1254 5405 quoque
1295 5337 1435 5392 dicat
1466 5340 1603 5392 Deus
1639 5359 1650 5393 :
1688 5340 1785 5405 Qui

198 5424 440 5476 devorant
462 5423 652 5492 plebem
680 5440 839 5477 meam
867 5427 918 5478 in
942 5430 1051 5481 cibo
1078 5431 1226 5499 panis
1256 5429 1423 5500 (Psal.
1456 5432 1542 5485 15.
1566 5430 1641 5502 4).
1670 5432 1783 5485 Non

200 5516 340 5569 bibis
365 5516 585 5570 vinum?
615 5516 687 5569 Ne
715 5516 861 5571 furor
893 5519 1121 5575 inebriet
1149 5531 1228 5584 te,
1264 5538 1330 5576 ue
1360 5523 1544 5577 audias
1566 5538 1593 5575 a
1625 5523 1784 5591 legis-

199 5606 370 5660 latore
403 5626 415 5661 :
466 5607 632 5663 Furor
664 5608 763 5662 illis
802 5612 1075 5664 secundum
1113 5614 1494 5668 similitudinem
1537 5616 1783 5683 serpentis

200 5695 373 5767 (Psal.
404 5700 490 5753 57.
534 5702 626 5770 5);
673 5715 735 5755 ac
765 5717 974 5757 rursum
1000 5743 1013 5764 ,
1068 5702 1240 5757 Furor
1285 5706 1561 5760 draconum
1614 5709 1781 5759 vinum

194 5804 372 5843 eorum
400 5791 574 5862 (Dent.
605 5795 691 5847 52.
741 5796 851 5863 55).
876 5794 1003 5849 Cum
1044 5798 1182 5849 enim
1218 5810 1504 5869 pauperem
1528 5798 1781 5855 amiseris

1260 388 1348 445 DE
1384 386 1601 445 MUNDI
1638 384 2030 444 CREATIONE
2066 384 2323 442 ORATIO
2355 385 2415 439 ll.

3356 410 3469 466 438

1894 504 1965 558 ita
1992 510 2051 558 ut
2086 502 2433 573 ingemiscat,
2467 500 2512 555 is
2537 500 2675 569 apud
2723 500 2886 556 Deum
2918 502 3165 557 inventus
3192 508 3276 557 est
3298 515 3479 556 come~

1892 593 2026 649 dens
2055 609 2245 664 panem
2275 594 2652 662 lacrymarum.
2689 590 2918 662 ideoque
2938 593 3013 648 ait
3041 594 3179 648 Deus
3214 610 3227 646 :
3265 592 3480 663 Operae-

1893 686 2019 739 batis
2054 685 2288 755 lacrymis
2327 684 2490 737 altare
2531 700 2695 737 meum
2727 682 2978 753 (Malacft.
3030 684 3083 737 2.
3124 682 3232 754 15).
3276 683 3479 752 Repre-

1893 776 2151 832 henditne
2175 791 2302 846 ergo
2344 776 2485 830 Deus
2510 789 2604 830 eos
2633 775 2720 845 qui
2751 775 3023 845 plorarent
3063 774 3126 828 ad
3154 775 3323 830 altare
3344 818 3359 841 ,
3388 774 3479 842 qui

1892 868 2048 928 dicit,
2094 868 2428 930 Sacerdotes,
2475 869 2693 930 intrate,
2726 878 2771 920 et
2819 867 3015 937 plorate
3051 866 3209 935 (Joel.
3251 868 3301 919 1.
3351 866 3476 934 15)Ῥ

1896 960 2089 1013 Verum
2118 960 2461 1028 reprehendit
2485 976 2607 1024 eos,
2638 976 2742 1015 non
2773 960 2913 1030 quod
2944 959 3166 1025 ﬂerent,
3209 959 3302 1015 sed
3335 960 3475 1028 quod

1894 1050 1925 1103 ii
1958 1051 2045 1119 qui
2077 1050 2322 1118 iujuriam
2350 1052 2483 1117 passi
2516 1059 2694 1105 essent
2714 1092 2728 1116 ,
2752 1049 2934 1120 pupilli
2958 1059 3013 1105 et
3032 1050 3207 1103 vidua:
3226 1089 3242 1113 ,
3277 1049 3382 1103 illic
3409 1048 3475 1102 ad

1892 1140 2061 1195 altare
2089 1139 2471 1209 supplicarent.
2505 1140 2677 1209 thue
2703 1140 2945 1195 ostendat
2966 1155 3023 1194 se
3050 1139 3116 1193 de
3138 1139 3239 1194 illis
3267 1153 3477 1194 sermo-

1893 1247 2013 1286 nem
2046 1231 2242 1284 babere
2263 1271 2276 1295 ,
2305 1231 2573 1299 sulijunxit
2598 1247 2609 1282 :
2639 1230 2701 1283 In
2726 1232 2876 1299 ﬂetu,
2926 1240 2972 1283 et
3022 1229 3259 1298 planctu,
3312 1241 3359 1282 et
3384 1228 3478 1281 do-

1892 1323 1997 1374 lore
2028 1321 2185 1391 (Joel.
2208 1322 2261 1373 2.
2297 1321 2363 1375 12
2392 1321 2431 1391 ).
2486 1322 2705 1389 Insuper
2751 1336 2961 1390 mquam
2992 1330 3073 1375 est
3098 1330 3155 1375 ut
3180 1321 3245 1375 ad
3274 1322 3475 1375 hostias

1892 1422 2100 1467 nostras
2124 1414 2360 1466 animum
2389 1412 2757 1465 adhibeamus.
2792 1412 3114 1480 Proponitur
3137 1426 3263 1481 ergo
3292 1426 3475 1464 mensa

1890 1501 2080 1553 anima:
2100 1541 2114 1564 ,
2147 1515 2337 1570 nempe
2370 1502 2458 1554 Dei
2488 1502 2730 1555 verbum.
2774 1499 2980 1571 Corpus
3004 1500 3210 1568 jejunio
3241 1500 3478 1554 sanctifi-

1891 1600 2060 1657 catur,
2084 1592 2258 1645 anima
2278 1593 2395 1645 cibo
2418 1606 2608 1661 expers
2627 1594 3008 1661 corrumpitur.
3042 1591 3255 1647 Utinam
3282 1605 3477 1660 corpus

1886 1684 2092 1753 jejunet
2119 1702 2147 1737 a
2182 1685 2411 1753 peccatis
2432 1724 2448 1751 ,
2475 1685 2647 1737 anima
2672 1698 2800 1739 vero
2826 1684 2878 1737 in
2901 1683 3094 1738 divinis
3131 1682 3469 1737 documentis

1889 1776 2228 1831 convivetur!
2263 1776 2376 1832 Non
2420 1788 2573 1847 potes
2598 1776 2882 1832 comedere
2904 1792 3092 1846 panem
3136 1776 3372 1843 Christi,
3421 1786 3476 1831 et

1890 1883 2078 1937 panem
2110 1870 2463 1939 lacrymarum
2490 1910 2503 1932 ,
2530 1878 2586 1922 ut
2614 1869 2687 1922 ait
2714 1868 2907 1923 Paulus
2938 1886 2949 1920 :
2985 1866 3104 1921 Non
3128 1868 3332 1935 potestis
3357 1884 3475 1935 par-

1890 1960 2062 2028 ticipes
2092 1976 2198 2013 esse
2243 1976 2426 2014 mensa:
2454 1959 2675 2024 Christi,
2700 1969 2743 2014 et
2771 1974 2954 2013 mensa:
2994 1958 3357 2015 dtemoniorunt
3396 1957 3471 2021 (1.

1888 2049 2005 2105 Cor.
2033 2050 2117 2105 10.
2138 2050 2251 2119 21).
2276 2052 2439 2107 Debet
2464 2068 2590 2122 ergo
2606 2052 2650 2107 is
2666 2054 2752 2122 qui
2777 2052 2980 2121 jejuuat
2996 2051 3263 2107 abstinere
3284 2067 3313 2103 a
3330 2050 3471 2116 cibo,

1888 2142 1980 2196 sed
2018 2144 2331 2212 prmcipuea
2369 2146 2619 2213 peccatis.
2656 2144 2864 2197 Etenim
2894 2143 3066 2210 angeli
3114 2142 3349 2211 quotidie
3379 2156 3473 2194 nu-

1890 2242 2036 2298 tant,
2082 2236 2199 2303 quis
2228 2234 2564 2303 proposuerit
2607 2234 2877 2288 abstinere
2917 2234 2985 2287 ab
3026 2232 3276 2296 avaritia,
3325 2242 3410 2285 aut
3440 2246 3471 2284 a

1888 2322 2257 2386 fornicatione,
2295 2325 2473 2379 autab
2506 2324 2797 2393 iniquitate.
2832 2324 2955 2377 lltec
2974 2323 3165 2393 quippe
3192 2322 3391 2392 jejunia
3420 2330 3474 2376 et

1885 2414 2059 2483 angeli
2112 2415 2481 2481 perscribunt.
2533 2424 2587 2467 et
2630 2416 2765 2468 Deus
2813 2415 2861 2465 in
2908 2412 3158 2467 thesauro
3209 2410 3467 2466 recondit.

1887 2506 2342 2573 Quemadmodum
2370 2508 2543 2569 enim,
2570 2505 2760 2559 fratres
2781 2546 2793 2568 ,
2820 2505 2895 2558 illi
2928 2505 3022 2558 viri
3055 2504 3290 2573 primarii
3322 2503 3409 2573 qui
3441 2518 3471 2556 a

1887 2600 2081 2654 libellis
2111 2600 2435 2667 supplicibus
2456 2608 2579 2652 sunt
2602 2598 2912 2666 Imperatori
2939 2606 3129 2652 cuncta
3161 2597 3468 2651 declarant:

1886 2692 1963 2745 sic
1990 2701 2041 2744 et
2072 2692 2242 2759 angeli
2272 2707 2332 2744 ea
2360 2706 2477 2759 qua:
2507 2690 2639 2744 fiunt
2666 2690 2841 2743 omnia
2873 2689 2982 2743 Deo
3005 2688 3328 2758 signiﬁcant,
3366 2702 3470 2741 non

1888 2785 2219 2852 ignorantem
2249 2784 2507 2838 docentes
2530 2823 2544 2847 ,
2570 2782 2662 2837 sed
2695 2781 3030 2837 ministrandi
3061 2782 3301 2838 ordinem
3332 2796 3475 2836 erea-

1889 2887 2023 2931 tura:
2052 2878 2353 2947 implentes.
2389 2879 2498 2946 ligo
2544 2877 2849 2932 sexcenties
2893 2876 3184 2931 beatiorem
3218 2873 3474 2943 prrcdiea-

1888 2968 2055 3021 verim
2116 2970 2522 3034 comedentetn,
2571 2984 2727 3036 quam
2787 2968 3116 3037 jejuuanlem
3184 2976 3238 3021 et
3294 2965 3475 3034 inique

1888 3069 2153 3131 agentem.
2190 3061 2310 3113 ΙΙωο
2338 3060 2460 3114 dico
2481 3102 2495 3123 ,
2546 3074 2650 3113 non
2675 3060 2932 3129 jejunium
2960 3059 3169 3112 solvens
3189 3098 3202 3119 ,
3234 3054 3328 3111 sed
3358 3056 3474 3125 pie-

1891 3162 2051 3205 tatem
2081 3151 2393 3219 prmdicaus.
2447 3150 2557 3203 Non
2601 3151 2741 3203 enim
2784 3148 3066 3202 comedere
3109 3149 3334 3211 malum,
3378 3146 3471 3201 sed

1891 3258 2112 3312 peccare
2157 3258 2375 3313 pravum
2406 3251 2515 3304 est,
2562 3240 3007 3310 quemadmodum
3052 3240 3179 3293 dicit
3227 3240 3366 3293 Deus
3406 3239 3475 3294 de

1884 3332 2027 3399 justo
2053 3332 2281 3400 quodam
2314 3348 2324 3383 :
2360 3330 2513 3382 Pater
2536 3340 2649 3383 tuus
2680 3346 2844 3382 nonne
2869 3330 3122 3394 comedit,
3154 3338 3199 3381 et
3238 3330 3474 3381 volunta-

1892 3435 1987 3477 tem
2011 3441 2171 3477 meam
2201 3425 2316 3495 fecit
2347 3423 2528 3495 (Zaclt.
2566 3423 2617 3477 8.
2672 3422 2804 3492 i9)?
2836 3422 2923 3475 Sic
2944 3433 2996 3476 et
3022 3421 3144 3475 alibi
3174 3439 3185 3473 :
3215 3420 3476 3490 Jejuniunt

1891 3527 2123 3585 quartum
2144 3557 2160 3582 ,
2186 3526 2231 3569 et
2250 3517 2504 3587 jejunium
2532 3518 2760 3583 quintum
2787 3556 2800 3578 ,
2831 3525 2876 3567 et
2897 3514 3152 3581 jejunium
3184 3514 3431 3566 decimum
3456 3554 3471 3577 ,

1891 3608 1981 3659 erit
2007 3606 2142 3658 vobis
2183 3607 2235 3658 in
2265 3606 2505 3673 gaudium
2550 3614 2595 3657 et
2620 3604 2671 3655 in
2715 3606 2938 3657 la'titiam
2969 3613 3015 3655 et
3056 3604 3107 3655 in
3139 3603 3475 3656 solemnitates

1893 3697 2068 3761 bonas,
2098 3704 2141 3749 et
2169 3696 2423 3749 veritatem
2451 3694 2663 3765 diligite.
2690 3692 2797 3747 Sed
2826 3694 2996 3747 illuxit
3022 3693 3110 3747 lux
3138 3693 3352 3747 sensilis
3371 3736 3386 3759 ,
3418 3704 3475 3746 ut

1893 3788 2023 3843 lucis
2054 3785 2243 3857 Opifex
2282 3785 2681 3855 prmdicaretur.
2712 3782 2939 3837 Advenit
2960 3798 3180 3852 vespera
3212 3782 3319 3837 diei
3354 3798 3476 3838 cur-

1892 3896 2010 3935 sum
2041 3880 2348 3947 obsignans.
2370 3877 2576 3931 Bonum
2608 3875 2947 3945 principium,
2986 3874 3104 3928 linis
3127 3874 3368 3928 addatur.
3398 3873 3475 3927 Ne

1894 3970 2033 4023 male
2059 3969 2315 4038 repellas,
2354 3968 2446 4021 sed
2482 3967 2604 4021 audi
2631 3966 2881 4021 Davidem
2915 3984 2926 4019 :
2959 3964 3023 4018 In
3060 3965 3243 4034 ﬁnem,
3273 3983 3333 4020 ne
3362 3983 3474 4019 cor-

1893 4083 2100 4133 rumpas
2123 4064 2287 4133 (Psal.
2324 4066 2409 4116 74.
2437 4062 2651 4131 titulus).
2670 4063 2808 4115 Deus
2843 4070 3017 4113 autem
3044 4060 3173 4113 lucis
3202 4060 3355 4128 hujus
3378 4074 3476 4112 vos

1892 4172 2078 4209 omnes
2108 4155 2389 4218 illuminct,
2422 4154 2613 4214 verbo,
2635 4152 2782 4220 lege.
2814 4150 2935 4209 fide,
2968 4150 3186 4217 just'tia,
3207 4152 3471 4215 castitate,

1894 4249 1944 4302 in
1976 4245 2186 4301 Christo
2224 4246 2347 4299 Jesu
2383 4244 2605 4297 Domino
2634 4252 2816 4295 nostro
2837 4283 2851 4307 ,
2889 4258 2933 4309 In
2956 4258 2979 4292 r
3011 4257 3163 4309 quem
3186 4250 3239 4296 et
3260 4243 3472 4310 quicum

1896 4340 2035 4393 Patri
2076 4340 2276 4408 gloria,
2309 4337 2465 4390 simul
2511 4351 2630 4389 cum
2673 4334 2871 4404 Spiritu
2914 4341 3134 4400 sancto,
3182 4333 3234 4387 in
3281 4334 3473 4387 szecula

1894 4432 2228 4485 saeculorum.
2261 4433 2447 4483 Amen.

1896 4524 2136 4592 Ejusdem
2166 4524 2216 4574 in
2244 4522 2516 4575 secundum
2548 4521 2677 4573 diem
2704 4521 2969 4574 creationis
2990 4560 3003 4582 ,
3030 4527 3073 4571 et
3098 4518 3336 4570 adversus
3362 4533 3474 4569 eum

1963 4615 2046 4683 qui
2098 4614 2189 4666 sibi
2235 4613 2467 4677 dixerat,
2517 4628 2617 4663 non
2640 4620 2865 4677 aportere
2912 4626 3001 4662 nos
3055 4607 3368 4662 Christianos
3419 4609 3474 4661 in

1963 4704 2360 4769 sanctiﬁcatione
2390 4702 2583 4761 dicere,
2613 4701 2749 4753 Deus
2786 4699 3038 4752 Sabaoth.

1966 4797 2015 4850 1.
2053 4794 2285 4864 Efficacia
2307 4794 2439 4846 verbi
2472 4793 2644 4845 divini.
2676 4792 2986 4843 Abstinentia
3012 4800 3169 4844 mater
3204 4791 3302 4859 pia:
3330 4806 3475 4845 men-

1895 4888 1975 4940 tis.
2005 4916 2073 4925 —
2106 4884 2279 4938 Animi
2309 4882 2636 4937 desiderium
2680 4884 2873 4937 excitat
2927 4882 3139 4937 divinus
3182 4897 3390 4948 sermo,
3421 4892 3476 4937 et

1893 4977 2039 5046 quasi
2066 4977 2334 5028 lucernam
2362 4974 2647 5042 quamdam
2686 4973 2783 5042 ipsi
2813 4973 3059 5041 gaudium
3087 4973 3437 5041 circumponit
3456 5016 3472 5036 ,

1895 5078 1949 5122 ut
1992 5076 2045 5121 et
2074 5066 2351 5120 ratiocinia
2386 5065 2645 5129 illustret,
2679 5075 2732 5118 et
2780 5074 3013 5119 mentem
3064 5066 3362 5129 exhilaret,
3420 5075 3475 5119 et

1895 5167 2109 5226 peccata
2162 5157 2466 5225 abstergat,
2511 5164 2565 5209 et
2619 5169 2774 5209 sensa
2821 5156 3101 5209 illuminet.
3159 5154 3471 5224 Hujusmodi

1892 5259 1974 5305 est
2023 5250 2112 5303 Dei
2149 5264 2348 5303 sermo.
2383 5248 2513 5301 Nam
2560 5248 2700 5320 quod
2727 5262 2818 5303 eos
2846 5247 3017 5313 ferro,
3075 5247 3126 5301 id
3158 5248 3347 5301 anima:
3380 5248 3473 5301 Dei

1892 5356 2086 5397 sermo.
2112 5340 2217 5395 Cos
2247 5356 2351 5394 non
2381 5355 2543 5394 unam
2564 5340 2736 5394 solum
2766 5354 2877 5393 rem
2901 5339 3043 5393 ferro
3072 5340 3277 5393 confert
3308 5356 3320 5391 :
3351 5354 3473 5391 nam

1892 5433 2064 5502 primo
2087 5433 2255 5501 ipsum
2287 5441 2569 5502 prurparat,
2604 5432 2974 5501 utrubiginem
3004 5442 3248 5500 respuat:
3280 5431 3475 5485 deinde

1891 5540 2129 5578 crassum
2160 5534 2444 5587 extenuat,
2479 5526 2723 5579 obtusum
2756 5526 2930 5587 acuit,
2973 5524 3256 5578 obscurum
3303 5525 3478 5579 reddit

1891 5615 2120 5669 lucidum
2146 5659 2158 5678 ,
2188 5617 2486 5670 abstersum
2511 5658 2524 5681 ,
2554 5616 2773 5669 nitidum
2793 5658 2807 5681 ,
2840 5625 3071 5669 acutum.
3102 5614 3190 5669 Sic
3215 5631 3272 5670 se
3314 5615 3473 5671 habet

1891 5706 1986 5758 Dei
2025 5721 2201 5759 sermo
2230 5726 2241 5759 :
2270 5706 2431 5760 efficit
2464 5715 2519 5759 ut
2567 5707 2738 5759 anima
2793 5708 3085 5775 rubiginem
3137 5710 3332 5776 peccati
3381 5726 3466 5761 re-

1894 5807 2071 5868 spuat,
2113 5801 2353 5855 obtusam
2383 5799 2525 5853 illam
2549 5800 2705 5867 acuit,
2740 5814 2968 5853 crassam
3002 5801 3248 5856 subtilem
3275 5800 3468 5864 reddit,
