3982 6218
515 417 629 471 439

515 517 796 570 obscuram
838 507 1122 578 splendore
1173 504 1356 559 afficit.
1406 500 1528 555 Vult
1571 508 1748 553 autem
1794 495 1889 551 Dei
1918 507 2096 549 sermo

515 621 614 661 nos
639 601 943 674 splendidos
973 614 1092 653 esse
1118 594 1410 653 secundum
1433 588 1671 661 Apostoli
1691 587 1935 642 affectum
1968 587 1984 615 ‘
2010 585 2095 638 di-

517 697 686 752 centis
710 712 724 748 :
762 694 828 749 Ut
859 693 966 746 sitis
995 691 1122 744 sicut
1153 687 1423 741 luminaria
1452 685 1503 737 in
1530 681 1735 744 mundo,
1760 679 1963 732 verbum
1985 677 2098 729 vitta

519 788 821 840 continentes
865 783 1122 855 (Philipp.
1155 781 1208 833 2.
1259 777 1485 844 15.16).
1535 775 1672 828 Ecce
1717 769 2094 841 splendorem!

519 878 640 931 Vult
663 891 758 931 nos
782 890 903 930 esse
933 890 1037 927 non
1063 874 1280 926 obtusos
1304 910 1314 934 ,
1339 869 1428 922 scd
1459 874 1678 920 acutos:
1716 880 1836 917 nam
1867 879 1880 915 :
1925 861 2092 922 Vivus,

523 968 724 1036 inquit,
755 976 824 1019 est
852 980 1015 1018 sermo
1046 961 1136 1015 Dei
1159 1003 1172 1026 ,
1203 969 1246 1014 et
1269 959 1473 1027 eﬂicax,
1507 965 1551 1008 et
1581 953 1934 1022 penetrabilior
1963 952 2098 1004 omni

517 1057 689 1124 gladio
717 1055 926 1124 ancipiti
974 1053 1155 1111 (Hebr.
1184 1053 1236 1105 4.
1270 1048 1379 1119 12).
1432 1047 1555 1102 Vult
1597 1060 1694 1099 nos
1736 1058 1840 1098 non
1894 1057 2101 1096 crassos

519 1161 665 1212 esse,
716 1144 808 1198 sed
855 1141 1257 1212 cogitationibus
1309 1147 1539 1191 mentem
1577 1134 1822 1188 subtilem
1855 1132 2098 1186 reddere.

524 1237 619 1290 Ubi
651 1236 792 1291 enim
819 1234 1086 1289 crassities
1107 1273 1121 1295 ,
1153 1232 1220 1283 ibi
1244 1229 1411 1282 aliena
1435 1243 1464 1280 a
1497 1227 1586 1281 Dei
1611 1224 1775 1279 verbo
1800 1237 1952 1277 mens
1979 1232 2060 1277 est
2086 1239 2099 1275 :

522 1327 611 1381 ubi
639 1335 816 1381 autem
842 1325 1049 1379 subtilis
1076 1332 1176 1383 est,
1203 1330 1322 1390 apta
1352 1319 1450 1388 legi
1475 1317 1668 1372 divinae
1693 1315 1942 1372 efficitur.
1978 1313 2102 1368 Ideo

521 1415 589 1470 de
619 1416 968 1470 crassioribus
996 1413 1125 1466 dicit
1151 1411 1422 1479 Scriptura
1455 1427 1468 1461 :
1503 1407 1567 1460 Et
1598 1406 1809 1459 comedit
1836 1404 1995 1458 Jacob
2016 1446 2031 1471 ,
2055 1413 2104 1456 et

523 1514 776 1557 saturatas
812 1514 918 1567 est,
968 1513 1015 1556 ct
1054 1503 1429 1570 impinguatus,
1479 1500 1813 1559 incrassatus,
1863 1496 2105 1548 dilatatus

521 1607 589 1648 est
619 1613 635 1649 :
663 1598 925 1666 dereliquit
968 1595 1133 1649 Deum
1179 1599 1421 1663 [actorem
1447 1607 1593 1644 suum
1625 1588 1799 1659 (Deut.
1849 1588 1937 1642 52.
1988 1587 2101 1655 15).

525 1690 634 1755 Age
660 1695 1053 1756 ergo,nostram
1098 1699 1304 1753 quoque
1336 1685 1426 1736 Dei
1475 1681 1909 1736 scrmoillustrct
1958 1693 2106 1731 men-

525 1787 629 1830 tem
651 1816 666 1842 ,
697 1778 926 1830 maxime
964 1775 1234 1844 proposito
1255 1773 1458 1841 jejunio
1480 1812 1492 1836 ,
1523 1771 1661 1841 quod
1702 1777 1952 1824 extenuat
1980 1783 2105 1822 cor-

531 1883 658 1934 pora
679 1908 693 1932 ,
727 1878 778 1922 et
805 1875 1036 1921 mentem
1066 1866 1292 1920 exacuit.
1325 1864 1580 1917 Esteuim
1618 1861 1941 1915 abstinentia
1967 1858 2108 1928 jeju-

528 1958 598 2010 nii
629 1958 803 2012 omnis
823 1956 1260 2011 sanctificationis
1283 1955 1482 2018 nutrix,
1511 1951 1857 2019 ctmaterpim
1888 1950 2103 2004 mentis.

529 2048 642 2102 Non
661 2049 918 2116 qutcritur
945 2046 1213 2115 quomodo
1240 2045 1541 2113 jejunemus
1568 2051 1768 2096 tantum
1788 2082 1802 2101 .
1827 2040 1918 2095 sed
1949 2053 2106 2109 quam

531 2139 615 2208 pie
636 2139 962 2208 jejnnemns.
989 2138 1131 2191 Multi
1160 2138 1231 2190 ob
1274 2136 1478 2204 publica
1509 2150 1686 2189 rerum
1715 2133 1926 2202 negotia
1972 2131 2109 2201 jeju-

531 2239 690 2294 nant;
721 2229 812 2284 sed
842 2244 944 2282 non
973 2236 1244 2297 reputatur
1264 2227 1412 2280 eisin
1439 2225 1718 2293 jejunium.
1741 2222 1944 2291 Scopus
1965 2222 2106 2276 enim

528 2320 819 2390 judicatur,
863 2333 966 2372 non
1014 2317 1303 2371 necessitas
1349 2323 1652 2370 coronatur.
1685 2313 1742 2367 ln
1783 2311 1885 2365 hoc
1926 2323 2110 2366 sancto

533 2421 671 2465 statu
705 2411 886 2463 beatus
925 2409 1129 2478 Moyses
1159 2408 1209 2460 in
1240 2417 1417 2462 monte
1464 2416 1516 2459 ct
1539 2407 1707 2474 legem
1736 2403 2029 2457 docebatur
2059 2410 2114 2454 et

533 2502 878 2556 creationem.
915 2500 1150 2552 Diximus
1179 2514 1308 2568 ergo
1350 2498 1596 2550 hesterna
1625 2498 1710 2550 die
1743 2496 1910 2550 Deum
1932 2536 1946 2559 ,
1988 2509 2108 2547 cum

535 2593 703 2662 legem
736 2608 826 2659 per
853 2591 1316 2659 Moysemdatnrus
1340 2597 1500 2651 esset,
1525 2587 1695 2656 primo
1721 2601 1780 2640 sc
1805 2585 2113 2638 Creatorem

534 2683 862 2745 ostendisse,
897 2697 956 2733 ac
993 2680 1183 2733 deinde
1213 2679 1614 2748 Legislatorem.
1642 2675 1918 2742 Quomodo
1963 2683 2114 2744 pote-

541 2784 658 2828 rant
697 2774 862 2828 Jnda-i
893 2773 1144 2835 credere,
1178 2773 1343 2827 Deum
1389 2771 1576 2824 fecisse
1614 2769 1800 2823 etclam
1832 2777 1884 2824 et
1914 2777 2111 2822 terram

541 2874 592 2918 et
622 2863 797 2916 omnia
821 2878 938 2931 quae
971 2863 1022 2914 in
1050 2864 1125 2917 eis
1155 2869 1311 2926 sunt,
1335 2861 1435 2915 nisi
1463 2860 1608 2928 prius
1635 2858 1886 2912 miracula
1914 2858 2113 2912 edidis-

538 2964 618 3008 set
665 2958 713 3007 in
761 2952 1021 3022 AEgypto,
1071 2969 1188 3021 quae
1237 2953 1407 3022 ipsum
1448 2965 1567 3005 esse
1617 2950 1760 3004 orbis
1807 2950 2114 3004 Creatorem

539 3045 984 3112 comprobarent?
1030 3043 1293 3098 Docemus
1340 3057 1437 3096 nos
1482 3051 1538 3095 ut
1565 3040 1881 3094 suadeamus
1922 3057 1935 3092 :
1977 3040 2114 3095 Deus

539 3138 816 3201 suadet,ut
842 3135 1052 3190 doceat.
1084 3134 1214 3200 Quia
1246 3134 1454 3204 Moyses
1480 3133 1815 3202 expositurus
1851 3132 2116 3186 dicturus-

539 3243 641 3294 que
663 3235 808 3289 erat,
835 3227 998 3278 Deum
1029 3225 1216 3279 fecisse
1243 3225 1429 3276 crclum
1453 3265 1465 3285 ,
1494 3232 1548 3278 et
1577 3233 1771 3276 terram
1791 3262 1805 3286 ,
1835 3229 1889 3275 et
1932 3236 2078 3275 mare
2097 3259 2114 3282 ,

541 3330 594 3369 et
618 3318 793 3369 omnia
821 3331 939 3385 qua:
966 3315 1015 3368 in
1041 3315 1117 3367 eis
1138 3324 1294 3380 sunt,
1327 3313 1424 3367 nisi
1449 3313 1594 3382 prius
1621 3311 1880 3366 mirabilia
1910 3320 2117 3379 patras-

541 3415 621 3460 set
650 3407 699 3459 in
731 3404 994 3475 Aﬂgypto,
1029 3412 1081 3458 et
1101 3403 1515 3458 demonStrasset
1539 3403 1708 3471 ipsum
1735 3415 1854 3456 esse
1880 3401 2116 3454 omnium

541 3516 718 3555 rerum
749 3507 1048 3554 creatarum
1100 3497 1355 3565 Opificem
1377 3537 1390 3561 ,
1421 3509 1526 3548 non
1558 3493 1855 3547 crediturus
1884 3501 2000 3545 erat
2021 3507 2117 3560 po-

543 3594 695 3660 pulus
723 3593 886 3646 Deum
924 3590 1116 3644 fecisse
1141 3589 1326 3642 escium
1357 3598 1410 3641 et
1432 3595 1647 3640 terram.
1695 3583 1946 3638 Extendit
1975 3583 2119 3651 prius

548 3685 759 3752 Moyses
790 3696 980 3735 manus
1020 3694 1140 3732 snas
1165 3680 1214 3731 in
1241 3679 1457 3742 cmlum,
1487 3686 1537 3732 et
1563 3676 1771 3730 demisit
1804 3675 2116 3744 grandinem

542 3786 596 3828 et
646 3776 815 3844 ignem
839 3815 852 3836 ,
885 3771 1171 3838 didicitque
1216 3769 1438 3838 p0pn|us
1478 3783 1574 3836 per
1610 3766 1819 3820 fidelem
1865 3780 2113 3829 servum,

543 3865 684 3917 illam
715 3862 990 3916 mortalem
1021 3859 1293 3913 dexteram
1321 3858 1483 3911 verbo
1516 3856 1608 3909 Dei
1653 3863 1850 3908 motam
1874 3896 1889 3920 ,
1930 3854 2118 3908 omium

545 3952 876 4012 tnrbavisse,
926 3959 979 4002 et
1021 3957 1317 4001 creaturam
1363 3945 1761 4000 commiscuisse
1797 3962 1808 3996 :
1848 3944 2122 4012 multoque

546 4044 736 4110 potiori
767 4042 969 4094 ratione
997 4039 1088 4092 Dei
1116 4038 1351 4106 jubentis
1377 4036 1650 4090 dexteram
1690 4034 1985 4088 firmavisse
2014 4049 2120 4088 em-

543 4134 650 4186 lnm
679 4143 731 4186 et
755 4130 1002 4185 fundasse
1029 4140 1246 4183 terram.
1276 4128 1442 4180 Nemo
1463 4127 1602 4180 enim
1629 4133 1928 4178 creaturam
1948 4133 2123 4177 movet

542 4223 629 4288 qui
660 4238 763 4274 non
792 4229 976 4274 auctor
996 4220 1110 4288 ejus
1142 4221 1226 4272 sit.
1247 4216 1642 4272 Ostendcndum
1664 4230 1790 4285 ergo
1819 4223 1934 4269 erat
1957 4214 2121 4268 Deum

541 4309 730 4364 fecisse
762 4320 993 4364 terram:
1025 4309 1266 4363 extendit
1314 4308 1520 4377 Moyses
1548 4321 1759 4359 manum
1804 4306 1855 4359 in
1891 4315 2082 4359 terram
2103 4346 2117 4368 ,

542 4401 848 4453 etexierunt
863 4397 1630 4466 sciniphes.Demonstrandum
1650 4396 1822 4449 denuo
1839 4395 2122 4449 eralDeum

544 4491 734 4545 fecisse
785 4492 956 4558 ignem
987 4506 998 4540 :
1030 4489 1232 4556 accepit
1277 4487 1483 4556 Moyses
1514 4486 1746 4538 favillam
1775 4484 1842 4538 de
1871 4483 2118 4547 fornace,

543 4595 595 4637 et
623 4583 846 4651 sparsit,
876 4592 929 4636 et
955 4581 1321 4651 AEgyptiorum
1355 4593 1574 4647 corpora
1611 4577 1835 4645 replevit
1856 4576 2120 4630 ulceribus

543 4674 768 4728 flammae
815 4675 980 4728 instar
1001 4672 1344 4726 ferventibus.
1374 4668 1773 4723 Ostendcndum
1812 4676 1927 4721 erat
1958 4666 2120 4719 Deum

541 4763 731 4818 fecisse
761 4778 950 4833 aquam
986 4781 998 4817 :
1031 4772 1226 4815 mutata
1255 4770 1336 4815 est
1363 4775 1495 4828 aqua
1528 4759 1577 4811 in
1605 4757 1936 4826 sanguinem.
1969 4754 2121 4810 Mon-

540 4855 814 4908 strandum
839 4865 952 4907 erat
979 4855 1164 4908 fecisse
1195 4869 1341 4906 mare
1375 4869 1386 4902 :
1419 4867 1564 4904 mare
1588 4859 1642 4904 ut
1673 4861 1822 4918 petra
1849 4851 1995 4904 stetit
2025 4849 2120 4918 (a),

540 4953 590 4998 ct
623 4943 864 4996 transivit
891 4945 1139 5012 populus.
1171 4944 1350 4996 Primo
1390 4943 1561 5010 itaque
1588 4956 1679 5008 per
1702 4956 1860 5009 opera
1892 4939 2125 4993 ostendit

543 5049 662 5088 eum
690 5049 809 5087 esse
856 5034 1132 5085 Dominum
1157 5075 1170 5096 ,
1213 5033 1510 5100 deindcque
1545 5030 1722 5083 verbis
1764 5028 1976 5084 edocuit
2005 5042 2124 5082 esse

543 5125 818 5193 Oplllt‘t‘m.

610 5219 662 5270 εὶ.
687 5216 911 5270 Christus
939 5224 1052 5267 ante
1081 5215 1482 5282 pra’dicationcm
1509 5213 1674 5265 docuit
1699 5227 1752 5264 se
1779 5207 1954 5261 mundi
1988 5206 2119 5272 Opi-

543 5308 684 5374 ﬁccm
706 5322 827 5358 esse.
857 5303 1108 5356 Miracula
1135 5304 1258 5368 fides
1279 5305 1516 5371 sequitur.
1538 5333 1606 5341 —
1631 5302 1717 5355 Sic
1751 5302 1910 5353 etiam
1935 5300 2127 5352 Serva-

573 5399 620 5516 ”!
659 5401 798 5504 iuxta
830 5391 1196 5447 Combefisium,
1223 5389 1488 5451 legendum
1516 5398 1607 5450 est,
1635 5396 1930 5453 praeceptum
1953 5424 1965 5447 ,
2005 5402 2088 5450 pro
2108 5423 2121 5447 ,

609 5469 661 5503 cc
687 5469 779 5502 um.

541 5463 779 5504 allectum.

606 5517 680 5577 (α)
717 5516 768 5564 In
793 5523 980 5572 Ora-co,
1008 5526 1180 5574 ιπιτρῶθη
1204 5525 1226 5569 ἡ
1251 5525 1428 5561 θάλασσα..
1464 5511 1780 5577 Combefisius
1803 5513 1978 5569 vertit,
2006 5509 2126 5560 divi-

540 5574 646 5625 sum
664 5574 736 5626 est
768 5590 929 5633 utare,
955 5578 1089 5637 quasi
1115 5578 1174 5621 ab
1200 5587 1434 5637 tatarum...
1455 5613 1463 5628 .
1486 5575 1692 5634 perforo.
1723 5574 1784 5620 At
1808 5579 1923 5632 puto
1949 5584 2125 5637 tmpan

541 5650 568 5684 a
589 5652 724 5701 πιτρόω
742 5633 1080 5686 deducendum
1106 5648 1233 5701 esse,
1260 5633 1310 5682 in
1334 5639 1483 5701 petrm
1507 5633 1731 5682 naturam
1756 5639 1914 5701 muto.-
1926 5641 2040 5701 nam
2060 5634 2126 5679 ait

541 5693 776 5759 Scriptura
799 5738 810 5755 ,
839 5711 970 5745 mare
995 5699 1128 5759 quasi
1156 5709 1339 5742 murum
1363 5693 1543 5759 fuisse;
1570 5703 1705 5759 certe
1731 5697 1770 5742 si
1794 5695 1857 5743 de
1889 5694 2126 5741 divisione

541 5755 687 5807 maris
721 5769 985 5819 ageretur,
1015 5755 1151 5805 aliud
1191 5755 1507 5818 quzerendum
1552 5757 1754 5803 verbum
1800 5763 1938 5812 erat,
1981 5766 2123 5816 quam

545 5833 796 5879 ιτετιτριόςιω.

1929 381 2053 438 SEV'
2067 379 2294 435 ERlANl

3674 389 3784 441 440

2206 517 2352 572 torin
2376 515 2779 586 Evangelionon
2795 524 2916 570 ante
2930 515 3106 569 docuit
3131 528 3288 584 quam
3307 511 3557 566 miracula
3576 518 3782 580 patras-

2205 616 2304 662 set.
2345 608 2579 662 Primum
2611 609 2838 678 signum,
2868 609 3088 661 mutavit
3118 620 3307 675 aquam
3357 607 3408 658 in
3439 606 3616 657 vinum
3642 644 3656 667 ,
3687 616 3785 656 nec

2205 705 2327 752 ante
2370 698 2494 752 illud
2535 709 2755 768 apparet
2785 714 2905 753 cum
2956 698 3200 751 docuisse
3247 714 3259 750 :
3316 695 3594 764 oportebat
3645 693 3786 745 enim

2205 789 2508 857 prreccdere
2535 803 2689 859 opus,
2710 799 2763 844 et
2786 790 3003 844 verbum
3027 788 3194 856 sequi.
3225 787 3456 855 Ideoque
3487 795 3540 839 et
3563 784 3791 852 scriptor

2209 881 2295 935 ille
2325 882 2396 934 ait
2430 900 2441 935 :
2479 881 2708 935 Primum
2734 883 2934 952 quidem
2969 897 3247 935 sermonem
3292 878 3385 950 feci
3415 878 3480 930 de
3520 877 3789 940 omnibus,

2209 989 2238 1026 ο
2269 971 2569 1043 TheOphile,
2592 991 2703 1044 qua:
2722 975 2866 1044 cwpit
2890 972 3039 1026 Jesns
3060 973 3225 1040 facere
3243 983 3286 1025 et
3309 971 3483 1024 docere
3505 969 3521 1037 (
3534 969 3676 1022 ActJ
3693 969 3734 1022 .l
3751 969 3789 1035 ).

2208 1064 2484 1130 Quomodo
2504 1066 2770 1121 docuisset
2786 1066 3038 1121 Servator
3065 1081 3121 1118 se
3143 1064 3394 1133 Opificem
3428 1076 3550 1116 esse
3573 1060 3793 1116 mundi?

2210 1155 2319 1208 Nisi
2346 1156 2486 1209 enim
2510 1157 2692 1210 oculos
2718 1157 2846 1210 cmci
2877 1155 3227 1210 illuminasset
3252 1194 3266 1216 ,
3294 1153 3430 1206 nulla
3455 1151 3588 1206 fides
3615 1151 3665 1205 ei
3697 1149 3793 1202 ba-

2210 1246 2314 1299 bita
2343 1255 2484 1300 esset
2512 1247 2705 1303 dicenti
2744 1265 2756 1302 :
2791 1248 2902 1318 Ego
2931 1264 3040 1300 sum
3076 1247 3163 1299 lux
3184 1246 3362 1298 mundi
3395 1244 3578 1305 (Joan.
3616 1242 3671 1297 9.
3703 1241 3792 1310 5).

2209 1338 2319 1393 Nisi
2347 1339 2606 1394 Lazarum
2644 1341 2978 1406 suscitasset,
3007 1354 3114 1393 non
3146 1337 3494 1393 credidissent
3519 1334 3798 1388 auditores

2210 1430 2404 1485 dicenti
2439 1449 2453 1486 :
2486 1431 2596 1501 Ego
2637 1447 2747 1484 sum
2773 1433 2873 1484 vita
2908 1443 2951 1483 et
2987 1429 3283 1483 resurrectio
3314 1426 3512 1497 (Joau.
3546 1426 3637 1480 H.
3666 1423 3736 1478 25
3759 1425 3796 1490 ).

2210 1523 2318 1576 Nisi
2351 1537 2547 1592 Spuens
2592 1525 2641 1576 in
2671 1532 2865 1578 terram
2899 1523 3065 1574 ltitqu
3118 1519 3347 1584 fecisset,
3396 1533 3458 1571 ac
3487 1531 3691 1570 ereum
3738 1516 3800 1567 li-

2212 1616 2452 1680 nivissct,
2483 1630 2586 1668 non
2629 1614 2890 1668 creditum
2938 1612 3123 1666 fuisset
3154 1613 3324 1678 ipsum
3347 1623 3466 1664 esse
3489 1649 3502 1670 ,
3532 1608 3624 1675 qui
3650 1621 3806 1659 accc-

2214 1715 2305 1774 pto
2332 1705 2399 1759 de
2452 1715 2590 1759 terra
2624 1705 2839 1773 pulvere
2869 1703 3129 1757 Adamum
3161 1701 3502 1754 formaverat.
3540 1697 3652 1750 Nisi
3686 1711 3804 1749 am-

2213 1796 2445 1850 bulasset
2471 1809 2630 1863 super
2651 1809 2819 1856 mare,
2855 1809 2957 1847 non
2990 1793 3134 1845 visus
3161 1800 3302 1844 esset
3335 1789 3592 1842 Dominus
3616 1786 3802 1839 maris.

2215 1885 2322 1939 Nisi
2349 1887 2677 1953 increpasset
2701 1894 2938 1945 ventum,
2963 1897 3068 1936 non
3098 1881 3493 1935 demonstratus
3517 1886 3666 1931 esset
3698 1875 3802 1928 Do-

2214 1979 2388 2032 minus
2412 1988 2710 2032 ventorum.
2762 1976 3122 2044 Quamobrcm
3151 1973 3311 2026 homo
3341 1971 3556 2041 quidem
3587 1967 3807 2022 videba-

2217 2078 2322 2132 tur,
2369 2083 2466 2137 per
2493 2067 2744 2121 miracula
2785 2075 2966 2120 autem
3009 2073 3066 2118 ut
3106 2063 3246 2117 Deus
3296 2066 3458 2112 notus
3485 2063 3539 2110 et
3569 2055 3808 2126 inclytus

2216 2169 2350 2215 erat.
2383 2160 2634 2213 Servator
2659 2159 2835 2227 itaque.
2856 2155 3145 2223 discipulos
3174 2151 3552 2221 obstupefecit,
3579 2157 3636 2204 et
3655 2149 3804 2204 dice-

2216 2251 2344 2306 bant
2375 2267 2388 2304 :
2422 2251 2599 2317 Qualis
2652 2260 2722 2302 est
2764 2250 2873 2308 hic,
2905 2249 3021 2314 quia
3051 2245 3186 2299 venti
3217 2256 3264 2298 et
3311 2259 3449 2296 mare
3483 2240 3724 2295 obediunt
3765 2240 3808 2292 ei

2218 2344 2431 2416 (Matth.
2461 2342 2514 2397 8.
2540 2341 2610 2396 27
2633 2343 2650 2411 )
2674 2342 2696 2395 ?
2722 2340 2968 2395 Ostendit
3008 2338 3179 2408 primo
3201 2336 3460 2392 elementa
3494 2332 3596 2387 sibi
3639 2332 3804 2386 obse-

2218 2439 2327 2506 qui,
2360 2445 2413 2490 et
2441 2443 2620 2504 postea
2651 2435 2827 2487 verbis
2853 2432 3031 2485 docuit
3059 2472 3071 2495 ,
3114 2429 3290 2483 omnia
3334 2443 3428 2497 per
3463 2427 3637 2495 ipsum
3666 2424 3806 2478 facta

2219 2541 2356 2580 esse.
2399 2524 2641 2579 Ostendit
2691 2524 2862 2591 primo
2911 2522 2997 2574 illa
3043 2521 3140 2573 sibi
3195 2519 3431 2587 obsequi.
3491 2515 3603 2570 Nisi
3657 2515 3806 2584 prius

2219 2623 2512 2670 creaturam
2559 2615 2653 2684 ipsi
2698 2613 2914 2682 obsequi
2948 2622 3217 2665 ostensum
3261 2607 3486 2673 fuisset,
3517 2621 3621 2660 non
3671 2604 3808 2659 ﬁdes

2221 2704 2396 2758 habita
2424 2714 2568 2759 esset
2620 2703 2808 2757 Joanni
2851 2702 3188 2770 evangelista:
3236 2697 3429 2752 dicenti
3459 2713 3470 2748 :
3506 2695 3693 2749 Omnia
3723 2712 3812 2764 per

2221 2799 2387 2865 ipsum
2408 2803 2540 2867 facta
2561 2807 2673 2850 sunt
2698 2797 2871 2866 (Joan.
2907 2798 2953 2849 l.
2991 2796 3066 2862 '5).
3094 2793 3368 2861 Quomodo
3394 2789 3646 2845 creditum
3675 2786 3811 2841 fuis-

2222 2899 2302 2943 set
2328 2890 2584 2958 apostolis
2607 2930 2620 2951 ,
2653 2889 2768 2941 rudi
2818 2888 2989 2955 lingua
3023 2885 3361 2955 loquentibus
3385 2925 3398 2948 ,
3431 2897 3548 2936 cum
3579 2880 3644 2934 de
3698 2879 3813 2932 Deo

2223 2981 2399 3035 Verbo
2426 2980 2755 3033 affirmarent
2778 3021 2790 3041 ,
2834 2979 3112 3041 Creatore,
3160 2975 3442 3029 Servatore
3467 3014 3480 3036 ,
3514 2969 3809 3039 sapientis-

2222 3072 2359 3125 simo
2394 3111 2408 3134 ,
2461 3069 2723 3123 doctore?
2769 3068 2961 3119 Verum
3009 3065 3371 3134 apestolorum
3422 3061 3594 3131 lingua
3645 3066 3815 3112 erant

2223 3161 2514 3224 miracula;
2564 3176 2625 3214 os
2654 3160 3012 3229 apostolorum
3069 3165 3184 3210 erat
3240 3164 3478 3210 mortuus
3503 3151 3817 3212 suscitatus.

2225 3253 2444 3308 claudus
2488 3252 2786 3305 ambulans.
2829 3249 2979 3316 Quod
3029 3258 3203 3302 autem
3255 3245 3505 3299 miracula
3556 3251 3820 3311 sequatur

2229 3343 2361 3399 fides
2388 3386 2401 3409 ,
2448 3344 2762 3398 testiﬁcatur
2805 3342 3073 3410 Scriptura
3101 3340 3315 3392 dicens:
3342 3337 3441 3391 Per
3468 3349 3638 3387 manus
3675 3334 3822 3386 enim

2227 3436 2570 3504 apostolorum
2631 3432 2815 3502 ﬁebant
2884 3432 3028 3499 signa
3089 3444 3273 3498 magna
3329 3437 3375 3479 ct
3451 3422 3678 3494 prodigia
3766 3424 3821 3474 in

2228 3525 2387 3594 plebe.
2437 3524 2717 3592 Stupebant
2761 3532 2927 3574 autem
2974 3536 3144 3572 omnes
3175 3561 3189 3582 ,
3236 3518 3491 3586 magisque
3531 3513 3820 3582 augebatur

2225 3615 2443 3684 quotidie
2493 3615 2712 3666 virorum
2755 3620 2801 3664 et
2840 3610 3108 3664 mulierum
3151 3609 3415 3661 multitudo
3448 3605 3598 3675 (Act.
3628 3604 3684 3656 5.
3721 3602 3818 3658 12.

2228 3707 2312 3760 M.
2345 3717 2392 3759 et
2422 3705 2475 3757 2.
2500 3706 2577 3772 7).
2629 3702 2994 3757 Praelucebant
3039 3698 3292 3753 miracula
3319 3738 3331 3758 ,
3362 3706 3416 3750 ct
3454 3694 3823 3762 sequebantur

2227 3797 2492 3866 dogmata.
2523 3795 2610 3849 Sic
2640 3803 2693 3847 et
2722 3794 2771 3846 in
2797 3795 2911 3862 lege
2945 3831 2960 3856 ,
2995 3790 3250 3860 praeibam
3273 3787 3522 3841 miracula
3565 3786 3614 3838 in
3636 3784 3820 3856 Egy-

2230 3899 2340 3960 pto,
2375 3903 2492 3958 quae
2519 3886 2808 3957 probarent
2836 3886 3002 3938 Deum
3043 3897 3161 3936 esse
3182 3881 3510 3935 Creatorem.
3548 3877 3685 3930 Deus
3716 3893 3820 3930 au-

2232 3993 2357 4046 tem,
2406 3983 2575 4035 bonus
2605 3995 2723 4033 cum
2771 3986 2946 4040 esset,
2999 3976 3166 4029 noluit
3193 3973 3304 4041 ipse
3334 3973 3476 4026 solus
3522 3970 3816 4032 honorari,

2229 4075 2323 4128 sed
2355 4090 2473 4128 cum
2504 4073 2680 4141 Moyse
2701 4071 2920 4140 gloriam
2950 4068 3172 4137 partitus
3199 4075 3298 4119 est.
3329 4064 3459 4129 Quia
3489 4062 3629 4116 enim
3662 4061 3812 4114 Deus

2230 4181 2293 4220 ex
2320 4165 2571 4236 Operibus
2597 4164 2705 4217 suis
2732 4161 2993 4231 apparuit,
3028 4158 3234 4227 Moyses
3259 4170 3469 4225 quoque
3490 4168 3607 4206 cmn
3639 4153 3817 4220 gloria

2231 4259 2330 4327 ipsi
2377 4257 2569 4312 collata
2599 4255 2744 4308 visus
2781 4263 2861 4306 est
2891 4251 3081 4321 (Exod.
3114 4249 3204 4303 ⁵54.
3239 4247 3351 4317 99).
3381 4245 3512 4300 Cum
3552 4245 3692 4297 enim
3725 4242 3821 4296 de-

2231 4347 2511 4402 scenderet
2540 4346 2705 4414 legem
2740 4353 2924 4397 tenens
2956 4384 2970 4407 ,
3000 4356 3067 4394 ne
3097 4339 3266 4408 ipsum
3315 4348 3579 4403 tamquam
3613 4333 3821 4401 simpli-

2229 4456 2344 4494 cem
2376 4439 2640 4492 hominem
2673 4436 3037 4503 respicerent,
3069 4432 3208 4486 Deus
3239 4430 3351 4498 ejus
3398 4427 3598 4479 vultum
3644 4424 3820 4494 gloria

2231 4532 2436 4599 replet,
2468 4539 2525 4582 ut
2551 4527 2687 4595 quod
2735 4541 2797 4577 ex
2831 4523 3133 4577 infirmitate
3164 4528 3362 4572 natura:
3394 4516 3694 4578 deficiebat,
3723 4530 3820 4584 per

2229 4621 2410 4691 gratim
2467 4616 2848 4686 plenitudinem
2919 4611 3247 4682 impleretur.
3302 4606 3618 4676 Cogitabam
3669 4606 3818 4658 enim

2230 4711 2428 4764 vultum
2457 4708 2624 4778 gloria
2653 4705 2896 4758 affectum
2941 4717 3048 4756 non
3072 4715 3190 4754 esse
3236 4715 3263 4752 a
3296 4700 3404 4752 Deo
3434 4698 3689 4751 alienum.
3745 4695 3820 4748 Ita

2229 4815 2439 4870 quoque
2492 4798 2744 4852 Servator
2786 4795 2988 4847 vultum
3039 4791 3291 4859 Stephani
3354 4789 3505 4857 primi
3565 4788 3822 4856 martyris

2231 4890 2512 4959 splendere
2537 4886 2764 4940 curavit.
2787 4883 3106 4938 Curvultum
3131 4879 3388 4947 Stephani
3416 4875 3700 4946 splendere
3736 4891 3823 4930 eu-

2231 4985 2366 5038 ravit
2387 4985 2408 5037 ’ἰ
2434 4983 2566 5050 Quia
2601 4991 2656 5034 nt
2686 4979 3028 5048 blasphemus
3056 4974 3370 5045 lapidandus
3399 4983 3552 5036 erat,
3584 4987 3711 5027 cum
3742 4973 3794 5026 di

2231 5085 2395 5139 ceret,
2433 5073 2590 5126 Video
2613 5073 2761 5125 cados
2785 5079 3004 5138 apertos,
3053 5078 3097 5120 et
3127 5066 3319 5120 Filium
3345 5065 3564 5118 hominis
3594 5074 3818 5118 stantem

2231 5185 2262 5220 a
2297 5169 2485 5221 dextris
2516 5167 2608 5219 Dei
2661 5165 2796 5233 (Act.
2827 5164 2856 5214 7
2917 5162 2986 5218 55
3012 5161 3064 5229 );
3098 5167 3440 5213 antevertens
3487 5158 3629 5218 Deus
3659 5173 3825 5227 ange-

2235 5259 2331 5311 lica
2365 5257 2529 5309 forma
2588 5254 2775 5305 faciem
2807 5252 2923 5319 ejus
2963 5249 3271 5312 coronavit;
3315 5257 3373 5301 ut
3402 5245 3628 5316 ingratis
3670 5260 3826 5299 mon-

2233 5359 2444 5410 straret,
2476 5362 2578 5399 non
2624 5345 2788 5414 gloria
2818 5342 3151 5396 afficiendum
3205 5339 3352 5405 fore,
3382 5339 3426 5392 si
3473 5336 3822 5406 blasphemus

2233 5449 2394 5494 esset.
2443 5437 2566 5492 lleri
2615 5449 2742 5503 ergo
2773 5435 3001 5488 diximus
3045 5433 3210 5486 Deum
3254 5431 3428 5500 primo
3475 5429 3562 5484 die
3611 5443 3680 5483 ex
3715 5443 3822 5483 non

2233 5529 2562 5584 exstantibus
2613 5526 2804 5580 fecisse
2872 5526 3068 5578 omnia.
3124 5522 3381 5590 Quodque
3449 5519 3643 5572 mirum
3703 5529 3822 5580 est,

2234 5636 2391 5689 opera
2417 5634 2519 5672 non
2543 5617 2701 5670 modo
2729 5617 3053 5670 creationem
3078 5615 3169 5668 Dei
3191 5613 3498 5673 ostendunt,
3529 5615 3625 5664 sed
3655 5611 3818 5665 etiam

2235 5711 2607 5765 haereticorum
2630 5708 2948 5776 impietatem
2979 5713 3289 5774 coarguunt.
3317 5702 3515 5769 Qutcro
3560 5717 3819 5772 namque.

2235 5799 2500 5870 quomodo
2536 5799 2669 5854 facta
2714 5807 2836 5854 sunt
2863 5813 2924 5852 ea
2950 5811 3067 5869 quae
3096 5809 3202 5849 non
3235 5800 3404 5857 erant,
3437 5791 3564 5860 quia
3616 5791 3724 5862 ipsi
3751 5790 3819 5846 de
