3982 6218
206 483 716 560 πρύνων.Βούλεται
737 484 792 537 δὲ
821 485 963 554 ἡμᾶς
988 484 1016 535 6
1045 484 1137 536 τοῦ
1167 485 1302 538 Θεοῦ
1332 485 1485 552 λόγος
1503 481 1785 552 λαμπροὺς

209 567 308 636 μὲν
336 563 472 620 εἷναι
507 569 646 620 κατά
667 569 762 637 τήν
793 566 1152 635 ἀποστολικὴν
1182 567 1417 620 διάθεσιν
1439 577 1457 596 ⁸
1483 566 1578 634 τὴν
1598 565 1787 630 λέγου-

207 665 340 701 σαν·
374 649 507 703 Ἵνα
561 645 664 718 ἦτε
718 650 798 712 ὡς
850 648 1163 716 φωστῆρες
1216 649 1286 703 ἐν
1334 651 1561 716 κόσμῳ,
1603 647 1788 712 λόγον

206 729 359 797 ζωῆς
379 731 719 799 ἐπέχοντες.
769 730 897 784 Ἰδοὺ
928 734 959 800 ή
993 731 1331 802 λαμπρότης.
1359 730 1614 782 Βούλεται
1643 727 1788 796 ἡμᾶς

206 807 343 868 εἶναι
381 812 455 880 μὴ
495 811 742 880 ἀμϐλεῖς,
796 812 910 865 ἀλλ’
947 813 1125 877 ὀξεῖςο
1181 811 1312 864 Ζῶν
1352 811 1481 879 γὰρ,
1535 807 1720 876 φησὶν,
1755 809 1787 858 ό

203 895 384 961 λόγος
403 893 507 946 τοῦ
542 892 709 956 Θεοῦ,
743 894 838 945 καὶ
866 894 1136 961 ἐνεργὴς,
1174 893 1271 945 καί
1294 892 1616 960 τομώτερος
1639 887 1786 954 ὑπὲρ

204 973 414 1029 πᾶσαν
437 973 738 1044 μάχαιραν
775 977 1082 1045 δίστομον.
1129 973 1387 1028 Βούλεται
1422 974 1568 1044 ἡμᾶς
1599 973 1788 1041 παχεῖς

207 1055 284 1126 μὴ
327 1052 486 1121 εἶναι,
525 1058 657 1112 ἀλλά
692 1057 972 1112 λεπτύνειν
1003 1058 1100 1127 τὴν
1139 1058 1376 1110 διάνοιαν
1396 1060 1507 1120 τοῖς
1533 1056 1784 1124 νοήμασι.

207 1140 378 1194 Ὅπου
427 1141 535 1211 γάρ
588 1141 856 1212 παχύτης,
882 1139 1140 1211 ἀλλοτρία
1171 1138 1306 1192 Θεοῦ
1344 1139 1501 1206 λόγου
1523 1155 1535 1168 ·
1568 1138 1700 1190 ὅπου
1730 1135 1786 1188 δέ

202 1220 547 1294 λεπτομερὴς
579 1224 813 1286 διάνοια,
843 1224 1016 1276 οίκεία
1062 1222 1197 1276 Θεοῦ
1249 1223 1434 1291 νόμον.
1484 1221 1582 1273 Διά
1629 1218 1787 1273 τοῦτο

204 1305 474 1373 περὶτῶν
508 1306 826 1376 παχυτέρων
867 1305 1013 1372 λέγει
1057 1307 1090 1375 ή
1143 1305 1363 1375 Γραφή·
1410 1304 1518 1358 Καὶ
1567 1302 1788 1371 ἔφαγεν

216 1383 444 1449 Ἰακὼϐ,
495 1388 594 1442 καί
645 1387 1023 1456 ἐνεπλήσθη,
1075 1386 1402 1452 ἐλιπάνθη,
1455 1385 1786 1451 ἐπαχύνθη.

201 1466 551 1538 ἐπλατύνθη
577 1489 590 1500 ·
621 1469 975 1538 ἐγκατέλιπε
1006 1470 1152 1522 Θεὸν
1179 1469 1285 1522 τὸν
1309 1467 1649 1532 ποιήσαντα
1685 1465 1790 1517 αὐ·

201 1551 328 1602 τόν.
346 1551 480 1624 Φέρε
501 1552 676 1604 τοίνυν
700 1551 792 1604 καὶ
821 1553 852 1619 ή
864 1550 979 1620 μῶν
999 1551 1028 1602 6
1057 1549 1197 1613 θεῖος
1216 1549 1369 1618 λόγος
1387 1545 1786 1616 καταλαμπέτω

200 1631 302 1700 τὴν
323 1632 577 1696 διάνοιαν,
595 1633 688 1686 καὶ
711 1633 942 1703 μάλιστα
967 1633 1064 1703 τῆς
1095 1633 1254 1700 ἁγίας
1282 1634 1482 1702 ταύτης
1502 1629 1786 1700 προκειμέ-

201 1735 300 1788 νης
316 1717 586 1786 νηστείας,
606 1718 638 1785 ἥ
656 1716 903 1770 λεπτύνει
921 1715 987 1768 τά
1012 1715 1237 1786 σώματα
1264 1718 1356 1768 καὶ
1371 1715 1547 1780 όξύνει
1567 1714 1634 1766 τά
1651 1728 1784 1782 φρο-

199 1802 442 1870 νήματα.
473 1798 628 1851 Ἔστι
656 1799 761 1869 γάρ
783 1802 875 1852 καὶ
895 1797 1114 1868 νηστεία
1147 1798 1345 1860 παντὸς
1370 1794 1639 1866 άγιασμοῦ
1671 1811 1787 1866 τρο⁴

199 1883 319 1950 φὸς,
350 1881 444 1933 καὶ
479 1881 660 1951 μήτηρ
703 1879 955 1942 εὐσεϐοῦς
988 1879 1243 1943 διανοίας.
1290 1880 1363 1932 Οὐ
1396 1878 1636 1949 ζητεῖται
1668 1875 1784 1938 πῶς

198 1961 586 2031 νηστεύσωμεν
611 1962 786 2030 μόνον,
811 1961 945 2014 άλλά
970 1961 1087 2023 πῶς
1114 1960 1350 2024 εὐσεϐῶς
1377 1959 1781 2030 νηστεύσωμεν.

198 2043 392 2100 Πολλοὶ
422 2045 514 2096 καὶ
542 2043 632 2095 διά
659 2043 919 2112 δημοσίας
936 2043 1119 2113 χρείας
1140 2043 1478 2112 πραγμάτων
1496 2042 1785 2112 νηστεύου-

198 2143 306 2186 σιν.
340 2126 454 2180 ἀλλ’
483 2126 543 2179 ού
567 2125 836 2194 λογίζεται
855 2125 1038 2189 αὐτοῖς
1058 2127 1138 2187 είς
1159 2125 1430 2195 νηστείαν.
1450 2125 1506 2178 '0
1523 2125 1630 2194 γάρ
1663 2139 1787 2176 σκο-

197 2209 300 2271 πὸς
331 2209 573 2278 κρίνεται
595 2245 609 2271 ,
635 2207 732 2276 οὑχ
765 2209 1026 2278 ήάνάγκη
1064 2207 1438 2275 στεφανοῦται.
1469 2207 1623 2260 Μετά
1651 2205 1784 2259 ταύ-

195 2307 297 2357 της
313 2291 408 2360 τῆς
425 2290 493 2356 ἀγ
503 2289 798 2360 ιοπρεποῦς
817 2288 1204 2357 καταστάσεως
1218 2291 1246 2342 6
1261 2290 1529 2358 μακάριος
1547 2289 1785 2358 Μωῦσῆς

193 2389 288 2424 τιν
312 2374 473 2442 νόμον
507 2371 819 2426 ἐπαιδεύετο
839 2372 897 2425 ἐν
924 2371 1001 2442 τῷ
1027 2373 1163 2444 δρει,
1182 2375 1276 2426 καὶ
1296 2374 1393 2444 τήν
1425 2371 1783 2443 δημιουργίαν

196 2456 532 2511 ἐδιδάσκετο.
564 2457 790 2527 Εἴρηται
816 2456 994 2510 τοίνυν
1025 2459 1154 2527 ήμίν
1173 2461 1239 2528 τῇ
1261 2457 1388 2527 χθὲς
1409 2457 1610 2527 ἡμέρᾳ,
1647 2457 1726 2509 ὅτι
1754 2457 1782 2508 6

196 2538 328 2602 Θεὸς
353 2540 559 2610 μέλλων
584 2540 782 2594 διδόναι
804 2539 896 2593 τὸν
921 2540 1086 2610 νόμον
1099 2542 1189 2593 διά
1206 2540 1503 2603 Μωῦσέως,
1521 2539 1780 2610 πρότερον

197 2619 399 2685 ἔδειξεν
421 2622 611 2675 ἐαυτὸν
635 2623 984 2693 δημιουργὸν,
1013 2625 1108 2676 καὶ
1139 2624 1259 2676 τότε
1289 2622 1600 2692 νομοθέτην.
1627 2620 1778 2692 [446]

197 2703 374 2756 Πόθεν
397 2703 658 2772 ἠδύναντο
673 2705 722 2755 οί
739 2705 980 2757 Ἰουδαῖοι
994 2703 1301 2769 πιστεῦσαι,
1316 2705 1394 2756 ὅτι
1416 2705 1444 2754 6
1457 2703 1586 2764 Θεὸς
1604 2702 1782 2770 ἐποίη-

200 2801 262 2838 σε
293 2784 385 2838 τὸν
405 2785 628 2856 οὐρανὸν
650 2786 743 2838 καὶ
774 2787 872 2857 τὴν
901 2787 1003 2856 γῆν
1019 2787 1112 2839 καὶ
1141 2786 1315 2839 πάντα
1340 2785 1407 2838 τά
1431 2787 1485 2838 ἐν
1506 2786 1704 2848 αὐτοῖς,
1732 2786 1779 2836 εί

201 2865 280 2938 μὴ
301 2866 516 2937 πρῶτον
533 2869 752 2938 ἐποίησε
776 2868 842 2920 τὰ
863 2867 1116 2937 θαύματα
1132 2870 1188 2920 ἐν
1207 2868 1484 2936 Αἰγύπτῳ,
1503 2865 1782 2920 δεικνύντα

197 2948 364 3002 αὐτόν
393 2949 720 3020 δημιουργὸν
740 2949 840 3019 τῆς
869 2950 1224 3020 οίκουμὲνηςς
1252 2949 1437 3018 Ἡμεῖς
1462 2949 1781 3018 διδάσκομεν

197 3028 289 3080 ῖνα
337 3028 644 3098 πείσωμεν
679 3029 706 3080 6
752 3028 886 3091 Θεὸς
930 3028 1107 3081 πείθει
1161 3029 1249 3082 ἵνα
1305 3025 1511 3098 διδάξῃ.
1567 3027 1781 3098 Ἐπειδὴ

196 3109 393 3179 ἔμελλε
440 3108 668 3180 Μωῦσῆς
718 3109 1026 3164 ἐκτίθεσθαι
1085 3110 1180 3164 καὶ
1230 3112 1441 3178 λέγειν,
1472 3112 1549 3164 ὃτι
1594 3112 1621 3163 6
1651 3110 1782 3173 Θεὸς

196 3193 424 3262 ἐποίησε
451 3191 540 3245 τὸν
578 3193 825 3262 οὐρανὸν,
852 3196 944 3248 καὶ
965 3195 1063 3265 τὴν
1092 3195 1218 3264 γῆν,
1243 3196 1336 3248 καὶ
1363 3195 1458 3265 τὴν
1485 3194 1778 3256 θάλασσαν,

196 3276 292 3328 καὶ
317 3274 493 3327 πάντα
547 3275 614 3328 τά
665 3279 722 3328 ἐν
752 3277 952 3339 αὐτοῖς,
1000 3279 1046 3330 εί
1088 3279 1162 3347 μὴ
1201 3277 1414 3345 πρῶτον
1462 3277 1683 3346 ἐποίησε
1714 3277 1782 3328 τὰ

196 3357 453 3428 θαύματα
488 3358 543 3410 ἐν
573 3359 851 3429 Αίγύπτῳ,
884 3360 977 3412 καὶ
1021 3359 1221 3424 ἔδειξεν
1269 3361 1346 3412 ὅτι
1401 3359 1618 3411 πάντων
1665 3359 1780 3412 ἐστὶ

196 3443 306 3496 τῶν
363 3441 676 3512 κτισμάτων
731 3443 1082 3513 δημιουργὸς,
1127 3443 1225 3497 οὐκ
1273 3442 1336 3495 ἂν
1393 3442 1710 3496 ἐπίστευσεν
1753 3443 1780 3493 6

197 3526 348 3587 λαὸς,
369 3526 450 3578 ὅτι
475 3527 503 3578 6
537 3525 666 3590 Θεὸς
702 3527 921 3595 ἐποίησε
953 3527 1043 3579 τὸν
1071 3526 1296 3598 οὐρανὸν
1319 3525 1410 3578 καὶ
1437 3526 1537 3595 τήν
1575 3525 1697 3595 γῆν.
1719 3525 1780 3576 EE

201 3610 278 3680 μὴ
303 3608 535 3674 ἐξέτεινε
565 3607 780 3679 πρῶτον
809 3608 1050 3679 Μωῡσῆς
1079 3609 1173 3672 τὰς
1203 3612 1386 3680 χεῖρας
1413 3609 1491 3671 είς
1515 3609 1602 3661 τὸν
1627 3610 1782 3679 ούρα-

198 3693 310 3754 νὸν,
347 3690 441 3743 καὶ
479 3692 780 3761 κατήνεγκε
808 3691 1048 3760 χάλαζαν
1078 3695 1171 3745 καὶ
1204 3693 1335 3763 πῦρ,
1371 3695 1463 3745 καὶ
1499 3691 1700 3761 ἔμαθον
1731 3693 1777 3743 οί

195 3774 315 3829 λαοὶ
347 3773 435 3826 διά
467 3773 558 3826 τοῦ
602 3773 792 3826 πιστοῦ
848 3773 1192 3842 θεράποντος,
1224 3776 1304 3828 ὃτι
1349 3775 1484 3844 αῦτη
1528 3776 1559 3844 ή
1613 3773 1779 3845 θνητὴ

194 3858 346 3924 δεξιὰ
377 3858 519 3926 λόγῳ
549 3855 681 3908 Θεοῦ
717 3855 1018 3926 κινηθεῖσα,
1041 3857 1131 3908 τὸν
1167 3858 1392 3928 οὐρανὸν
1427 3857 1656 3929 ἐτάραξε
1687 3858 1780 3909 καὶ

195 3940 296 4009 τὴν
315 3939 675 4008 δημιουργίαν
704 3938 932 3991 ἐθόλωσε
953 3956 968 3970 ο
1023 3940 1202 4008 πολλῷ
1230 3941 1426 4008 μᾶλλον
1454 3943 1486 4008 ή
1520 3939 1612 3992 τοῦ
1643 3937 1776 3992 Θεοῦ

195 4021 558 4082 κελεύσαντος
586 4020 736 4085 δεξιὰ.
750 4021 954 4090 ήδρασε
974 4020 1063 4072 τὸν
1089 4023 1315 4090 οὐρανὸν
1339 4025 1433 4075 καὶ
1451 4023 1777 4092 ἐθεμελίωσε

193 4106 298 4175 τὴν
351 4105 472 4174 γῆν.
535 4102 720 4165 Οὐδεὶς
757 4103 867 4172 γάρ
927 4106 1066 4156 κινεῖ
1128 4104 1510 4175 δημιουργίαν,
1569 4106 1634 4172 ἣν
1682 4104 1779 4155 οὐκ

194 4190 473 4259 ἐποίησεν.
519 4187 664 4240 Ἔδει
684 4185 861 4240 τοίνυν
893 4185 1194 4256 δειχθῆναι,
1213 4190 1298 4241 ὅτι
1331 4191 1358 4239 ὁ
1389 4189 1520 4251 Θεὸς
1550 4188 1778 4257 ἐποίησε

192 4272 297 4341 τὴν
321 4273 445 4342 γῆν·
473 4270 704 4335 ἐξέτεινε
731 4271 971 4339 Μωῡσῆς
990 4270 1087 4340 τὴν
1116 4274 1273 4340 χεῖρα
1304 4273 1382 4334 είς
1412 4271 1509 4340 τὴν
1529 4274 1652 4341 γῆν.
1687 4269 1780 4322 καὶ

195 4355 422 4424 ἐξῆλθον
475 4358 716 4417 σκνῖπες.
751 4354 895 4406 Ἔδει
927 4353 1086 4406 πάλιν
1118 4354 1414 4423 δειχθῆναι,
1448 4356 1529 4407 ὃτι
1579 4355 1607 4406 6
1649 4353 1780 4416 Θεὸς

194 4439 420 4508 ἐποίησε
443 4437 504 4489 τὸ
530 4435 673 4505 πῦρ·
717 4435 875 4488 ἔλαϐε
923 4435 1164 4504 Μωῡσῆς
1197 4437 1423 4506 αίθάλην
1468 4437 1777 4504 καμιναίας,

195 4521 293 4575 καὶ
328 4520 497 4572 ἔπασε
533 4515 678 4587 (sic),
726 4519 816 4571 καὶ
844 4517 1126 4589 ἐπλήρωσε
1158 4519 1226 4572 τά
1275 4517 1499 4589 σώματα
1527 4519 1635 4570 τῶν
1684 4521 1780 4571 Δί·-

195 4603 442 4671 γυπτίων
473 4600 642 4654 ἐλκῶν
672 4601 866 4670 φλογὸς
905 4600 1057 4671 δίκην
1097 4601 1344 4664 ζεόντων.
1387 4603 1532 4654 Ἔδει
1571 4600 1780 4670 δειχθῆ-

196 4703 311 4749 ναι,
346 4685 427 4737 ότι
455 4685 482 4736 6
504 4683 636 4746 Θεὸς
669 4683 728 4736 τὸ
750 4683 892 4755 ὕδωρ
922 4683 1145 4753 ἐποίησε
1164 4701 1178 4715 ο
1214 4683 1516 4753 μετεϐλήθη
1551 4683 1610 4734 τὸ
1639 4683 1779 4752 ὕδωρ

197 4771 278 4830 είς
310 4760 471 4836 αἷμα.
493 4765 641 4818 Ἔδει
663 4766 961 4835 δειχθῆναι,
999 4766 1081 4818 ὅτι
1120 4767 1342 4835 ἐποίησε
1366 4765 1462 4836 τὴν
1486 4765 1776 4817 θάλασσαν·

197 4847 486 4920 ἐπετρώθη
504 4847 531 4887 b
561 4849 593 4918 ή
616 4847 880 4912 θάλασσα,
904 4849 997 4899 καὶ
1016 4847 1287 4916 παρῆλθεν
1316 4849 1343 4898 ὁ
1378 4847 1522 4910 λαός.
1560 4847 1781 4917 Πρῶτον

194 4929 288 4986 οὖν
319 4930 489 4996 ἔδειξε
544 4931 630 4983 διά
674 4932 781 4984 τῶν
829 4931 1026 5000 ἔργων,
1059 4930 1139 4982 ὄτι
1191 4931 1486 5000 Δεσπότης,
1531 4932 1624 4983 καὶ
1659 4931 1781 4984 τότε

197 5016 517 5085 ἡρμήνευσε
550 5013 636 5066 διὰ
664 5014 772 5065 τῶν
794 5012 986 5080 λόγων,
1022 5013 1102 5064 ὅτι
1133 5013 1390 5082 Ποιητής.

270 5096 335 5164 β’.
377 5094 533 5149 Οὕτω
556 5096 647 5149 καὶ
666 5098 693 5147 6
719 5095 909 5165 Σωτὴρ
928 5095 984 5146 ἐν
1003 5095 1079 5164 τῷ
1103 5094 1418 5165 Εύαγγελίῳ
1440 5093 1498 5145 ού
1522 5094 1783 5165 πρότερον

196 5175 460 5242 ἐδίδαξεν,
492 5176 596 5240 ἕως
618 5177 1120 5247 ἐθαυματούργησε.
1152 5177 1372 5245 Πρῶτον
1401 5180 1641 5247 σημεῖον,
1663 5196 1784 5246 μετ·

261 5318 286 5347 ³
313 5315 530 5377 Combef.
558 5315 824 5377 legendum
845 5321 985 5377 putat
1009 5317 1229 5371 διάταξιν.

259 5377 290 5418 ι
334 5376 674 5447 Ἐπετρῴϐηῂ
725 5376 958 5447 θάλασσα.
1002 5377 1219 5447 (Ξοιηὺοΐ.
1258 5380 1431 5447 Δνει-ιη,
1477 5377 1690 5447 όίυἰειιοι
1717 5388 1786 5432 ρει

195 5450 352 5504 ἥκετε,
387 5437 524 5504 ηυεξί
549 5439 607 5486 ab
633 5438 980 5504 ἐπιτιτρώσκω,
1004 5437 1218 5500 perfora.
1246 5441 1309 5488 Al
1351 5447 1470 5500 pulo
1498 5443 1732 5504 έπετρώθη
1759 5458 1785 5492 a

195 5501 384 5562 πετρόω
404 5497 756 5548 θεόιιοεηόιιηι
790 5497 930 5562 ωδε,
959 5497 1012 5547 ἰή
1031 5497 1181 5562 petra:
1221 5497 1445 5549 natur'am
1475 5497 1623 5551 mulo:
1666 5497 1785 5553 Ném

199 5565 269 5611 ait
291 5561 562 5618 Scriptura,
593 5573 729 5608 mare
761 5561 898 5619 quasi
921 5574 1113 5607 murum
1136 5561 1316 5620 fuisse;
1344 5568 1482 5611 certe
1507 5570 1544 5612 si
1571 5566 1633 5612 de
1658 5566 1784 5614 divi-

199 5625 339 5670 sione
373 5623 530 5687 maris
567 5628 829 5687 ‘agerclur,
878 5620 1009 5671 aliud
1047 5624 1368 5686 quaerendum
1415 5625 1616 5676 verbum
1660 5633 1783 5687 erat,

199 5695 346 5745 quam
369 5683 710 5745 ἱπιτιτρώσκω.

1207 363 1294 417 DE
1331 359 1549 420 MUNDI
1578 353 1972 415 CREATIONE
2008 355 2266 416 ORATIO
2305 357 2371 412 ΙΙ.

3347 366 3459 421 440

1891 477 2052 532 έϐαλε
2095 480 2157 533 τὸ
2186 479 2328 550 ὕδωρ
2369 480 2448 543 είς
2493 475 2651 545 οἶνον,
2699 480 2790 534 καὶ
2835 479 2893 532 οὗ
2931 477 3172 548 φαίνεται
3215 477 3320 549 πρὸ
3363 476 3457 531 τοῦ

1890 562 2117 632 σημείου
2146 562 2335 616 τούτου
2360 563 2575 629 διδάξας
2591 579 2605 594 ·
2641 563 2747 616 ἔδει
2773 562 2881 632 γάρ
2910 561 3198 633 προλαϐεῖν
3219 562 3280 613 τὸ
3300 561 3458 632 ἔργον

1891 646 1981 698 καὶ
2013 645 2371 717 ἀκολουθῆσαι
2398 647 2486 700 τὸν
2519 647 2691 714 λόγον.
2737 646 2836 699 Διὰ
2863 645 3019 698 τοῦτο
3054 645 3083 695 6
3117 644 3458 713 συγγραφεὺς

1889 727 2068 796 λέγει·
2100 730 2210 782 Τὸν
2251 728 2367 798 μὲν
2410 729 2644 798 πρῶτον
2691 733 2875 798 λόγον
2919 728 3298 799 ἐποιησάμην
3325 727 3457 794 περί

1889 810 2150 874 πάντων.
2174 806 2221 866 ὦ
2251 813 2518 882 Θεόφιλε,
2545 807 2632 866 ὧν
2658 811 2881 880 ἤρξατο
2905 817 2937 868 ό
2989 812 3218 880 Ἰησοῦς
3268 809 3460 865 ποιεῖν

1889 911 1953 948 τε
1990 894 2090 947 καί
2140 893 2467 948 διδάσκειν.
2501 893 2623 957 Πῶς
2658 894 2845 964 ἔμελλε
2873 895 3141 948 διδάσκειν
3179 896 3207 948 ὁ
3245 892 3455 962 Σωτὴρ.

1889 977 1970 1029 ὅτι
2005 977 2236 1046 ποιητής
2260 976 2376 1030 ἐστι
2406 975 2498 1030 τοῦ
2553 977 2789 1045 κόσμους
2828 978 2890 1030 El
2925 977 2998 1048 μὴ
3029 978 3138 1048 γὰρ
3162 987 3183 1016 °
3227 975 3456 1043 ἐφώτισε

1888 1059 2014 1121 τοὺς
2067 1058 2376 1129 ὀφθαλμοὺς
2432 1057 2526 1114 τοῦ
2585 1058 2815 1128 τυφλοῦ,
2874 1061 2974 1112 οὐκ
3034 1059 3099 1114 ἂν
3165 1057 3456 1127 ἐπιστεύθη

1889 1140 2096 1207 λέγων’
2139 1141 2286 1211 Ἐγώ
2336 1146 2450 1212 ειμι
2495 1141 2563 1195 τὸ
2621 1143 2746 1211 φῶς
2794 1141 2900 1196 τοῦ
2955 1144 3207 1210 κόσμου.
3263 1141 3324 1192 Et
3383 1140 3457 1211 μή

1890 1224 2078 1294 ήγειρε
2097 1225 2366 1297 Λάζαρον,
2397 1226 2496 1279 οὐκ
2536 1225 2600 1279 ἂν
2629 1226 2951 1278 ἐπίστευσαν
2978 1226 3025 1276 οί
3058 1222 3341 1285 ἀκούοντες
3369 1223 3458 1273 λέ-

1891 1321 2070 1373 γοντι·
2130 1307 2274 1376 Ἐγώ
2301 1309 2416 1378 ειμι
2465 1309 2502 1375 ἡ
2546 1306 2654 1374 ζωὴ
2695 1307 2792 1360 καί
2821 1307 2859 1373 ἠ
2908 1306 3258 1370 ἀνάστασις.
3285 1305 3347 1357 El
3383 1305 3457 1375 μή

1892 1387 2102 1452 πτύσας
2141 1390 2221 1454 είς
2261 1391 2359 1461 τὴν
2394 1391 2496 1460 γῆν
2542 1390 2760 1460 ἐποίησε
2792 1390 2979 1461 πηλὸν.
3024 1389 3119 1442 καὶ
3161 1389 3340 1460 ἔχρισε
3370 1387 3458 1440 τὸν

1890 1471 2120 1537 τυφλὸν,
2153 1473 2251 1525 ούκ
2279 1472 2343 1526 ἂν
2385 1472 2697 1543 ἐπιστεύθη,
2724 1473 2804 1526 ὅτι
2843 1473 3002 1534 αύτός
3039 1476 3183 1525 ἐστιν
3221 1473 3249 1523 6
3280 1468 3458 1522 λαϐὼν

1891 1550 2020 1621 χοῦν
2049 1552 2156 1606 άπὸ
2186 1554 2284 1622 τῆς
2312 1553 2415 1622 γῆς
2444 1555 2536 1606 καὶ
2560 1555 2768 1618 πλάσας
2792 1555 2882 1606 τὸν
2912 1553 3096 1622 Ἀδάμ.
3118 1554 3179 1605 Et
3210 1551 3282 1622 μή
3309 1569 3459 1621 περι-

1891 1635 2160 1704 επάτησεν
2192 1638 2283 1688 ἐπὶ
2314 1637 2409 1706 τῆς
2437 1637 2729 1706 θαλάσσης,
2769 1638 2866 1689 οὐκ
2897 1639 2962 1690 ἂν
2987 1637 3154 1706 ἐφάνη
3186 1635 3454 1704 Δεσπότης

1890 1719 1987 1786 τῆς
2011 1719 2304 1788 θαλάσσης.
2363 1719 2424 1772 El
2460 1719 2533 1788 μή
2565 1719 2860 1789 ἐπετίμησε
2893 1718 2968 1788 τῷ
3000 1719 3203 1787 ἀνέμῳ,
3244 1717 3342 1768 οὐκ
3391 1717 3456 1769 ἂν

1890 1801 2104 1871 ἐδείχθη
2152 1801 2426 1872 Δεσπότης
2451 1802 2556 1854 τῶν
2586 1802 2820 1871 ἀνέμων.
2849 1799 2947 1852 Διά
2984 1800 3140 1853 τοῦτο
3177 1798 3457 1868 ἄνθρωπος

1894 1884 1989 1954 μὲν
2021 1879 2090 1953 ἦν
2119 1883 2457 1952 φαινόμενος,
2495 1884 2580 1936 διὰ
2629 1884 2684 1936 δὲ
2722 1883 2830 1935 τῶν
2863 1882 3152 1952 θαυμάτων
3200 1881 3275 1942 ὡς
3326 1879 3456 1943 Θεὸς

1889 1966 2284 2034 γνωριζόμενος
2318 1967 2410 2018 καὶ
2453 1964 2821 2036 δοξαζόμενος.
2887 1965 2946 2016 ’0
2977 1965 3165 2034 Σωτήρ
3213 1961 3342 2031 γοῦν
3373 1964 3457 2027 ἐξ·

1889 2047 2119 2118 έπληττε
2149 2049 2275 2112 τοὺς
2309 2048 2576 2119 μαθητάς,
2619 2051 2710 2102 καὶ
2741 2048 2922 2115 ἔλεγον
2946 2065 2959 2079 ο
2992 2049 3264 2111 Ποταπός
3288 2046 3458 2098 ἐστιν

1890 2126 2085 2196 οὗτος,
2122 2130 2209 2184 ὅτι
2233 2134 2288 2184 οί
2320 2131 2522 2200 ἄνεμοι
2548 2131 2644 2186 καὶ
2674 2133 2710 2198 ἠ
2739 2131 3020 2184 θάλασσα
3043 2129 3458 2184 ὑπακούουσιν

1889 2212 2076 2278 αὑτῷ;
2105 2213 2311 2280 Ἐδειξε
2359 2213 2572 2284 πρῶτον
2599 2213 2940 2266 ὑπακούοντα
2969 2212 3036 2264 τά
3065 2213 3301 2280 στοιχεῖα
3320 2251 3333 2273 ,
3363 2209 3457 2262 καὶ

1889 2298 2007 2350 τότε
2039 2298 2344 2368 ἡρμήνευσε
2384 2297 2472 2350 διὰ
2500 2296 2605 2348 τῶν
2639 2296 2834 2366 ἔργων,
2878 2297 2954 2348 ὅτι
2993 2294 3165 2347 πάντα
3191 2294 3256 2346 δι’
3291 2291 3456 2345 αὑτοῦ

1887 2381 2120 2449 ἐγένετο.
2158 2379 2365 2444 Ἐδειξε
2401 2379 2612 2451 πρῶτον
2635 2379 2994 2433 ὑπακούοντα.
3032 2378 3094 2431 Et
3128 2379 3200 2448 μὴ
3238 2375 3454 2448 πρῶτον

1885 2464 2096 2532 ἐδείχθη
2149 2465 2181 2533 ή
2231 2463 2407 2526 κτίσις
2458 2461 2835 2526 ύπακούουσα,
2874 2461 3023 2533 [447]
3069 2460 3166 2513 οὐκ
3214 2460 3278 2512 ἂν
3340 2460 3456 2511 ἐπι-

1888 2545 2083 2614 στεύθη
2126 2545 2372 2616 Ἰωάννης
2397 2549 2424 2600 6
2455 2547 2855 2614 Εύαγγελιστής
2899 2545 3098 2612 λέγων·
3144 2545 3342 2597 Πάντα
3383 2543 3456 2594 δι’

1885 2627 2070 2680 αὐτοῦ
2100 2627 2353 2694 ἐγένετο.
2387 2629 2509 2690 Πῶς
2548 2628 2808 2695 ἠδύναντο
2841 2628 2889 2678 οί
2924 2625 3210 2679 ἀπόστολοι
3238 2640 3457 2676 πιστευ-

1887 2707 2063 2776 θῆναι,
2094 2708 2363 2779 ίδιωτικὴν
2385 2709 2594 2779 ἔχοντες
2622 2709 2890 2777 γλῶσσαν,
2925 2708 3300 2778 συνιστάμενοι
3328 2707 3455 2776 περὶ

1885 2791 2020 2845 Θεοῦ
2044 2792 2237 2861 Λόγου,
2271 2794 2632 2865 Δημιουργοῦ,
2669 2793 2939 2866 Σωτῆρος,
2976 2795 3271 2861 πανσόφου,
3312 2792 3456 2845 διδα-

1887 2875 2085 2928 σκάλου
2109 2893 2122 2941 ;
2163 2876 2372 2947 Ἀλλάή
2403 2876 2619 2944 γλῶσσα
2645 2877 2753 2929 τῶν
2779 2875 3087 2928 ἀποστόλων
3115 2876 3180 2928 τά
3207 2874 3456 2943 θαύματα

1883 2955 1972 3030 ῆν·
2004 2960 2064 3013 τὸ
2105 2959 2278 3031 στόμα
2303 2961 2410 3014 τῶν
2442 2961 2752 3013 ἀποστόλων
2776 2956 2842 3030 ἦν
2873 2961 3061 3030 νεκρὸς
3091 2961 3453 3030 ἐγειρόμενος,

1885 3043 2053 3115 χωλὸς
2073 3041 2409 3115 περιπατῶν.
2443 3043 2564 3096 Ὀτι
2595 3042 2648 3094 δὲ
2677 3046 2787 3104 τοῖς
2818 3042 3088 3112 θαύμασιν
3116 3041 3394 3095 ἀκολουθεῖ
3421 3047 3451 3110 η

1885 3128 2085 3193 πίστις,
2126 3129 2393 3198 μαρτυρεῖ
2435 3127 2466 3197 ή
2506 3125 2692 3196 Γραφὴ
2737 3127 2994 3194 λέγουσα·
3040 3126 3142 3179 Διὰ
3188 3126 3294 3195 γὰρ
3340 3124 3458 3178 τῶν

1885 3209 2096 3278 χειρῶν
2135 3210 2255 3264 τῶν
2282 3211 2642 3264 ἀποστόλων
2687 3210 2923 3277 ἐγένετο
2959 3209 3177 3277 σημεῖα
3223 3209 3456 3277 μεγάλα

1885 3295 1983 3346 καὶ
2019 3292 2232 3361 τέρατα
2269 3294 2338 3346 ἐν
2364 3292 2442 3357 τῷ
2468 3291 2613 3357 λαῷ.
2640 3292 2746 3346 Καὶ
2778 3291 3094 3354 ἐξίσταντο
3119 3291 3185 3343 δὲ
3213 3291 3450 3356 πάντες,

1885 3375 1983 3429 καί
2002 3374 2242 3445 μᾶλλον
2263 3377 2678 3444 προσετίθεντο
2708 3376 2832 3428 καθ’
2857 3373 3085 3442 ἡμέραν
3102 3373 3334 3441 ἀνδρῶν
3357 3376 3455 3427 καὶ

1886 3459 2186 3527 γυναικῶν
2205 3459 2426 3525 πλήθη.
2461 3459 2784 3528 Προέλαμπε
2811 3459 2878 3510 τά
2912 3456 3183 3526 θαύματα,
3209 3457 3301 3508 καὶ
3328 3459 3457 3526 ἡκο-

1884 3541 2105 3594 λούθουν
2151 3541 2222 3594 τά
2264 3543 2527 3611 δόγματα.
2566 3541 2721 3593 Οῦτω
2758 3541 2851 3592 καὶ
2901 3541 2958 3592 ἐν
3005 3540 3082 3609 τῷ
3131 3541 3297 3609 νόμῳ,
3334 3557 3458 3610 προ-

1883 3626 2127 3696 ηγήσατο
2167 3625 2234 3678 τά
2285 3627 2345 3679 ἐν
2373 3625 2630 3693 Αἰγύπτῳ
2681 3622 2951 3694 θαύματα,
3015 3624 3325 3676 δεικνύοντα
3368 3624 3456 3676 τὸν

1883 3707 2015 3761 Θεὸν
2039 3708 2369 3779 δημιουργόν
2391 3747 2404 3761 .
2439 3708 2496 3758 '0
2522 3707 2575 3758 δὲ
2603 3706 2752 3768 Θεὸς,
2789 3707 2988 3774 ἀγαθὸς
3021 3705 3112 3768 ῶν,
3141 3707 3240 3757 οὐκ
3266 3705 3457 3774 ήθέληο

1886 3807 1975 3844 σεν
2025 3791 2214 3844 ἐαυτὸν
2267 3791 2423 3860 μόνον
2470 3789 2765 3860 σεμνῦναι,
2806 3789 2942 3842 άλλά
2987 3789 3264 3858 μερίζεται
3321 3788 3458 3852 μετά

1883 3876 2160 3939 Μωῦσέως
2175 3874 2272 3946 τὴν
2302 3875 2478 3939 δόξαν.
2519 3875 2730 3945 Ἐπειδὴ
2763 3873 2868 3946 γάρ
2895 3877 2921 3926 6
2948 3873 3078 3936 Θεὸς
3108 3874 3276 3942 ἐφάνη
3305 3871 3363 3935 ἐξ
3384 3865 3456 3926 ὧν

1886 3959 2131 4029 ἐποίησε,
2165 3959 2410 4028 φαίνεται
2442 3959 2534 4010 καὶ
2568 3958 2807 4026 Μωῦσῆς
2854 3957 2910 4022 ἐξ
2953 3949 3024 4008 ὧν
3056 3955 3334 4024 ἐδοξάσθη.
3371 3954 3455 4016 Ὡς

1884 4042 1992 4111 γὰρ
2031 4041 2267 4109 κατῆλθε
2310 4040 2555 4109 κατέχων
2603 4039 2690 4090 τὸν
2737 4038 2918 4108 νόμον,
2951 4039 3036 4090 ἵνα
3075 4037 3148 4105 μὴ
3196 4037 3270 4098 ὼς
3318 4035 3458 4104 ψιλῷ

1886 4123 2157 4192 ἀνθρώπῳ
2192 4121 2530 4192 προσέχωσι,
2567 4119 2761 4190 πληροῖ
2788 4120 2952 4172 αὑτοῦ
2991 4121 3018 4171 6
3055 4119 3182 4179 Θεὸς
3216 4117 3371 4184 δόξης
3399 4117 3460 4167 τὸ

1885 4205 2194 4275 πρόσωπον,
2232 4205 2320 4258 ἵνα
2360 4205 2419 4257 τὸ
2473 4203 2656 4255 λεῖπον
2690 4205 2755 4273 τῇ
2802 4201 3056 4272 ἀσθενείᾳ
3099 4201 3198 4270 τῆς
3246 4199 3460 4268 φύσεως

1889 4287 2147 4356 πληρώσῃ
2181 4287 2239 4339 τὸ
2294 4285 2544 4356 περιττὸν
2599 4285 2698 4354 τῆς
2755 4285 2993 4356 χάριτος.
3046 4282 3315 4336 Ἐνενόουν
3355 4280 3460 4350 γὰρ

1885 4371 1966 4423 ὅτι
2004 4370 2124 4438 ὄψις
2140 4369 2500 4439 δεδοξασμένη
2529 4369 2626 4421 οὐκ
2653 4369 2797 4420 ἐστιν
2821 4367 3074 4438 ἀλλοτρία
3111 4365 3266 4418 Θεοῦ.
3306 4363 3459 4418 Οὕτω

1886 4453 1979 4506 καὶ
2020 4455 2046 4504 6
2075 4453 2261 4522 Σωτὴρ
2299 4452 2570 4521 Στεφάνου
2602 4451 2694 4503 τοῦ
2741 4451 3202 4522 πρωτομάρτυρος
3237 4449 3459 4518 ἐποίησε

1884 4533 2094 4604 λάμψαι
2142 4534 2203 4587 τὸ
2257 4533 2564 4604 πρόσωπον.
2613 4534 2763 4584 Διατί
2814 4533 2870 4585 δὲ
2904 4533 3124 4602 ἐποίησε
3162 4531 3368 4599 λάμψαι
3400 4530 3459 4582 τὸ

1885 4619 2176 4688 πρόσωπον
2211 4617 2517 4684 Στεφάνου;
2548 4616 2763 4685 Ἐπειδὴ
2792 4615 3012 4685 ἔμελλεν
3037 4616 3110 4677 ὡς
3145 4614 3458 4684 βλάσφημος

1885 4700 2215 4765 λιθάζεσθαι,
2243 4699 2429 4761 εἰπὼν,
2465 4699 2664 4766 Θεωρῶ
2688 4698 2829 4763 τοὺς
2857 4699 3150 4766 οὐρανοὺς
3175 4697 3460 4764 ἀνεῳγμέο

1884 4801 2050 4847 νους,
2064 4783 2290 4840 καὶτὸν
2313 4782 2449 4835 Υίὸν
2465 4781 2568 4835 τοῦ
2591 4782 2900 4849 ἀνθρώπου
2917 4781 3143 4834 ἑστῶτα
3159 4781 3223 4833 ἐκ
3249 4779 3460 4843 δεξιῶν

1886 4866 1991 4920 τοῦ
2015 4866 2190 4930 Θεοῦ,
2228 4864 2512 4936 προλαϐὼν
2545 4867 2572 4917 6
2597 4864 2728 4926 Θεὸς
2769 4865 3139 4933 ἐστεφάνωσεν
3169 4862 3332 4916 αὐτοῦ
3361 4862 3458 4933 τὴν

1886 4952 2007 5022 δψιν
2036 4951 2299 5022 ἀγγελικῇ
2336 4953 2539 5023 μορφῇ,
2570 4952 2655 5004 ἵνα
2687 4951 2845 5022 πείσῃ
2868 4954 2991 5014 τοὺς
3022 4949 3458 5020 άγνώμονας,ὂτι

1888 5034 2276 5105 εἱβλάσ-φημός
2329 5035 2463 5094 ἐστι,
2495 5034 2634 5088 διατί
2686 5033 2999 5097 δοξάζεται;
3030 5032 3170 5095 Χθές
3230 5033 3326 5102 μὲν
3366 5027 3459 5086 οὖν

1888 5119 2098 5188 εἴρηται
2129 5120 2284 5187 ἡμῖν,
2313 5118 2392 5170 ὅτι
2413 5120 2439 5170 6
2459 5117 2587 5180 Θεὸς
2614 5117 2676 5169 ἐκ
2696 5117 2767 5186 μή
2793 5115 2962 5168 ὄντων
2989 5116 3210 5184 ἐποίησε
3239 5115 3309 5168 τά
3329 5115 3458 5167 ὅντα

1886 5205 1952 5271 τῇ
1984 5202 2174 5271 πρώτῃ
2229 5200 2430 5270 ἡμέρᾳ.
2470 5200 2575 5252 Καὶ
2611 5200 2670 5252 τὸ
2712 5200 3041 5270 θαυμαστὸν,
3085 5200 3164 5252 ὅτι
3209 5199 3269 5252 ού
3302 5199 3458 5269 μόνον

1888 5285 1984 5356 τὴν
2018 5285 2376 5355 δημιουργίαν
2406 5284 2496 5336 τοῦ
2521 5283 2651 5336 Θεοῦ
2675 5282 2909 5336 δείκνυσι
2931 5283 2999 5335 τὰ
3018 5283 3172 5352 ἔργα,
3203 5282 3336 5334 άλλά
3365 5284 3460 5334 καὶ

1886 5369 1995 5421 τῶν
2030 5369 2315 5438 αἱρετικῶν
2347 5367 2440 5437 τὴν
2462 5367 2714 5420 ἀσέϐειαν
2739 5367 3068 5435 ἐλέγχουσιν.
3090 5366 3304 5436 Ὶέρωτῶ
3328 5367 3454 5437 γάρ’

1888 5451 1969 5504 Τά
1998 5451 2069 5522 μὴ
2104 5452 2232 5504 ὄντα
2255 5451 2369 5512 πῶς
2390 5451 2623 5518 ἐγένετο,
2664 5449 2849 5519 ἐπειδὴ
2875 5449 3002 5518 περὶ
3022 5449 3110 5501 τοῦ
3147 5450 3296 5510 ὄντος
3331 5450 3462 5519 ἐρωο

1887 5534 2038 5598 τῶσι,
2072 5533 2187 5598 πῶς
2212 5532 2508 5603 ἐγεννήθης
2541 5533 2602 5585 El
2649 5532 2720 5603 μὴ
2754 5528 2839 5604 ἦν,
2871 5533 3083 5597 εἴπωσι,
3115 5533 3181 5584 τά
3209 5531 3284 5602 μὴ
3331 5531 3459 5584 ὅντα

1955 5693 1976 5721 ε
2013 5689 2245 5740 Additum
2266 5690 2353 5751 γάρ
2377 5702 2404 5739 c
2429 5689 2538 5740 Sav.
