3982 6218
184 366 287 420 441

178 478 243 514 eo
270 459 359 531 qui
403 468 519 516 erat
568 468 832 529 quarrunt,
874 456 1145 527 quomodo
1168 456 1379 526 genitus
1431 456 1519 509 sit.
1547 454 1601 507 Si
1650 467 1754 506 non

177 559 333 604 erant
360 550 445 604 illa
478 566 581 603 non
613 550 872 603 exstantia
895 591 909 613 ,
941 549 1137 611 dicant,
1171 546 1438 615 quomodo
1465 544 1598 598 facta
1626 544 1753 598 sint.

175 640 327 707 Quod
358 655 463 695 non
490 650 592 706 est,
627 657 729 693 non
759 641 989 695 efficitur
1032 639 1323 693 secundum
1354 638 1644 691 humanum
1673 650 1757 688 ra-

176 731 471 796 tiocinium,
494 746 597 784 non
622 730 746 783 item
778 729 1067 785 secundum
1087 728 1317 781 divinam
1345 729 1615 781 virtutem.
1647 727 1758 779 Ali-

172 819 385 884 quando
405 818 535 873 dicit
557 819 839 874 hzereticus
864 836 876 883 ;
907 819 1048 872 Dixit
1072 820 1293 882 Deus,et
1320 817 1455 871 facta
1478 826 1619 870 sunt.
1651 816 1753 870 Sed

173 922 314 961 nunc
344 923 457 963 rem
482 908 683 971 dixisti,
716 924 817 961 non
848 908 1083 963 modum.
1116 908 1259 961 Dixit
1290 906 1447 973 Deus,
1479 905 1599 959 Fiat
1625 906 1713 958 tua:
1738 921 1756 957 :

177 998 381 1052 factum
417 1009 499 1054 est
536 1000 585 1053 id
612 1000 752 1069 quod
782 1016 885 1053 non
910 1010 1045 1054 erat.
1078 1000 1268 1053 Sermo
1304 999 1354 1052 in
1382 1013 1493 1052 rem
1523 1006 1757 1051 mutatus

171 1100 253 1143 cst
275 1108 288 1153 ;
314 1099 457 1159 puta,
487 1092 596 1160 ipsa
617 1106 718 1144 vox
746 1106 957 1159 egressa
982 1090 1117 1144 facta
1144 1098 1227 1144 est
1250 1090 1361 1143 lux.
1385 1089 1521 1158 Ergo
1554 1102 1653 1141 non
1677 1096 1758 1140 est

170 1195 234 1232 ex
264 1195 369 1234 non
391 1182 742 1247 exstantibus,
764 1182 857 1235 sed
884 1197 947 1235 ex
978 1182 1257 1235 existente.
1291 1180 1420 1247 Quis
1450 1180 1591 1233 enim
1621 1180 1755 1232 ausit

170 1270 350 1326 dicere
382 1273 613 1327 Verbum
647 1290 749 1325 non
779 1272 1029 1327 exstare?
1060 1273 1199 1341 Ergo
1231 1272 1361 1325 nihil
1386 1272 1509 1326 fecit
1536 1286 1600 1325 ex
1652 1287 1754 1324 non

168 1365 519 1428 exstantibus,
552 1365 644 1419 sed
672 1381 742 1419 ex
776 1366 863 1418 illo
890 1384 900 1417 :
934 1366 1112 1433 sicque
1143 1365 1476 1432 reperiuntur
1500 1372 1756 1417 creaturae

172 1455 267 1522 ipsi
283 1456 781 1521 consubstantiales,
802 1456 1006 1525 etquod
1028 1456 1094 1510 de
1117 1456 1251 1509 Filio
1269 1457 1443 1511 dicere
1467 1456 1753 1525 refugiunt,

170 1546 220 1599 id
247 1550 505 1601 creaturis
526 1548 852 1602 adscribunt.
876 1548 1071 1603 Verum
1104 1563 1288 1601 rursus
1310 1548 1495 1601 arctati
1523 1548 1707 1602 dicunt
1730 1565 1744 1601 :

172 1640 432 1694 Voluntas
462 1641 552 1693 Dei
582 1656 641 1693 ea
668 1657 786 1709 qua:
818 1656 918 1694 non
953 1649 1104 1695 erant
1134 1642 1311 1694 effecit
1341 1658 1353 1705 ;
1386 1642 1528 1709 atqui
1560 1641 1751 1694 volun-

167 1740 248 1785 tas
273 1731 325 1784 id
353 1732 493 1800 quod
526 1747 629 1785 non
660 1741 772 1785 crat
804 1732 1075 1801 producit;
1105 1743 1288 1794 natura
1321 1741 1497 1785 autem
1532 1733 1582 1785 id
1615 1732 1752 1801 quod

165 1832 281 1876 erat
321 1838 428 1877 non
469 1824 651 1893 gignit.
713 1827 790 1878 Ac
840 1824 1082 1877 mirabile
1140 1824 1320 1891 utique
1365 1834 1465 1877 est.
1512 1824 1752 1891 Exempli

164 1928 323 1967 causa
357 1914 547 1983 loquor
583 1930 858 1983 :suppone
886 1914 1011 1967 mihi
1048 1914 1243 1968 fontem
1268 1925 1317 1968 ct
1349 1922 1554 1983 petram
1584 1932 1596 1966 :
1623 1914 1746 1983 quid

165 2006 374 2059 facilius
417 2021 607 2074 aquam
655 2008 871 2075 gignere
914 2015 1107 2075 potest,
1151 2022 1215 2058 an
1261 2006 1400 2069 fons,
1450 2022 1517 2059 an
1562 2006 1753 2074 petra?

164 2095 306 2149 Fons
331 2096 376 2149 si
403 2097 667 2165 genuerit,
696 2112 762 2150 ex
792 2097 853 2150 iis
877 2114 992 2165 qua:
1022 2097 1201 2160 habet,
1236 2098 1454 2165 profert,
1488 2109 1631 2166 petra
1658 2114 1750 2151 ve-

162 2202 223 2239 ro
249 2202 315 2240 ex
341 2187 405 2241 iis
436 2203 553 2255 qua:
581 2202 684 2240 non
714 2187 894 2240 habet.
924 2188 1064 2256 Ergo
1092 2188 1141 2241 id
1166 2189 1307 2257 quod
1336 2204 1439 2242 non
1462 2198 1575 2243 erat
1606 2198 1752 2257 petra

159 2280 345 2344 genuit
374 2294 438 2331 ex
466 2280 532 2333 iis
563 2296 682 2347 qua:
722 2296 825 2331 non
866 2281 1093 2334 habebat
1125 2299 1135 2332 :
1168 2292 1221 2336 et
1275 2281 1392 2335 fons
1419 2299 1573 2352 quem
1604 2285 1653 2336 iu
1694 2298 1752 2337 se

161 2370 365 2421 fontem
415 2368 641 2421 habebat
683 2385 785 2422 non
826 2372 1027 2439 genuit.
1064 2372 1128 2424 Et
1174 2372 1442 2440 quomodo
1472 2374 1604 2427 facta
1633 2383 1753 2425 sunt

160 2473 280 2525 qua:
312 2474 419 2509 non
451 2460 644 2512 erant?
692 2476 815 2511 num
868 2461 916 2512 id
950 2476 1073 2513 casn
1120 2472 1172 2515 et
1204 2479 1299 2530 per
1325 2478 1381 2516 se
1437 2465 1669 2517 accidit?
1703 2466 1749 2517 id

160 2548 302 2613 quod
330 2563 435 2601 non
458 2558 590 2612 erat,
624 2564 819 2602 nomen
849 2560 949 2611 est,
978 2551 1213 2619 nihilque
1242 2552 1422 2604 aliud?
1451 2553 1579 2618 Quia
1608 2554 1749 2619 dico,

162 2641 238 2693 Ex
276 2654 384 2693 non
434 2641 787 2705 exstantibus,
821 2658 887 2695 ne
929 2644 1047 2696 ideo
1077 2643 1350 2697 existimes
1382 2644 1431 2697 id
1479 2647 1618 2713 quod
1648 2663 1749 2699 non

160 2739 341 2783 exstat
368 2730 563 2799 aliquid
588 2746 724 2785 esse.
756 2733 893 2801 Ergo
919 2748 1037 2785 cum
1081 2749 1183 2784 non
1218 2734 1387 2801 possis
1414 2735 1589 2789 dicere
1622 2751 1751 2804 quo-

159 2820 326 2874 modo
352 2820 403 2873 id
427 2820 565 2889 quod
594 2836 698 2874 non
729 2831 864 2885 erat,
894 2837 955 2875 ex
988 2839 1091 2874 non
1117 2834 1359 2877 exstante
1382 2840 1475 2878 seu
1502 2842 1565 2879 cx
1591 2826 1752 2879 nihilo

160 2912 359 2964 factum
384 2912 470 2975 sit,
497 2911 784 2964 audebisue
814 2912 1076 2965 curiosius
1096 2913 1363 2981 inquirere
1391 2916 1659 2983 quomodo
1708 2918 1751 2970 is

158 3003 249 3067 qui
295 3011 411 3055 erat
438 3016 502 3055 ex
530 3016 593 3055 eo
622 3002 709 3070 qui
740 3012 852 3056 erat
885 3004 1093 3071 genitus
1134 3006 1239 3058 sit?
1261 3004 1461 3061 Omnes
1492 3017 1750 3060 creatura:

161 3110 269 3148 non
292 3104 444 3147 erant
463 3094 530 3146 ab
549 3095 715 3157 initio,
740 3104 794 3147 et
821 3094 973 3148 factae
998 3104 1149 3149 sunt:
1173 3097 1499 3165 unigenitum
1523 3098 1749 3151 Verbum

158 3197 213 3239 et
234 3185 455 3239 Creator
476 3186 655 3237 mundi
672 3201 773 3238 non
794 3185 961 3239 factus
985 3196 1066 3240 cst
1085 3188 1151 3241 ab
1173 3188 1340 3251 initio,
1361 3190 1451 3242 sed
1470 3199 1601 3243 erat.
1630 3191 1752 3243 llaec

162 3292 269 3329 non
292 3284 516 3329 erantet
542 3274 673 3326 facta
702 3283 822 3328 sunt
856 3293 867 3327 :
901 3275 987 3329 hic
1014 3286 1127 3329 erat
1158 3278 1209 3329 in
1239 3279 1498 3347 principio
1520 3295 1626 3333 non
1662 3280 1747 3332 fa-

160 3375 303 3430 ctus,
325 3366 407 3418 hae
434 3379 562 3419 vero
588 3364 741 3419 facta:
768 3375 887 3419 sunt
914 3366 965 3419 in
986 3368 1266 3437 principio,
1295 3385 1414 3423 cum
1432 3385 1533 3424 non
1550 3381 1747 3425 essent.

233 3458 288 3512 3.
322 3458 482 3513 Terra
502 3464 750 3529 quomodo
779 3464 1044 3518 invisibilis
1073 3475 1181 3519 erat
1225 3466 1275 3518 in
1300 3468 1552 3537 principio
1569 3483 1588 3531 ;
1625 3467 1750 3521 Fir-

161 3554 401 3604 mamenti
434 3564 477 3606 et
518 3555 630 3607 eteli
666 3557 796 3608 ratio
820 3558 1095 3609 secundum
1124 3558 1385 3612 Seueriani
1412 3572 1642 3615 mentem.

166 3644 326 3697 Terra
358 3656 546 3712 autem,
582 3647 768 3715 inquit,
789 3661 893 3702 erat
916 3652 1196 3705 invisibilis.
1223 3652 1359 3718 Quid
1387 3663 1490 3718 est,
1515 3654 1752 3709 Invisibi~

164 3737 229 3788 lis
255 3736 278 3787 ?
308 3737 440 3791 Novi
486 3740 684 3794 multos
711 3752 1015 3797 sanctorum
1048 3746 1264 3799 Patrum
1290 3747 1523 3802 dixisse:
1562 3748 1749 3801 Invisi-

165 3829 288 3880 bilis
316 3837 432 3881 erat
459 3839 598 3883 terra
628 3872 643 3896 ,
671 3833 922 3899 quoniam
951 3848 1087 3903 aqua
1116 3836 1482 3891 occultabatur
1512 3837 1662 3907 (Gen.
1697 3842 1747 3892 1.

160 3919 239 3986 2).
272 3919 449 3972 lilnltre
476 3930 601 3974 sunt
627 3924 907 3977 sententiae
940 3926 1037 3992 pia:
1068 3925 1303 3993 quidem,
1337 3929 1431 3981 sed
1459 3944 1565 3981 non
1590 3946 1748 3983 vene.

166 4011 406 4079 Exempli
429 4026 608 4079 causa,
639 4021 747 4068 tres
774 4014 929 4067 amici
960 4015 1100 4081 Jobi,
1126 4030 1247 4069 cum
1279 4017 1426 4070 illum
1478 4019 1530 4072 in
1558 4035 1749 4073 aerum-

161 4104 246 4153 nis
272 4100 549 4164 viderent,
596 4112 837 4157 sanctum
864 4105 1035 4158 virum
1064 4105 1405 4171 damnarunt,
1438 4110 1585 4177 quasi
1607 4110 1749 4179 justa

161 4192 479 4260 patientem,
507 4194 863 4263 dicebantque
896 4214 907 4249 :
936 4196 1045 4248 Nisi
1073 4197 1257 4249 viduas
1301 4197 1602 4263 afflixisses,
1648 4202 1748 4256 nisi

160 4285 392 4355 pupillos
418 4286 796 4353 oppressisses,
834 4303 1119 4355 numquam
1149 4289 1239 4339 tibi
1295 4289 1431 4342 Deus
1457 4290 1571 4344 hinc
1603 4292 1744 4345 infli-

158 4379 347 4431 sisset.
402 4377 468 4429 Et
514 4386 689 4431 tamen
737 4378 857 4445 quia
898 4378 989 4431 Dei
1028 4379 1354 4445 pr0p0situm
1408 4382 1745 4449 ignorabant,

159 4468 469 4520 maluerunt
524 4467 664 4521 hunc
711 4467 965 4521 damnare
1014 4469 1161 4537 quasi
1212 4469 1353 4538 justa
1423 4474 1747 4539 patientem,

155 4574 318 4627 quam
355 4559 541 4621 Deum,
574 4569 631 4611 ut
661 4559 853 4628 injuste
882 4560 1015 4611 mala
1048 4559 1384 4616 inferentem.
1420 4564 1511 4617 Dei
1533 4580 1749 4619 causam

157 4649 408 4718 agebant,
452 4658 506 4701 et
559 4659 733 4701 tamen
778 4651 914 4703 Deus
948 4651 1064 4703 illos
1115 4655 1354 4720 coarguit
1388 4674 1399 4707 :
1436 4655 1607 4720 Quare
1648 4673 1746 4709 non

157 4742 355 4810 loquuti
405 4740 520 4793 estis
548 4752 684 4791 recta
713 4740 951 4792 adversus
981 4753 1176 4793 servant
1208 4760 1369 4795 meum
1399 4743 1518 4815 (Job
1544 4747 1633 4800 42.
1670 4749 1743 4817 7).

159 4836 255 4889 Est
299 4834 459 4903 igitur
482 4834 745 4887 sententia
776 4834 858 4901 pia
890 4833 1125 4902 quidem,
1163 4836 1255 4886 sed
1301 4851 1405 4890 non
1434 4852 1577 4890 vera.
1609 4840 1744 4903 Quid

154 4938 239 4981 est
267 4928 446 4994 igitur,
478 4925 633 4979 Terra
672 4936 836 4977 autem
862 4936 967 4977 erat
993 4926 1252 4977 invisibilis
1280 4936 1325 4977 et
1372 4928 1746 4995 incomposita?

156 5019 485 5088 Interpretes
527 5017 670 5071 clare
714 5027 1096 5083 exposuerunt.
1148 5018 1235 5070 Ait
1286 5018 1427 5071 enim
1480 5020 1667 5089 Aquila
1728 5038 1741 5072 :

157 5109 316 5163 Terra
345 5118 511 5161 autem
540 5118 648 5163 erat
704 5110 927 5162 inanitas
972 5118 1016 5162 et
1065 5110 1211 5163 nihil.
1260 5110 1537 5166 Invisibilis
1566 5122 1741 5167 autem

152 5200 373 5263 dicitur,
410 5212 515 5251 non
536 5197 680 5266 quod
700 5214 803 5251 non
834 5208 1138 5267 appareret,
1171 5198 1354 5268 sed,ut
1380 5202 1498 5269 quis
1520 5201 1737 5267 dixerit,

152 5296 423 5348 inornata.
445 5292 690 5346 Nondum
718 5302 831 5347 erat
853 5294 968 5346 la-ta
990 5294 1197 5363 plantis,
1222 5294 1455 5349 nondum
1486 5294 1742 5349 fructibus

150 5394 431 5452 torenata,
462 5384 697 5439 nondum
724 5382 896 5438 fluviis
941 5397 994 5438 et
1020 5386 1255 5439 fontibus
1277 5388 1468 5449 cincta,
1502 5387 1735 5440 nondum

149 5478 269 5530 aliis
322 5475 588 5545 variisque
639 5475 965 5531 ornamentis
1004 5475 1218 5541 decora,
1252 5490 1469 5547 eratque
1501 5480 1737 5532 invisibi-

150 5572 215 5623 Iis
234 5568 471 5623 nondum
493 5570 746 5624 instructa
775 5568 1021 5638 gignendi
1054 5569 1323 5622 facultate.
1354 5572 1440 5623 Ait
1467 5571 1734 5639 Scriptura

151 5660 219 5713 de
249 5660 482 5728 quodam
528 5662 641 5715 viro
673 5660 791 5715 forti
828 5670 881 5713 et
912 5659 1180 5713 formoso:
1214 5658 1398 5713 Nonne
1436 5663 1514 5712 hic
1538 5680 1736 5729 percus-

152 5752 214 5809 (
240 5754 401 5806 virum
432 5752 739 5823 [Egyptium
771 5754 1008 5809 visibilem
1039 5753 1112 5820 (2.
1152 5752 1275 5821 Reg.
1307 5752 1394 5808 25.
1511 5757 1529 5826 )
1551 5758 1571 5807 1
1605 5756 1735 5809 Num

1209 339 1296 397 DE
1333 338 1542 396 MUNI)!
1582 335 1977 393 CItEATIONE
2017 336 2273 393 ORATIO
2312 337 2375 391 II.

3340 358 3453 413 442

1866 461 1949 505 est
1976 466 2103 519 ergo
2135 452 2214 505 vir
2246 451 2567 505 invisibilis?
2613 451 2717 505 Sed
2750 451 2941 521 dignus
2972 460 3085 514 est,
3119 452 3283 521 inquit
3313 494 3327 517 ,
3357 454 3447 521 qui

1864 544 2201 612 suspiciatur.
2243 541 2698 609 Quemadmodum
2750 543 2907 611 igitur
2956 542 3260 612 {Egyptium
3315 543 3446 595 dixit

1864 638 2033 689 virum
2089 636 2370 700 visibilem,
2416 650 2514 689 cett
2559 635 2772 703 dignum
2823 635 3127 704 SchIaculo
3181 652 3193 686 :
3233 637 3310 687 sic
3346 643 3451 686 ter-

1865 742 1976 780 ram
2034 725 2313 780 informem
2357 725 2671 780 invisibilem
2720 725 2870 777 dixit.
2900 723 3145 779 Secundo
3184 724 3269 778 die
3314 722 3447 777 dixit

1866 818 2003 870 Deus
2063 833 2074 869 :
2135 814 2255 868 Fiat
2313 817 2683 883 firmamentum
2731 816 2780 866 in
2831 815 2995 867 medio
3034 830 3179 881 aqua:
3209 855 3223 879 ,
3270 822 3318 865 et
3378 812 3444 865 sit

1864 907 2089 959 diridens
2105 907 2234 959 inter
2258 922 2441 973 aquam
2468 915 2515 958 et
2535 922 2719 973 aquam
2741 904 2892 973 (Gen.
2923 907 2972 958 l.
2998 903 3074 975 6).
3113 904 3257 958 Fecit
3286 904 3445 973 igitur

1865 995 1966 1049 hoc
1991 996 2201 1060 emlum,
2234 1009 2338 1047 non
2368 1010 2494 1048 vero
2516 996 2702 1047 carlum
2727 996 2992 1064 superius,
3029 994 3122 1048 sed
3147 994 3273 1048 illud
3304 994 3447 1063 quod

1864 1088 2107 1154 videtur,
2157 1102 2226 1142 ex
2277 1087 2427 1155 aquis
2454 1102 2645 1156 nempe
2675 1088 2907 1157 ci-ystalli
2952 1088 3116 1140 instar
3159 1087 3447 1141 concretis.

1868 1182 2034 1233 Velim
2065 1195 2179 1234 rem
2211 1180 2303 1233 tibi
2339 1180 2389 1233 in
2416 1190 2757 1247 CUIISlICCllIIII
2786 1180 2914 1233 dare
2954 1198 2965 1231 :
3002 1180 3166 1233 multa
3198 1180 3338 1233 enim
3380 1194 3450 1233 cx

1863 1275 1976 1326 visu
2010 1283 2193 1327 nostro
2221 1273 2409 1327 melius
2430 1290 2586 1341 quam
2618 1273 2780 1327 verbo
2826 1274 3124 1325 traduntur.
3163 1273 3284 1325 Ilzec
3310 1288 3445 1340 aqua

1862 1380 2021 1432 supra
2048 1374 2243 1418 terram
2273 1364 2561 1427 eminebat,
2593 1364 2737 1417 verbi
2767 1378 2949 1428 causa,
2981 1364 3173 1418 cubitis
3206 1364 3440 1432 triginta.

1862 1454 2170 1508 Tunodixit
2198 1456 2335 1507 Deus
2369 1472 2380 1506 :
2418 1452 2534 1505 Fiat
2564 1455 2937 1521 rmamentth
2973 1454 3024 1506 in
3068 1456 3231 1507 medio
3260 1468 3401 1523 aqua:
3430 1469 3449 1505 :

1864 1546 2185 1615 domumque
2232 1547 2282 1599 in
2335 1546 2511 1598 medio
2540 1562 2797 1614 aquarum
2828 1546 3099 1601 concretio
3127 1547 3176 1599 in
3209 1547 3447 1616 crystalli

1862 1654 2063 1691 morem
2084 1637 2203 1701 fuit,
2231 1637 2527 1704 levavitque
2552 1637 2778 1689 mediam
2808 1647 3013 1705 partem
3044 1652 3175 1705 aqua
3209 1652 3441 1701 sursum,

1862 1728 2091 1781 mediam
2128 1743 2257 1782 vero
2302 1727 2522 1782 inferius
2567 1727 2800 1795 reliquit,
2847 1727 2983 1781 sicut
3008 1728 3263 1797 scriptum
3299 1736 3379 1781 est
3428 1747 3440 1782 :

1866 1820 1909 1873 F
1912 1824 1980 1873 int
2003 1821 2376 1888 rmamentum
2399 1821 2449 1873 in
2476 1820 2637 1873 medio
2662 1835 2826 1889 aqum,
2854 1829 2899 1872 ct
2921 1821 3012 1873 erit
3056 1819 3283 1872 dividens
3311 1820 3441 1872 inter

1860 1930 2043 1980 aquam
2065 1921 2109 1965 et
2134 1929 2338 1981 aquam.
2361 1913 2467 1966 Cur
2495 1922 2668 1965 autem
2695 1911 2819 1965 illud
2846 1913 3236 1965 firmamentum
3255 1913 3449 1965 vocat?

1859 2003 1989 2068 Quia
2021 2002 2269 2055 nimirum
2301 2019 2363 2055 cx
2396 2003 2598 2055 rariore
2643 2011 2697 2055 et
2738 2001 2993 2055 dissoluta
3036 2018 3291 2071 aquarum
3322 2002 3448 2056 sub-

1859 2094 2049 2147 stantia
2076 2094 2204 2148 illud
2234 2095 2480 2146 firmavit.
2505 2093 2626 2148 Ideo
2652 2094 2814 2146 David
2839 2110 3051 2163 quoque
3075 2095 3146 2145 ait
3178 2113 3189 2147 :
3214 2094 3446 2145 Laudate

1860 2202 1971 2239 eum
2006 2186 2057 2236 in
2084 2186 2402 2253 [irritamento
2433 2186 2633 2237 virtutis
2665 2187 2769 2254 ejus
2801 2184 2969 2254 (lsal.
3008 2186 3132 2239 150.
3164 2187 3183 2238 1
3209 2186 3248 2254 ).
3303 2185 3368 2237 Et
3390 2195 3447 2237 ut

1859 2279 1964 2331 alio
2009 2287 2126 2331 utar
2168 2278 2414 2345 exemplo
2448 2296 2458 2329 :
2489 2276 2935 2345 quemadmodum
2985 2278 3195 2342 fumus,
3228 2292 3349 2329 cum
3377 2292 3442 2329 ex

1860 2370 2014 2438 lignis
2045 2376 2100 2421 et
2132 2366 2252 2437 igne
2298 2368 2611 2430 emerserit,
2642 2366 2813 2419 rarior
2854 2375 2937 2420 est
2984 2376 3143 2434 atque
3191 2366 3444 2429 mollior;

1857 2476 1977 2513 cum
2001 2469 2177 2512 autem
2195 2460 2250 2513 in
2276 2458 2504 2511 sublime
2525 2458 2848 2519 ascenderit,
2879 2457 2930 2509 in
2954 2456 3109 2510 nubis
3126 2456 3443 2511 densitatem

1858 2558 2129 2602 mutatur:
2164 2549 2241 2601 sic
2272 2562 2527 2616 aquarum
2552 2546 2761 2599 illarum
2806 2548 3069 2599 rariormn
3112 2556 3357 2600 naturam
3391 2547 3443 2599 in

1857 2640 2083 2693 Sublimc
2105 2638 2316 2691 ductam
2340 2640 2475 2691 Deus
2500 2638 2612 2690 fixit
2640 2638 3083 2690 etconsolidavit.
3113 2637 3247 2691 Rem
3267 2647 3442 2691 autem

1856 2748 1973 2785 esse
2002 2744 2180 2782 veram
2216 2730 2525 2782 testicatur
2570 2726 2735 2781 Isaias
2780 2728 2962 2781 dicens
2990 2745 3004 2781 2
3036 2727 3227 2781 (.wlum
3277 2739 3328 2781 ut
3357 2732 3442 2799 fu-

1858 2840 1967 2875 mus
1999 2824 2232 2891 rmatus
2272 2833 2342 2875 est
2378 2820 2532 2888 (lsai.
2560 2821 2645 2875 5i.
2678 2821 2710 2875 6
2737 2822 2775 2891 ).
2810 2821 3007 2874 (la-lum
3039 2822 3215 2890 itaque
3245 2822 3294 2875 in
3328 2839 3441 2877 mc-

1857 2915 1946 2967 dio
1974 2930 2230 2982 aquarum
2261 2923 2567 2967 concretum
2601 2953 2616 2978 ,
2644 2913 2918 2967 dimidiam
2946 2928 3203 2982 aquarum
3242 2924 3442 2982 partem

1859 3010 1910 3061 in
1941 3008 2170 3061 sublime
2203 3008 2415 3061 levavit.
2467 3006 2575 3060 Cur
2603 3015 2782 3059 autem
2814 3020 2965 3075 aqua:
3008 3006 3111 3058 illa:
3154 3021 3400 3073 supernze
3428 3045 3443 3069 ,

1856 3113 1908 3155 ct
1935 3102 2021 3155 cui
2045 3101 2195 3154 usui?
2221 3116 2287 3153 an
2313 3109 2368 3153 ut
2392 3100 2512 3169 quis
2534 3100 2701 3165 bibat,
2731 3115 2797 3150 an
2824 3107 2880 3151 ut
2905 3099 3023 3167 quis
3045 3098 3290 3166 naviget?
3314 3097 3442 3150 Nam

1856 3206 2020 3258 aquas
2046 3205 2277 3257 superne
2307 3191 2507 3257 positas
2538 3203 2657 3242 esse
2684 3188 2997 3242 testificatur
3023 3187 3182 3240 David
3213 3188 3399 3240 dicens
3426 3205 3438 3239 :

1857 3282 1924 3334 Et
1954 3300 2086 3351 aqua
2115 3298 2229 3351 qua!
2254 3299 2403 3351 super
2433 3283 2581 3334 melos
2608 3292 2680 3333 cst
2703 3281 2872 3347 (Psaf.
2908 3282 3031 3335 148.
3060 3282 3092 3334 4
3112 3281 3154 3350 ).
3186 3281 3442 3334 Animad-

1857 3386 2004 3429 verte
2042 3376 2153 3443 jam
2203 3374 2474 3428 Creatoris
2524 3375 2858 3443 sapientiam.
2906 3372 3284 3443 Crystallinum
3330 3383 3446 3426 crat

1857 3470 2126 3525 cmlumcx
2155 3468 2306 3537 aquis
2335 3476 2680 3521 concretum:
2709 3467 2831 3534 quia
2854 3466 2995 3519 cnim
3023 3467 3151 3520 solis
3178 3465 3442 3519 flammam

1857 3568 2228 3629 suscepturum
2259 3568 2372 3611 erat
2400 3568 2559 3626 atque
2590 3558 2749 3623 Iunm,
2784 3572 2991 3611 necnon
3035 3556 3292 3609 infinitam
3315 3556 3447 3609 stel-

1858 3651 2027 3704 larum
2060 3648 2479 3713 multitudinem,
2522 3649 2865 3716 futurumque
2893 3656 3009 3702 erat
3038 3656 3092 3701 ut
3125 3657 3293 3700 totum
3323 3647 3445 3717 igne

1858 3746 2178 3813 rcpleretur,
2213 3760 2278 3795 ue
2306 3758 2367 3795 ex
2412 3742 2591 3795 calore
2622 3742 2787 3795 nimio
2819 3741 3120 3796 solveretur
3145 3750 3235 3795 aut
3266 3758 3447 3796 urere-

1860 3848 1976 3903 tur,
2007 3838 2168 3891 dorso
2197 3837 2312 3889 Caeli
2360 3835 2651 3888 constravit
2690 3834 2781 3887 illa
2831 3850 3093 3903 aquarum
3126 3835 3291 3887 maria
3318 3876 3333 3899 ,
3390 3843 3447 3887 ut

1858 3928 1973 3995 ejus
2003 3928 2159 3980 dorsa
2205 3926 2474 3979 emolliret
2518 3934 2677 3993 atque
2724 3926 2923 3990 linirct,
2957 3937 3011 3978 ct
3037 3926 3112 3978 sic
3151 3933 3331 3992 posset
3360 3939 3443 3976 re-

1858 4019 2046 4070 sistere
2073 4016 2320 4075 flantmre,
2356 4029 2455 4067 nec
2496 4024 2806 4067 terreretur.
2841 4015 3156 4083 Exemplum
3187 4016 3237 4066 in
3283 4030 3444 4066 manu

1859 4110 2021 4161 habes
2054 4125 2065 4159 :
2098 4109 2141 4163 si
2186 4108 2342 4161 hodie
2374 4107 2599 4161 lebetem
2630 4108 2733 4176 igni
2768 4107 3084 4174 imposueris
3108 4148 3124 4172 ,
3168 4107 3213 4159 si
3253 4122 3445 4176 aquam

1860 4202 2071 4264 habeat,
2109 4201 2213 4269 igni
2245 4199 2477 4262 resistit;
2514 4200 2595 4251 sin
2619 4214 2723 4252 non
2755 4199 2966 4266 haheat,
2991 4200 3331 4253 dissolvitur:
3365 4200 3444 4254 sic

1860 4294 2010 4347 Deus
2054 4293 2158 4361 igni
2187 4292 2545 4345 adversariam
2578 4292 2755 4360 posuit
2791 4308 2983 4360 aquam
3008 4332 3021 4355 ,
3055 4302 3113 4345 ut
3154 4292 3444 4361 perdurare

1857 4394 2071 4452 posset,
2104 4398 2174 4436 ex
2221 4383 2373 4451 aquis
2402 4396 2613 4435 sursum
2660 4382 2789 4437 illud
2822 4383 3150 4439 linientibus.
3205 4386 3280 4437 Ac
3327 4383 3444 4439 vide

1856 4490 1967 4527 rem
1999 4474 2185 4526 miram
2220 4490 2232 4526 :
2268 4483 2469 4526 tantum
2497 4472 2729 4526 abundat
2762 4473 2979 4528 humida
3012 4475 3307 4528 substantia
3338 4488 3443 4526 ete

1857 4566 1973 4619 Icsti
2010 4564 2219 4633 corpori
2255 4565 2527 4633 imposita,
2562 4573 2707 4617 tanto
2729 4564 2855 4617 licet
2877 4564 3192 4618 adversante
3222 4566 3360 4632 igne,
3387 4574 3444 4617 ut

1856 4660 2015 4710 etiam
2046 4666 2202 4711 terra:
2232 4656 2555 4711 commodet.
2587 4655 2717 4708 Nam
2746 4655 2887 4709 unde
2934 4655 3062 4711 ros?
3096 4655 3275 4709 Nubes
3315 4670 3443 4709 nus-

1854 4765 2014 4819 quam
2060 4757 2175 4813 cst,
2227 4764 2319 4801 aer
2361 4762 2551 4816 aquam
2613 4760 2719 4799 non
2769 4746 2963 4810 habet;
3004 4763 3199 4816 nempe
3249 4747 3441 4801 czelum

1854 4857 1916 4895 ex
1966 4839 2419 4907 superabundanti
2472 4853 2609 4906 aqua
2683 4837 2923 4891 distillat.
2983 4836 3107 4893 Ideo
3158 4838 3303 4891 Isaac
3352 4854 3443 4907 pa-

1855 4931 2081 4985 triarcha
2113 4945 2233 4983 cum
2261 4928 2461 4982 Jacobo
2490 4929 2829 4983 benediceret
2851 4969 2867 4994 ,
2897 4930 3107 4984 dicebat
3149 4948 3162 4982 :
3214 4929 3311 4982 Det
3356 4930 3444 4983 tibi

1853 5023 1990 5075 Deus
2008 5023 2068 5073 de
2098 5037 2210 5073 rore
2238 5020 2347 5073 cali
2381 5031 2425 5072 ct
2445 5020 2507 5072 de
2530 5021 2833 5090 pinguedine
2858 5031 3003 5073 terra:
3030 5020 3288 5090 (Gen.'27.
3311 5021 3431 5091 28).

1924 5115 1975 5167 4.
2011 5114 2171 5164 Aiunt
2202 5127 2344 5173 vero,
2381 5112 2590 5178 fratres,
2639 5113 2693 5166 in
2740 5112 2827 5166 die
2848 5112 3033 5181 judieii
3060 5155 3075 5178 ,
3104 5128 3439 5167 recessuram

1851 5219 2039 5272 aquam
2069 5204 2213 5256 illaut
2237 5219 2546 5272 supernam,
2587 5206 2884 5273 cmlumque
2926 5208 3155 5260 solutum
3184 5206 3286 5272 iri,
3318 5220 3437 5260 cum

1851 5314 1955 5351 non
1997 5298 2130 5350 ultra
2184 5297 2486 5351 habiturum
2531 5298 2601 5349 sit
2630 5298 2773 5351 illam
2830 5314 3084 5367 aquarum
3126 5300 3344 5363 molem,
3386 5305 3437 5349 et

1852 5388 1965 5441 fore
1993 5395 2050 5439 ut
2077 5387 2246 5441 stella:
2276 5389 2507 5450 cadant,
2560 5403 2679 5441 cum
2711 5404 2809 5443 nec
2837 5394 2972 5441 viam
3024 5404 3121 5443 nec
3153 5390 3436 5442 stationem

1851 5478 1985 5529 ultra
2021 5477 2279 5531 habiturae
2310 5480 2435 5531 sint.
2468 5478 2591 5531 llaec
2622 5494 2782 5547 porro
2811 5496 2913 5532 non
2942 5490 3141 5534 temere
3170 5479 3393 5531 dicimus
3419 5495 3431 5540 ;

1850 5569 1943 5623 sed
1966 5570 2236 5639 Scriptura
2262 5570 2421 5624 docet
2452 5587 2463 5621 :
2500 5569 2693 5624 Caelum
2721 5572 2863 5625 enim
2893 5571 3211 5624 convolvetur
3235 5582 3287 5620 ut
3307 5572 3435 5622 liber

1850 5662 2003 5727 (lstti.
2040 5664 2128 5717 5i.
2158 5664 2248 5733 4);
2281 5678 2472 5732 nempe
2520 5662 2767 5718 adustum
2798 5678 2812 5717 :
2842 5662 2981 5732 quod
3014 5661 3154 5715 enim
3191 5659 3434 5715 aduritur

1852 5758 2182 5811 convolvitur
2208 5771 2218 5810 :
2241 5767 2282 5811 ct
2314 5758 2472 5811 stella:
2499 5758 2679 5811 cadent
2708 5760 2836 5811 sicut
2864 5757 2985 5825 {01in
3021 5755 3147 5809 ritis.
3186 5754 3435 5820 Attende,
