3982 6218
530 351 643 405 443

528 465 728 519 quaeso,
761 459 814 506 ct
840 451 1001 507 alium
1033 468 1207 508 usum.
1240 456 1405 524 Aqua:
1437 456 1538 511 illa:
1565 473 1719 526 ,-qure
1752 474 1910 528 super
1939 460 2103 514 emtos

532 554 675 609 sunt,
709 560 812 597 non
841 544 1001 599 modo
1023 547 1210 601 omium
1246 561 1565 604 conservant
1592 590 1605 614 ,
1639 551 1731 605 sed
1773 553 1935 606 etiam
1965 550 2114 604 flani-

537 651 680 688 mam
709 636 835 693 solis
862 646 917 691 et
946 636 1084 692 luna:
1115 639 1383 694 emittunt.
1414 641 1468 696 Si
1494 643 1636 696 enim
1667 643 1985 711 pellucidum
2028 659 2114 698 es-

524 735 610 780 set
635 727 844 792 caelum,
892 730 1069 784 omnis
1108 730 1222 798 ejus
1270 731 1524 800 splendor
1561 749 1771 788 sursum
1819 746 2108 798 curreret,

522 818 660 888 ignis
712 820 908 890 quippe
959 837 1077 877 cum
1133 841 1346 879 sursum
1395 828 1617 892 tendat,
1677 838 1873 883 terram
1924 829 2109 884 deser-

521 919 630 962 tam
658 911 1002 980 relinqueret.
1059 913 1260 969 Idcirco
1309 917 1468 986 igitur
1505 928 1672 973 totum
1713 919 1904 973 crclum
1947 934 2109 988 supe-

526 999 642 1054 rius
673 1001 948 1057 immensis
995 1006 1149 1073 aquis
1175 1007 1486 1064 addcnsavit
1513 1052 1527 1076 ,
1591 1021 1647 1062 ut
1692 1012 1944 1081 splendor
1989 1027 2111 1066 coa-

518 1097 638 1144 etus
689 1090 827 1146 infra
873 1092 1240 1151 descenderet.
1289 1097 1422 1153 Vide
1482 1101 1714 1156 Artificis
1767 1103 2107 1171 sapientiam.

519 1177 695 1234 IIabes
721 1190 902 1236 autem
928 1183 978 1237 in
1007 1185 1176 1254 teipso
1204 1189 1481 1257 sapientiae
1508 1191 1745 1246 Artificis
1775 1194 2058 1264 imaginem
2085 1213 2100 1255 :

519 1271 648 1325 fecit
677 1273 872 1342 quippe
900 1275 1038 1328 Deus
1069 1278 1229 1332 etiam
1257 1280 1309 1333 in
1340 1289 1391 1334 te
1433 1292 1666 1350 quatuor
1707 1285 2099 1340 elementorum

516 1360 768 1431 effigiem.
791 1364 1192 1435 Animadverte,
1218 1385 1399 1438 qu:eso
1423 1391 1434 1425 :
1457 1375 1628 1442 cogita
1654 1375 1784 1428 mihi
1816 1387 1974 1446 caput
2003 1381 2103 1431 hoc

514 1467 634 1507 esse
654 1455 844 1510 cazlum
886 1459 1172 1527 superius;
1207 1477 1327 1530 quae
1359 1477 1519 1533 supra
1551 1465 1787 1536 linguam
1820 1479 1965 1533 sunt,
1999 1485 2103 1524 ca:-

515 1542 624 1597 Ium
646 1545 891 1612 alterum,
920 1548 970 1602 id
1003 1560 1083 1604 est
1116 1551 1508 1610 firmamentum
1542 1574 1554 1610 :
1591 1558 1824 1628 indeque
1846 1571 1926 1616 est
1952 1563 2091 1632 quod

514 1640 778 1706 οὖρανίσκος
801 1679 814 1702 ,
844 1640 955 1693 sive
988 1659 1205 1710 parvum
1253 1648 1444 1700 ea-lum
1475 1658 1713 1705 vocetur.
1749 1651 2005 1722 Superius
2049 1658 2098 1707 in

518 1726 656 1783 Iocis
694 1729 890 1785 abditis
942 1735 1245 1802 cerebrum,
1290 1739 1430 1806 quod
1462 1755 1564 1794 non
1600 1741 1812 1796 videtur
1839 1785 1852 1805 ,
1885 1745 2102 1801 inferius

514 1818 716 1889 lingua,
740 1836 860 1891 quae
875 1823 974 1877 sub
999 1836 1273 1894 aspectum
1304 1829 1478 1882 cadit.
1509 1830 1970 1896 Quemadmodum
2004 1835 2100 1905 igi-

513 1919 600 1963 tur
623 1913 810 1967 caelum
834 1915 1081 1981 superius
1109 1917 1160 1969 in
1194 1918 1548 1975 invisibilibus
1579 1930 1680 1986 est,
1707 1923 1936 1980 mundus
1971 1941 2100 1979 vero

511 1999 565 2053 in
587 2000 715 2055 locis
731 2001 797 2056 dc
813 2004 1006 2073 quibus
1033 2005 1329 2074 loquimur:
1351 2023 1414 2062 ac
1437 2011 1884 2078 quemadmodum
1910 2016 1960 2067 in
1983 2016 2066 2069 elc
2078 2046 2095 2056 -

511 2092 710 2146 mentis
753 2102 946 2148 terram
994 2100 1258 2167 comperis
1306 2115 1426 2156 esse
1453 2117 1693 2170 gravem,
1722 2120 1915 2172 aquam
1971 2121 2097 2160 vero

506 2190 650 2238 terra
708 2186 988 2253 leviorem,
1043 2191 1164 2259 igne
1201 2193 1539 2260 graviorem;
1573 2209 1890 2266 rursumque
1915 2213 2092 2253 aerem

505 2275 658 2344 aquis
684 2277 958 2343 leviorem,
992 2281 1111 2349 igne
1137 2285 1434 2350 graviorem
1465 2302 1477 2340 :
1505 2287 1581 2339 sic
1627 2295 1682 2341 et
1713 2289 1763 2340 in
1794 2289 1945 2341 nobis
1973 2304 2096 2342 sen-

502 2381 618 2434 sus,
649 2379 854 2438 gustus,
887 2370 1162 2436 odoratus,
1192 2373 1425 2439 auditus,
1449 2376 1594 2430 visus
1614 2392 1713 2431 nec
1737 2393 1923 2432 omnes
1946 2380 2093 2434 simi-

503 2458 582 2512 les
617 2468 759 2514 sunt.
797 2461 929 2515 Rem
980 2465 1266 2533 comproba
1304 2483 1315 2520 :
1349 2465 1392 2519 si
1423 2467 1555 2520 velis
1589 2468 1787 2538 aliquid
1828 2482 2044 2538 gustare
2075 2513 2088 2538 ,

501 2551 601 2604 nlsi
647 2551 837 2622 lingua:
864 2552 1154 2610 admoveas
1182 2597 1196 2620 ,
1231 2557 1379 2612 nullo
1420 2569 1608 2628 gustus
1638 2576 1797 2615 sensu
1831 2563 2082 2618 afficeris.

498 2642 744 2696 Crassior
772 2644 966 2714 quippe
997 2661 1186 2701 sensus
1221 2659 1326 2712 est,
1361 2663 1462 2704 nec
1493 2659 1667 2719 potest
1698 2654 1880 2721 procul
1919 2653 2093 2722 perci-

500 2746 652 2800 pere.
683 2733 920 2789 Olfactus
953 2753 1077 2791 vero
1107 2738 1289 2807 procul
1317 2741 1548 2809 percipit
1579 2757 1592 2805 ;
1621 2743 1852 2812 exempli
1899 2758 2085 2810 causa,

499 2837 599 2890 per
653 2821 870 2877 domum
924 2828 1158 2891 transis,
1199 2829 1382 2883 odoris
1427 2829 1773 2899 fragrantiam
1830 2835 2087 2903 percipis,

497 2927 657 2980 quam
687 2929 792 2967 non
818 2914 985 2970 vides.
1020 2916 1229 2972 Rursus
1269 2919 1413 2972 visus
1452 2919 1648 2974 olfactu
1693 2923 1920 2976 celerior
1960 2934 2084 2978 cst:

497 3004 638 3058 videt
682 3008 824 3060 enim
873 3023 939 3061 ex
977 3021 1157 3063 monte
1197 3010 1354 3064 latam
1398 3011 1688 3078 planitiem.
1733 3014 1862 3068 Visu
1902 3030 2087 3070 rursus

497 3113 650 3151 mens
663 3101 867 3154 acutior
890 3103 1110 3156 :carlum
1139 3103 1357 3173 cogitat,
1383 3112 1598 3171 terram,
1625 3121 1792 3172 mare,
1817 3117 1871 3162 et
1893 3108 2086 3178 ubique

497 3203 786 3244 IIIVCtIllUI‘.

579 3283 725 3337 Mens
754 3285 1006 3353 quomodo
1051 3295 1124 3339 est
1173 3287 1342 3356 imago
1376 3287 1491 3342 Dei.
1536 3288 1770 3342 Historia
1795 3290 2080 3358 cujusdam,

495 3379 584 3447 qui
605 3395 668 3432 ea:
693 3376 1096 3444 sanctificatione
1122 3377 1315 3430 volebat
1347 3379 1637 3433 detruncari
1659 3381 1808 3446 illud,
1834 3381 2085 3435 Dominus

496 3469 776 3521 sabaoth...
817 3496 887 3505 —
910 3467 1032 3520 Ideo
1064 3467 1236 3535 imago
1267 3469 1356 3522 Dei
1390 3485 1540 3522 mens
1565 3481 1666 3524 est.
1698 3472 1846 3524 Mens
1866 3472 2080 3541 cogitat,

497 3573 727 3628 meaque
749 3560 800 3610 in
825 3574 883 3611 se
911 3559 1018 3610 fora
1047 3569 1214 3624 creat,
1250 3561 1456 3613 turbam
1488 3563 1586 3616 sibi
1615 3562 1874 3632 depingit,
1901 3574 1954 3618 et
1985 3581 2080 3634 po-

495 3650 697 3719 pulum.
732 3647 1060 3702 Erubescant
1089 3650 1341 3704 haeretici.
1376 3651 1525 3704 Mens
1557 3654 1679 3704 talia
1707 3664 1960 3721 cperatnr
1986 3698 2000 3720 ,
2031 3666 2084 3710 et

495 3741 692 3796 mentis
719 3740 944 3804 Artifex,
972 3742 1114 3794 omni
1164 3742 1360 3795 olfactu
1388 3744 1634 3796 subtilior
1656 3787 1670 3810 ,
1701 3760 1805 3798 non
1853 3747 2081 3802 celerio—

496 3851 610 3890 rem
644 3834 804 3888 habet
834 3835 1219 3901 operationcm,
1243 3851 1347 3890 non
1380 3847 1677 3905 promptam
1708 3838 1923 3892 creandi
1950 3840 2079 3905 vim,

500 3945 603 3980 non
643 3927 1234 3994 incomprehensibilem
1260 3938 1502 3980 naturam
1523 3929 1544 3980 ’ἶ
1574 3927 1710 3981 Volo
1735 3939 1934 3995 autem,
1969 3932 2080 3984 fra-

501 4027 608 4070 tres
641 4059 655 4081 ,
712 4031 825 4070 rem
854 4016 1004 4069 vobis
1031 4015 1208 4070 dicere
1238 4017 1553 4069 insoli-ntem
1584 4019 1799 4087 quidem
1828 4028 2082 4088 quantum

499 4109 564 4159 ad
619 4107 967 4174 impietatem,
1011 4106 1105 4159 sed
1152 4106 1270 4160 ﬁdei
1320 4123 1653 4173 consonam,
1710 4122 1964 4179 quantum
2018 4113 2083 4166 ad

499 4212 759 4261 examen;
790 4205 847 4250 ut
893 4195 1108 4250 discatis
1150 4207 1345 4265 quanta
1391 4208 1443 4251 et
1486 4215 1643 4266 quam
1685 4215 1829 4255 nova
1877 4213 2086 4256 moveat

499 4287 763 4350 diabolus,
791 4296 983 4354 quanta
1010 4288 1260 4354 reperiat,
1293 4300 1489 4356 quanta
1522 4300 1772 4358 suggerat
1798 4291 2082 4352 haereticis,

497 4378 582 4430 vel
641 4377 690 4427 hi
745 4377 918 4442 potius
965 4375 1196 4429 diabolo.
1250 4377 1420 4431 Hodie
1467 4380 1728 4446 quiSpiam
1775 4381 2080 4447 hwreticus,

498 4466 851 4536 praesentibus
880 4466 1077 4521 sanctis
1109 4466 1238 4520 viris
1262 4476 1314 4520 ct
1340 4468 1574 4534 patribus
1600 4509 1613 4532 ,
1645 4483 1740 4521 nos
1761 4471 2084 4524 conveniens

498 4559 709 4612 dicebat
741 4576 753 4611 :
786 4558 898 4611 luce
927 4559 1048 4612 dico
1073 4568 1273 4620 autem,
1311 4575 1376 4611 ne
1405 4575 1489 4611 res
1517 4559 1669 4612 aliter
1700 4560 1899 4624 audita,
1931 4561 2086 4613 aliter

499 4652 654 4704 feriat
685 4667 698 4701 :
731 4650 906 4716 Pater,
934 4649 1127 4712 aiebat,
1157 4660 1210 4703 et
1235 4650 1399 4702 Filius
1425 4651 1724 4718 etSpirilus
1741 4660 1955 4703 sanctus
1983 4666 2084 4703 una

498 4740 768 4801 divinitas,
807 4756 905 4792 una
931 4742 1116 4802 virtus,
1150 4757 1312 4795 imum
1349 4758 1592 4808 regnum.
1628 4743 1853 4808 Oportet
1882 4749 2083 4804 autem,

501 4834 692 4900 inquit,
725 4831 933 4885 auferre
960 4833 1027 4884 ah
1057 4833 1236 4884 animo
1270 4834 1307 4894 ¹,
1340 4850 1442 4884 non
1477 4833 1618 4883 enim
1649 4832 1717 4883 ab
1744 4831 1895 4884 altari
1923 4830 2041 4884 dico
2070 4873 2080 4892 ,

501 4939 567 4977 ne
602 4923 651 4974 in
684 4923 1099 4976 sanctiﬁcatione
1143 4925 1366 4986 dicatur,
1401 4924 1639 4986 Sanctus,
1700 4931 1926 4986 sanctus,
1970 4938 2086 4973 sau-

505 5026 615 5065 ctus
643 5012 893 5066 Dominus
921 5016 1169 5069 Sabaoth.
1197 5016 1305 5069 Nisi
1339 5015 1485 5078 illud,
1514 5014 1702 5082 inquit,
1735 5013 2082 5077 abstuleritis,

501 5104 787 5161 Christiani
821 5119 926 5156 non
959 5109 1102 5158 estis.
1153 5107 1394 5159 Vidistin’
1420 5115 1616 5158 tantam
1645 5104 1942 5166 audaciam,
1971 5111 2085 5153 tan-

502 5204 714 5262 tantque
736 5193 927 5247 diaboli
959 5194 1252 5247 insaniam?
1274 5197 1501 5248 vidistin‘
1535 5195 1768 5246 radicem
1797 5193 2081 5244 adversan-

503 5285 568 5336 tis
603 5284 708 5337 Deo
734 5284 1016 5352 impietatis
1043 5285 1064 5335 ?
1120 5284 1353 5336 vidistin‘
1385 5285 1802 5350 magnitudinem
1838 5283 2085 5349 blasphe-

503 5376 667 5428 mia}?
724 5376 938 5430 Pietatis
1005 5385 1164 5444 caput
1229 5376 1395 5427 voluit
1460 5389 1768 5442 amputare,
1827 5391 2087 5428 enervare

503 5467 832 5535 mysterium,
864 5468 1020 5521 fidem
1050 5470 1266 5520 aholerc
1295 5509 1306 5529 ,
1341 5467 1456 5532 ejus
1487 5465 1825 5518 fundamenta
1874 5482 2080 5520 eruere.

504 5558 571 5611 Ει
598 5557 714 5611 vide
741 5558 933 5611 diaboli
957 5561 1223 5611 astutiam.
1255 5557 1521 5610 Persuasit
1543 5556 1587 5608 ei
1619 5565 1673 5608 ut
1709 5556 1912 5608 diceret
1943 5574 1955 5606 :
1991 5557 2085 5608 Pa-

571 5687 585 5717 ¹
622 5687 758 5736 Savil.
785 5688 1048 5745 legendum
1075 5698 1225 5750 putat,
1252 5689 1311 5735 ab
1334 5685 1561 5747 oratione,
1590 5701 1692 5749 pro.
1722 5685 1779 5734 ab
1795 5686 1968 5734 animo.
1998 5689 2086 5734 Srd

505 5753 637 5800 mre
661 5757 815 5811 potest
843 5752 986 5800 lectio
1012 5753 1235 5800 [animum
1259 5755 1484 5800 omnium.

1983 345 2354 402 SEVERIANI

3700 376 3817 426 444

2230 471 2309 513 ter
2335 470 2388 514 et
2420 460 2585 516 Filius
2611 471 2665 517 ct
2715 463 2942 533 Spiritus
2971 474 3184 518 sanctus
3213 507 3226 531 ,
3260 481 3358 518 una
3396 465 3524 518 fides
3552 469 3630 537 (ιι)
3653 510 3668 533 ,
3703 483 3812 522 una

2229 550 2394 604 virtus
2418 593 2432 618 ,
2481 568 2643 607 unum
2674 569 2918 624 regnum.
2960 554 3234 609 Venenum
3274 557 3433 610 melle
3462 559 3809 626 temperavit.

2220 640 2444 710 Semper
2466 645 2606 697 enim
2627 645 2984 711 mendacium,
3004 661 3123 700 cum
3148 647 3255 701 vult
3282 647 3382 700 sibi
3411 647 3565 701 fidem
3590 647 3810 710 haberi,

2221 733 2321 786 nisi
2350 733 2752 789 fundamentum
2780 738 3016 805 posuerit
3059 738 3365 806 apparentis
3416 739 3686 801 veritatis,
3747 749 3808 792 ut

2220 824 2407 878 falsum
2437 827 2675 896 rejicitur
2707 845 2719 879 :
2753 839 2805 883 et
2826 845 2926 898 qua
2952 829 3155 882 ratione
3176 870 3189 893 ,
3219 829 3372 882 audi:
3410 829 3544 882 nihil
3575 831 3803 898 quidem

2218 915 2411 980 simile,
2463 916 2634 970 dicam
2669 925 2866 972 tamen.
2901 919 3086 972 Rahab
3114 918 3365 972 meretrix
3417 933 3534 972 cum
3587 921 3812 986 excepit

2217 1008 2598 1077 exploratores,
2633 1010 2947 1080 interrogata
2974 1028 2986 1062 :
3024 1009 3244 1080 Ingreasi
3266 1021 3377 1063 sunt
3398 1011 3464 1062 ad
3481 1022 3526 1063 te
3549 1013 3637 1063 viri
3660 1011 3805 1081 (λος.

2215 1096 2269 1151 2.
2309 1098 2501 1170 4.5)?
2553 1101 2873 1170 respondet,
2928 1100 3145 1165 Etiam;
3197 1101 3299 1156 hoc
3335 1104 3558 1170 primum
3609 1119 3806 1155 verum

2214 1196 2297 1242 est
2330 1189 2472 1244 :Sed
2495 1192 2745 1257 exierunt,
2803 1191 3006 1261 inquit;
3032 1191 3132 1245 hoc
3165 1192 3455 1246 secundum
3500 1193 3709 1245 falsum.
3747 1193 3808 1244 Si

2213 1279 2456 1346 dixisset,
2485 1281 2597 1335 Non
2617 1283 2816 1353 egressi
2839 1291 2984 1348 sunt,
3010 1283 3224 1338 dommn
3256 1284 3564 1353 perscrutati
3593 1293 3804 1337 essent.

2214 1372 2355 1426 Dixit
2383 1389 2593 1439 verum,
2623 1384 2680 1430 ut
2711 1375 2866 1431 fidem
2895 1375 3241 1431 conciliaret:
3273 1377 3464 1430 falsum
3491 1376 3713 1441 addidit,
3743 1387 3806 1428 ut

2211 1463 2500 1534 deciperet.
2533 1466 2606 1519 Ita
2641 1475 2695 1521 et
2741 1467 2841 1522 iste
2887 1484 2900 1520 :
2952 1467 3110 1523 nobis
3153 1467 3600 1536 interrogantibus
3630 1508 3645 1529 ,
3690 1467 3806 1520 Cur

2210 1557 2691 1611 sanctificationem
2722 1559 3192 1613 dctruncabimus‘!
3220 1559 3412 1620 dicitis,
3449 1559 3641 1628 inquit,
3685 1557 3798 1610 Do-

2209 1649 2379 1700 minus
2409 1647 2636 1701 Sabaoth
2682 1666 2699 1701 :
2729 1650 2873 1718 atqui
2906 1663 3009 1702 non
3040 1658 3120 1703 cst
3171 1663 3364 1702 nomen
3400 1649 3491 1701 Dei
3515 1690 3530 1712 ,
3564 1663 3670 1702 non
3716 1658 3801 1701 est

2207 1734 2402 1790 Christi
2430 1779 2445 1802 ,
2481 1754 2654 1808 neque
2705 1740 2896 1792 Patris.
2933 1739 3175 1792 Vidistin'
3203 1754 3264 1793 os
3295 1739 3392 1792 vile
3414 1747 3466 1792 et
3496 1738 3800 1807 impurum?

2209 1826 2503 1894 Iguoravit,
2564 1845 2755 1897 nempe
2795 1831 2864 1884 ob
2895 1830 3191 1893 inscitiam,
3225 1829 3456 1884 Sabaoth
3507 1845 3614 1881 non
3679 1843 3800 1881 esse

2208 1931 2401 1970 nomen
2435 1917 2550 1982 Dei,
2583 1919 2679 1972 sed
2709 1934 2902 1973 nomen
2933 1920 3258 1973 exercituum
3287 1937 3300 1983 ;
3326 1920 3374 1971 id
3405 1928 3505 1981 est,
3542 1918 3800 1974 Dominus

2207 2008 2483 2062 virtutum.
2537 2011 2764 2063 Causam
2795 2018 2968 2063 autem
2999 2011 3119 2064 dico
3155 2028 3166 2062 :
3205 2010 3296 2064 sed
3330 2020 3452 2063 ante
3479 2010 3642 2063 finem
3673 2010 3796 2078 quid

2205 2099 2358 2154 fausti
2389 2101 2629 2155 evenerit
2677 2103 2932 2155 annuntio
2985 2120 2998 2154 :
3051 2103 3313 2171 paenituit,
3347 2103 3622 2169 procidit,
3666 2117 3793 2156 ana-

2205 2194 2436 2247 themata
2464 2193 2616 2258 dixit,
2643 2202 2890 2263 precatus
2915 2203 3017 2257 est,
3053 2203 3297 2263 receptus
3325 2203 3425 2247 cst.

2271 2285 2323 2339 5.
2367 2286 2595 2340 Attende
2624 2286 2817 2354 igitur:
2843 2285 2966 2354 quia
2988 2300 3164 2340 sermo
3218 2285 3419 2346 incidit,
3448 2299 3631 2354 Opem:
3676 2301 3794 2352 pre-

2201 2373 2329 2426 tium
2355 2383 2555 2428 estnos
2580 2389 2792 2428 causam
2824 2374 3030 2431 dicere.
3076 2376 3145 2428 ob
3191 2391 3346 2443 quam
3391 2375 3581 2427 bratus
3633 2375 3794 2428 Isaias

2201 2463 2335 2518 hanc
2371 2466 2847 2520 sanetificationem
2907 2466 3016 2519 Deo
3066 2466 3313 2518 emissam
3356 2465 3580 2517 audivit.
3633 2466 3793 2518 Isaias

2198 2565 2314 2609 erat
2338 2555 2417 2609 vir
2438 2555 2714 2620 mirabilis,
2742 2556 2856 2610 zelo
2880 2555 3091 2624 plenus,
3125 2555 3205 2608 vir
3233 2555 3425 2614 audax,
3460 2554 3634 2606 audax
3691 2570 3792 2607 neu

2202 2650 2545 2716 procacitate,
2572 2648 2664 2702 sed
2695 2649 2830 2702 zelo.
2853 2648 2944 2702 Ilis
2977 2647 3303 2716 temporibus
3343 2647 3436 2699 fuit
3483 2661 3602 2707 rex,
3637 2647 3791 2699 Ozias

2203 2741 2418 2792 nomine
2453 2756 2466 2792 :
2496 2740 2539 2792 is
2567 2754 2686 2792 cum
2712 2739 2854 2808 regia
2882 2738 3181 2806 majestate,
3207 2737 3568 2792 sacerdotium
3631 2739 3791 2789 etiam

2197 2828 2447 2882 invadere
2498 2829 2736 2883 tentavit.
2785 2827 3101 2882 Sacerdotes
3145 2827 3267 2896 quid
3296 2828 3416 2879 inde
3470 2836 3793 2896 sequeretur

2196 2927 2489 2982 noverant;
2522 2918 2629 2987 regi
2662 2928 2835 2972 tamen
2873 2918 3154 2985 plurimum
3189 2917 3437 2971 reluctari
3475 2918 3788 2974 noluerunt;

2193 3011 2500 3079 dignitatem
2540 3012 2780 3075 reveriti,
2811 3011 2999 3064 solium
3033 3009 3238 3062 honore
3283 3009 3600 3076 prosequuti
3641 3019 3789 3070 sunt,

2194 3104 2458 3156 exercitus
2482 3104 2790 3155 timuerunt.
2819 3101 2935 3169 Ipse
2961 3116 3172 3169 quoque
3218 3099 3379 3152 Isaias
3432 3099 3624 3159 tacuit,
3685 3112 3792 3151 non

2193 3193 2398 3247 obstitit
2447 3196 2576 3262 regi.
2610 3192 2678 3248 Ut
2705 3193 2832 3245 vidit
2875 3193 3013 3245 Deus
3044 3189 3349 3244 sacerdotes
3381 3188 3790 3252 formidolosos,

2194 3295 2468 3340 nutantem
2524 3285 2860 3354 prophetam,
2919 3299 3097 3353 regem
3148 3281 3399 3335 audacter
3440 3296 3786 3350 aggressum,

2195 3375 2480 3429 immisitci
2509 3377 2712 3443 Icpram
2738 3374 2788 3426 in
2820 3372 3044 3434 vultum,
3078 3381 3260 3439 utpote
3292 3370 3381 3437 qui
3414 3380 3606 3421 sancta
3630 3369 3795 3420 attin-

2191 3480 2316 3534 gere
2342 3479 2500 3518 ausus
2526 3474 2666 3516 eSset
2693 3479 2705 3513 :
2737 3470 2895 3529 atque
2925 3461 3174 3526 expulsus
3201 3459 3414 3512 demum
3439 3458 3533 3511 ille
3567 3469 3653 3510 est
3678 3474 3786 3510 non

2195 3555 2353 3608 modo
2381 3570 2411 3608 a
2459 3552 2786 3616 sacerdotio,
2811 3551 2902 3605 sed
2934 3551 3092 3605 ctiam
3122 3565 3149 3602 a
3192 3565 3377 3617 regno,
3427 3559 3482 3602 et
3543 3550 3794 3616 Icprosus

2193 3645 2405 3700 mansit.
2432 3645 2570 3698 Deus
2587 3659 2746 3713 porro
2762 3643 2900 3712 quod
2924 3656 3077 3696 suum
3107 3651 3222 3696 erat
3247 3641 3518 3709 pra‘stitil,
3547 3642 3794 3710 indigna-

2195 3749 2274 3791 tus
2305 3747 2480 3792 autem
2509 3745 2590 3791 est
2620 3737 2669 3789 in
2699 3734 3023 3798 sacerdotes,
3056 3735 3391 3802 maximeque
3443 3735 3495 3785 in
3557 3734 3795 3801 prephe-

2195 3840 2322 3893 tam,
2345 3828 2483 3897 quod
2516 3841 2751 3896 praesens
2779 3841 2898 3879 cum
2950 3835 3112 3890 esset,
3151 3825 3400 3893 pietatem
3438 3825 3793 3892 prodidisset.

2195 3921 2530 3989 Deusitaque
2564 3934 2686 3987 erga
2717 3917 3027 3987 prophetam
3065 3917 3336 3971 silentium
3363 3915 3617 3970 servabat
3647 3935 3659 3976 ;
3696 3934 3794 3969 nec

2195 4014 2354 4068 verba
2378 4029 2496 4066 cum
2527 4027 2592 4066 eo
2634 4012 2781 4076 fecit,
2833 4012 3004 4065 donec
3056 4011 3267 4078 iniquus
3310 4011 3400 4066 ille
3455 4020 3789 4064 moreretur.

2193 4104 2326 4158 Cum
2357 4113 2534 4156 autem
2561 4103 2778 4156 obiisset
2803 4104 2996 4171 impius
3019 4101 3124 4166 ille,
3159 4111 3267 4155 tum
3301 4102 3439 4155 Deus
3470 4102 3648 4169 posita
3713 4102 3790 4151 in-

2193 4196 2516 4264 dignatione,
2542 4196 2811 4264 prophetac
2833 4194 3268 4248 conciliatur.Ait
3291 4194 3468 4261 itaque
3497 4191 3668 4245 Isaias
3693 4209 3706 4242 :
3734 4190 3794 4242 Et

2195 4291 2384 4357 frictum
2407 4296 2477 4340 est
2504 4287 2555 4340 in
2575 4302 2729 4349 anno,
2760 4287 2810 4336 in
2836 4301 2934 4352 quo
2964 4294 3189 4337 mortuus
3225 4295 3293 4335 est
3341 4299 3431 4336 rex
3455 4283 3634 4344 Ozias,
3691 4284 3794 4334 vidi

2192 4377 2467 4430 Dominam
2487 4377 2734 4430 sedentem
2763 4393 2912 4442 super
2953 4375 3135 4427 solium
3159 4374 3406 4426 excelsum
3433 4383 3483 4424 et
3536 4373 3796 4424 eleuatum

2197 4466 2360 4533 (Isai.
2391 4466 2546 4534 6.1).
2593 4464 2701 4517 Cur
2736 4480 2859 4516 vero
2898 4464 3033 4516 Deus
3086 4463 3331 4530 apparuit
3371 4476 3536 4528 super
3586 4463 3795 4516 solium

2194 4559 2466 4612 excelsum
2495 4569 2546 4609 et
2567 4555 2870 4608 elcvatum?
2900 4555 3027 4619 Quia
3064 4554 3345 4606 invisibilis
3363 4563 3446 4606 est
3471 4554 3637 4616 Deus,
3702 4570 3796 4606 rex

2194 4661 2368 4700 autem
2399 4649 2540 4699 visus
2565 4655 2761 4698 metum
2791 4646 3040 4708 incussit;
3071 4644 3345 4712 prOpheta:
3375 4646 3654 4697 cmlcstem
3682 4647 3801 4713 glo-

2195 4741 2325 4791 riam
2351 4737 2624 4798 exhibuit;
2656 4746 2710 4788 ut
2733 4734 3039 4789 ostenderet
3087 4735 3155 4798 ei,
3190 4750 3293 4803 quo
3315 4734 3452 4786 solio
3503 4734 3801 4803 despecto,

2194 4830 2333 4899 quod
2379 4830 2567 4881 solium
2601 4827 2950 4880 honorassent
2984 4843 2995 4877 :
3028 4824 3167 4893 quod
3211 4823 3541 4886 Satellitium,
3592 4841 3805 4892 nempe

2195 4925 2404 4976 ca‘lestc
2431 4930 2482 4974 et
2500 4920 2816 4986 angelicum,
2843 4933 2946 4970 non
2971 4917 3313 4979 honorantes,
3345 4930 3520 4982 neque
3547 4916 3806 4983 cogitan-

2198 5026 2296 5079 tes,
2333 5017 2616 5065 humanum
2638 5010 2942 5062 satellitium
2966 5007 3301 5062 metuissent.
3334 5005 3399 5058 Et
3429 5017 3562 5072 erat,
3594 5008 3804 5076 inquit,

2196 5109 2374 5160 domus
2397 5107 2541 5174 plena
2569 5103 2726 5172 gloria
2749 5104 2858 5169 ejus
2888 5117 2903 5153 :
2933 5112 2975 5153 ct
2998 5101 3269 5168 Seraphin:
3292 5101 3491 5154 stabant
3519 5104 3572 5154 in
3599 5104 3804 5154 circui-

2197 5213 2249 5252 tu
2275 5201 2381 5266 ejus
2400 5200 2416 5267 (
2434 5196 2564 5248 Ibid.
2587 5212 2631 5246 υ.
2653 5196 2687 5246 2
2709 5194 2746 5262 ).
2770 5193 3054 5245 Cherubim
3078 5192 3296 5257 solium,
3315 5191 3599 5261 Seraphim
3626 5193 3808 5245 satel-

2199 5293 2366 5344 litium
2386 5297 2509 5343 sunt
2529 5305 2539 5337 ;
2561 5285 2844 5339 Cherubim
2873 5299 3101 5351 namque
3131 5284 3259 5336 nihil
3284 5285 3425 5336 aliud
3458 5285 3801 5352 significant,

2197 5398 2351 5450 quam
2385 5375 2690 5445 sapientiam
2726 5374 2956 5441 plenam.
2984 5373 3446 5439 Quemadmodum
3479 5383 3665 5424 autem
3701 5375 3808 5425 hoc

2197 5473 2386 5526 solium
2418 5470 2530 5522 sive
2555 5465 2694 5518 aliud
2723 5464 2943 5532 quodvis
2994 5465 3228 5532 quietem
3287 5463 3492 5532 przebct
3549 5462 3804 5526 sedenti,

2269 5566 2338 5624 ta)
2366 5561 2643 5617 Vaticanus,
2673 5559 2888 5625 Savilius
2906 5562 3116 5625 ejusque
3140 5560 3311 5625 Codd.)
3337 5561 3421 5618 μία
3444 5558 3625 5625 nimie.
3659 5558 3814 5607 Com-

2200 5621 2402 5674 betisius
2429 5637 2560 5674 vero.
2596 5636 2684 5668 suo
2723 5623 2896 5678 Marte,
2936 5621 3223 5682 nulliusque
3258 5621 3582 5678 Mannsm-ipti
3626 5633 3814 5668 3thln~

2199 5691 2363 5741 l'ltnlt‘,
2389 5684 2643 5732 substituit
2671 5684 2753 5741 μία
2793 5686 2973 5739 Θεότης.
3003 5683 3111 5733 Non
3137 5681 3279 5730 video
3306 5694 3394 5730 cur
3416 5687 3595 5729 textus
3630 5681 3725 5730 hic
3751 5684 3818 5730 si‘.

2200 5751 2332 5797 milia
2363 5747 2652 5795 ulICtOItlal".
2682 5745 2957 5793 umtandus.
