3982 6218
164 366 287 421 443

167 467 381 538 φύλλα
404 469 695 537 ἀμπέλου.
724 471 959 541 Προσεχε
992 470 1068 534 δὲ,
1097 469 1419 540 παρακαλῶ,
1447 469 1542 523 καὶ
1568 466 1760 538 ἑτέραν

168 556 385 627 χρείαν·
412 555 494 608 Τὰ
528 554 693 609 ὕδατα
726 556 910 611 ἐπάνω
935 557 1042 611 τῶν
1062 556 1331 628 οὐρανῶν,
1362 558 1423 609 οὺ
1454 556 1611 626 μόνον
1641 571 1764 607 συν-

167 646 335 713 τηρεῖ
363 643 454 696 τὸν
480 643 726 714 οὐρανὸν,
756 644 893 698 ἀλλά
922 645 1013 697 καὶ
1043 647 1143 716 τὴν
1166 643 1341 714 φλόγα
1368 643 1463 697 τοῦ
1490 643 1637 714 ήλίου
1669 644 1763 698 καὶ

168 733 272 799 τῆς
305 730 533 801 σελήνης
560 732 911 801 καταπέμπει
942 741 983 784 ⁸.
1016 733 1081 785 Et
1110 731 1220 802 γὰρ
1243 727 1311 802 ἦν
1331 730 1594 802 διαφανὴς
1617 731 1645 783 6
1673 730 1762 784 οὑ-

172 816 357 886 ρανὸς,
388 817 485 886 ὅλη
516 819 549 888 ή
579 817 723 889 αὐγὴ
752 820 863 873 ἄνω
889 819 1097 890 ἔτρεχε·
1119 820 1180 872 τὸ
1205 819 1314 889 γὰρ
1346 818 1460 891 πῦρ
1481 818 1762 891 ἀνωφερὲς

166 904 252 964 ὃν.
291 904 497 976 ἔρημον
545 905 644 977 τὴν
688 907 792 977 γῆν
835 908 1227 977 κατελίμπανε.
1280 906 1379 959 Διά
1420 904 1578 959 τοῦτο
1633 904 1761 973 γοῦν

167 994 398 1065 ἐπίλησε
430 994 522 1048 τὸν
554 997 778 1067 οὐρανὸν
803 997 1008 1067 ἄνωθεν
1053 998 1301 1069 ἀπείροις
1350 997 1561 1059 ὕδασιν,
1593 996 1679 1050 ’ίνα
1726 998 1757 1066 ή

168 1083 318 1155 αύγὴ
341 1086 672 1156 στενουμένη
705 1087 856 1142 κάτω
886 1087 1192 1159 πέμπηται.
1230 1089 1370 1157 Ὅρα
1395 1086 1487 1140 τοῦ
1516 1085 1757 1155 τεχνίτου

164 1170 267 1239 τὴν
300 1173 512 1241 σοφίαν.
540 1175 725 1245 Ἔχεις
757 1176 813 1228 δέ
842 1176 936 1229 καὶ
962 1179 1020 1229 ἐν
1055 1176 1233 1246 ἐαυτῷ
1259 1174 1354 1227 τοῦ
1382 1172 1626 1243 τεχνίτου
1662 1174 1761 1244 τῆς

167 1257 364 1325 σοφίας
403 1260 502 1331 τὴν
538 1262 742 1320 εἰκόνα·
777 1264 1032 1332 ἐποίησεν
1061 1265 1088 1317 6
1114 1263 1246 1327 Θεὸς
1276 1260 1430 1334 [450]
1462 1259 1553 1314 καὶ
1584 1261 1641 1312 ἐν
1676 1262 1760 1313 σοὶ

162 1343 277 1398 τῶν
314 1348 595 1420 τεσσάρων
638 1350 919 1420 στοιχείων
962 1352 1060 1420 τὴν
1104 1350 1308 1405 εἰκόνα.
1349 1349 1460 1403 Καὶ
1498 1348 1755 1419 πρόσεχε.

165 1434 491 1502 παρακαλῶ·
515 1436 707 1505 νόησόν
736 1454 826 1508 μοι
850 1437 948 1509 τὴν
976 1437 1215 1509 κεφαλὴν
1243 1436 1448 1508 ταύτην
1474 1437 1566 1490 τὸν
1595 1436 1759 1505 ούρα-

164 1519 256 1572 νὸν
284 1520 379 1574 τὸν
410 1522 541 1587 ἄνω,
575 1522 644 1576 τὰ
675 1524 862 1579 ἐπάνω
899 1526 1000 1596 τῆς
1029 1525 1300 1595 γλώσσης,
1346 1525 1436 1579 τὸν
1466 1523 1624 1578 ἄλλον
1667 1522 1758 1576 ού-

169 1606 355 1678 ρανὸν,
404 1609 651 1664 τουτέστι
689 1612 752 1663 τὸ
787 1613 1096 1684 στερέωμα·
1142 1613 1264 1666 ὅθεν
1303 1613 1397 1665 καὶ
1433 1611 1757 1683 ούρανίσκος

165 1698 435 1749 καλεῖται.
473 1697 619 1751 Ι’Λνω
660 1699 717 1751 ἐν
745 1703 858 1763 τοῖς
895 1700 1147 1770 ἀοράτοις
1178 1700 1480 1768 ἐγκέφαλος
1515 1700 1588 1771 μὴ
1629 1717 1756 1769 φαι-

163 1782 413 1853 νόμενος,
448 1785 505 1837 ἐν
533 1784 611 1855 τῷ
634 1787 784 1839 κάτω
814 1788 1033 1855 γλῶσσα
1068 1788 1389 1860 φαινομένη.
1426 1789 1634 1861 Ὥσπερ
1662 1785 1757 1842 οὖν

162 1872 192 1923 6
223 1873 457 1943 οὐρανὸς
484 1875 513 1926 6
545 1875 656 1929 ἄνω
686 1876 743 1927 ἐν
764 1877 873 1940 τοῖς
905 1877 1179 1949 ἀοράτοις,
1211 1881 1238 1931 6
1261 1878 1318 1931 δέ
1340 1878 1543 1948 κόσμος
1565 1880 1623 1931 ἐν
1645 1881 1756 1941 τοῖς

163 1957 539 2028 λαλουμένοις·
574 1960 669 2013 καὶ
709 1960 899 2034 ὥσπερ
936 1966 995 2017 ἐν
1032 1966 1144 2028 τοῖς
1171 1965 1454 2034 στοιχείοις
1485 1964 1758 2036 εὑρίσκεις

162 2044 264 2115 τὴν
301 2046 404 2115 μὲν
431 2049 535 2118 γῆν
573 2047 817 2118 βαρεῖαν,
839 2051 900 2104 τὸ
930 2052 986 2104 δὲ
1010 2050 1153 2124 ὕδωρ
1182 2052 1284 2122 τῆς
1315 2054 1411 2122 μὲν
1435 2054 1537 2123 γῆς
1562 2053 1758 2122 κουφό-

162 2149 348 2203 τερον,
378 2132 472 2187 τοῦ
506 2134 564 2187 δέ
600 2136 769 2204 πυρὸς
803 2137 1120 2210 βαρύτερον·
1161 2139 1320 2193 πάλιν
1359 2139 1450 2192 τὸν
1479 2140 1619 2211 ἀέρα
1649 2140 1757 2194 τῶν

164 2220 376 2275 ὑδάτων
423 2223 766 2294 κουφότερον,
816 2225 909 2278 τοῦ
948 2226 1004 2279 δέ
1040 2227 1210 2298 πυρὸς
1248 2226 1569 2299 βαρύτερον·
1613 2228 1758 2282 οὕτω

163 2311 260 2363 καὶ
316 2312 377 2363 ἐν
423 2313 554 2382 ήμῖν
584 2313 640 2365 αί
675 2313 976 2384 αἰσθήσεις,
1011 2313 1221 2383 γεῦσις,
1261 2315 1549 2387 ὄσφρησις,
1595 2316 1754 2387 ἀκοή,

162 2397 309 2466 ὸψις,
359 2400 452 2452 καὶ
497 2401 556 2452 οὑ
588 2403 756 2454 πείσαι
808 2402 941 2455 ἴσαι.
973 2403 1118 2457 Λάϐε
1157 2403 1255 2474 τὴν
1286 2404 1580 2471 ἀπόδειξιν·
1631 2405 1758 2458 Ἐὰν

163 2483 329 2556 θέλῃς
354 2487 499 2548 τινὸς
518 2488 838 2553 γεύσασθαι,
871 2489 966 2542 ἐὰν
991 2490 1064 2560 μή
1092 2490 1395 2563 πλησιάζῃς
1418 2495 1483 2561 τῇ
1511 2490 1754 2565 γλώσσῃ.

162 2572 260 2625 τοῦ
307 2574 604 2643 γευομένου
653 2578 714 2628 ού
759 2578 1057 2647 λαμϐάνεις
1093 2580 1367 2649 αἴσθησιν.
1398 2581 1605 2650 Παχεία
1648 2582 1757 2652 γάρ

162 2662 305 2725 ἐστι,
329 2664 423 2716 καὶ
444 2665 505 2717 ού
530 2665 753 2720 δύναται
779 2667 1061 2738 πόρρωθεν
1083 2664 1214 2721 οὖσα
1237 2668 1753 2739 ἀντιλαμϐάνεσθαι.

175 2747 237 2800 ’11
268 2749 537 2821 ὄσφρησις
563 2752 619 2805 δὲ
656 2755 930 2825 μακρόθεν
956 2754 1431 2824 ἀντιλαμϐάνεται·
1459 2750 1592 2821 οἷον,
1625 2773 1758 2826 παρ-

164 2836 306 2907 έρχῃ
356 2838 423 2890 δι’
456 2840 654 2903 οίκίας,
702 2841 968 2913 όσφραίνῃ
1011 2840 1377 2914 θυμιάματος,
1415 2843 1445 2896 6
1491 2843 1564 2914 μὴ
1603 2845 1754 2914 ὁρᾷς.

164 2926 343 2979 Πάλιν
374 2927 408 2996 ή
440 2926 563 2995 ὸψις
593 2927 697 2997 τῆς
721 2930 1037 3000 ὀσφρήσεως
1068 2933 1363 3002 ταχύτερα·
1414 2931 1601 3001 βλέπει
1648 2933 1758 3005 γὰρ

161 3013 274 3068 ἀπὸ
299 3013 462 3085 ὅρους
494 3014 668 3086 πλάτη
700 3016 931 3085 μεγάλα.
966 3018 1077 3088 Τῆς
1110 3019 1285 3086 ὅψεως
1320 3019 1483 3073 πάλιν
1507 3018 1759 3091 ὀξύτερος

160 3103 192 3153 6
222 3100 373 3164 νοῦς·
403 3103 576 3154 ἐννοεῖ
601 3104 846 3173 οὐρανὸν,
872 3104 998 3175 γῆν,
1022 3105 1316 3168 θάλασσαν,
1347 3106 1441 3158 καὶ
1465 3107 1640 3177 πάντη
1668 3107 1754 3158 εὑ-

163 3188 445 3259 ρίσκεται.

236 3275 341 3329 Διὰ
383 3274 543 3330 τοῦτο
581 3278 675 3329 καὶ
710 3276 873 3330 είκὼν
906 3278 1041 3331 Θεοῦ
1081 3281 1109 3332 6
1139 3278 1285 3343 νοῦς.
1327 3281 1528 3333 Ἑννοεϊ
1555 3281 1583 3332 6
1612 3280 1755 3343 νοῦς,

160 3364 264 3418 καὶ
297 3364 500 3427 εὐθέως
530 3365 702 3429 κτίζει
734 3368 862 3435 παρ’
898 3366 1077 3435 ἐαυτῷ
1111 3366 1337 3438 ἀγορὰς,
1374 3368 1760 3440 ἀναζωγραφεί

164 3454 349 3525 ὄχλον,
391 3455 580 3525 δῆμον.
632 3455 960 3509 Αἰδεσθῶσιν
1008 3458 1295 3527 αίρετικοί.
1348 3458 1491 3520 Νοῦς
1537 3459 1760 3510 τοιαῦτα

163 3543 483 3613 ἐργάζεται,
518 3545 612 3597 καὶ
646 3546 673 3597 ό
706 3544 797 3597 τοῦ
840 3543 931 3597 νοῦ
971 3545 1242 3615 τεχνίτης,
1272 3547 1300 3598 6
1336 3546 1515 3616 πάσης
1552 3545 1759 3615 ὀσφρή-

166 3648 313 3693 σεως
346 3630 617 3700 ὀξύτερος.
649 3632 711 3685 ού
744 3632 1050 3702 ταχυτέραν
1088 3632 1201 3701 ἔχει
1233 3634 1333 3703 τὴν
1364 3633 1664 3701 ἐνέργειαν,
1699 3632 1761 3685 ού

168 3717 441 3787 σύντομον
466 3719 563 3789 τὴν
589 3719 970 3790 δημιουργίαν,
1002 3720 1101 3771 ούκ
1135 3718 1517 3788 ἀκατάληπτον
1537 3718 1635 3789 τὴν
1662 3717 1761 3787 φύ-

170 3820 298 3869 σιν;
332 3805 601 3877 Βούλομαι
627 3806 703 3873 δὲ,
741 3807 977 3875 ἀδελφοὶ,
1008 3809 1184 3860 εἰπεῖν
1228 3808 1304 3869 είς
1340 3807 1483 3876 ὑμᾶς
1515 3806 1577 3857 τὸ
1613 3806 1761 3870 ξένον

172 3893 297 3962 μὲν,
342 3893 465 3945 ὅσον
499 3895 576 3956 είς
619 3894 891 3955 ἀσέϐειαν,
942 3893 1239 3964 σύντροφον
1275 3892 1331 3945 δὲ
1368 3893 1468 3963 τῆς
1502 3893 1761 3957 πίστεως,

169 3982 296 4034 ὅσον
328 3984 409 4045 εἰς
428 3982 693 4048 ἐξέτασιν,
726 3984 811 4037 ἵνα
841 3982 1049 4053 μάθητε
1079 3975 1219 4036 πόσα
1253 3987 1567 4052 καινοτομεῖ
1596 3985 1624 4035 6
1650 3983 1765 4037 διά-

170 4070 351 4132 ϐολος,
378 4071 519 4123 πόσα
540 4071 802 4139 εὑρίσκει,
835 4074 977 4125 πόσα
998 4071 1287 4124 ὑποϐάλλει
1308 4073 1420 4133 τοῖς
1445 4072 1761 4141 αἱρετικοῖς,

176 4158 380 4227 μᾶλλον
399 4156 453 4210 δὲ
475 4157 668 4227 ἐκείνῳ
700 4159 748 4209 οἱ
777 4159 1060 4229 αἱρετικοί·
1088 4160 1160 4229 Σή
1173 4158 1336 4230 μερόν
1363 4176 1447 4220 τις
1475 4159 1566 4209 ἐπὶ
1593 4158 1763 4225 ἁγίων

174 4234 392 4316 ἀνδρῶν
441 4248 533 4299 καὶ
583 4247 842 4318 Πατέρων
889 4247 1060 4300 ἐλθὼν
1114 4248 1250 4317 πρὸς
1300 4248 1444 4318 ἡμᾶς
1492 4245 1765 4318 αίρετικὸς

174 4332 330 4402 ἐλεγε
350 4330 369 4402 (
390 4333 533 4401 λέγω
559 4334 616 4387 δέ
648 4334 735 4387 ἵνα
761 4336 968 4404 μήποτε
998 4337 1025 4388 6
1061 4334 1216 4401 λόγος
1246 4334 1419 4397 ἄλλως
1454 4333 1762 4397 ἀκουσθείς,

174 4422 356 4484 ἄλλως
386 4421 613 4494 πλήξῃ)·
649 4423 835 4493 Πατὴρ
866 4423 991 4493 γὰρ,
1029 4422 1179 4492 φησὶ,
1217 4423 1311 4475 καὶ
1348 4422 1473 4484 Υἱὸς
1493 4424 1586 4474 καὶ
1612 4421 1766 4489 ἅγιον

175 4509 407 4578 Πνεῦμα
457 4511 556 4579 μία
608 4511 821 4580 θεότης,
889 4513 985 4580 μία
1035 4511 1281 4581 δύναμις,
1344 4510 1443 4580 μία
1495 4510 1762 4578 βασιλεία.

174 4599 269 4650 Δεῖ
288 4595 366 4655 δὲ,
404 4597 587 4665 φησὶν,
612 4596 953 4667 ἐξαιρεθῆναι
984 4598 1090 4650 ἀπὸ
1119 4600 1216 4667 τῆς
1244 4598 1420 4667 ψυχῆς
1445 4597 1606 4650 αὑτοῦ
1626 4600 1653 4637 h
1686 4598 1765 4667 (οὑ

178 4686 288 4753 γὰρ
317 4683 461 4751 λέγω
493 4683 601 4735 ἀπὸ
630 4682 723 4734 τοῦ
758 4684 1190 4754 θυσιαστηρίου),
1220 4685 1279 4735 τό
1310 4684 1485 4751 λέγειν
1524 4688 1580 4737 ἐν
1614 4688 1770 4747 ἁγια-

180 4772 331 4842 σμῷ·
376 4773 587 4840 Ἄγιος,
639 4771 823 4839 ἅγιος,
874 4770 1040 4839 ἅγιος
1083 4772 1295 4837 Κύριος
1340 4772 1602 4825 Σαϐαὼθ.
1644 4773 1769 4824 Ἐὰν

180 4859 359 4922 τοῦτο,
397 4861 551 4930 φησὶ,
585 4860 660 4930 μὴ
687 4858 995 4929 περιέλητε,
1023 4858 1338 4928 Χριστιανοὶ
1369 4858 1468 4910 οὐκ
1497 4861 1640 4912 ἐστέ.
1679 4856 1769 4913 Εἷ-

180 4947 269 5009 ὃες
291 4947 562 5017 τοσαύτην
584 4946 785 5016 τόλμαν
822 4950 913 4999 καὶ
950 4948 1145 5017 μανίαν
1177 4947 1269 5000 τοῦ
1307 4946 1551 4999 διαϐόλου
1579 4965 1592 5011 ;
1629 4944 1768 5010 εἶδες

186 5036 342 5106 ῥίζαν
414 5035 749 5105 θεομαχίαςς
804 5033 942 5099 εἶδες
1010 5038 1317 5107 ὑπερϐολὴν
1382 5036 1765 5107 βλασφημίας;

196 5124 621 5191 ’Λποκεφαλίσαι
668 5125 897 5195 ἠθέλησε
949 5125 1045 5196 τὴν
1098 5127 1396 5184 εὐσέϐειαν,
1437 5125 1767 5193 ὲκνευρῶσαι

182 5214 244 5265 16
304 5214 624 5284 μυστήριον,
675 5213 937 5280 ἀφανίσαι
984 5215 1079 5285 τὴν
1117 5216 1321 5278 πίστιν,
1364 5214 1658 5285 ἐκριζῶσαι
1702 5215 1769 5265 10':

184 5301 607 5369 θεμελιωθέντα.
646 5302 755 5352 Καὶ
780 5301 879 5369 ὅρα
904 5302 965 5353 τὸ
992 5302 1161 5354 δεινὸν
1190 5301 1285 5355 τοῦ
1311 5303 1572 5355 διαϐόλου·
1605 5302 1771 5370 Προσ-

186 5388 390 5458 έπηξεν
419 5387 568 5458 αὑτῷ
595 5389 784 5442 είπεῖν·
819 5389 1007 5460 Πατὴρ
1040 5392 1130 5442 καὶ
1156 5391 1279 5452 Υἱὸς
1306 5390 1397 5445 καὶ
1424 5393 1572 5458 ἆγιον
1598 5387 1770 5441 Πνεῦ-

249 5654 275 5683 ⁸
306 5653 505 5704 Cosmas
538 5654 671 5703 κάτω
714 5654 906 5707 πέμπει.
935 5651 1064 5701 Infra
1094 5651 1227 5703 idem
1271 5655 1349 5704 διὰ
1371 5654 1517 5705 τοῦτο
1542 5654 1622 5704 οὖν
1663 5672 1767 5703 συν-

188 5717 409 5771 σπίλησε.

251 5776 282 5819 ιο
302 5780 414 5827 Sav.
439 5778 671 5842 conj/3:116
694 5784 776 5837 τῆς
802 5777 940 5839 εὐχῆς
962 5776 1122 5826 αὑτοῦ.

1184 352 1274 405 DE
1313 350 1535 408 MUNDI
1565 344 1964 406 οιιΕΑτιοΝΕ
1988 348 2251 409 ORATIO
2292 353 2353 408 ΙΙ.

3325 357 3437 411 44-1

1868 483 1967 535 μα,
1995 467 2091 539 μία
2120 469 2322 535 πίστις,
2360 471 2458 541 μία
2483 470 2729 541 δύναμις,
2768 470 2866 541 μία
2896 471 3158 540 βασιλεία.
3190 472 3446 544 Ἐκέρασε

1863 554 1924 606 τὸ
1951 554 2279 627 δηλητήριον
2312 556 2507 628 μέλιτι.
2544 558 2655 610 Ἀεὶ
2684 558 2792 627 γὰρ
2815 558 2877 611 τὸ
2909 558 3125 628 ψεῦδος,
3161 558 3289 613 ὅταν
3317 560 3446 633 θέλῃ

1863 644 2242 716 πιστευθῆναι,
2279 646 2374 701 ἐὰν
2412 647 2485 717 μὴ
2520 647 2668 718 πήξῃ
2715 647 2960 717 θεμέλιον
2998 646 3262 717 δοκούσης
3310 648 3446 719 άλη-

1864 731 2036 795 θείας,
2091 732 2152 785 ού
2205 734 2541 787 πιστεύεται·
2590 735 2684 787 καὶ
2730 734 2897 799 ὅπως,
2928 735 3112 788 ἄκουε·
3150 735 3300 788 οὐδὲν
3350 737 3448 806 μέν

1862 819 2068 889 ὅμοιον,
2091 819 2232 888 λέγω
2253 820 2330 874 δέ·
2367 821 2535 875 Ῥαὰϐ
2563 824 2595 892 ή
2618 822 2790 892 πόρνη
2808 823 2894 875 ὅτε
2914 822 3127 885 ἐδέξατο
3142 822 3269 886 τοὺς
3289 840 3450 875 κατα-

1866 908 2117 973 σκόπους,
2158 911 2438 981 ἠρωτήθη·
2469 911 2614 983 [451]
2642 912 2946 978 Εὶσῆλθον
2972 911 3124 977 πρὸς
3152 911 3226 964 σὲ
3256 913 3309 964 οί
3342 911 3449 965 ἇν-

1862 995 2032 1064 δρες;
2059 998 2242 1064 Λέγει,
2269 999 2402 1052 Ναί·
2427 1000 2488 1052 τὸ
2510 1000 2725 1069 πρῶτον
2742 999 2959 1068 ἀληθές·
2988 1000 3139 1053 Ἀλλ’
3160 998 3444 1066 ἐξῆλθον,

1863 1083 2033 1154 φησί·
2067 1085 2129 1138 τὸ
2158 1084 2410 1157 δεύτερον
2442 1085 2655 1155 ψεῦδος.
2699 1088 2761 1140 Εἰ
2813 1084 2989 1150 εἶπεν,
3043 1086 3156 1139 Οὐκ
3202 1085 3445 1155 ἐξῆλθον,

1863 1170 2133 1242 ὴρευνᾶτο
2161 1174 2195 1243 ή
2235 1173 2402 1228 οἰκία.
2439 1169 2575 1227 Εἷπε
2608 1174 2670 1228 τὸ
2701 1174 2917 1245 ἀληθὲς,
2948 1176 3034 1228 ίνα
3063 1174 3318 1245 ἐντρέψῃ·
3351 1174 3449 1226 ἐπ-

1862 1258 2037 1327 ήγαγε
2090 1258 2151 1311 16
2193 1259 2410 1329 ψεῦδος,
2457 1261 2545 1314 ἵνα
2585 1261 2861 1334 ἀπατήσῃ.
2921 1260 3079 1315 Οὕτω
3125 1262 3217 1314 καὶ
3270 1255 3446 1324 οὗτος·

1861 1344 2193 1416 ἐρωτώντων
2218 1348 2398 1418 ήμῶν,
2430 1348 2585 1401 Διατί
2605 1348 2873 1420 ἐξέλωμεν
2899 1348 2992 1401 τὸν
3014 1349 3317 1418 ἀγιασμόν;
3361 1347 3448 1401 λέ-

1860 1447 1985 1499 γετε
2011 1443 2059 1495 ε,
2100 1434 2316 1502 Κύριος
2349 1435 2611 1490 Σαϐαὼθ·
2649 1435 2764 1489 ἀλλ’
2792 1436 2892 1488 οὑκ
2936 1434 3052 1490 ἐστι
3086 1435 3220 1489 Θεοῦ
3254 1435 3445 1505 ὄνομα,

1859 1518 1960 1573 ούκ
1984 1519 2133 1573 ἐστιν
2164 1519 2287 1574 οὕτε
2312 1521 2406 1575 τοῦ
2436 1523 2693 1592 Χριστοῦ,
2735 1522 2859 1577 οὔτε
2891 1521 2986 1576 τοῦ
3029 1524 3263 1593 Πατρός.
3298 1520 3449 1588 Εἶδες

1858 1606 1920 1659 τὸ
1968 1606 2387 1678 ἐξουθενημένον
2428 1610 2527 1662 καὶ
2577 1610 2772 1682 μιαρὸν
2825 1610 3037 1681 στόμα;
3087 1609 3351 1680 Ἦγνόησε
3390 1611 3447 1664 δὲ

1860 1694 1968 1747 ἀπὸ
2002 1694 2288 1761 ἰδιωτείας,
2321 1696 2401 1749 ὅτι
2436 1696 2499 1749 τὸ
2526 1696 2752 1751 Σαϐαὼθ
2784 1698 2883 1751 οὑκ
2916 1698 3061 1750 ἐστιν
3090 1697 3260 1768 ὄνομα
3288 1697 3445 1764 Θεοῦ,

1859 1781 1973 1836 ἀλλ’
2020 1781 2189 1852 ϐνομα
2239 1784 2526 1854 στρατιῶν·
2579 1784 2848 1851 τουτέστι,
2895 1784 3102 1856 Κύριος
3149 1783 3256 1836 τῶν
3289 1783 3449 1837 δυνά-

1862 1886 2027 1940 μεων.
2060 1870 2220 1938 Λέγω
2255 1871 2310 1924 δὲ
2339 1871 2431 1924 καὶ
2465 1869 2564 1942 τὴν
2593 1873 2792 1925 αἰτίαν·
2821 1871 2960 1925 ἀλλά
2987 1872 3093 1941 πρὸ
3130 1872 3225 1924 τοῦ
3260 1870 3448 1934 τέλους

1861 1955 2284 2026 εὐαγγελίζομαι
2322 1959 2489 2028 ὑμᾶς·
2525 1959 2839 2030 μετενόησε,
2871 1959 3232 2031 προσέπεσεν,
3261 1958 3450 2012 ἀνεθε-

1862 2044 2110 2116 μάτιοεν,
2146 2044 2370 2115 ηὔξατο,
2401 2045 2614 2117 ἐδέχθη.

1930 2139 1991 2183 ε’.
2020 2130 2262 2202 Πρόσεχε
2282 2132 2481 2185 τοίνυν·
2508 2132 2698 2203 ἐπειδὴ
2724 2131 3098 2203 παρενέπεσεν
3116 2131 3145 2183 6
3162 2131 3341 2201 λόγος,
3368 2132 3448 2186 δεῖ

1860 2221 2006 2292 ήμᾶς
2028 2222 2119 2275 κα)⁴
2137 2222 2237 2291 τὴν
2258 2222 2436 2276 αἰτίαν
2452 2225 2629 2276 εἰπεῖν
2651 2223 2774 2276 καθ’
2789 2224 2856 2294 ἢν
2877 2226 2905 2277 6
2928 2223 3195 2294 μακάριος
3221 2221 3447 2287 Ἡσαΐας

1857 2308 1949 2360 τὸν
1978 2308 2248 2379 ἀγιασμὸν
2273 2309 2462 2364 τοῦτον
2491 2312 2693 2381 ἢκουσε
2725 2309 2801 2381 τῷ
2828 2310 2950 2381 Θεῷ
2971 2310 3448 2380 ἀναπεμπόμενον·

1869 2394 2099 2460 Ἡσαΐας
2129 2397 2346 2465 ἐγένετο
2371 2398 2511 2469 ἀνὴρ
2533 2397 2866 2467 θαυμαστὸς,
2901 2397 3061 2467 ζήλου
3092 2396 3449 2466 πεπληρωμέ-

1859 2502 1969 2549 νος,
2004 2485 2140 2554 ἁνὴρ
2176 2484 2466 2554 τολμηρὸς,
2497 2484 2768 2554 τολμηρὸς
2802 2484 2856 2536 δὲ
2888 2486 2987 2536 οὑκ
3024 2483 3131 2535 ἀπὸ
3176 2482 3447 2552 θρασύτη-

1857 2588 1970 2635 τος,
2000 2571 2116 2624 ἀλλ’
2143 2571 2251 2624 ἀπὸ
2277 2570 2460 2640 ζήλου.
2493 2570 2649 2622 Κατὰ
2673 2572 2799 2632 τοὺς
2831 2571 3055 2640 χρόνους
3077 2569 3296 2632 τούτους
3327 2569 3449 2636 ἐγέ-

1858 2676 1980 2711 νετο
2006 2657 2256 2727 βασιλεὺς
2284 2658 2466 2721 Ὀζίας
2502 2657 2749 2726 ὀνόματι·
2777 2656 2835 2719 ὃς
2861 2657 2998 2726 μετά
3027 2656 3127 2726 τῆς
3160 2657 3325 2725 ἄλλης
3349 2657 3447 2726 τῆς

1861 2746 2146 2817 βασιλικῆς
2174 2746 2333 2817 δόξης
2376 2745 2611 2815 ἠθέλησε
2643 2745 2738 2798 καὶ
2768 2745 3067 2816 ἱερωσύνην
3103 2744 3444 2798 ἐνδύσασθαι.

1860 2836 1925 2887 υί
1960 2836 2127 2905 ἱερεῖς
2159 2834 2257 2904 μὲν
2286 2832 2385 2904 τὴν
2415 2832 2735 2887 ἀκολουθίαν
2768 2832 2985 2901 ᾔδεσαν·
3021 2829 3233 2901 βασιλεί
3269 2831 3325 2884 δέ
3356 2832 3449 2883 ἐπὶ

1861 2922 2112 2975 πλεῖστον
2139 2922 2414 2975 ἀντειπεῖν
2438 2920 2537 2973 οὑκ
2558 2919 2846 2989 ἠθέλησαν·
2877 2918 3181 2989 ᾐδέσθησαν
3207 2918 3267 2971 τὸ
3287 2919 3449 2982 ἀξίω-

1865 3028 1959 3081 μα,
1986 3010 2252 3080 ἐτίμησαν
2281 3007 2373 3061 τὸν
2403 3007 2611 3078 θρόνον,
2643 3003 3071 3075 ἐδυσωπήθησαν
3095 3006 3165 3058 τὰ
3191 3005 3450 3077 στρατεύ-

1864 3115 2031 3169 ματα.
2065 3097 2292 3159 Ἡσαῒας
2318 3096 2412 3148 καὶ
2435 3096 2596 3156 αὐτὸς
2629 3094 2957 3163 ἐσιώπησεν,
2980 3095 3078 3146 οὑκ
3110 3094 3342 3163 ἀντέστη
3371 3092 3449 3163 τῷ

1864 3185 2092 3255 βασιλεῖ.
2136 3184 2222 3246 Ὠς
2258 3177 2396 3235 εἶδεν
2424 3183 2453 3233 6
2479 3182 2611 3243 Θεὸς
2635 3182 2761 3242 τοὺς
2789 3181 2953 3250 ίερεῖς
2981 3179 3333 3248 φοϐηθέντας,
3358 3179 3448 3233 τὸν

1862 3273 2148 3343 προφήτην
2181 3270 2518 3333 όκλάσαντα,
2559 3269 2652 3321 καὶ
2682 3266 2773 3319 τὸν
2814 3266 3038 3335 βασιλέα
3081 3265 3447 3337 τολμήσαντα,

1861 3358 2124 3413 ἐπέϐαλεν
2165 3357 2314 3427 αὐτῷ
2344 3356 2554 3427 λέπραν
2598 3356 2657 3408 ἐν
2697 3353 2776 3424 τῷ
2806 3352 3103 3425 προσώπῳ,
3143 3355 3217 3416 ὡς
3244 3354 3445 3425 τολμή-

1866 3464 2019 3500 σαντι
2062 3444 2301 3514 ἅψασθαι
2338 3443 2448 3496 τῶν
2486 3444 2679 3511 ἁγίων·
2726 3441 2821 3493 καὶ
2859 3440 3121 3509 ἐξεϐλήθη
3159 3440 3343 3493 λοιπὸν
3386 3442 3447 3493 οὑ

1868 3536 2027 3606 μόνον
2068 3534 2169 3602 τῆς
2209 3530 2529 3603 ἱερωσύνης,
2567 3529 2703 3583 ἀλλὰ
2740 3529 2833 3581 καὶ
2871 3528 2969 3597 τῆς
3020 3527 3315 3596 βασιλείας,
3354 3529 3450 3581 καὶ

1864 3624 2079 3693 διέμενε
2122 3618 2339 3690 λεπρός.
2388 3618 2445 3672 '0
2499 3619 2555 3671 δέ
2612 3618 2745 3680 Θεὸς
2791 3613 3015 3683 ἐποίησε
3058 3616 3156 3685 μὲν
3196 3616 3256 3669 16
3297 3615 3449 3678 ἴδιον,

1865 3712 2161 3780 ἠγανάκτει
2190 3708 2247 3762 δὲ
2268 3714 2381 3774 τοῖς
2412 3707 2636 3779 ἱερεῦσι,
2673 3706 2767 3761 καὶ
2804 3708 3039 3777 μάλιστα
3067 3704 3143 3776 τῷ
3172 3705 3448 3776 προφήτῃ,

1864 3798 1945 3851 ὃτι
1974 3797 2166 3869 παρὼν
2199 3797 2476 3872 προέδωκε
2505 3794 2602 3865 τὴν
2637 3793 2937 3847 εὐσέϐειαν.
2969 3790 3077 3846 Ἦν
3122 3787 3213 3843 οὑν
3254 3792 3281 3842 ό
3320 3790 3455 3850 Θεὸς

1865 3889 1923 3940 ἐν
1982 3890 2399 3956 παρασιωπήσει
2447 3885 2581 3954 πρὸς
2621 3884 2713 3937 τὸν
2745 3885 3051 3955 προφήτην,
3090 3881 3183 3932 καὶ
3220 3879 3279 3931 οὑ
3326 3894 3454 3947 μετ-

1867 3974 2036 4028 έδωκε
2077 3975 2287 4040 λόγους,
2322 3974 2428 4039 ἕως
2468 3972 2821 4038 ἐτελεύτησεν
2858 3972 2885 4023 ὁ
2925 3970 3261 4039 παράνομος.
3318 3967 3450 4017 Ὅτε

1866 4062 2048 4115 λοιπὸν
2079 4063 2348 4116 ἀπέθανεν
2378 4065 2406 4115 ό
2438 4060 2660 4127 ἀσεϐὴς,
2688 4059 2809 4109 τότε
2842 4060 2869 4109 6
2898 4056 3031 4118 Θεὸς
3055 4055 3081 4092 ιι
3115 4053 3452 4122 ἁ.ιοθέμενος

1866 4150 1963 4220 τὴν
1997 4150 2391 4219 ἀγανάκτησιν,
2439 4146 2815 4200 διαλλάσσεταί
2852 4142 2931 4213 τῷ
2976 4142 3250 4214 προφήτῃ.
3287 4140 3451 4205 Λέγει

1866 4239 2043 4292 τοίνυν
2074 4239 2323 4301 Ἰῐσαῒαςι
2355 4236 2464 4291 Καὶ
2490 4235 2726 4304 ἐγένετο
2765 4234 2834 4286 ἐν
2860 4231 2941 4298 τῷ
2962 4229 3235 4294 ἐνιαυτῷ,
3263 4223 3311 4295 ᾧ
3342 4230 3454 4282 ἀπ-

1866 4327 2082 4381 έθανεν
2118 4326 2299 4392 Ὀζίας
2326 4328 2358 4379 ὀ
2386 4322 2709 4388 βασιλεὺς,
2740 4317 2904 4375 εἶδον
2930 4319 3036 4372 τὸν
3065 4320 3284 4383 Κύριον
3320 4321 3451 4369 καθ-

1868 4414 2093 4483 ήμενον
2143 4413 2239 4465 ἐπὶ
2286 4413 2502 4480 θρόνου
2544 4406 2790 4477 ὑψηλοῦ
2818 4407 2915 4461 καὶ
2941 4404 3300 4472 ἐπηρμένου.
3342 4402 3450 4453 K0}.

1868 4502 2008 4556 διατί
2042 4501 2176 4564 Θεὸς
2204 4498 2448 4569 ἐπεφάνη
2484 4499 2576 4550 ἐπὶ
2610 4496 2797 4566 θρόνου
2834 4490 3040 4561 ὑψηλοῦ
3076 4489 3169 4541 καὶ
3201 4487 3448 4555 ἐπηρμέ-

1868 4611 1995 4659 νου;
2043 4592 2261 4662 Ἐπειδὴ
2296 4591 2523 4661 ἀόρατός
2564 4590 2711 4639 ἐστιν
2755 4586 2782 4636 ό
2829 4582 2981 4644 Θεὸς,
3028 4581 3057 4631 6
3093 4579 3149 4631 δὲ
3199 4578 3452 4647 βασιλεὺς

1870 4683 2144 4753 ὁρώμενος
2179 4680 2343 4748 φόϐον
2377 4677 2521 4745 ἔσχε,
2564 4674 2802 4725 δείκνυσι
2840 4667 2919 4738 τῷ
2948 4666 3201 4737 προφήτῃ
3228 4664 3328 4734 τήν
3357 4666 3450 4717 ού-

1874 4771 2053 4843 ράνιον
2078 4768 2255 4831 δόξαν,
2284 4767 2370 4818 ἵνα
2402 4764 2564 4830 πείσῃ
2594 4759 2755 4811 αὑτὸν
2785 4756 2935 4809 ποίου
2964 4755 3155 4843 θρόνου
3187 4768 3454 4843 καταφρορ

1871 4840 2155 4927 νήσαντες,
2193 4855 2341 4903 ποῖον
2371 4849 2557 4919 θρόνον
2584 4846 2871 4915 ἐτίμησαν·
2916 4846 3076 4894 ποίαν
3100 4840 3449 4912 δορυφορίαν,

1869 4944 2119 5011 οὐράνιον
2145 4941 2238 4992 καὶ
2266 4936 2584 5005 ἀγγελικὴν,
2623 4933 2699 5005 μὴ
2718 4933 3071 5002 τιμήσαντες,
3107 4928 3241 4998 μηδὲ
3270 4929 3456 4997 ἐννοή-

1874 5047 2082 5092 σαντες,
2124 5024 2450 5096 δορυφορίαν
2485 5022 2831 5093 ἀνθρωπίνην
2862 5018 3309 5087 ἐδυσωπήθησαν.
3341 5016 3451 5069 Καὶ

1870 5116 1967 5187 ἦν,
1999 5116 2183 5186 φησὶν,
2208 5112 2449 5180 πλήρης
2478 5114 2511 5165 ὀ
2545 5107 2707 5175 οἶκος
2748 5107 2856 5175 τῆς
2892 5106 3080 5173 δόξης
3111 5106 3320 5168 αὑτοῦ,
3355 5105 3451 5157 καί

1874 5207 1942 5259 τὰ
1988 5202 2281 5273 Σεραφείμ
2317 5200 2703 5266 είστήκεισαν
2742 5199 2947 5259 κύκλῳ
2981 5195 3189 5248 αὑτοῦ.
3232 5195 3274 5245 Τ
3280 5194 3313 5245 ἀ
3350 5194 3453 5244 X5-

1874 5294 2101 5363 ρουϐεὶμ
2160 5290 2346 5360 θρόνος
2393 5288 2529 5353 ἐστὶ,
2586 5286 2655 5339 τὰ
2704 5284 2982 5355 Σεραφεὶμ
3031 5282 3347 5351 δορυφορία·
3385 5278 3452 5330 τὰ

1873 5378 2183 5450 Χερουϐεὶμ
2214 5378 2321 5447 γὰρ
2351 5377 2501 5430 οὐδὲν
2529 5374 2656 5429 ἄλλο
2684 5370 3067 5443 ἑρμηνεύεται,
3105 5369 3137 5438 ἢ
3168 5368 3327 5437 σοφία
3355 5383 3452 5417 πε-

1937 5529 1961 5559 ⁶
1988 5525 2072 5575 Sic
2116 5526 2380 5576 Vaticanus
2419 5530 2558 5574 recte
2603 5543 2614 5571 :
2664 5521 2812 5571 Saril.
2861 5524 2914 5567 et
2958 5514 3215 5566 Combeﬁs.
3256 5514 3451 5576 £1575»,

1874 5590 1945 5637 ὅτι
1992 5588 2137 5636 ἄλλου
2186 5575 2287 5637 ἐστὶ
2330 5586 2453 5636 Θεοῦ
2479 5590 2643 5648 ὄνομα·
2675 5584 2763 5632 ούκ
2788 5584 2916 5631 ἔστιν
2955 5580 3081 5636 οὒτε,
3104 5583 3201 5623 elc.
3227 5575 3330 5625 Vox
3354 5577 3455 5623 ἐλε-

1873 5646 2734 5713 151mm":perturbatsenlemiam.
3013 5700 3043 5713 μ
3084 5712 3103 5713 η
3194 5712 3199 5713 ί
3252 5705 3259 5713 ,
3316 5700 3338 5713 ν.
3408 5700 3416 5713 ,

1879 5700 1897 5824 ἑ
1938 5712 1966 5785 d_
1990 5713 2075 5761 His
2096 5700 2255 5764 adiuia
2281 5711 2402 5767 dicit
2440 5713 2817 5774 L‘brysoswmus
2840 5715 2988 5767 supra
3011 5700 3375 5751 Commentario
3406 5700 3456 5753 in

1901 5788 2062 5825 ΕΕΙΙΔΙΙΙ.
