3982 6218
503 361 617 415 445
650 397 662 411 .

501 461 861 536 πληρωμένη.
898 465 1112 538 ’Ὠσπερ
1135 465 1191 519 δὲ
1220 460 1374 531 οὗτος
1400 468 1429 521 6
1454 466 1645 538 θρόνος
1674 465 1709 538 ἢ
1736 465 1924 539 ἕτερος
1951 469 2085 522 ἀνα-

498 557 665 611 παύει
697 554 790 607 τὸν
833 554 1161 625 καθήμενον,
1199 556 1292 609 καί
1323 558 1440 610 ἐστι
1473 556 1609 627 τιμὴ
1636 556 1731 610 καὶ
1758 556 2084 618 ἀνάπαυσις,

499 640 644 695 οὕτω
683 641 777 694 καὶ
816 639 952 694 Θεοῦ
1006 642 1192 711 θρόνος
1241 644 1423 711 σοφία,
1472 637 1625 717 ὲφ¹ᾖ
1676 642 2088 696 ἐπαναπαύεται

502 728 655 790 Θεός.
700 727 800 781 Διά
835 726 985 800 [452]
1008 728 1212 783 τοῦτοό
1240 731 1402 783 Δαυῒδ
1428 746 1612 800 φησιν·
1653 729 1707 782 ’0
1749 728 2088 798 καθήμενος

502 816 602 870 ἐπὶ
626 814 745 870 τῶν
764 818 1103 886 Χερουϐεὶμ,
1127 818 1248 871 ἀντὶ
1274 817 1390 882 τοῦ,
1407 816 1465 871 ’0
1483 817 1576 871 ἐπὶ
1595 817 1694 888 τῆς
1723 813 2090 885 πεπληρωμέ-

504 924 603 977 νης
632 906 823 975 σοφίας
852 907 1359 979 ὲπαναπαυόμενος.
1384 908 1486 961 Διὰ
1504 907 1661 960 τοῦτο
1690 906 1760 958 τὰ
1780 902 2089 976 Χερουϐεὶμ

505 993 687 1063 πλήρη
726 992 1040 1064 ὀφθαλμῶν,
1085 995 1153 1047 τά
1184 995 1350 1059 νῶτα,
1389 995 1489 1065 τὴν
1535 993 1797 1063 κεφαλὴν,
1833 990 1932 1053 τάς
1959 988 2091 1041 πτέ-

506 1095 699 1149 ρυγας,
743 1080 869 1142 τοὺς
903 1079 1092 1143 πόδας,
1122 1079 1191 1133 τὰ
1222 1080 1415 1152 στήθη,
1450 1080 1545 1134 καὶ
1583 1080 1760 1133 πάντα
1798 1075 2089 1146 ὀφθαλμῶν

505 1165 883 1237 ἐπεπλήρωτο,
928 1166 1115 1238 ἐπειδὴ
1172 1169 1204 1237 ἡ
1264 1168 1423 1236 σοφία
1490 1165 1826 1237 πανταχόθεν
1879 1163 2088 1233 βλέπει,

507 1254 844 1324 πανταχόθεν
889 1255 1235 1325 ἠνεῳγμένον
1288 1255 1402 1325 ἔχει
1441 1255 1501 1308 τὸ
1547 1254 1721 1325 όμμα.
1772 1253 1902 1317 Ἓξ,
1932 1249 2087 1320 φησὶ.

506 1342 795 1412 πτέρυγες
844 1340 924 1408 τῷ
965 1342 1077 1407 ἐνί,
1118 1342 1215 1397 καὶ
1266 1342 1335 1407 ἐξ
1377 1343 1665 1412 πτέρυγες
1709 1341 1786 1407 τῷ
1829 1340 1942 1393 ἐνί.
1978 1338 2093 1391 Kal

508 1428 636 1495 ταῖς
674 1429 793 1498 μὲν
818 1430 963 1483 δυσί
1010 1432 1468 1485 κατεκάλυπτον
1508 1431 1573 1483 τὸ
1613 1430 1959 1497 πρόσωπον,
1993 1425 2092 1479 καὶ

506 1516 637 1581 ταῖς
668 1515 809 1571 δυσί
843 1517 987 1584 τοὺς
1022 1518 1234 1585 πόδας,
1282 1517 1410 1585 ταῖς
1459 1518 1528 1571 δὲ
1562 1516 1747 1570 δυσὶν
1786 1514 2087 1567 ἐπέτοντο.

508 1604 619 1656 Καὶ
651 1603 980 1675 ἐκέκραγον
1017 1605 1218 1673 ἕτερος
1254 1606 1403 1673 πρὸς
1450 1603 1557 1658 τὸν
1598 1603 1820 1669 ἕτερον·
1869 1601 2090 1669 Ἄγιος,

507 1691 692 1762 ἅγιος,
747 1692 915 1762 ἅγιος
976 1694 1192 1761 Κύριος
1248 1691 1512 1757 Σαϐαὼθ,
1564 1691 1831 1754 τουτέστι,
1888 1687 2095 1758 Κύριος

509 1778 798 1850 στρατιῶν.
838 1780 942 1844 Ἐξ
974 1781 1264 1849 πτέρυγες
1307 1779 1387 1845 τῷ
1416 1780 1530 1843 ἐνὶ,
1578 1777 1676 1832 καὶ
1710 1777 1779 1839 ἐξ
1806 1776 2096 1844 πτέρυγες

506 1864 589 1930 τῷ
623 1866 736 1920 ἐνί.
779 1866 953 1920 Ὀκτὼ
995 1866 1348 1937 ἡσυχάζουσι,
1382 1867 1475 1919 καὶ
1506 1864 1770 1935 τέσσαρες
1806 1862 1990 1932 βοῶσι.
2029 1860 2094 1914 Τί

506 1948 601 2007 οὖν
625 1953 867 2007 διδάσκει
902 1955 1048 2023 ἡμᾶς
1084 1958 1115 2023 ἡ
1154 1955 1380 2025 Γραφή;
1414 1953 1504 2023 Μὴ
1534 1953 1709 2005 πάντα
1744 1951 1912 2003 κινεῖν
1948 1948 2095 2016 λογι-

511 2043 646 2113 σμὸν
677 2043 808 2114 περὶ⁵
837 2042 992 2096 Θεοῦ·
1024 2044 1158 2096 ἀλλὰ
1201 2044 1268 2095 τὰ
1310 2042 1407 2112 μὲν
1460 2043 1637 2111 σιωπῇ
1675 2038 1987 2109 κηρύττειν,
2030 2036 2099 2089 τὰ

508 2131 568 2184 δὲ
590 2129 771 2184 πίστει
797 2131 1038 2195 δοξάζειν
1067 2131 1158 2183 καὶ
1188 2131 1478 2197 θεολογεῖν.
1512 2127 1661 2180 Διατί
1684 2126 1739 2179 δὲ
1767 2126 2097 2189 σκεπάζουσι

509 2218 637 2280 τοὺς
658 2216 824 2280 πόδας
852 2220 945 2270 καὶ
968 2216 1068 2288 τὴν
1104 2217 1372 2285 κεφαλήν;
1423 2214 1640 2283 Ἐπειδὴ
1672 2211 1793 2265 οὗτε
1824 2211 1967 2283 ἀρχὴ
1998 2212 2101 2263 εὑ-

515 2304 784 2376 ρίσκεται,
826 2305 949 2357 οὔτε
991 2305 1166 2368 τέλος.
1217 2306 1351 2366 Ταῖς
1386 2302 1443 2355 δὲ
1484 2302 1602 2355 δυσὶ
1635 2300 1969 2353 καλύπτουσι
2001 2298 2100 2368 τὴν

513 2391 777 2461 κεφαλὴν,
804 2393 922 2455 ταῖς
942 2392 1100 2446 δυσὶει
1130 2390 1255 2453 τοὺς
1278 2390 1460 2455 πόδας,
1493 2388 1735 2457 δηλονότι
1758 2390 1877 2450 ταῖς
1908 2386 2102 2456 μέσαις

514 2479 743 2551 πτέρυξι
770 2479 1043 2544 πέτονται,
1075 2480 1134 2532 οὑ
1162 2482 1282 2541 ταῖς
1304 2479 1436 2540 ἄνω,
1465 2479 1524 2529 ού
1551 2480 1671 2539 ταῖς
1695 2476 1864 2529 κάτω.
1886 2476 1977 2526 Δεῖ
1995 2474 2102 2543 γάρ

514 2567 661 2635 ἡμᾶς
691 2567 818 2638 περὶ
846 2566 980 2620 Θεοῦ
1014 2567 1307 2629 λαλοῦντας
1336 2566 1405 2620 τά
1440 2566 1580 2635 μέσα
1606 2564 1805 2616 λαλεῖν·
1839 2564 1922 2617 ὅτι
1948 2561 2097 2626 Θεὸς,

515 2653 598 2706 ὅτι
625 2654 989 2725 Δημιουργδς,
1029 2655 1110 2706 ὅτι
1144 2652 1444 2721 Δεσπότης,
1465 2652 1545 2705 ὅτι
1571 2650 1887 2720 εὐεργέτης.
1918 2647 2103 2701 Ταῦτα

518 2741 698 2794 πάντα
722 2741 885 2811 μέσα.
918 2741 1041 2794 Ἐάν
1067 2743 1251 2811 εἴπῃς,
1272 2740 1396 2803 Πῶς
1419 2739 1676 2809 ἐγέννησε
1701 2755 1716 2803 ;
1738 2737 1836 2807 τὴν
1858 2736 2103 2805 κεφαλὴν

518 2826 865 2896 ὲγύμνωσας,
896 2829 963 2898 ἢν
992 2828 1183 2879 σκέπει
1213 2827 1280 2879 τά
1309 2826 1637 2896 Χερουόείμ.
1684 2824 1809 2876 Ἐὰν
1835 2825 1891 2875 δὲ
1920 2823 2099 2893 εἴπῃς,

518 2913 631 2968 Ποῦ
663 2913 726 2967 τὸ
774 2915 925 2977 τέλος
972 2914 1066 2966 τοῦ
1114 2914 1280 2977 Θεοῦ;
1332 2914 1457 2975 τοὺς
1507 2912 1672 2974 πόδας
1717 2912 1961 2981 γυμνοῖς,
2010 2909 2104 2971 οὒς

521 3002 713 3056 σκέπει
761 3002 827 3055 τά
866 3002 1197 3072 Χερουὸείμ.
1233 3001 1434 3053 Σκέπει
1476 3000 1531 3051 δὲ
1574 3001 1673 3067 τὴν
1722 2998 1963 3067 κεφαλὴν
2010 2996 2104 3049 καὶ

517 3092 645 3154 τοὺς
696 3090 882 3155 πόδας,
936 3091 1034 3159 οὐχ
1090 3091 1176 3143 ἵνα
1220 3088 1425 3160 κρύψῃ,
1484 3087 1719 3141 ἀλλ’ἵνα
1770 3085 1978 3157 διδάξῃ,
2020 3085 2102 3137 ὅτι

520 3177 937 3249 ἀνεξερεύνητα,
964 3177 1045 3229 δτι
1075 3176 1453 3245 ἀκατάληπτα,
1496 3176 1642 3229 Λάϐε
1667 3175 1763 3228 καὶ
1792 3175 1880 3226 τὸν
1913 3174 2100 3227 τύπον.

520 3260 701 3319 Ἦσαν
732 3264 791 3330 ἓξ
818 3264 910 3317 καὶ
933 3263 1013 3329 ἒξ,
1037 3262 1245 3317 δώδεκα
1268 3263 1557 3334 πτέρυγες·
1582 3262 1725 3315 ὀκτὼ
1753 3261 2104 3332 ἡσυχάζουσι,

523 3354 618 3406 καὶ
645 3353 913 3423 τέσσαρες
947 3352 1243 3406 κινοῦνται.
1286 3351 1468 3416 Τύπος
1501 3351 1609 3404 τῶν
1637 3351 1971 3404 ἀποστόλων.
1992 3350 2106 3402 Δώ-

520 3441 654 3495 δεκα
681 3440 989 3503 ἀπόστολοι,
1019 3439 1154 3493 ἀλλὰ
1190 3440 1451 3511 τέσσαρες
1476 3438 1674 3508 βοῶσιν
1704 3436 2104 3506 εύαγγελισταί.

522 3528 635 3581 Καὶ
660 3528 712 3581 τί
744 3527 940 3597 βοῶσιν
962 3546 976 3593 ;
1005 3529 1109 3580 Ἢν
1138 3527 1465 3579 ἐσπούδασεν
1488 3529 1516 3579 6
1542 3527 1785 3587 Σατανᾶς
1808 3523 2107 3594 ἀνατρέψαι

524 3618 729 3686 φωνήν.
768 3619 1029 3685 Πρόσεχε,
1064 3615 1387 3685 παρακαλῶ·
1419 3615 1530 3684 Οὑχ
1569 3614 1752 3676 ἁπλῶς
1791 3613 1996 3680 ἔλεγον,
2034 3613 2108 3674 ὡς

521 3706 703 3775 ἡμεῖς·
740 3703 954 3772 Ἄγιος,
1002 3702 1189 3770 ἅγιος,
1230 3700 1416 3769 ἅγιος·
1464 3699 1598 3753 ἀλλὰ
1638 3696 1717 3762 εἷς
1760 3697 1835 3767 τῷ
1875 3698 1955 3751 ἐνὶ
1993 3698 2109 3751 ἀντ·

525 3791 815 3864 ἐσαλ[λ]ον,
832 3792 905 3854 ὡς
924 3791 1250 3861 γέγραπται·
1272 3790 1379 3844 Kal
1402 3789 1728 3857 ἐκέκραγιον
1751 3787 1951 3854 ἕτερος
1962 3784 2111 3854 πρὸς

525 3881 633 3935 τόν
663 3880 887 3947 ἕτερον.
931 3879 1141 3945 Ἄγιος,
1188 3878 1370 3948 φησὶν,
1416 3876 1562 3940 ἆπαξ
1596 3875 1881 3945 ὀφείλομεν
1915 3876 2108 3927 εἰπεῖν.

538 3970 598 4022 '0
619 3969 775 4031 ἀλλος
798 3967 968 4035 λέγει·
994 3968 1198 4033 Ἄγιος·
1233 3961 1347 4017 εἶτα
1371 3964 1399 4015 ό
1423 3963 1629 4031 ἕτερος,
1658 3962 1889 4033 πρόσθες
1910 3962 1971 4014 τὸ
1995 3961 2111 4032 τρί-

524 4076 636 4123 τον,
666 4058 875 4124 Ἄγιος.
914 4056 1066 4108 Ἐπεὶ
1098 4050 1189 4106 οὖν
1218 4053 1344 4123 τρία
1388 4053 1796 4122 ἡριθμὴσαμεν,
1849 4050 1923 4120 μὴ
1961 4048 2113 4118 νομί-

529 4164 628 4218 σῃς
658 4142 797 4199 εἶναι
830 4147 980 4215 τρεῖς
1009 4141 1183 4205 θεούς.
1221 4142 1285 4193 Τί
1328 4136 1440 4204 οὖν,
1486 4142 1697 4208 Ἄγιος,
1727 4139 1915 4208 ἅγιος,
1948 4137 2113 4206 ἅγιος

528 4237 781 4303 Κύριος-ς
826 4230 919 4296 Εἷς
954 4233 1061 4301 γὰρ
1088 4232 1310 4301 Κύριος,
1352 4232 1449 4299 μία
1486 4229 1686 4291 πίστις,
1720 4228 1777 4280 ἓν
1809 4227 2109 4296 βάπτισμα.

532 4323 643 4376 Καὶ
672 4320 861 4391 ῶσπερ
890 4323 946 4373 ὲν
966 4322 1087 4380 ταῖς
1120 4318 1458 4387 ψαλμῳδίαις
1494 4316 1925 4385 ἀντιπέμπουσιν
1952 4314 2114 4385 ἀλλή-

531 4410 645 4472 λοις
678 4410 747 4463 τὰ
774 4409 933 4479 μέλη,
960 4406 1131 4469 οὓτως
1163 4407 1217 4458 αί
1250 4407 1361 4459 ἄνω
1398 4404 1652 4472 δυνάμεις
1676 4402 2114 4472 ἀντιχορεύουσιν

531 4497 810 4569 ἀλλήλαις,
839 4496 932 4549 καὶ
959 4494 1148 4564 ῶσπερ
1175 4494 1231 4559 ἐξ
1260 4490 1559 4561 άντιφὼνου
1586 4489 1849 4560 μελῳδίας
1877 4489 2116 4558 ἀναπέμ-

535 4603 697 4640 πουσι
746 4584 845 4655 τὴν
884 4582 1213 4650 δοξολογίαν.
1251 4576 1407 4641 Εἶτα,
1446 4578 1707 4647 Πλήρης,
1743 4577 1926 4645 φησὶν,
1962 4580 1993 4629 ό
2030 4572 2113 4630 οἷ-

535 4689 642 4737 κος
679 4672 790 4740 τῆς
816 4671 1004 4739 δόξης
1036 4670 1237 4724 αὑτοῦ.
1276 4668 1385 4723 Καὶ
1415 4667 1645 4735 ἐπήρθη
1690 4665 1751 4717 τὸ
1782 4664 2115 4733 ὑπέρθυρον

534 4759 654 4815 ἀπὸ
704 4757 816 4827 τῆς
873 4756 1135 4826 κραυγῆς
1187 4753 1261 4827 ἧς
1300 4756 1647 4825 ἐκέκραγον,
1706 4752 1804 4805 καὶ
1863 4756 1895 4807 ό
1953 4749 2115 4819 οἶκος

533 4846 849 4916 ἐπληρώθη
880 4847 1137 4901 καπνοῦ.

611 4945 685 5001 ς’.
736 4937 897 4990 Ξένον
951 4937 1221 5006 πράγμαῑ
1258 4936 1391 4988 ’Λπὸ
1442 4935 1544 5006 τῆς
1607 4934 1935 5005 δοξολογίας,
2000 4932 2115 4986 δέον

536 5024 901 5095 προστεθῆναι
927 5023 1103 5088 δόξαν,
1141 5024 1287 5095 καὶὴ
1322 5019 1380 5077 οὗ
1393 5040 1455 5075 σα
1483 5023 1753 5088 ἀπώλετο,
1785 5025 1879 5077 καὶ
1912 5022 2117 5083 καπνὸς

536 5110 772 5183 εἰσῆλθε.
796 5111 1016 5174 Καπνὸς
1040 5111 1117 5176 δὲ,
1138 5096 1367 5181 ἐρημίας
1402 5111 1548 5164 ἐστὶν
1579 5111 1763 5165 είκὼν.
1793 5111 1858 5164 Τί
1885 5107 1979 5164 οὖν
2002 5112 2118 5164 ἐστι

537 5197 729 5266 τοῦτο;
756 5197 988 5269 Προῄδει
1021 5198 1081 5251 τὸ
1113 5198 1339 5267 Πνεῦμα
1379 5198 1439 5251 τὸ
1472 5199 1647 5267 ἆγιον,
1678 5199 1760 5252 ὅτι
1792 5198 1872 5263 τὸ,
1903 5201 2116 5267 Ἄγιος,

538 5290 726 5358 ἅγιος,
777 5287 965 5357 ἅγιος,
1014 5288 1282 5358 ἥρμοσται
1325 5287 1402 5357 τῷ
1442 5290 1653 5358 κόσμῳ,
1688 5288 1763 5357 τῷ
1805 5287 2119 5359 κηρύγματι

536 5378 645 5431 τῶν
685 5374 1023 5437 ἀποστόλων,
1059 5374 1152 5425 καὶ
1176 5374 1236 5426 ού
1262 5373 1475 5443 δέχεται
1506 5376 1637 5428 αὑτὸ
1664 5378 1692 5429 6
1720 5376 1844 5439 ναὸς
1868 5376 1977 5429 τῶν
1993 5376 2121 5427 Ἰου-

539 5466 723 5521 δαίων.
758 5465 919 5533 Λέγει
946 5458 1058 5529 οῦν,
1088 5464 1168 5515 δτι
1197 5462 1333 5533 μετὰ
1364 5463 1423 5514 τὸ
1454 5464 1715 5534 κήρυγμα
1747 5464 1840 5517 τοῦ
1874 5464 2120 5531 Εὑαγγε-

540 5555 653 5607 λίου
711 5551 945 5625 ἐρημίας
995 5550 1089 5605 καὶ
1121 5549 1328 5602 καπνοῦ
1382 5550 1681 5619 πληροῦται
1737 5552 1770 5619 ἡ
1811 5552 2119 5621 συναγωγή.

552 5641 799 5713 Ἐπήρθη
838 5640 894 5693 δὲ
930 5640 1026 5711 οὑχ
1067 5639 1100 5710 ἡ
1135 5636 1291 5709 θύρα,
1326 5636 1464 5690 ἀλλὰ
1489 5638 1548 5690 τὸ
1583 5637 1905 5709 ὑπέρθυρον.
1950 5638 2123 5709 Πρόσ-

602 5798 620 5823 ⁸
646 5800 758 5849 Sav.
785 5798 867 5847 καὶ
888 5796 988 5855 ταῖς
1012 5796 1093 5858 μὶν
1118 5797 1278 5847 δνσὶ...
1308 5796 1409 5851 ταῖς
1431 5795 1481 5843 δὲ
1501 5794 1622 5842 δνσι,

1970 346 2345 405 SEVERIANI

3669 360 3790 413 446

2192 480 2305 535 εχε·
2341 464 2499 519 Πᾶσα
2530 463 2671 536 θύρα
2703 464 2857 520 οὐδὸν
2896 463 3251 535 ὑποκείμενον
3283 463 3416 534 ἔχει,
3468 462 3562 516 καὶ
3604 464 3781 534 ὑπερ-

2189 554 2353 623 θυρον
2387 550 2541 623 [655]
2591 553 2940 622 ἐπικείμενον
2986 553 3105 616 ταῖς
3148 551 3479 622 παραστάσι·
3522 551 3618 605 καὶ
3651 551 3781 605 οὔτε

2192 641 2383 710 στῆναι
2412 639 2665 693 δύνανται
2698 640 3047 711 παραστάδες
3089 640 3163 710 μὴ
3202 640 3418 710 ἔχουσαι
3448 638 3621 703 οὐδὸν,
3656 640 3783 693 οὐδὲ

2192 726 2551 798 στηριχθῆναι
2605 727 2892 781 ἀσάλευτοι
2940 726 3192 781 δύνανται
3257 727 3331 797 μὴ
3392 724 3657 780 λαϐοῦσαι
3717 726 3783 779 τὸ

2190 814 2520 885 ὑπέρθυρον.
2563 815 2808 884 Ἐπήρθη
2832 810 2927 867 οῦν
2950 815 3049 885 τῆς
3073 814 3391 883 συναγωγῆς
3421 814 3480 866 τὸ
3504 815 3616 868 άνω
3647 814 3783 883 σχῆ-

2195 919 2291 972 μα·
2336 902 2433 972 οὑχ
2475 902 2570 972 ὅλη
2624 903 2723 973 μὲν
2774 905 2807 973 ἡ
2852 901 3161 972 συναγωγὴ,
3209 901 3378 972 θύρας
3420 900 3519 971 μὲν
3555 901 3782 970 ἔχουσα.

2193 989 2498 1059 ὑπέρθυρον
2523 990 2579 1042 δὲ
2611 990 2713 1042 οὑκ
2736 989 2951 1060 ἔχουσα.
2990 989 3063 1042 Τὸ
3091 988 3394 1060 ὑπέρθυρόν
3427 990 3573 1041 ἐστιν
3607 990 3642 1058 ἡ
3667 989 3793 1041 ἄνω

2192 1075 2470 1145 κρατοῦσα
2490 1076 2733 1146 δύναμις.
2776 1078 3019 1148 Ἑπήρθη
3045 1076 3107 1130 τὸ
3136 1076 3462 1148 ὑπέρθυρον,
3486 1075 3787 1145 ἐγυμνώθη

2191 1163 2293 1232 τῆς
2316 1164 2554 1234 χάριτος.
2585 1164 2701 1232 ’Λφ’
2724 1157 2785 1215 οῦ
2810 1164 2867 1217 δὲ
2889 1165 2949 1216 τὸ
2972 1164 3275 1235 ὑπέρθυρον
3302 1164 3534 1234 ἐπήρθη,
3566 1164 3788 1233 ἀνάγκη

2193 1252 2292 1314 τὰς
2345 1253 2695 1321 παραστάδας
2734 1253 2827 1305 καὶ
2870 1252 2975 1305 ὑπὸ
3020 1254 3118 1323 τῆς
3157 1252 3423 1323 τυχούσης
3463 1252 3644 1323 χειρὸς
3688 1270 3793 1304 σα·

2191 1337 2464 1392 λεύεσθαι.
2504 1339 2603 1392 Διά
2630 1340 2788 1393 τοῦτο
2819 1341 2966 1393 πᾶσα
2996 1340 3116 1409 χεὶρ
3146 1340 3359 1393 σαλεύει
3387 1340 3455 1393 τά
3491 1340 3786 1392 Ἰουδαϊκὰ.

2195 1425 2307 1479 Καὶ
2355 1426 2443 1479 διὰ
2487 1426 2647 1481 τοῦτο
2690 1428 2977 1497 προφήτης
3013 1445 3095 1491 τις
3124 1427 3297 1495 ἔλεγε·
3327 1428 3436 1484 Kal
3472 1427 3642 1494 θήσω
3668 1427 3792 1492 τὴν

2208 1512 2597 1585 Ἰερουσαλὴμ
2623 1516 2705 1584 ὡς
2736 1520 3003 1587 πρόθυρα
3034 1516 3434 1583 σαλευόμενα.
3479 1514 3589 1568 Καί
3629 1517 3662 1567 ό
3703 1510 3792 1567 οἷ-

2198 1617 2325 1667 κος,
2366 1602 2549 1671 φησὶν,
2575 1602 2892 1673 ἐπληρώθη
2923 1605 3178 1659 καπνοῦ.
3211 1606 3320 1657 Καὶ
3343 1601 3446 1655 ποῦ
3470 1604 3502 1673 ἡ
3531 1602 3659 1666 δόξα
3678 1603 3787 1654 άπ-

2196 1687 2356 1758 ῆλθε;
2386 1689 2645 1760 Πρόσεχε,
2674 1692 2997 1762 παρακαλῶ·
3020 1692 3183 1759 Λέγει
3226 1692 3469 1755 Ἡσαΐας·
3500 1690 3611 1743 Kal
3636 1688 3793 1753 πλή-

2190 1792 2308 1842 ρης
2355 1775 2467 1842 τῆς
2510 1776 2695 1845 δόξης
2748 1782 2780 1831 ό
2834 1775 2997 1845 οἶκος
3054 1778 3261 1833 αὑτοῦ·
3318 1774 3433 1831 εἶτα
3489 1777 3665 1846 λέγει,
3708 1779 3791 1830 δτι

2211 1863 2517 1930 Ἐπλήσθη
2553 1866 2809 1919 καπνοῦ.
2846 1866 3191 1929 Εἰσελθόντος
3218 1866 3393 1919 τοίνυν
3431 1865 3528 1919 τοῦ
3556 1862 3791 1924 καπνοῦ,

2199 1951 2413 2023 ἀνάγκῃ
2448 1954 2481 2023 ἡ
2521 1951 2648 2017 δόξα
2677 1954 2958 2025 μετετέθη.
2993 1956 3103 2008 Καὶ
3128 1954 3231 2009 ποῦ
3265 1954 3562 2025 μετετέθη;
3595 1952 3710 2006 Οὐκ
3736 1952 3794 2003 ὲν

2202 2040 2281 2093 ἐνὶ
2318 2041 2471 2111 οἴκῳ,
2509 2041 2623 2094 ἀλλ’
2653 2041 2936 2113 ἐπλήρωσε
2971 2043 3070 2105 τὰς
3109 2042 3434 2111 Ἐκκλησίας
3476 2041 3582 2094 ἀνά
3610 2042 3793 2092 πᾶσαν

2199 2135 2300 2205 τὴν
2340 2131 2684 2201 οἰκουμένην.
2734 2130 2845 2183 Καὶ
2885 2130 2972 2183 ἵνα
3014 2129 3164 2200 δείξῃ
3209 2130 3277 2183 τὰ
3327 2127 3641 2198 Χερουϐεὶμ
3691 2126 3791 2179 ποῦ

2202 2221 2445 2292 ἀπῆλθεν
2471 2222 2502 2289 ἡ
2532 2219 2659 2285 δόξα
2683 2219 2715 2288 ἡ
2748 2219 2805 2271 ὲν
2832 2217 2911 2289 τῷ
2938 2217 3071 2287 ναῷ,
3096 2218 3258 2285 λέγει·
3284 2215 3528 2283 IIl-wian
3558 2215 3732 2269 πᾶσα
3755 2215 3793 2282 ἡ

2200 2308 2277 2378 γῆ
2321 2309 2432 2376 τῆς
2479 2308 2665 2374 δόξης
2713 2306 2920 2360 αὐτοῦ.
2979 2304 3301 2374 Ἐγυμνώθη
3352 2305 3407 2356 ἒν
3470 2303 3648 2368 ἔθνος,
3703 2303 3794 2355 καὶ

2203 2395 2478 2466 ἐφωτίσθη
2508 2394 2577 2447 τὰ
2604 2395 2815 2465 πέρατα
2838 2394 2937 2462 τῆς
2965 2394 3085 2463 γῆς.
3116 2392 3331 2463 Ταύτην
3356 2391 3453 2462 τὴν
3484 2390 3651 2458 ἁγίαν
3685 2407 3796 2458 φω-

2204 2487 2302 2557 νὴν
2342 2484 2570 2553 Κυρίου,
2618 2483 2717 2553 τὴν
2767 2481 3051 2550 βασιλικὴν
3093 2479 3420 2544 δοξολογίαν,
3455 2482 3663 2544 ταύτην
3698 2476 3792 2546 τὴν

2205 2574 2386 2627 ἔνθεον
2411 2570 2819 2643 μυσταγωγίαν,
2848 2569 2996 2637 ἔλεγε
3022 2567 3325 2620 διαϐολικὸν
3345 2566 3539 2635 στόμα,
3574 2563 3792 2633 περίεὶε

2205 2662 2313 2715 ἀπὸ
2339 2660 2433 2714 τοῦ
2471 2658 2879 2729 θυσιαστηρίου.
2919 2659 3043 2709 Ὀτι
3083 2655 3138 2709 δὲ
3181 2652 3300 2708 κατ’
3332 2650 3495 2705 αὑτοῦ
3535 2651 3632 2703 τοῦ
3668 2651 3795 2719 Χρι-

2207 2749 2332 2803 στοῦ
2367 2750 2535 2818 χωρεῖ
2565 2749 2597 2818 ἡ
2633 2745 2972 2816 βλασφημία,
2996 2744 3129 2813 δήλη
3154 2744 3187 2812 ἡ
3222 2740 3510 2811 μαρτυρία.
3548 2740 3685 2792 Τίνα
3715 2735 3793 2791 εἷο

2203 2838 2291 2890 δεν
2327 2838 2553 2898 Ἡσαΐας
2577 2838 2636 2889 ἐν
2663 2834 2743 2904 τῷ
2777 2833 2985 2902 θρόνῳ;
3013 2832 3174 2899 Λέγει
3203 2830 3329 2901 γάρ·
3370 2830 3641 2883 Ἤκουσα
3674 2846 3793 2897 φωρ

2204 2923 2323 2991 νην
2372 2923 2596 2991 Κυρίου
2635 2922 2945 2991 λέγοντος·
2997 2920 3137 2973 Τίνα
3165 2916 3538 2979 (lacunam;
3569 2916 3670 2967 καί
3706 2916 3795 2980 τίς

2206 3012 2558 3079 πορεύσεται
2581 3009 2731 3077 πρὸς
2752 3007 2859 3063 τὸν
2881 3007 3034 3061 λαὸν
3055 3006 3271 3060 τοῦτον
3292 3021 3310 3067 ;
3334 3002 3667 3073 Κατηλλάγη
3698 3002 3796 3072 μὲν

2206 3098 2283 3167 τῷ
2319 3097 2511 3168 δούλῳ,
2558 3097 2743 3166 ἀκμὴν
2787 3095 2843 3148 δὲ
2876 3094 3070 3164 ἔφερεν
3102 3094 3547 3162 ἀγανακτήσεως.
3582 3091 3797 3159 Ὠσπερ

2207 3188 2367 3256 ἡμεῖς
2402 3184 2497 3237 ὲάν
2529 3182 2907 3251 διαλλαγῶμεν
2940 3183 3145 3252 οἰκέτῃ,
3172 3181 3271 3233 οὑκ
3301 3179 3502 3241 εὐθέως
3543 3178 3696 3248 αὐτῷ
3734 3178 3799 3230 τὸ

2206 3275 2326 3327 ὅλον
2348 3274 2501 3345 ὄμμα
2522 3271 2877 3344 χαριζόμεθα,
2901 3270 3036 3324 ἀλλὰ
3055 3272 3239 3340 ἡρέμα
3264 3268 3463 3322 ὑποκλέ
3473 3284 3680 3337 πτομεν
3700 3265 3799 3335 τὴν

2208 3363 2349 3432 ὖψιψ
2399 3360 2570 3424 οὕτως
2617 3363 2645 3413 ὁ
2696 3361 2828 3422 Θεὸς
2865 3359 2939 3429 μὴ
2985 3359 3152 3412 θέλων
3179 3356 3346 3420 δεῖξαι
3385 3356 3505 3409 ὅλον
3538 3355 3601 3407 τὸ
3629 3354 3798 3423 πρόσ-

2206 3466 2377 3514 ωπον,
2407 3448 2645 3510 ἑστῶτος
2670 3445 2859 3510 αὑτοῦ,
2890 3445 3058 3512 λέγει·
3096 3443 3235 3498 Τίνα
3265 3443 3640 3503 ἀποστείλω;
3668 3441 3801 3493 Ὥσ-

2210 3554 2316 3607 περ
2347 3536 2443 3590 ὲάν
2469 3531 2571 3589 ὦσι
2612 3534 2789 3589 δοῦλοι
2832 3534 3063 3597 ἑστῶτες
3095 3533 3188 3586 ἐπὶ
3224 3533 3508 3597 δεσπότου,
3539 3533 3635 3584 καὶ
3668 3531 3798 3602 θέλῃ

2210 3625 2391 3681 αὑτῶν
2423 3624 2741 3695 μέμψασθαι
2785 3624 2885 3694 τὴν
2935 3623 3229 3694 ρᾳθυμίαν,
3264 3622 3429 3690 λέγει·
3487 3622 3625 3674 Τίνα
3650 3621 3802 3674 ἀπο-

2210 3715 2462 3779 στείλω;
2484 3715 2577 3777 Εἰς
2598 3713 2755 3781 τήνδε
2778 3712 2877 3783 τὴν
2907 3712 3097 3781 χρείαν
3118 3710 3217 3763 οὑκ
3236 3712 3344 3779 ἔχω
3368 3708 3675 3778 ἄνθρωπον·
3701 3708 3805 3779 οὐχ

2211 3805 2286 3867 ὡς
2317 3803 2391 3875 μὴ
2420 3804 2579 3873 ἔχων,
2611 3801 2725 3855 ἀλλ’
2748 3802 2823 3867 ὡς
2855 3801 3140 3854 σπουδαῖον
3176 3801 3249 3871 μὴ
3275 3800 3430 3869 ἔχων.
3458 3799 3617 3852 Οῦτω
3648 3799 3749 3851 καὶ
3776 3800 3805 3849 6

2212 3894 2364 3956 Θεός·
2391 3893 2524 3945 Τίνα
2545 3890 2846 3944 ἀποστείλω
2870 3891 2989 3943 ἀντὶ
3012 3889 3201 3942 τούτου
3225 3906 3237 3953 ;
3269 3889 3357 3941 τὸν
3386 3889 3563 3956 σιωπή
3574 3886 3802 3949 σανταιι,

2211 3983 2303 4035 τὸν
2335 3979 2677 4050 πολεμοῦντα
2703 3980 2802 4049 τὴν
2830 3978 3161 4050 ἱερωσύνηνς
3191 3978 3255 4031 Τί
3282 3973 3372 4030 οῦν
3416 3976 3676 4041 Ἡσαΐας-ς
3714 3977 3806 4036 Ὠς

2213 4070 2430 4140 οἰκέτης
2466 4070 2524 4120 ἐν
2557 4066 2926 4139 προσκρούσει
2964 4067 3273 4136 γενόμενος,
3309 4067 3402 4117 καὶ
3429 4064 3667 4133 δηχθεὶς,
3708 4065 3808 4115 καὶ

2215 4156 2464 4210 σπεύδων
2512 4155 2654 4226 ὑπὲρ
2696 4154 2807 4207 τῶν
2842 4154 3073 4226 πρώτων
3125 4152 3587 4221 ἀπολογήσασθαι·
3638 4148 3807 4202 Ἰδοὺ

2212 4244 2347 4312 ἐγὼ,
2367 4244 2733 4298 ἀπόστειλόν
2740 4259 2836 4310 με.
2858 4241 3027 4294 Πόθεν
3048 4236 3138 4293 οὖν
3158 4240 3437 4307 δείξωμεν,
3458 4239 3536 4289 ὅτι
3559 4235 3805 4305 Χριστοῦ

2214 4326 2335 4400 ἦνὴ
2368 4331 2521 4396 δόξας
2556 4329 2718 4397 Λέγει
2759 4330 3007 4396 Ἰωάννης
3037 4330 3064 4379 ὁ
3091 4325 3511 4394 Εὑαγγελιστής·
3552 4322 3810 4376 Τοιαῦτα

2216 4418 2284 4470 δὲ
2318 4418 2536 4486 σημεῖα
2575 4419 2967 4482 πεποιηκότος
3002 4412 3104 4466 τοῦ
3136 4411 3350 4480 Ἰησοῦ,
3376 4413 3487 4464 οὐκ
3514 4412 3807 4465 ἐπίστευ-

2216 4524 2338 4560 σαν
2375 4504 2533 4570 αὐτῷ
2577 4504 2863 4567 Ἰουδαῖοι,
2904 4503 3004 4555 ἵνα
3047 4499 3328 4569 πληρωθῇ
3382 4500 3447 4553 τό
3476 4499 3665 4566 ῥηθὲν
3705 4500 3809 4554 διὰ

2230 4594 2489 4646 Ἡσαΐου·
2547 4589 2714 4657 Ἀκοῇ
2767 4590 3081 4653 ἀκούσετε,
3137 4587 3236 4641 καὶ
3292 4588 3361 4641 οὑ
3405 4585 3490 4657 μὴ
3542 4586 3806 4655 συνῆτε.

2227 4682 2415 4735 Ταῦτα
2450 4680 2516 4733 δὲ
2552 4675 2742 4743 εἶπεν,
2774 4678 2871 4731 ὅτε
2896 4673 3055 4731 εἶδεν
3087 4677 3203 4743 τὴν
3238 4676 3429 4740 δόξαν
3460 4675 3670 4740 αὑτοῦ,
3708 4676 3812 4730 καί

2220 4769 2489 4836 ἑλάλησε
2523 4766 2655 4836 περὶ
2688 4765 2895 4820 αὐτοῦ.
2930 4760 3080 4827 Εἶδες
3105 4764 3167 4817 τὸ
3195 4764 3487 4833 κεφάλαιον
3513 4764 3670 4834 ἡμῶν
3705 4765 3813 4834 τῆς

2220 4857 2495 4928 σωτηρίας
2528 4854 2619 4908 τὸν
2644 4854 2914 4924 ἁγιασμόν
2940 4870 2953 4917 ;
2986 4852 3280 4923 Ἀγιασμὸς
3310 4851 3406 4905 ὲάν
3447 4852 3521 4923 μὴ
3550 4854 3811 4923 γένηται,

2217 4945 2337 4997 οὐδὲ
2370 4944 2429 4998 τὸ
2457 4943 2749 5013 μυστήριον
2768 4939 3023 4993 τελεῖται.
3057 4940 3239 5008 Ἔχεις
3267 4938 3365 5007 τὴν
3390 4939 3591 4993 είκόνα.
3624 4941 3813 4994 Μόνον

2219 5027 2339 5084 εἷπε
2382 5031 2449 5083 τὰ
2488 5028 2817 5099 Χερουϐεῖμ·
2856 5027 3072 5093 Ἄγιος,
3122 5025 3308 5093 ἅγιος,
3349 5024 3515 5095 ἅγιος
3564 5028 3811 5094 Κύριος·

2219 5118 2451 5189 ἡγιάσθη
2485 5118 2517 5186 ἡ
2547 5116 2725 5168 θυσία.
2765 5113 2915 5185 [454]
2949 5113 3055 5166 Καὶ
3090 5113 3429 5181 ἀπεστάλη,
3462 5114 3617 5185 φησὶ,
3648 5114 3814 5181 πρός

2216 5225 2292 5277 με
2320 5207 2389 5260 ἓν
2419 5204 2534 5258 τῶν
2562 5202 2903 5270 Χερουϐεὶμ,
2935 5201 3033 5252 καί
3058 5200 3127 5253 ἐν
3157 5199 3233 5269 τῇ
3254 5202 3403 5272 χειρί
3428 5201 3614 5255 αὑτοῦ
3639 5197 3816 5269 εἶχεν

2221 5295 2506 5363 ἄνθρακα,
2536 5292 2609 5344 ὃν
2628 5288 2701 5358 τῇ
2720 5289 2921 5344 λαὸίδι
2946 5290 3165 5342 ἐλαϐεν
3192 5288 3310 5343 ἀπὸ
3347 5288 3451 5343 τοῦ
3474 5293 3815 5355 θυσιαστηο

2214 5384 2374 5452 ρίου.
2415 5380 2507 5450 Μὴ
2540 5376 2753 5444 ἐλαϐεν,
2794 5377 2898 5440 ἓως
2939 5370 3001 5430 οὗ
3049 5375 3305 5447 ἡγιάσθη.
3358 5378 3606 5445 Ἥψατο,
3651 5379 3814 5449 φησὶ,

2286 5543 2315 5583 b
2336 5539 2418 5591 Sic
2441 5537 2883 5604 omnesimss._Sav.
2906 5540 3175 5604 legendum
3201 5544 3357 5601 putat,
3381 5538 3484 5604 ἀντὶ
3505 5534 3817 5604 τοὶ-τοῦτον

2226 5607 2305 5655 τὸν
2328 5617 2470 5652 σιωπ.
2517 5608 2571 5649 οι
2611 5603 2737 5652 hanc
2761 5598 3028 5652 lectioném
3068 5605 3175 5651 sine
3204 5598 3524 5657 'auclorilate,
3557 5598 3683 5645 nihil
3709 5611 3817 5646 mo-

2228 5681 2369 5721 nens,
2391 5665 2438 5713 in
2463 5669 2654 5713 textum
2672 5666 2867 5713 invexit
2888 5664 3104 5715 Combef.
3128 5664 3226 5712 Sed
3251 5670 3368 5722 pulo
3389 5661 3571 5708 seriem
3596 5660 3819 5719 optimc.

2232 5734 2399 5785 mest,
2432 5735 2565 5777 slarc
2608 5740 2775 5786 posse,
2798 5740 2909 5775 cum
2947 5728 3158 5774 maxime
3208 5724 3508 5771 Severianus
3549 5733 3647 5769 nun
3670 5724 3817 5773 tanta

2233 5792 2464 5854 scrupulo
2488 5788 2634 5839 verba
2665 5788 2767 5839 hanc
2796 5793 2871 5839 τοι
2902 5788 2993 5840 alia
3016 5786 3309 5838 adhibuerit.
