3982 6218
171 355 266 412 445

170 475 332 534 estque
360 462 546 519 honori
574 463 732 520 simul
780 471 835 518 et
878 462 1081 532 quieti:
1106 463 1172 517 ita
1205 473 1259 519 et
1283 464 1376 518 Dei
1406 462 1596 518 solium
1635 474 1724 514 sa-

173 559 344 627 pientia
375 559 423 610 in
463 573 566 626 qna
595 557 732 611 Deus
779 557 1080 626 requiescit.
1113 556 1234 611 Ideo
1281 556 1446 610 David
1477 556 1551 609 ait
1585 572 1598 609 :
1631 554 1728 621 Qui

172 649 293 702 sedes
313 664 460 717 super
477 646 742 701 Clierubim
765 646 934 717 (Psal.
967 646 1052 700 79.
1083 648 1135 701 5.
1165 657 1210 700 et
1244 646 1333 703 98.
1365 645 1414 715 1)
1441 663 1458 710 ;
1482 659 1546 699 ac
1574 645 1618 698 si
1644 644 1727 699 di-

169 746 316 803 ceret,
343 739 431 808 qui
461 737 512 790 in
534 737 686 806 plena
713 738 967 806 sapientia
1009 738 1258 807 quiescis.
1291 736 1416 790 Ideo
1440 736 1729 792 Cberubim

169 828 307 899 plena
329 839 451 883 sunt
475 829 662 895 oculis,
692 829 742 883 in
765 829 943 897 dorso,
997 833 1047 884 in
1083 832 1278 900 capite,
1313 830 1368 884 in
1412 831 1623 898 pennis,
1676 829 1728 883 in

167 919 392 989 pedibus,
427 921 478 973 in
509 929 745 989 pectore,
773 930 828 976 et
856 931 962 976 tota
987 923 1159 975 oculis
1186 922 1340 992 plena
1368 930 1540 985 erant,
1593 937 1729 991 quo-

170 1013 292 1064 niam
320 1012 575 1080 sapientia
607 1015 834 1083 undique
861 1013 1141 1082 conspicit,
1173 1024 1227 1068 et
1253 1013 1485 1083 undique
1530 1014 1732 1082 apertis

164 1111 235 1157 est
260 1104 444 1160 oculis.
474 1122 490 1154 t
509 1103 612 1160 Sex
639 1106 757 1169 ala),
775 1125 791 1156 ι
821 1106 1006 1174 inquit,
1049 1124 1065 1157 ι
1093 1107 1202 1172 ιιιιί,
1225 1117 1278 1162 et
1299 1121 1390 1160 sex
1414 1108 1509 1160 alte
1532 1108 1640 1162 uni.
1668 1107 1734 1161 Et

164 1193 355 1248 duabus
376 1195 585 1264 quidem
614 1199 859 1266 tegebant
887 1197 1106 1259 vultum,
1140 1207 1193 1250 et
1212 1196 1419 1252 duabus
1446 1197 1626 1266 pedes,
1681 1207 1733 1252 et

167 1283 360 1341 duabus
411 1288 677 1342 volabant.
730 1289 794 1343 Et
838 1290 1137 1344 clamabant
1183 1291 1318 1346 alter
1369 1291 1435 1345 ad
1484 1293 1732 1358 alterum,

164 1377 394 1446 Sanctus,
426 1390 659 1443 sanctus,
712 1391 926 1435 sanctus
957 1383 1207 1437 Dominus
1233 1382 1466 1437 Sabaoth
1505 1403 1526 1436 ι
1559 1385 1576 1451 (
1607 1382 1733 1437 Isai.

163 1468 210 1522 6.
239 1469 289 1522 2.
316 1470 390 1538 5)
418 1488 429 1522 :
460 1469 560 1525 hoc
587 1481 688 1535 est,
721 1472 972 1526 Dominus
1001 1475 1348 1527 exercituum.
1381 1475 1488 1528 Sea:
1512 1477 1731 1541 alteuni,

162 1567 205 1611 et
227 1575 310 1611 sex
343 1560 441 1612 alte
467 1563 573 1613 uni.
597 1559 728 1615 Octo
755 1563 1022 1616 silentium
1066 1572 1262 1626 tenent,
1295 1574 1347 1619 et
1373 1575 1599 1633 quatuor
1625 1566 1734 1619 cla-

165 1657 319 1703 tnant.
350 1650 484 1718 Quid
513 1666 639 1721 ergo
669 1651 824 1706 docet
846 1667 941 1708 nos
962 1654 1230 1722 Scriptura
1255 1654 1278 1706 ?
1307 1654 1382 1708 Nc
1430 1670 1588 1708 omne
1646 1671 1734 1709 ra-

165 1741 428 1796 tiocinium
453 1758 760 1796 moveamus
783 1744 925 1798 circa
977 1746 1176 1808 Deum;
1235 1746 1328 1799 sed
1379 1747 1480 1798 alia
1527 1747 1737 1800 silentio

162 1833 520 1902 pnedicemus,
547 1835 649 1888 alia
680 1835 780 1888 ﬁde
807 1835 1165 1903 gloriﬁcemns
1192 1847 1244 1891 et
1267 1838 1441 1890 divina
1467 1839 1728 1893 dicamus.

162 1923 261 1978 Cur
287 1932 460 1982 autem
496 1924 653 1992 pedes
684 1928 942 1994 obtegunt
968 1936 1019 1980 et
1046 1937 1202 1996 caput
1233 1928 1254 1980 ?
1282 1929 1413 1996 Quia
1447 1944 1544 1983 nec
1590 1932 1738 1998 prin-

167 2017 354 2081 cipium
383 2031 479 2070 nec
508 2015 625 2070 ﬁnis
669 2019 951 2085 reperitur.
985 2019 1194 2071 Duabus
1247 2028 1429 2088 tegunt
1484 2033 1640 2088 caput
1686 2031 1741 2076 et

166 2106 360 2161 duabus
378 2107 561 2175 pedes,
588 2123 778 2177 nempe
793 2109 997 2162 duabus
1017 2110 1201 2164 mediis
1218 2111 1404 2178 pennis
1420 2111 1620 2173 volant,
1634 2127 1739 2166 non

167 2195 542 2266 superioribus.
565 2213 662 2252 nec
678 2199 1036 2254 inferioribus.
1053 2200 1159 2254 Nos
1177 2201 1316 2254 enim
1332 2201 1397 2254 de
1411 2201 1518 2254 Deo
1531 2202 1742 2270 loquen-

166 2298 265 2353 tes,
300 2289 470 2343 media
499 2288 772 2344 declarare
800 2299 1013 2359 Oportet
1037 2307 1050 2344 :
1097 2290 1236 2360 quod
1265 2307 1455 2361 nempe
1481 2293 1550 2345 sit
1584 2293 1740 2358 Dens,

164 2382 299 2448 quod
316 2381 556 2447 Creator,
577 2383 716 2451 quod
733 2384 1006 2447 Dominus,
1027 2384 1168 2452 quod
1189 2383 1481 2439 bcnclicus.
1502 2385 1625 2439 llme
1638 2401 1745 2439 om-

163 2475 245 2527 nia
260 2473 426 2528 media
451 2484 592 2528 sunt.
617 2474 673 2529 Si
695 2475 860 2540 dicas,
881 2475 1157 2542 Quomodo
1178 2477 1355 2546 genuit
1373 2477 1395 2528 ?
1413 2488 1569 2546 caput
1590 2478 1744 2532 dete-

161 2565 302 2627 xisti,
333 2566 471 2633 quod
499 2565 785 2619 Clterubim
837 2577 1036 2635 tegunt.
1069 2567 1120 2621 Si
1167 2584 1326 2636 porro
1372 2569 1589 2631 dixeris,
1644 2571 1741 2625 Ubi

161 2665 243 2708 est
270 2653 364 2709 Dei
395 2657 550 2709 linis?
577 2656 738 2723 pedes
765 2659 991 2720 nudasti,
1026 2673 1159 2726 quos
1196 2668 1379 2727 tegunt
1426 2660 1740 2712 Cherubim.

160 2747 365 2818 Tegunt
385 2759 557 2801 autem
573 2758 729 2817 caput
751 2758 803 2803 et
837 2751 1017 2817 pedes,
1052 2766 1155 2804 non
1187 2760 1244 2804 ut
1270 2751 1622 2811 abscondant,
1650 2752 1742 2805 sed

164 2849 221 2890 ut
247 2838 472 2892 doceant
503 2839 617 2892 htec
667 2854 787 2893 esse
837 2841 1196 2893 inscrutabilia
1223 2881 1238 2902 .
1293 2841 1750 2907 incmnprehensi-

163 2927 306 2980 bilia.
342 2929 534 2995 Accipe
586 2929 824 2998 ﬁguram.
859 2929 1026 2982 Erant
1065 2944 1156 2982 sex
1204 2937 1256 2983 et
1298 2943 1413 2993 sex,
1469 2930 1746 2984 duodecim

161 3033 353 3088 penum
386 3029 542 3074 :oeto
572 3021 874 3088 quiescunt,
902 3028 954 3073 et
1007 3030 1238 3088 quatuor
1273 3031 1574 3076 moventur.
1627 3023 1750 3077 ll:ce

162 3113 326 3179 ﬁgura
355 3125 476 3165 sunt
505 3113 887 3180 apostolorum.
917 3113 1204 3166 Duodecim
1228 3123 1352 3168 sunt
1377 3116 1625 3183 apostoli,
1655 3115 1749 3170 sed

161 3213 393 3272 quatuor
415 3205 751 3271 evangelista:
778 3206 1027 3257 clamant.
1063 3204 1125 3258 Et
1154 3205 1278 3274 quid
1309 3207 1583 3259 clamant?
1613 3207 1744 3260 Eam

161 3308 351 3347 vocem
369 3310 532 3362 quam
553 3305 798 3349 evertere
844 3306 1055 3349 satanas
1083 3306 1304 3349 conatus
1334 3306 1436 3349 est.
1479 3298 1739 3352 Animad-

161 3395 334 3449 verte,
367 3401 564 3455 quaeso.
591 3386 702 3440 Non
733 3387 1044 3455 simpliciter
1073 3387 1342 3452 dicebant,
1378 3397 1433 3441 ut
1456 3403 1572 3450 nos,
1610 3388 1750 3442 San-

162 3487 296 3540 ctus,
326 3484 549 3540 sanctus,
582 3485 806 3540 sanctus,
835 3475 928 3530 sed
957 3477 1096 3529 alter
1125 3477 1190 3530 ad
1232 3478 1458 3532 alterum
1516 3480 1752 3534 vicissim

161 3565 500 3631 emittebant,
543 3576 598 3619 ut
625 3567 877 3635 scriptum
915 3579 996 3620 est
1026 3586 1038 3621 :
1073 3567 1134 3619 Et
1187 3569 1476 3621 clamabant
1511 3569 1639 3621 alter
1687 3571 1754 3622 ad

159 3660 402 3713 alterunt.
427 3659 671 3722 Sanetus,
704 3659 891 3726 inquit,
929 3658 1095 3713 semel
1124 3659 1409 3713 dicendum
1463 3660 1621 3717 nobis
1646 3669 1748 3715 est.

165 3749 323 3803 Alius
352 3749 477 3802 dicit
502 3749 763 3803 Sanetus:
795 3748 988 3802 deinde
1030 3750 1182 3811 alius,
1217 3750 1351 3803 adde
1399 3751 1575 3813 tertio,
1623 3751 1754 3803 San-

160 3850 306 3895 etns.
326 3841 455 3906 Quia
487 3855 612 3910 ergo
639 3849 747 3894 tres
782 3842 1194 3905 numerat-imus,
1223 3857 1287 3894 ne
1306 3849 1459 3908 putes
1491 3852 1596 3894 tres
1639 3858 1757 3897 esse

161 3933 320 3986 deos.
347 3931 452 3985 Cur
475 3947 601 4000 ergo
629 3950 642 3984 :
673 3932 913 3996 Sanctus,
963 3943 1186 3997 sanctus,
1231 3943 1434 3986 sanctus
1468 3931 1760 3987 Dominus?

163 4022 321 4079 Unus
353 4023 496 4077 enim
526 4031 606 4076 est
649 4023 924 4090 Dominus,
959 4040 1060 4076 una
1094 4025 1240 4088 ﬁdes,
1274 4041 1435 4077 unum
1473 4024 1751 4095 baptisma.

160 4114 244 4168 Ac
269 4112 717 4182 quemadmodum
739 4113 1210 4183 inpsalmodiisialii
1241 4114 1357 4166 aliis
1376 4130 1559 4168 versus
1586 4125 1758 4168 trans-

161 4205 409 4269 mittunt,
437 4206 512 4259 sic
537 4221 778 4274 supernae
808 4215 1097 4274 potestates
1127 4216 1337 4259 mutuos
1355 4205 1549 4260 choros
1575 4217 1758 4276 agunt,

163 4309 231 4350 ac
255 4295 423 4348 veluti
452 4310 513 4350 ex
546 4294 773 4350 melodia
808 4296 1043 4352 vicissim
1085 4295 1286 4360 habita,
1317 4296 1758 4366 gloriﬁcationem

161 4386 448 4449 emittunt,
499 4386 719 4442 Deinde.
765 4386 928 4441 Plena
961 4397 1086 4453 erat,
1140 4388 1329 4458 inquit,
1371 4390 1548 4443 domus
1599 4391 1762 4460 gloria

158 4477 301 4544 ejus.
333 4475 401 4530 Et
423 4477 662 4530 eleuatum
680 4487 748 4531 est
777 4479 1164 4546 superliminare
1192 4495 1224 4530 a
1275 4495 1391 4533 voce
1419 4496 1518 4549 qua
1565 4481 1759 4534 clama-

157 4565 312 4634 bant,
343 4577 389 4620 et
410 4567 587 4620 domus
611 4570 801 4637 repleta
824 4578 896 4621 est
914 4568 1086 4638 fumo(
1109 4567 1235 4622 lsai.
1268 4571 1321 4624 5.
1351 4570 1384 4624 4
1406 4573 1446 4638 ).

238 4660 297 4713 6.
327 4658 461 4712 Rem
489 4660 834 4722 stupendam!
863 4660 994 4713 Cum
1028 4670 1146 4729 post
1177 4661 1615 4731 gloriﬁcationem
1643 4662 1762 4734 glo-

158 4752 246 4805 ria
279 4749 525 4806 addenda
565 4751 867 4817 videretur,
898 4753 1057 4805 etiam
1085 4768 1146 4805 ea
1174 4770 1292 4822 qua:
1335 4763 1451 4809 erat
1491 4756 1678 4823 periit,
1711 4763 1765 4812 et

157 4842 350 4896 fumus
379 4841 611 4896 intravit.
643 4841 839 4896 Fumus
877 4852 1052 4897 autem
1084 4845 1429 4900 desolationis
1457 4856 1538 4901 est
1567 4849 1758 4917 imago.

157 4935 312 5002 Quid
362 4936 518 5004 igitur
561 4935 660 4989 hoc
699 4935 819 4988 est?
861 4936 1188 4990 Pracvidebat
1230 4936 1462 5005 Spiritus
1509 4950 1758 5005 sanctus,

156 5026 324 5089 illud,
358 5026 580 5080 Sanctus
603 5065 619 5088 ,
649 5035 852 5078 sanctus
876 5066 890 5089 ,
927 5035 1125 5079 sanctus
1145 5068 1158 5092 ,
1189 5028 1387 5082 mundo
1409 5044 1527 5084 esse
1551 5031 1764 5084 concin-

157 5129 380 5180 natum,
405 5116 764 5185 prmdicationi
786 5117 1168 5185 apostolorum,
1195 5128 1248 5170 et
1275 5121 1532 5187 templum
1555 5119 1764 5174 Judteo-

157 5221 293 5264 rum
327 5221 430 5259 non
460 5206 586 5259 illud
609 5209 868 5275 accipere.
894 5207 1025 5260 Dicit
1043 5223 1168 5277 ergo
1194 5219 1309 5276 post
1337 5209 1762 5276 przcdicationem

163 5296 817 5368 Evangeliidesolatione
851 5304 906 5349 et
944 5296 1085 5350 fumo
1128 5299 1429 5365 replendam
1459 5314 1576 5352 esse
1601 5317 1761 5369 syna-

149 5400 387 5458 gogam.
419 5385 696 5440 Elevatum
728 5397 809 5440 est
836 5401 938 5439 non
970 5390 1183 5450 ostium,
1214 5389 1306 5442 sed
1335 5390 1757 5458 superliminare.

152 5479 427 5533 Animum
456 5478 666 5532 adhibe.
698 5478 881 5534 Omnis
916 5481 1075 5547 janna
1101 5481 1268 5532 solum
1302 5482 1626 5536 substratum
1671 5483 1764 5537 ha-

152 5568 257 5626 bet
281 5607 300 5632 ,
349 5577 404 5622 et
443 5568 848 5637 superliminare
891 5570 1193 5638 impositum
1235 5574 1514 5639 parastatis
1544 5592 1558 5628 :
1591 5590 1764 5644 neque

153 5669 403 5728 possunt
433 5670 709 5729 parastatze
749 5672 889 5716 stare
911 5701 924 5725 ,
954 5661 1053 5715 nisi
1092 5664 1261 5716 solum
1296 5664 1560 5729 habeant;
1593 5682 1763 5736 neque

153 5748 379 5806 ﬁrmari
405 5750 738 5822 immotwque
759 5766 874 5810 esse
901 5761 1138 5823 possunt,
1166 5753 1264 5808 nisi
1296 5757 1553 5826 accipiant
1574 5772 1756 5828 supcr-

1204 353 1292 408 DE
1332 349 1545 408 MUNDI
1584 345 1973 405 CREATIONE
2011 349 2268 409 ORATIO
2305 350 2368 407 ll.

3314 373 3428 427 446

1836 459 2097 516 liminare.
2123 462 2345 517 Elevata
2371 470 2454 518 est
2478 479 2605 534 ergo
2629 480 2913 537 synagogte
2935 469 3180 538 superior
3209 471 3378 526 forma
3406 489 3421 524 :

1833 568 1938 606 non
1966 560 2074 606 tota
2104 552 2315 622 quidem
2343 569 2629 625 synagoga,
2647 573 2763 625 qum
2791 566 2970 627 portas
2996 559 3210 628 quidem
3241 561 3421 627 habet,

1834 643 2239 711 superliminare
2263 655 2438 700 autem
2468 647 2689 702 nullum.
2713 648 3132 718 Superliminare
3162 666 3319 719 porro
3341 663 3426 706 est

1834 735 2001 789 virtus
2021 748 2248 804 superne
2269 739 2565 791 continens.
2587 738 2859 792 Elevatum
2887 749 2969 794 est
2994 741 3422 809 superliminare,

1837 825 2093 879 nudatum
2122 835 2200 880 est
2228 827 2412 895 gratia.
2448 827 2523 881 Ex
2552 843 2656 896 quo
2684 837 2857 883 autem
2887 831 3290 899 superliminare
3318 831 3428 884 ele-

1837 929 2014 973 vatum
2054 928 2171 985 est,
2215 922 2572 974 necessarium
2613 920 2712 974 fuit
2749 931 3040 990 parastatas
3076 925 3155 976 vel
3187 941 3213 975 a
3261 923 3423 977 debili

1839 1023 1994 1064 manu
2025 1013 2368 1067 commoveri.
2399 1012 2520 1067 Ideo
2559 1015 2761 1083 qumvis
2802 1029 2989 1068 manus
3023 1015 3242 1069 Judaica
3281 1030 3428 1069 com-

1839 1113 2015 1155 movet
2043 1119 2057 1157 :
2089 1101 2286 1156 idcirco
2318 1103 2574 1171 propheta
2614 1104 2826 1172 quidam
2858 1104 3103 1158 dicebat:
3144 1104 3210 1157 Et
3241 1122 3427 1174 ponam

1847 1190 2120 1246 Ierusalem
2145 1201 2197 1245 ut
2223 1193 2458 1245 vestibula
2480 1209 2591 1262 qua:
2620 1203 2896 1246 moventur.
2932 1193 2996 1245 Et
3025 1194 3202 1248 domus
3235 1194 3427 1264 repleta

1840 1294 1910 1336 est
1951 1288 2090 1353 fumo
2112 1283 2290 1353 (Zaclt.
2329 1283 2413 1337 12.
2444 1282 2520 1352 2).
2558 1285 2622 1337 Et
2672 1299 2898 1353 quonam
2934 1285 3062 1337 abiit
3095 1285 3304 1353 gloria?
3331 1287 3428 1337 At-

1842 1374 1997 1428 tende
2021 1416 2036 1440 ,
2065 1389 2267 1443 qumso.
2301 1375 2433 1428 Dicit
2465 1375 2623 1428 Isaias
2648 1417 2661 1437 ,
2694 1374 2757 1427 Et
2800 1376 2946 1444 plena
2979 1387 3081 1429 erat
3111 1377 3289 1428 domus
3319 1376 3430 1445 glo-

1841 1465 1916 1515 ria
1946 1468 2084 1529 eius;
2112 1465 2301 1518 deinde
2331 1466 2498 1518 dicit:
2531 1466 2737 1533 llcpleta
2769 1476 2837 1519 est
2869 1471 3027 1534 [ωηο.
3060 1467 3300 1535 Ingresso
3325 1467 3427 1519 ita-

1840 1572 1945 1626 que
1994 1558 2174 1619 l‘umo,
2205 1573 2420 1611 necesse
2463 1560 2557 1610 t‘nit
2611 1569 2666 1610 nt
2713 1560 2878 1627 gloria
2923 1558 3316 1612 transferretur.
3365 1558 3431 1612 Et

1841 1663 2073 1716 quonam
2108 1649 2357 1701 translata
2388 1660 2469 1702 est
2492 1652 2513 1702 Υ
2537 1651 2647 1702 Non
2685 1651 2734 1703 in
2761 1667 2915 1702 unam
2947 1651 3186 1716 domum,
3210 1650 3304 1704 sed
3329 1651 3430 1704 im-

1845 1741 2006 1808 plevil
2053 1741 2314 1794 Ecelesias
2354 1756 2451 1811 per
2491 1751 2658 1795 totmn
2698 1744 2900 1796 orbein.
2949 1743 3013 1798 Et
3050 1752 3103 1797 ut
3152 1744 3432 1797 ostendant

1842 1832 2126 1886 Cheruhitn
2156 1849 2386 1902 quonam
2412 1834 2600 1887 abierit
2627 1835 2791 1902 gloria
2820 1851 2937 1904 quae
2969 1837 3020 1889 in
3053 1837 3250 1905 templo
3293 1847 3429 1900 erat,

1844 1921 2023 1974 dicunt
2050 1942 2061 1976 :
2090 1922 2252 1976 Plena
2287 1936 2356 1976 est
2401 1926 2563 1977 omnis
2603 1935 2733 1977 terra
2773 1926 2932 1995 gloria
2962 1928 3089 1995 ejus.
3119 1927 3324 1981 Nudata
3355 1935 3437 1982 est

1844 2027 1972 2079 gens
1997 2028 2118 2078 una,
2148 2025 2194 2066 et
2227 2015 2500 2068 illuminati
2537 2025 2660 2070 sunt
2683 2019 2893 2070 termini
2923 2027 3097 2072 terrae.
3129 2018 3274 2072 Hanc
3305 2033 3430 2072 san-

1843 2111 1985 2156 ctam
2032 2119 2214 2158 vocem
2268 2105 2472 2158 Domini
2499 2145 2516 2171 ,
2547 2108 2747 2175 regiam
2789 2108 3227 2177 gloriﬁcalionem
3254 2151 3268 2176 ,
3300 2112 3435 2164 hanc

1847 2194 2079 2248 divinam
2123 2196 2396 2264 mysticam
2429 2197 2811 2252 institutionem
2844 2240 2858 2264 ,
2888 2199 3096 2253 dicebat
3125 2214 3185 2254 os
3211 2199 3438 2254 diaboli-

1847 2299 1965 2337 ctnn
1993 2324 2006 2349 ,
2039 2285 2187 2338 aufer
2231 2285 2297 2338 al)
2338 2286 2511 2340 altari.
2539 2288 2691 2352 Quod
2723 2298 2900 2342 autem
2947 2289 3060 2344 haec
3107 2290 3434 2359 blasphemia

1847 2373 2116 2428 Christum
2163 2376 2421 2445 impetat,
2469 2378 2807 2431 manifestum
2854 2380 3210 2433 testimonium
3264 2380 3434 2436 adest.

1851 2465 2142 2530 Quemnam
2180 2466 2305 2517 vidit
2338 2467 2386 2518 in
2417 2467 2552 2519 solio
2587 2467 2746 2520 IStias
2768 2472 2790 2521 ’ἰ
2820 2469 2906 2520 Ait
2933 2470 3106 2535 enim,
3141 2471 3321 2523 Audivi
3349 2487 3437 2523 vo-

1848 2573 1952 2608 cem
1979 2556 2175 2608 Domini
2207 2558 2414 2609 dicentis
2441 2574 2458 2609 :
2482 2560 2639 2623 Quem
2670 2561 2862 2611 mittam
2885 2562 2908 2612 ?
2930 2571 2974 2614 et
3001 2563 3110 2630 quis
3137 2563 3224 2614 ibit
3250 2563 3317 2614 ad
3344 2580 3437 2630 po-

1850 2649 2023 2716 pttlttm
2051 2649 2182 2700 [tunc
2208 2649 2353 2715 (1δηὶ.
2381 2649 2429 2703 6.
2457 2650 2550 2718 8)?
2579 2651 2970 2705 licconciliattts
3000 2663 3081 2707 est
3105 2668 3282 2716 servo,
3312 2670 3438 2721 spe-

1849 2739 1984 2790 cicm
2013 2747 2184 2791 tamen
2218 2741 2529 2806 prad’erehat
2557 2741 2948 2809 indignationis.
2983 2742 3049 2796 Ut
3092 2758 3190 2796 nos
3229 2745 3440 2812 quando

1852 2842 2008 2881 servo
2037 2830 2368 2898 pepercimus
2397 2873 2410 2894 ,
2441 2845 2545 2884 nou
2576 2833 2753 2886 statim
2785 2834 2858 2887 illi
2887 2842 3054 2888 totum
3086 2836 3290 2889 vultum
3317 2851 3443 2906 gra-

1854 2919 2044 2972 tiosum
2087 2920 2401 2975 exhibemus
2423 2963 2437 2985 ,
2469 2923 2560 2976 sed
2591 2934 2863 2993 aspectum
2896 2929 3152 2994 tantisper
3195 2927 3414 2983 subduci

1855 3026 1972 3063 mus
1992 3011 2088 3065 :ita
2118 3012 2253 3066 Deus
2274 3028 2392 3066 cum
2418 3029 2521 3066 non
2544 3015 2700 3069 vellet
2725 3025 2890 3070 totum
2910 3017 3192 3072 ostendere
3219 3019 3440 3086 vultum,

1855 3111 2028 3156 stante
2068 3105 2158 3157 illo
2183 3104 2388 3159 dicebat
2417 3125 2429 3157 :
2457 3106 2614 3171 Quem
2654 3109 2886 3160 mittam?
2909 3109 3367 3174 Quemadmodum
3399 3113 3442 3164 si

1857 3195 1996 3247 servi
2034 3205 2237 3249 starent
2261 3212 2441 3249 coram
2472 3198 2600 3251 hero
2625 3241 2638 3263 ,
2667 3210 2718 3252 et
2748 3201 2904 3254 vellet
2935 3203 3047 3270 ipse
3076 3217 3260 3255 eorum
3300 3203 3444 3271 igna-

1855 3285 1995 3338 viam
2033 3288 2295 3353 incusare,
2318 3287 2518 3342 diceret
2545 3307 2556 3342 :
2580 3289 2746 3356 Quem
2778 3292 2978 3345 mittant
3002 3296 3026 3343 ’ἰ
3049 3292 3124 3346 Ad
3157 3293 3256 3346 hoc
3285 3309 3444 3361 nego-

1857 3375 1987 3427 tium
2030 3374 2295 3428 hominem
2339 3391 2444 3429 non
2486 3376 2689 3443 habeo;
2724 3394 2828 3433 non
2875 3381 3012 3447 quod
3062 3397 3166 3434 non
3215 3383 3442 3448 habeat,

1859 3464 1951 3518 sed
1977 3466 2117 3534 quod
2145 3476 2418 3521 strenuum
2447 3484 2550 3522 non
2583 3470 2791 3524 habeat.
2816 3471 2904 3525 Sic
2928 3472 3066 3526 Deus
3089 3491 3099 3525 τ
3125 3474 3294 3540 Quem
3324 3476 3445 3526 mit-

1864 3565 1968 3609 tam
2015 3556 2169 3624 hujus
2200 3558 2354 3611 loeo'.’
2382 3575 2448 3612 an
2477 3576 2600 3613 cum
2629 3563 2718 3629 qui
2752 3563 2948 3624 tacuit,
2979 3563 3162 3617 videns
3191 3581 3311 3618 cum
3357 3567 3445 3635 qui

1859 3649 2212 3703 sacerdotium
2268 3651 2647 3720 impugnabat?
2687 3654 2820 3720 Quid
2873 3669 3000 3724 ergo
3053 3655 3251 3710 Isaias?
3289 3656 3448 3724 Quasi

1862 3741 2087 3794 famulus
2119 3743 2169 3795 in
2197 3741 2394 3796 oll‘ensa
2425 3743 2807 3811 deprehensus,
2835 3760 2897 3799 ac
2923 3759 3289 3816 compunctus.
3322 3750 3444 3818 qui-

1861 3847 1963 3900 que
2007 3833 2218 3886 studeat
2260 3835 2433 3901 priora
2483 3835 2789 3904 abswrgere
2814 3854 2826 3889 :
2852 3835 2982 3889 Ecce
3020 3854 3109 3908 ego
3133 3879 3146 3899 ,
3178 3839 3314 3890 mitte
3352 3855 3445 3892 me.

1864 3923 2015 3979 Unde
2052 3941 2180 3994 ergo
2208 3927 2554 3982 ostendemus
2593 3943 2708 3982 eam
2756 3929 2918 3984 fuisse
2947 3931 3142 3985 Christi
3182 3933 3451 4002 gloriam?

1863 4017 1948 4069 Ait
1982 4016 2212 4072 Joannes
2243 4019 2563 4087 evangelista
2597 4037 2609 4072 :
2649 4040 2666 4070 ι
2699 4021 2827 4074 Cum
2860 4030 2999 4074 tanta
3043 4023 3190 4090 signa
3235 4022 3450 4076 fecisset

1863 4106 2038 4171 Jesus,
2074 4110 2552 4165 noncrediderunl
2579 4112 2625 4164 ei
2657 4111 2863 4173 Judaei,
2893 4122 2950 4164 nt
2981 4113 3287 4179 impleretur
3311 4115 3450 4182 quod

1864 4197 2061 4250 dictum
2093 4208 2174 4251 est
2201 4214 2293 4266 per
2321 4200 2505 4252 Isaiam
2538 4218 2550 4252 :
2578 4200 2770 4252 Auditu
2798 4202 3044 4265 audietis,
3075 4211 3129 4255 ct
3158 4219 3261 4256 non
3293 4204 3447 4257 intel-

1865 4289 2059 4356 ligetis.
2088 4289 2212 4343 llzee
2239 4300 2414 4344 autem
2440 4292 2571 4345 dixit
2595 4292 2807 4361 quando
2835 4293 2963 4345 vidit
2990 4294 3208 4361 gloriam
3237 4295 3371 4362 ejus,
3397 4304 3451 4349 et

1867 4381 2114 4450 loquutus
2153 4391 2233 4436 est
2282 4383 2348 4435 de
2375 4398 2439 4436 eo
2469 4401 2488 4434 ι
2519 4382 2698 4452 (Joan.
2733 4383 2821 4435 12.
2853 4384 3081 4451 ’ὄλ-41).
3119 4384 3452 4438 Vidistin’ca-

1868 4481 1958 4541 put
2010 4473 2194 4526 salutis
2255 4483 2483 4540 νοείτω,
2533 4471 3043 4527 sanctiﬁcationem?
3088 4474 3453 4528 Sanctilicatio

1866 4567 1910 4619 si
1937 4581 2038 4618 non
2072 4565 2261 4627 fuerit,
2292 4581 2461 4634 neque
2486 4566 2795 4635 mysterium
2827 4575 3241 4618 consummatur.
3277 4565 3451 4620 Habes

1870 4659 2170 4726 imaginem.
2200 4657 2381 4712 Solum
2409 4657 2588 4712 dixere
2613 4657 2897 4712 Clteruhim
2926 4675 2936 4709 :
2966 4656 3203 4722 Sanctus,
3229 4668 3450 4722 sanctus,

1866 4761 2065 4804 sanctus
2090 4750 2334 4803 Dominus
2359 4766 2376 4803 :
2397 4750 2718 4804 sanctiﬁcata
2748 4759 2828 4804 est
2850 4749 3040 4802 hostia.
3067 4748 3129 4801 Et
3156 4752 3335 4802 missus
3355 4760 3446 4816 est,

1870 4842 2054 4910 inquit,
2087 4842 2153 4893 ad
2183 4858 2260 4894 me
2284 4857 2411 4894 unus
2436 4841 2497 4894 tle
2528 4839 2813 4903 Clterubint,
2849 4849 2892 4892 et
2918 4842 2968 4892 in
2997 4856 3151 4892 manu
3176 4857 3269 4892 sua
3301 4842 3451 4894 liabe-

1868 4934 1947 4984 bnt
1968 4933 2248 4992 carbonem,
2272 4948 2417 5002 quem
2437 4931 2630 5001 forcipe
2658 4931 2834 4983 tulerat
2857 4931 2919 4981 de
2944 4930 3094 4982 altari
3116 4929 3267 5001 (1εηὶ.
3291 4930 3344 4984 6.
3370 4931 3450 5001 6).

1867 5025 1981 5078 Non
2010 5024 2148 5088 tulit,
2172 5024 2341 5077 donec
2367 5024 2720 5077 sanetiﬁcatns
2743 5032 2844 5076 est.
2877 5021 3077 5091 Tetigit,
3107 5020 3294 5089 inquit,
3316 5022 3451 5076 labia

1871 5133 1978 5168 mea
2010 5115 2168 5185 (ibid.
2213 5131 2256 5167 v.
2301 5114 2377 5178 7).
2408 5115 2512 5166 Cur
2549 5113 3121 5182 Iahia?l\1yslcriorum
3170 5113 3450 5166 vestibula.

1868 5209 2000 5276 Quid
2030 5209 2250 5262 dicimus
2275 5209 2485 5263 ﬁdeles?
2511 5209 2618 5262 Hoc
2644 5209 2950 5279 mysterium
2982 5217 3191 5276 peccata
3215 5209 3452 5263 dimittit.

1875 5303 2060 5355 Dicunt
2089 5301 2245 5354 etiam
2277 5300 2595 5354 Cherubitn:
2623 5300 2753 5353 Ecce
2775 5300 2960 5353 abstuli
2993 5313 3195 5369 peccata
3226 5312 3330 5353 tua.
3359 5302 3450 5354 Vi-

1869 5392 1989 5446 disti
2032 5391 2292 5461 ﬁguram?
2318 5391 2488 5444 vidisti
2531 5392 2895 5460 splendentem
2926 5392 3245 5446 veritatem?
3275 5395 3452 5462 Ipsum

1869 5486 2044 5554 igitur,
2072 5486 2159 5552 qui
2190 5485 2338 5539 sedet
2367 5501 2526 5553 super
2554 5486 2742 5539 solium
2769 5487 3038 5540 excelsum
3072 5495 3124 5540 et
3150 5487 3414 5542 elevalum
3435 5530 3448 5553 ,

1869 5577 2196 5630 sanctilieare
2239 5592 2304 5630 ne
2346 5591 2661 5640 cessemus;
2693 5578 2889 5645 gratias
2930 5593 3056 5631 vero
3101 5592 3316 5646 agamus
3358 5593 3455 5646 pro

1867 5669 2039 5720 anima
2064 5683 2179 5735 qua:
2205 5667 2419 5721 seducta
2450 5666 2618 5721 ftterat
2643 5708 2658 5733 ,
2691 5684 2846 5737 quam
2878 5668 3030 5736 lupus
3057 5667 3259 5734 rapuit,
3288 5682 3447 5736 quam

1870 5758 2061 5812 avulsit
2093 5767 2289 5827 pastor,
2321 5774 2477 5830 quam
2508 5759 2678 5824 rapuit
2701 5759 2959 5817 diabolus.
2992 5757 3084 5814 sed
3113 5757 3328 5813 abstulit
3360 5758 3449 5814 ille
