3982 6218
543 376 653 427 447

539 476 775 528 clemens
801 483 862 523 ac
889 469 1173 537 benignus;
1196 475 1250 516 ιιι
1271 480 1330 517 os
1352 477 1508 517 omne
1531 461 1857 528 ha‘retieum,
1883 473 1934 516 ct
1955 463 2130 532 lingua

541 562 848 631 blasphema
878 560 1072 618 furens,
1098 557 1268 609 laudet
1292 556 1500 609 Patrem
1523 565 1571 608 et
1596 555 1786 608 Filium
1808 565 1858 609 ct
1877 555 2130 624 Spiritum

540 665 780 710 Sanctum
815 655 867 707 in
899 651 1108 706 stccula.
1143 652 1308 702 Amen
1343 648 1438 716 (a).

541 787 784 858 Ejusdem
806 786 858 838 in
889 786 1017 837 diem
1046 786 1246 837 tertium
1267 783 1531 836 creationis
1553 823 1566 846 ,
1592 791 1635 835 et
1658 783 1720 836 de
1746 783 2127 838 resurrectione.

613 903 662 955 1.
694 900 870 953 Mundi
905 899 1106 952 Artifex
1137 899 1269 962 sole,
1305 897 1449 965 luna,
1482 897 1650 951 stellis
1682 897 1869 951 caelum
1896 898 2126 962 ornavit,

541 1004 843 1062 terramque
865 991 1086 1044 ﬁoribus
1113 1001 1166 1043 et
1191 991 1384 1058 plantis
1412 991 1705 1053 coronavit,
1729 1000 1887 1058 atque
1915 1004 2128 1044 omnem

537 1095 838 1141 creaturam
869 1085 1027 1137 variis
1075 1083 1348 1136 decoravit
1393 1082 1669 1136 ornatibus
1705 1099 1717 1133 :
1749 1096 1847 1134 nos
1876 1096 2004 1136 vero
2036 1096 2130 1150 par

536 1187 639 1243 est,
672 1186 945 1244 resumpto
975 1175 1041 1228 de
1069 1175 1338 1229 creatione
1363 1188 1645 1236 sermone,
1681 1171 1890 1240 opitlcia
1913 1171 2127 1239 quidem

538 1271 755 1335 mirari,
799 1270 1053 1338 Opiﬁcem
1101 1277 1277 1320 autem
1310 1265 1554 1318 adorare.
1616 1263 1798 1331 Neque
1828 1262 1971 1316 enim
2015 1262 2130 1318 lucc

539 1361 737 1428 scripta
765 1369 887 1412 sunt
914 1359 1118 1421 solum,
1169 1364 1227 1409 ut
1274 1355 1542 1408 discamus
1579 1354 1666 1408 illa
1699 1353 1835 1408 facta
1863 1367 2003 1419 esse,
2033 1355 2126 1409 sed

537 1460 593 1504 ut
622 1453 874 1520 Opiﬁcem
908 1450 1254 1501 admirenmr.
1305 1448 1506 1501 Dictum
1561 1456 1645 1501 est
1669 1447 1815 1500 illum
1847 1447 2017 1515 primo
2043 1445 2128 1501 die

538 1553 902 1597 creaturarum
929 1547 1204 1597 materiam
1233 1542 1544 1610 produxisse
1569 1558 1580 1592 :
1606 1540 1842 1594 secundo
1869 1540 1976 1604 die,
1997 1554 2127 1608 quo-

534 1635 694 1689 modo
721 1650 783 1688 ex
814 1635 1013 1687 rariore
1045 1635 1395 1702 mollioreque
1424 1647 1677 1701 aquarum
1704 1633 1922 1686 materia
1951 1633 2127 1684 ﬁrma-

536 1737 775 1779 utentum
805 1725 1160 1790 constituerit,
1197 1725 1418 1793 ideoque
1456 1724 1847 1778 ﬁrmamentum
1880 1733 2124 1778 vocatum

532 1815 712 1871 fuerit.
744 1817 944 1871 Idcirco
976 1817 1134 1868 etiam
1164 1815 1408 1869 Christus
1451 1824 1617 1868 totum
1650 1815 1834 1867 orbem
1864 1825 2123 1868 terrarum

531 1916 875 1962 extenuatum
895 1915 948 1959 et
971 1906 1287 1969 emollitum,
1313 1906 1627 1972 diversoque
1651 1903 1880 1972 plurium
1903 1903 2123 1956 deormn

532 2014 716 2052 errore
741 2013 838 2053 ceu
868 1998 1090 2051 materia
1121 1997 1470 2065 dissipatum,
1511 1995 1741 2066 collegit,
1773 2005 1827 2049 et
1857 2011 2011 2050 unam
2060 1999 2122 2047 li—

528 2091 649 2145 dem
690 2089 844 2154 fecit,
896 2104 1052 2158 quam
1097 2091 1485 2140 ﬁrmamentum
1534 2095 1688 2140 vocat
1712 2087 1996 2155 Apostolus
2043 2085 2124 2140 his

532 2180 707 2233 verbis
731 2199 743 2232 :
772 2179 1062 2233 Secundum
1092 2181 1464 2247 ﬁrmamentum
1487 2179 1605 2246 [idci
1634 2180 1686 2231 in
1707 2178 1960 2232 Christum
1987 2177 2118 2248 (Col.

527 2271 582 2323 ‘2.
608 2272 686 2339 5).
713 2271 886 2322 Divisa
913 2281 995 2322 est
1023 2272 1178 2339 igitur
1199 2271 1461 2337 ahyssus;
1489 2280 1708 2338 eratque
1733 2286 1865 2339 aqua
1897 2270 1980 2322 illa
2003 2287 2122 2338 qua:

531 2363 668 2417 intra
694 2365 940 2416 manebat
977 2362 1222 2431 abyssus,
1255 2371 1411 2429 atque
1449 2363 1606 2414 etiam
1635 2362 1720 2414 illa
1761 2377 1878 2429 qua:
1911 2375 2120 2412 sursum

528 2462 582 2508 et
603 2451 845 2506 sublimis
866 2461 981 2506 erat
1007 2453 1252 2522 abyssus.
1281 2450 1431 2505 Unde
1458 2450 1592 2505 hoc?
1617 2450 1702 2504 Ait
1733 2449 1893 2504 David
1920 2468 1931 2501 :
1957 2450 2120 2521 Abys-

527 2562 615 2598 sus
674 2547 913 2614 abyssum
967 2545 1161 2596 invocat
1210 2543 1262 2594 in
1315 2559 1435 2596 voce
1489 2552 1859 2594 cuturactarum
1922 2555 2121 2594 tuarum

529 2639 712 2710 (Psal.
743 2639 827 2692 41.
865 2639 949 2708 8).
988 2638 1162 2691 Divisa
1197 2645 1276 2690 est
1320 2638 1496 2705 itaque
1527 2637 1750 2706 abyssus
1775 2675 1790 2701 ,
1841 2643 1896 2689 et
1923 2633 2118 2689 factum

526 2742 609 2785 est
639 2732 1033 2784 ﬁrmamentum
1067 2747 1079 2780 :
1113 2728 1366 2796 deinceps
1409 2737 1549 2781 terra
1591 2737 1775 2795 operta
1811 2736 1927 2782 erat
1961 2741 2118 2796 aqua.

527 2821 595 2875 Et
625 2823 752 2876 dixit
786 2821 918 2873 Deus
939 2863 952 2887 ,
1002 2821 1203 2889 inquit,
1237 2820 1578 2889 Congregetur
1603 2835 1734 2883 aqua
1759 2833 1871 2886 qua:
1899 2820 1988 2871 sub
2019 2832 2119 2871 ca:-

527 2916 576 2966 lo
619 2922 689 2966 est
749 2914 799 2964 in
843 2913 1277 2982 congregationem
1332 2927 1525 2976 unam,
1580 2920 1624 2964 et
1672 2920 1916 2980 appareat
1972 2909 2120 2962 arida

529 3003 694 3075 (Gen.
730 3005 779 3056 1.
811 3003 896 3070 9).

606 3093 796 3147 Contra
839 3091 1668 3160 Anomtros.——Quaudoquidem
1703 3093 1882 3145 omnia
1925 3092 2119 3146 intelli-

531 3202 656 3256 gere
681 3189 864 3238 volunt
887 3185 1062 3237 miseri
1097 3185 1166 3236 illi
1198 3183 1452 3247 Ita-relici,
1483 3192 1532 3237 et
1565 3184 2119 3253 incumprehensibilis

530 3288 735 3333 natura:
765 3277 980 3330 modum
1009 3285 1343 3338 scrutantur,
1375 3274 1556 3328 dicant
1579 3275 1848 3343 quomodo
1888 3291 2118 3346 congre-

522 3380 640 3438 gata
670 3371 737 3422 sit
762 3383 917 3435 aqua,
948 3377 1038 3419 aut
1066 3377 1381 3434 congregata
1410 3380 1638 3433 quonam
1668 3370 1968 3421 recesserit.
2001 3367 2116 3420 Non

523 3464 688 3525 enim,
722 3460 1014 3515 secundum
1043 3475 1134 3512 vos
1162 3500 1174 3521 ,
1206 3461 1350 3512 nullo
1379 3459 1624 3511 examine
1653 3459 1872 3512 vocibus
1901 3459 2114 3514 ha-ren-

521 3549 647 3608 dum
679 3565 779 3616 est,
813 3555 902 3608 sed
936 3569 1021 3606 res
1049 3562 1171 3606 sunt
1211 3553 1532 3620 qua-rendie.
1580 3552 1723 3605 Dixit
1765 3550 1903 3607 Deus
1936 3553 2114 3607 :(Ion-

520 3657 750 3719 gregetur
780 3663 932 3716 aqua.
965 3646 1207 3711 Quonam
1238 3655 1555 3713 congregata
1591 3644 1724 3698 fuit?
1753 3645 1806 3698 In
1836 3661 2001 3701 mare.
2034 3650 2114 3700 Att

521 3756 670 3793 mare
700 3749 822 3792 tunc
851 3739 1062 3806 plcnmn
1094 3755 1200 3790 nun
1231 3749 1345 3791 erat
1366 3738 1386 3789 ’ἶ
1411 3738 1571 3790 Terra
1603 3739 1751 3804 plena
1774 3747 1909 3800 erat,
1936 3740 2114 3806 utique

520 3846 650 3885 sane
679 3841 732 3885 et
758 3846 922 3884 mare.
952 3831 1192 3894 Quonam
1225 3831 1383 3896 igitur
1412 3839 1730 3896 congregata
1759 3834 1876 3882 est?
1905 3832 2000 3896 Qui
2026 3831 2110 3884 illa

521 3940 639 3991 qua:
669 3923 719 3975 in
745 3921 968 3989 pedibus
999 3921 1214 3984 habent,
1242 3937 1465 3989 quarque
1487 3921 1732 3975 videntur
1761 3936 1863 3974 non
1894 3932 2115 3991 possunt

520 4029 733 4083 capere,
756 4013 1150 4066 inserutabilem
1173 4010 1505 4063 altitudinem
1535 4011 1749 4064 curiose
1776 4014 2108 4081 perquirunt,

520 4116 575 4159 et
620 4104 1210 4173 incomprehensibilem
1259 4102 1556 4155 divinitatis
1599 4101 1884 4172 abyssum,
1939 4119 2113 4173 neque

521 4212 671 4251 mare
693 4237 708 4260 ,
757 4195 898 4265 quod
927 4203 1006 4248 est
1048 4193 1585 4261 incomprchensihile
1607 4233 1620 4257 ,
1658 4193 1892 4248 deterret
1922 4209 2016 4248 eos
2045 4194 2111 4249 ab

521 4288 848 4356 explorando
889 4287 1125 4338 Artitice.
1176 4283 1295 4336 ltleo
1323 4283 1590 4337 haereticis
1629 4283 1770 4337 dicat
1809 4285 2107 4354 propheta:

519 4375 855 4431 Erubescaut
905 4376 1181 4437 haeretici,
1235 4374 1369 4425 dixit
1427 4389 1612 4436 mare;
1663 4375 2109 4442 quemadmodum

519 4470 688 4524 dixit:
717 4465 1178 4529 Erubesce,Sidon,
1199 4465 1327 4518 dixit
1357 4481 1492 4516 mare
1513 4470 1526 4495 ¹
1565 4464 1714 4534 (Isai.
1747 4466 1837 4521 εδ.
1865 4468 1943 4537 4).
1969 4467 2111 4534 Quo-

519 4576 644 4613 nam
674 4561 831 4628 igitur
857 4560 975 4612 loco
997 4568 1332 4627 congregata:
1363 4568 1486 4610 sunt
1517 4559 1711 4626 aquae?
1740 4560 1895 4613 Audi.
1928 4561 2110 4628 Quan-

520 4653 590 4707 do
619 4663 814 4706 terram
842 4651 968 4704 lccit
1001 4653 1137 4704 Deus
1159 4692 1172 4715 ,
1222 4652 1454 4704 nondum
1487 4660 1635 4703 erant
1680 4665 1908 4704 concava
1955 4669 2108 4707 mon-

523 4746 688 4807 tium;
720 4743 812 4796 sed
845 4743 1002 4795 simul
1029 4751 1188 4811 atque
1210 4742 1372 4807 dixit,
1405 4740 1748 4811 Congregetur
1775 4758 1905 4810 aqua
1925 4784 1937 4808 ,
1970 4752 2107 4798 terra

521 4835 734 4903 dirupta
761 4844 843 4889 est
869 4876 883 4897 ,
916 4849 978 4886 ac
1015 4834 1161 4887 sinus
1194 4833 1334 4887 fecit.
1367 4835 1494 4900 Qua:
1525 4849 1608 4887 res
1638 4843 2108 4901 connuoustratur,

524 4944 715 4995 nempe
740 4926 879 4996 quod
910 4935 1050 4980 terra
1077 4926 1283 4994 dirupta
1319 4925 1499 4990 fuerit,
1528 4942 1592 4980 ex
1623 4926 1809 4980 insulis
1832 4935 1886 4981 et
1915 4927 2111 4980 monti-

522 5019 620 5073 bus
649 5020 773 5073 hinc
796 5018 919 5072 inde
945 5018 1146 5086 positis.
1183 5017 1408 5086 Ideoque
1436 5019 1647 5084 reliquit
1678 5018 1815 5071 Deus
1839 5018 2036 5073 insulas
2058 5026 2113 5072 et

525 5121 733 5166 montes
755 5153 768 5176 ,
822 5120 880 5164 ut
921 5111 1095 5164 discas
1125 5126 1186 5164 ea
1222 5126 1251 5163 a
1294 5110 1551 5179 principio
1580 5109 1859 5178 conjuncta
1902 5110 2063 5166 fuisse
2094 5128 2109 5166 :

525 5204 615 5257 Dei
645 5212 819 5256 autem
843 5202 1062 5254 verbum
1094 5200 1208 5254 hzcc
1240 5202 1554 5269 segregavit.
1586 5199 1927 5269 Congregetur
1956 5217 2109 5269 aqua,

525 5294 716 5347 nudata
746 5304 827 5346 est
858 5303 1018 5346 terra.
1045 5291 1330 5346 Sciendum
1363 5305 1574 5357 autem,
1630 5303 1822 5345 terram
1850 5334 1862 5354 ,
1892 5309 2008 5361 qua}
2036 5293 2114 5346 sic

524 5386 682 5438 hodie
712 5385 1038 5452 appellatur,
1070 5399 1096 5435 a
1125 5385 1230 5437 Deo
1260 5398 1360 5436 nec
1402 5394 1594 5436 terram
1627 5396 1744 5434 esse
1773 5383 1982 5447 factam,
2018 5397 2111 5435 ne-

525 5493 629 5545 que
651 5476 751 5529 hoc
779 5476 992 5529 nomine
1030 5486 1271 5529 vocatam
1309 5494 1319 5528 :
1351 5475 1442 5528 sed
1466 5490 1494 5527 a
1529 5474 1784 5542 principio
1827 5474 2112 5528 eieationis

528 5584 721 5627 nomen
745 5571 862 5637 ejus
886 5567 1068 5628 fuisse,
1087 5567 1255 5631 arida,
1279 5576 1334 5618 ut
1357 5568 1428 5619 ait
1453 5565 1613 5620 David
1642 5584 1654 5618 :
1681 5565 1929 5632 Quoniam
1956 5566 2112 5634 ipsius

587 5681 601 5710 ί
632 5687 778 5742 itare,
804 5678 1208 5742 quemadmodum
1232 5677 1476 5742 Αἰαίη...
1506 5677 1634 5729 dixit
1675 5691 1834 5739 mare,
1868 5690 2032 5740 neque
2063 5678 2110 5727 in

521 5741 662 5793 savil.
690 5739 853 5803 neque
880 5744 925 5789 iu
947 5741 1202 5791 Comlieﬁs.
1232 5739 1476 5802 leguntur.

586 5803 660 5864 (al
696 5805 767 5854 sic
788 5804 968 5854 desinit
995 5803 1267 5852 Vaticanus.

2002 349 2366 408 SEVERIANI

3734 386 3847 438 448

2245 475 2318 518 est
2347 479 2505 530 mare,
2538 475 2584 519 et
2609 465 2717 535 ipse
2743 467 2860 535 fecit
2886 467 3034 534 illud,
3069 476 3113 522 et
3140 470 3338 524 aridam
3363 472 3706 541 formaverunt
3729 494 3839 530 ma-

2241 575 2335 611 ntts
2363 559 2472 626 ejus
2493 558 2511 624 (
2532 557 2679 612 Psal.
2713 560 2803 615 9-5.
2835 559 2924 629 5).
2968 561 3128 616 Arida
3159 561 3292 618 facta
3325 572 3427 628 est,
3459 570 3836 637 cognominata

2238 660 2414 704 autem
2456 649 2549 704 fuit
2581 661 2721 706 terra
2753 669 2764 704 :
2797 654 3247 723 quemadmodum
3279 656 3380 711 hoc
3430 659 3835 714 ﬁrmamentmn

2239 742 2511 797 conditum
2534 753 2652 810 est,
2704 753 2758 799 et
2801 755 3044 800 vocatum
3090 757 3170 802 est
3210 749 3418 803 carlutn.
3470 751 3628 806 Facto
3669 752 3839 822 igitur

2239 847 2493 902 aquarum
2521 834 2769 902 divortio,
2805 837 3000 905 prodiit
3025 838 3191 904 arida,
3222 840 3454 907 Speciem
3486 841 3685 898 habens
3717 846 3837 897 inc-

2239 922 2420 977 briatm
2446 933 2602 980 terra:
2630 941 2818 995 :aqute
2845 928 2986 982 enim
3017 931 3320 998 nuperrime
3350 942 3699 987 recesserant.
3734 934 3837 988 Ubi

2235 1029 2364 1084 ergo
2402 1015 2610 1070 detecta
2655 1016 2751 1071 fuit
2791 1027 2967 1083 terra,
3008 1020 3157 1087 jubet
3195 1021 3415 1076 Creator
3449 1039 3460 1075 :
3496 1042 3514 1075 ι
3551 1022 3837 1078 Germinet

2239 1114 2374 1158 terra
2400 1103 2618 1161 herbam
2652 1106 2798 1169 foeni,
2833 1109 3185 1164 seminautem
3216 1126 3395 1166 semen
3420 1115 3711 1168 secundum
3739 1131 3836 1184 ge-

2237 1213 2334 1250 nus
2367 1205 2420 1251 et
2443 1197 2737 1252 secundum
2769 1200 3173 1256 similitudinem
3197 1245 3210 1267 ,
3253 1214 3304 1258 et
3335 1205 3533 1274 lignum
3585 1209 3828 1263 fructife-

2235 1303 2375 1354 rum,
2404 1287 2556 1357 cujus
2578 1302 2765 1345 semen
2795 1292 2846 1344 in
2877 1291 2990 1358 ipso
3020 1294 3108 1358 sit,
3143 1295 3432 1348 secundum
3466 1312 3632 1365 genus
3658 1309 3712 1352 et
3744 1314 3833 1353 sc-

2233 1377 2462 1431 cundum
2504 1379 2906 1434 similitudinem
2946 1401 2962 1433 ι
3009 1381 3171 1451 (Gen.
3218 1385 3268 1437 1.
3317 1385 3414 1454 11)
3453 1404 3466 1440 :
3500 1387 3680 1456 Neque
3730 1389 3834 1441 huc

2234 1467 2439 1536 pudore
2465 1468 2631 1523 afﬁcit
2653 1471 2956 1526 haereticos.
2989 1474 3161 1528 llerba
3191 1483 3244 1530 et
3273 1476 3412 1546 ligna
3438 1487 3490 1531 et
3516 1476 3718 1531 lteuum
3745 1497 3833 1548 ge-

2233 1571 2422 1615 nerant
2448 1563 2741 1617 secundum
2774 1565 3178 1622 similitudinem
3206 1609 3219 1632 ,
3267 1579 3319 1622 et
3351 1571 3486 1624 Deus
3513 1570 3828 1625 dissimilem

2229 1653 2328 1706 sibi
2368 1654 2591 1722 genuit?
2623 1656 2827 1711 Etcum
2849 1659 3220 1727 quadrupedes
3251 1677 3465 1717 rursum
3490 1702 3503 1726 ,
3541 1664 3751 1732 reptilia
3782 1675 3830 1716 ct

2231 1758 2356 1798 aves
2401 1743 2536 1800 facta
2564 1755 2720 1813 sunt,
2769 1748 2895 1802 dicit
2942 1749 3079 1805 Deus
3111 1769 3126 1813 ;
3159 1750 3398 1805 Educant
3434 1770 3582 1824 aqua:
3624 1755 3826 1822 reptitia

2230 1836 2515 1890 animarum
2540 1839 2802 1892 viventium
2831 1882 2845 1906 ,
2877 1851 2920 1894 et
2954 1843 3177 1896 volatilia
3209 1845 3428 1898 volantia
3454 1861 3612 1913 super
3641 1855 3825 1898 terram

2229 1930 2503 1981 secundum
2532 1945 2688 1999 genus
2722 1930 2883 2000 (Gen.
2919 1933 2970 1986 1.
3004 1932 3134 2003 20).
3166 1933 3339 2001 Ftll‘il‘,
3370 1936 3602 2004 reptilia,
3640 1938 3825 1989 volati-

2231 2017 2320 2081 lia,
2361 2019 2618 2085 uatatilia,
2649 2019 2832 2084 herba,
2877 2021 3098 2088 tirenum,
3137 2024 3295 2092 ligna,
3334 2025 3629 2078 secundum
3663 2041 3824 2095 genus

2229 2119 2282 2164 et
2313 2110 2605 2165 secundum
2641 2113 3040 2168 similitudinem
3065 2126 3322 2184 generant
3356 2135 3368 2169 :
3397 2118 3658 2188 soluSque
3694 2121 3824 2174 licus

2227 2200 2540 2257 dissimilem
2569 2205 2796 2273 genuit?
2825 2204 3067 2276 Cumque
3096 2223 3192 2261 nos
3219 2209 3418 2260 creavit
3453 2210 3614 2274 Deus,
3650 2211 3778 2263 dixit
3812 2230 3822 2262 :

2229 2290 2504 2346 Faciamus
2535 2293 2788 2347 hominem
2828 2295 2896 2347 ad
2937 2298 3208 2366 imaginem
3235 2305 3278 2350 et
3314 2298 3704 2351 similitudinem
3739 2317 3824 2352 no.

2227 2393 2382 2437 stram
2416 2384 2579 2454 (Gen.
2623 2386 2673 2440 1.
2702 2385 2806 2455 26)
2845 2405 2856 2440 :
2890 2403 3024 2456 opus
3055 2397 3136 2442 est
3178 2389 3472 2443 secundum
3516 2390 3820 2445 similitudi-

2227 2489 2373 2537 nem,
2402 2485 2456 2528 et
2481 2476 2672 2531 artifex
2693 2476 2972 2532 dissimilis
2995 2479 3016 2530 't

2296 2566 2350 2619 2.
2397 2565 2501 2621 Sed
2548 2583 2661 2623 rem
2714 2570 2904 2623 miram
2937 2570 3055 2625 vide
3085 2589 3098 2623 :
3131 2585 3274 2640 Step8
3311 2587 3540 2643 namque
3577 2573 3821 2628 haeretica

2230 2657 2470 2726 nequitia
2498 2657 2775 2713 latibulum
2807 2662 3021 2728 reperit.
3049 2661 3140 2726 Si,
3170 2661 3373 2731 inquit,
3404 2663 3473 2716 ita
3506 2663 3710 2718 dixeris
3738 2664 3823 2717 Fi-

2225 2745 2353 2799 lium
2378 2748 2674 2801 secundum
2703 2749 3125 2816 similitudinem,
3163 2760 3220 2804 ut
3249 2760 3304 2806 et
3338 2768 3432 2806 nos
3459 2794 3471 2819 ,
3508 2752 3561 2806 id
3588 2754 3821 2807 admitti-

2229 2855 2368 2893 mus.
2418 2839 2706 2894 Enimvero
2736 2840 2876 2894 aliud
2923 2850 3004 2896 est
3048 2852 3251 2897 natura:
3299 2844 3634 2910 similitudo,
3679 2846 3816 2898 ahud

2223 2934 2429 3002 gratiae.
2464 2932 2570 2986 Nos
2599 2933 2890 2988 secundum
2923 2935 3324 2990 similitudinem
3347 2977 3362 3002 ,
3409 2937 3497 2990 ille
3529 2938 3819 2990 similitudo

2224 3035 2304 3078 est
2335 3041 2347 3076 :
2379 3039 2498 3078 nam
2527 3025 2626 3091 Qui
2649 3027 2767 3078 vidit
2791 3042 2887 3089 me,
2914 3027 3033 3079 vidit
3063 3025 3269 3080 Putrem
3293 3025 3470 3096 (Joau.
3501 3027 3664 3095 14.9)
3687 3044 3700 3092 ;
3727 3045 3822 3082 nos

2224 3114 2516 3168 secundum
2558 3115 2979 3168 similitudinem.
3019 3115 3215 3170 Servos
3251 3126 3430 3170 autem
3469 3117 3564 3171 Dei
3610 3129 3825 3186 oportet

2224 3208 2512 3262 dictionum
2541 3208 2848 3262 discrimina
2877 3223 3136 3277 quaerere.
3165 3208 3305 3263 Dixit
3343 3209 3482 3263 Deus
3515 3226 3528 3262 :
3566 3206 3824 3263 Gcrminet

2224 3310 2357 3354 terra
2387 3301 2590 3355 herbam
2615 3303 2738 3370 [mni
2762 3343 2776 3367 ,
2810 3312 2854 3354 et
2886 3303 3078 3370 lignum
3109 3302 3433 3374 fructiferum
3473 3305 3669 3372 faciens
3715 3307 3824 3374 fru-

2223 3403 2376 3445 ctum.
2411 3393 2612 3446 Deinde
2644 3391 2771 3445 dicit
2801 3409 2813 3444 :
2849 3390 3050 3444 Educat
3091 3402 3226 3445 terra
3261 3393 3612 3462 quadrupedes
3652 3403 3699 3446 et
3739 3395 3823 3446 be-

2222 3484 2361 3534 stias.
2395 3480 2500 3536 Cur
2530 3482 2598 3534 ibi
2624 3522 2637 3544 ,
2674 3480 2947 3544 Germinet,
2978 3481 3082 3547 hic,
3125 3480 3343 3547 Educat,
3373 3482 3539 3536 dicit?
3567 3482 3820 3538 Germina

2221 3586 2272 3628 et
2305 3577 2439 3645 ligna
2466 3574 2775 3643 fructusque
2801 3577 3084 3642 quotannis
3126 3577 3446 3644 germinant.
3491 3575 3625 3642 Quia
3663 3578 3823 3645 igitur

2221 3668 2423 3720 semina
2451 3666 2502 3719 in
2529 3675 2668 3719 terra
2700 3679 2947 3717 mansura
2976 3675 3129 3718 erant
3154 3706 3169 3731 ,
3217 3674 3268 3718 et
3297 3680 3359 3717 ex
3386 3664 3474 3717 illa
3511 3665 3815 3732 prodit-ira,

2223 3760 2340 3814 ideo
2370 3760 2441 3813 ait
2465 3799 2479 3825 ,
2510 3759 2780 3812 Germinct.
2817 3759 2879 3811 Et
2915 3761 3054 3812 circa
3088 3759 3336 3812 animalia
3360 3801 3373 3823 ,
3413 3759 3646 3824 Educet,
3699 3762 3818 3829 quia

2220 3866 2340 3904 ct..n
2369 3851 2532 3905 semel
2561 3866 2623 3905 ex
2657 3861 2794 3904 terra
2824 3862 2939 3904 orta
2965 3861 3162 3916 essent,
3189 3866 3294 3905 neu
3322 3853 3455 3904 ultra
3485 3867 3511 3902 a
3539 3861 3703 3914 terra,
3725 3852 3816 3903 sed

2222 3959 2314 4012 per
2351 3945 2746 3997 successionem
2778 3944 3080 4012 gignuntur.
3121 3939 3334 3994 Factum
3362 3951 3431 3995 est
3459 3943 3547 3992 ita.
3583 3941 3815 3994 Verbum

2220 4037 2269 4089 in
2301 4051 2433 4106 Opus
2457 4035 2692 4089 decurrit
2721 4055 2732 4101 ;
2764 4045 2949 4088 ornata
2977 4034 3073 4088 luit
3095 4044 3269 4100 terra;
3299 4033 3576 4104 Oportebat
3597 4034 3816 4086 demmn

2219 4131 2397 4183 ornari
2427 4129 2640 4183 caelum.

2289 4220 2391 4273 Cur
2430 4220 2586 4272 solem
2615 4227 2662 4272 et
2703 4217 2876 4270 lunam
2902 4233 3002 4270 non
3035 4217 3195 4286 primo
3224 4217 3305 4269 die
3348 4218 3515 4286 fecerit
3558 4214 3721 4269 Deus.
3751 4245 3818 4255 ~-

2217 4312 2322 4366 Cur
2355 4312 2500 4379 prius
2525 4320 2718 4362 terram
2753 4319 3010 4372 exornat,
3039 4323 3195 4376 quam
3224 4305 3407 4360 czrlum
3428 4304 3448 4357 ?
3471 4304 3698 4374 Propter
3724 4321 3816 4360 er-

2217 4419 2394 4459 rorem
2418 4403 2792 4471 multiplicium
2821 4401 3065 4463 deorum,
3097 4400 3186 4469 qui
3219 4401 3520 4454 exoriturus
3541 4408 3681 4464 erat,
3709 4414 3816 4469 quo

2216 4497 2384 4549 solem
2405 4537 2416 4557 ,
2447 4495 2624 4547 lunam
2653 4535 2668 4558 ,
2699 4493 2880 4545 stellas
2910 4493 3207 4545 coluerunt.
3261 4488 3401 4542 Dixit
3446 4487 3612 4551 Deus,
3646 4487 3815 4542 Fiant

2217 4587 2488 4641 luminaria
2519 4586 2570 4636 in
2616 4585 2934 4650 ﬁrmamento
2963 4581 3071 4633 creti
3121 4579 3324 4647 ((lcues.
3360 4580 3411 4633 1.
3443 4579 3552 4649 14).
3583 4577 3695 4631 Cur
3724 4597 3814 4632 so-

2219 4677 2323 4731 lem
2351 4688 2403 4729 et
2432 4677 2606 4729 lunam
2643 4689 2746 4726 ιιυιι
2778 4674 2948 4740 primo
2995 4673 3080 4724 die
3112 4671 3275 4724 fecit?
3300 4671 3430 4736 Quia
3461 4669 3701 4724 nonduin
3739 4673 3820 4724 la-

2217 4781 2359 4823 etum
2393 4767 2566 4820 fuerat
2594 4767 3008 4826 ﬁrmamentum,
3035 4764 3086 4816 in
3117 4779 3222 4832 quo
3253 4763 3338 4815 illa
3362 4761 3603 4831 ponenda
3629 4775 3816 4818 erant.

2218 4859 2400 4929 Neque
2418 4860 2486 4912 ob
2506 4859 2641 4912 hanc
2666 4868 2868 4910 tantum
2886 4871 3100 4909 causam
3123 4853 3245 4919 ;sed
3263 4855 3382 4923 quia
3401 4853 3632 4908 nondum
3656 4865 3820 4906 erant

2221 4952 2423 5006 fructus
2449 4993 2461 5014 ,
2491 4952 2578 5020 qui
2611 4950 2679 5003 al)
2726 4949 2829 5003 illis
2868 4953 3190 5002 l‘overentur.
3238 4947 3417 5001 Tertio
3463 4962 3696 5016 namque
3729 4948 3819 5001 die

2219 5043 2423 5097 fructus
2470 5043 2859 5111 germinarunt.
2893 5044 2969 5094 Ac
3001 5055 3067 5094 ne
3095 5048 3370 5108 putaretur
3414 5026 3538 5092 illos
3583 5054 3645 5093 ex
3680 5039 3816 5093 solis

2221 5145 2404 5189 natura
2434 5136 2784 5205 germinasse,
2816 5142 2939 5202 post
2964 5132 3263 5187 absolutam
3289 5132 3612 5185 creationem
3635 5171 3648 5197 ,
3686 5141 3816 5184 tunc

2224 5229 2362 5282 Deus
2413 5228 2533 5281 fecit
2583 5228 2788 5290 solem,
2823 5226 3002 5278 lunam
3031 5233 3084 5280 et
3118 5224 3320 5278 stellas.
3363 5222 3636 5278 Undeuam
3669 5221 3816 5276 Deus

2223 5319 2310 5373 illa
2335 5318 2498 5374 fecit?
2532 5319 2736 5373 Dictum
2779 5327 2861 5372 est
2885 5319 3026 5370 enim
3072 5315 3244 5384 ipsum
3274 5316 3444 5385 primo
3474 5316 3558 5369 die
3603 5330 3668 5368 ex
3704 5332 3814 5368 non

2222 5412 2550 5466 exstantibus
2572 5420 2759 5465 cuncta
2790 5409 2981 5464 fecisse
3006 5451 3018 5473 ,
3053 5408 3271 5476 reliquis
3319 5416 3492 5460 autem
3525 5405 3719 5460 diebus
3751 5421 3814 5459 rx

2225 5504 2570 5559 exstantibus.
2600 5502 2752 5558 Unde
2773 5516 2903 5571 ergo
2933 5501 3054 5554 sol?
3079 5501 3154 5553 Ex
3204 5499 3320 5553 luce
3346 5513 3463 5568 quae
3506 5501 3676 5568 primo
3727 5495 3817 5551 die

2225 5601 2357 5651 facta
2391 5597 2558 5650 fuerat
2582 5637 2596 5661 ,
2629 5610 2790 5664 quam
2831 5594 3053 5647 mutavit
3096 5600 3152 5645 ut
3181 5588 3571 5645 voluitArtifex
3594 5629 3608 5652 ,
3634 5588 3688 5641 in
3723 5604 3817 5641 va-

2225 5692 2433 5758 rizuque
2477 5689 2684 5759 species
2715 5687 2978 5741 convertit
3011 5703 3023 5738 :
3061 5685 3166 5739 illic
3204 5685 3336 5739 lucis
3375 5684 3690 5746 materiam,
3728 5683 3817 5738 hic

2230 5786 2407 5840 stellas
2436 5802 2446 5837 :
2473 5781 2918 5853 queuiadmodum
2950 5780 2992 5832 si
3014 5780 3128 5850 quis
3156 5779 3497 5848 prmmitteret
3525 5775 3639 5830 auri
3663 5792 3816 5830 mas-
