  <div class='ocr_page' id='page_1' title='image "/cluster/home/n/w/nwhite01/storage/ocr_20150623/56/nnc1.0114695758/437.png"; bbox 0 0 3982 6218; ppageno 0'>
   <div class='ocr_carea' id='block_1_1' title="bbox 527 468 2126 540">
    <p class='ocr_par' dir='ltr' id='par_1_1' title="bbox 527 468 2126 540">
     <span class='ocr_line' id='line_1_1' title="bbox 527 468 2126 540; baseline -0.003 -16"><span class='ocrx_word' id='word_1_1' title='bbox 527 480 578 533; x_wconf 79' lang='grc' dir='ltr'>οἱ</span> <span class='ocrx_word' id='word_1_2' title='bbox 610 469 917 540; x_wconf 76' lang='grc' dir='ltr'>ὑφείλοντες</span> <span class='ocrx_word' id='word_1_3' title='bbox 957 468 1276 524; x_wconf 82' lang='grc' dir='ltr'>θάλπεσθαι.</span> <span class='ocrx_word' id='word_1_4' title='bbox 1300 481 1323 509; x_wconf 73' lang='grc' dir='ltr'>ι</span> <span class='ocrx_word' id='word_1_5' title='bbox 1349 469 1426 540; x_wconf 79' lang='grc' dir='ltr'>Τῇ</span> <span class='ocrx_word' id='word_1_6' title='bbox 1459 469 1567 540; x_wconf 75' lang='grc' dir='ltr'>γὰρ</span> <span class='ocrx_word' id='word_1_7' title='bbox 1604 469 1757 540; x_wconf 88' lang='grc' dir='ltr'>τρίτῃ</span> <span class='ocrx_word' id='word_1_8' title='bbox 1786 469 2126 538; x_wconf 80' lang='grc' dir='ltr'>ἐϐλάστησαν</span> 
     </span>
    </p>
   </div>
   <div class='ocr_carea' id='block_1_2' title="bbox 529 553 2127 627">
    <p class='ocr_par' dir='ltr' id='par_1_2' title="bbox 529 553 2127 627">
     <span class='ocr_line' id='line_1_2' title="bbox 529 553 2127 627; baseline -0.003 -17"><span class='ocrx_word' id='word_1_9' title='bbox 529 559 578 610; x_wconf 76' lang='grc' dir='ltr'>οἱ</span> <span class='ocrx_word' id='word_1_10' title='bbox 611 556 831 626; x_wconf 88' lang='grc' dir='ltr'>καρποί.</span> <span class='ocrx_word' id='word_1_11' title='bbox 865 556 972 608; x_wconf 74' lang='grc' dir='ltr'>Καὶ</span> <span class='ocrx_word' id='word_1_12' title='bbox 1020 556 1106 608; x_wconf 81' lang='grc' dir='ltr'>ἵνα</span> <span class='ocrx_word' id='word_1_13' title='bbox 1139 557 1213 627; x_wconf 77' lang='grc' dir='ltr'>μὴ</span> <span class='ocrx_word' id='word_1_14' title='bbox 1248 557 1476 627; x_wconf 83' lang='grc' dir='ltr'>νομισθῇ</span> <span class='ocrx_word' id='word_1_15' title='bbox 1513 557 1694 609; x_wconf 83' lang='grc' dir='ltr'>πάλιν.</span> <span class='ocrx_word' id='word_1_16' title='bbox 1724 559 1804 609; x_wconf 79' lang='grc' dir='ltr'>ὅτι</span> <span class='ocrx_word' id='word_1_17' title='bbox 1850 558 1916 626; x_wconf 79' lang='grc' dir='ltr'>τῇ</span> <span class='ocrx_word' id='word_1_18' title='bbox 1969 553 2127 624; x_wconf 79' lang='grc' dir='ltr'>φύσει</span> 
     </span>
    </p>
   </div>
   <div class='ocr_carea' id='block_1_3' title="bbox 530 642 2123 714">
    <p class='ocr_par' dir='ltr' id='par_1_3' title="bbox 530 642 2123 714">
     <span class='ocr_line' id='line_1_3' title="bbox 530 642 2123 714; baseline -0.003 -18"><span class='ocrx_word' id='word_1_19' title='bbox 530 644 623 696; x_wconf 82' lang='grc' dir='ltr'>’τοῦ</span> <span class='ocrx_word' id='word_1_20' title='bbox 656 643 805 714; x_wconf 78' lang='grc' dir='ltr'>ἡλίου</span> <span class='ocrx_word' id='word_1_21' title='bbox 837 642 1194 713; x_wconf 88' lang='grc' dir='ltr'>ἐϐλάστησαν,</span> <span class='ocrx_word' id='word_1_22' title='bbox 1227 644 1313 696; x_wconf 79' lang='grc' dir='ltr'>ὅτε</span> <span class='ocrx_word' id='word_1_23' title='bbox 1344 643 1653 713; x_wconf 86' lang='grc' dir='ltr'>ἀπηρτίσθη</span> <span class='ocrx_word' id='word_1_24' title='bbox 1698 645 1729 712; x_wconf 82' lang='grc' dir='ltr'>ὴ</span> <span class='ocrx_word' id='word_1_25' title='bbox 1771 643 2123 713; x_wconf 87' lang='grc' dir='ltr'>δημιουργία,</span> 
     </span>
    </p>
   </div>
   <div class='ocr_carea' id='block_1_4' title="bbox 528 729 2126 802">
    <p class='ocr_par' dir='ltr' id='par_1_4' title="bbox 528 729 2126 802">
     <span class='ocr_line' id='line_1_4' title="bbox 528 729 2126 802; baseline -0.001 -19"><span class='ocrx_word' id='word_1_26' title='bbox 528 732 648 783; x_wconf 87' lang='grc' dir='ltr'>τότε</span> <span class='ocrx_word' id='word_1_27' title='bbox 681 731 866 783; x_wconf 88' lang='grc' dir='ltr'>λοιπὸν</span> <span class='ocrx_word' id='word_1_28' title='bbox 891 733 1036 783; x_wconf 86' lang='grc' dir='ltr'>ποιεῖ</span> <span class='ocrx_word' id='word_1_29' title='bbox 1058 733 1086 784; x_wconf 99' lang='lat'>6</span> <span class='ocrx_word' id='word_1_30' title='bbox 1108 732 1239 794; x_wconf 88' lang='grc' dir='ltr'>Θεὸς</span> <span class='ocrx_word' id='word_1_31' title='bbox 1265 732 1435 801; x_wconf 74' lang='grc' dir='ltr'>ἣλιον,</span> <span class='ocrx_word' id='word_1_32' title='bbox 1458 731 1709 802; x_wconf 82' lang='grc' dir='ltr'>σελήνην,</span> <span class='ocrx_word' id='word_1_33' title='bbox 1733 733 1926 802; x_wconf 81' lang='grc' dir='ltr'>ἄστρα.</span> <span class='ocrx_word' id='word_1_34' title='bbox 1955 729 2126 782; x_wconf 85' lang='grc' dir='ltr'>Πόθεν</span> 
     </span>
    </p>
   </div>
   <div class='ocr_carea' id='block_1_5' title="bbox 527 816 2126 888">
    <p class='ocr_par' dir='ltr' id='par_1_5' title="bbox 527 816 2126 888">
     <span class='ocr_line' id='line_1_5' title="bbox 527 816 2126 888; baseline -0.002 -18"><span class='ocrx_word' id='word_1_35' title='bbox 527 818 599 870; x_wconf 76' lang='grc' dir='ltr'>τά</span> <span class='ocrx_word' id='word_1_36' title='bbox 629 817 767 870; x_wconf 88' lang='grc' dir='ltr'>αὐτά</span> <span class='ocrx_word' id='word_1_37' title='bbox 795 817 1081 886; x_wconf 73' lang='grc' dir='ltr'>ἐποίησενς</span> <span class='ocrx_word' id='word_1_38' title='bbox 1113 817 1338 888; x_wconf 71' lang='grc' dir='ltr'>Εἴρηται</span> <span class='ocrx_word' id='word_1_39' title='bbox 1373 818 1502 887; x_wconf 73' lang='grc' dir='ltr'>γὰρ,</span> <span class='ocrx_word' id='word_1_40' title='bbox 1529 819 1695 886; x_wconf 76' lang='grc' dir='ltr'>ὅτιτῇ</span> <span class='ocrx_word' id='word_1_41' title='bbox 1725 816 1914 885; x_wconf 78' lang='grc' dir='ltr'>πρώτῃ</span> <span class='ocrx_word' id='word_1_42' title='bbox 1941 816 2126 886; x_wconf 79' lang='grc' dir='ltr'>ἡμέρα</span> 
     </span>
    </p>
   </div>
   <div class='ocr_carea' id='block_1_6' title="bbox 530 903 2124 974">
    <p class='ocr_par' dir='ltr' id='par_1_6' title="bbox 530 903 2124 974">
     <span class='ocr_line' id='line_1_6' title="bbox 530 903 2124 974; baseline -0.001 -18"><span class='ocrx_word' id='word_1_43' title='bbox 530 907 594 956; x_wconf 85' lang='grc' dir='ltr'>ἐκ</span> <span class='ocrx_word' id='word_1_44' title='bbox 633 907 704 974; x_wconf 82' lang='grc' dir='ltr'>μὴ</span> <span class='ocrx_word' id='word_1_45' title='bbox 743 907 910 956; x_wconf 81' lang='grc' dir='ltr'>ὄντων</span> <span class='ocrx_word' id='word_1_46' title='bbox 953 906 1172 973; x_wconf 82' lang='grc' dir='ltr'>ἐποίησε</span> <span class='ocrx_word' id='word_1_47' title='bbox 1221 907 1288 957; x_wconf 73' lang='grc' dir='ltr'>τὰ</span> <span class='ocrx_word' id='word_1_48' title='bbox 1335 907 1532 966; x_wconf 79' lang='grc' dir='ltr'>πάντα,</span> <span class='ocrx_word' id='word_1_49' title='bbox 1565 908 1686 968; x_wconf 83' lang='grc' dir='ltr'>ταῖς</span> <span class='ocrx_word' id='word_1_50' title='bbox 1735 905 1789 957; x_wconf 84' lang='grc' dir='ltr'>δέ</span> <span class='ocrx_word' id='word_1_51' title='bbox 1837 904 2023 966; x_wconf 87' lang='grc' dir='ltr'>ἄλλαις</span> <span class='ocrx_word' id='word_1_52' title='bbox 2067 903 2124 968; x_wconf 79' lang='grc' dir='ltr'>ἐξ</span> 
     </span>
    </p>
   </div>
   <div class='ocr_carea' id='block_1_7' title="bbox 530 985 2125 1057">
    <p class='ocr_par' dir='ltr' id='par_1_7' title="bbox 530 985 2125 1057">
     <span class='ocr_line' id='line_1_7' title="bbox 530 985 2125 1057; baseline -0.001 -17"><span class='ocrx_word' id='word_1_53' title='bbox 530 989 717 1040; x_wconf 81' lang='grc' dir='ltr'>ὄντων.</span> <span class='ocrx_word' id='word_1_54' title='bbox 758 988 926 1040; x_wconf 89' lang='grc' dir='ltr'>Πόθεν</span> <span class='ocrx_word' id='word_1_55' title='bbox 960 985 1051 1041; x_wconf 82' lang='grc' dir='ltr'>οῦν</span> <span class='ocrx_word' id='word_1_56' title='bbox 1080 990 1106 1040; x_wconf 92' lang='lat'>6</span> <span class='ocrx_word' id='word_1_57' title='bbox 1136 990 1318 1057; x_wconf 72' lang='grc' dir='ltr'>ἧλιοςς</span> <span class='ocrx_word' id='word_1_58' title='bbox 1359 988 1456 1040; x_wconf 73' lang='grc' dir='ltr'>Ἐκ</span> <span class='ocrx_word' id='word_1_59' title='bbox 1487 988 1581 1040; x_wconf 86' lang='grc' dir='ltr'>τοῦ</span> <span class='ocrx_word' id='word_1_60' title='bbox 1611 990 1902 1057; x_wconf 82' lang='grc' dir='ltr'>γενομένου</span> <span class='ocrx_word' id='word_1_61' title='bbox 1949 987 2125 1056; x_wconf 77' lang='grc' dir='ltr'>φωτὸς</span> 
     </span>
    </p>
   </div>
   <div class='ocr_carea' id='block_1_8' title="bbox 529 1071 2121 1144">
    <p class='ocr_par' dir='ltr' id='par_1_8' title="bbox 529 1071 2121 1144">
     <span class='ocr_line' id='line_1_8' title="bbox 529 1071 2121 1144; baseline -0.002 -20"><span class='ocrx_word' id='word_1_62' title='bbox 529 1075 593 1141; x_wconf 81' lang='grc' dir='ltr'>τῇ</span> <span class='ocrx_word' id='word_1_63' title='bbox 642 1071 831 1144; x_wconf 79' lang='grc' dir='ltr'>πρώτῃ</span> <span class='ocrx_word' id='word_1_64' title='bbox 882 1072 1080 1142; x_wconf 79' lang='grc' dir='ltr'>ἡμέρα,</span> <span class='ocrx_word' id='word_1_65' title='bbox 1117 1073 1143 1122; x_wconf 78' lang='grc' dir='ltr'>ὃ</span> <span class='ocrx_word' id='word_1_66' title='bbox 1175 1073 1466 1142; x_wconf 76' lang='grc' dir='ltr'>μετέϐαλεν</span> <span class='ocrx_word' id='word_1_67' title='bbox 1495 1071 1569 1134; x_wconf 82' lang='grc' dir='ltr'>ὡς</span> <span class='ocrx_word' id='word_1_68' title='bbox 1602 1072 1864 1141; x_wconf 66' lang='grc' dir='ltr'>ἠθέλησεν</span> <span class='ocrx_word' id='word_1_69' title='bbox 1891 1074 1917 1124; x_wconf 96' lang='lat'>6</span> <span class='ocrx_word' id='word_1_70' title='bbox 1945 1071 2121 1139; x_wconf 85' lang='grc' dir='ltr'>τεχνί-</span> 
     </span>
    </p>
   </div>
   <div class='ocr_carea' id='block_1_9' title="bbox 529 1154 2121 1225">
    <p class='ocr_par' dir='ltr' id='par_1_9' title="bbox 529 1154 2121 1225">
     <span class='ocr_line' id='line_1_9' title="bbox 529 1154 2121 1225; baseline -0.001 -17"><span class='ocrx_word' id='word_1_71' title='bbox 529 1173 648 1224; x_wconf 82' lang='grc' dir='ltr'>της,</span> <span class='ocrx_word' id='word_1_72' title='bbox 680 1157 775 1208; x_wconf 73' lang='grc' dir='ltr'>καὶ</span> <span class='ocrx_word' id='word_1_73' title='bbox 813 1158 891 1219; x_wconf 90' lang='grc' dir='ltr'>είς</span> <span class='ocrx_word' id='word_1_74' title='bbox 935 1157 1221 1225; x_wconf 74' lang='grc' dir='ltr'>διαφόρους</span> <span class='ocrx_word' id='word_1_75' title='bbox 1256 1155 1651 1224; x_wconf 76' lang='grc' dir='ltr'>μετεσκεύασεν</span> <span class='ocrx_word' id='word_1_76' title='bbox 1678 1155 1849 1223; x_wconf 71' lang='grc' dir='ltr'>δψεις,</span> <span class='ocrx_word' id='word_1_77' title='bbox 1885 1158 2000 1207; x_wconf 84' lang='grc' dir='ltr'>ἐκεῖ</span> <span class='ocrx_word' id='word_1_78' title='bbox 2025 1154 2121 1222; x_wconf 86' lang='grc' dir='ltr'>τὴν</span> 
     </span>
    </p>
   </div>
   <div class='ocr_carea' id='block_1_10' title="bbox 527 1234 2123 1310">
    <p class='ocr_par' dir='ltr' id='par_1_10' title="bbox 527 1234 2123 1310">
     <span class='ocr_line' id='line_1_10' title="bbox 527 1234 2123 1310; baseline 0.001 -20"><span class='ocrx_word' id='word_1_79' title='bbox 527 1238 663 1307; x_wconf 71' lang='grc' dir='ltr'>ὓλην</span> <span class='ocrx_word' id='word_1_80' title='bbox 694 1239 787 1292; x_wconf 87' lang='grc' dir='ltr'>τοῦ</span> <span class='ocrx_word' id='word_1_81' title='bbox 817 1241 1011 1306; x_wconf 72' lang='grc' dir='ltr'>φωτὸς,</span> <span class='ocrx_word' id='word_1_82' title='bbox 1045 1234 1145 1292; x_wconf 80' lang='grc' dir='ltr'>ὦδε</span> <span class='ocrx_word' id='word_1_83' title='bbox 1176 1240 1302 1302; x_wconf 76' lang='grc' dir='ltr'>τοῦς</span> <span class='ocrx_word' id='word_1_84' title='bbox 1332 1239 1567 1310; x_wconf 80' lang='grc' dir='ltr'>ἀστέρας</span> <span class='ocrx_word' id='word_1_85' title='bbox 1592 1257 1603 1268; x_wconf 90' lang='grc'><strong>·</strong></span> <span class='ocrx_word' id='word_1_86' title='bbox 1636 1239 1710 1301; x_wconf 80' lang='grc' dir='ltr'>ὡς</span> <span class='ocrx_word' id='word_1_87' title='bbox 1735 1240 1785 1290; x_wconf 79' lang='grc' dir='ltr'>εί</span> <span class='ocrx_word' id='word_1_88' title='bbox 1811 1257 1892 1301; x_wconf 88' lang='grc' dir='ltr'>τις</span> <span class='ocrx_word' id='word_1_89' title='bbox 1918 1237 2123 1308; x_wconf 83' lang='grc' dir='ltr'>προϐά·</span> 
     </span>
    </p>
   </div>
   <div class='ocr_carea' id='block_1_11' title="bbox 529 1320 2123 1390">
    <p class='ocr_par' dir='ltr' id='par_1_11' title="bbox 529 1320 2123 1390">
     <span class='ocr_line' id='line_1_11' title="bbox 529 1320 2123 1390; baseline 0 -18"><span class='ocrx_word' id='word_1_90' title='bbox 529 1320 672 1373; x_wconf 87' lang='grc' dir='ltr'>λοιτο</span> <span class='ocrx_word' id='word_1_91' title='bbox 709 1323 884 1389; x_wconf 76' lang='grc' dir='ltr'>μᾶζαν</span> <span class='ocrx_word' id='word_1_92' title='bbox 918 1323 1141 1390; x_wconf 83' lang='grc' dir='ltr'>χρυσοῦ.</span> <span class='ocrx_word' id='word_1_93' title='bbox 1182 1324 1275 1374; x_wconf 79' lang='grc' dir='ltr'>καὶ</span> <span class='ocrx_word' id='word_1_94' title='bbox 1311 1321 1446 1389; x_wconf 81' lang='grc' dir='ltr'>μετά</span> <span class='ocrx_word' id='word_1_95' title='bbox 1479 1321 1652 1374; x_wconf 86' lang='grc' dir='ltr'>ταῦτα</span> <span class='ocrx_word' id='word_1_96' title='bbox 1683 1322 1993 1390; x_wconf 80' lang='grc' dir='ltr'>νομίσματα</span> <span class='ocrx_word' id='word_1_97' title='bbox 2026 1339 2123 1372; x_wconf 77' lang='grc' dir='ltr'>κα·</span> 
     </span>
    </p>
   </div>
   <div class='ocr_carea' id='block_1_12' title="bbox 528 1404 2118 1474">
    <p class='ocr_par' dir='ltr' id='par_1_12' title="bbox 528 1404 2118 1474">
     <span class='ocr_line' id='line_1_12' title="bbox 528 1404 2118 1474; baseline 0.002 -19"><span class='ocrx_word' id='word_1_98' title='bbox 528 1406 792 1472; x_wconf 61' lang='grc' dir='ltr'>τακόιζιας,</span> <span class='ocrx_word' id='word_1_99' title='bbox 830 1407 974 1458; x_wconf 86' lang='grc' dir='ltr'>οῦτω</span> <span class='ocrx_word' id='word_1_100' title='bbox 1001 1406 1208 1473; x_wconf 85' lang='grc' dir='ltr'>διαθείη</span> <span class='ocrx_word' id='word_1_101' title='bbox 1241 1404 1334 1456; x_wconf 89' lang='grc' dir='ltr'>τοῦ</span> <span class='ocrx_word' id='word_1_102' title='bbox 1380 1405 1554 1471; x_wconf 72' lang='grc' dir='ltr'>φωτὸς</span> <span class='ocrx_word' id='word_1_103' title='bbox 1599 1405 1696 1474; x_wconf 78' lang='grc' dir='ltr'>τὴν</span> <span class='ocrx_word' id='word_1_104' title='bbox 1741 1405 2118 1474; x_wconf 80' lang='grc' dir='ltr'>διακόσμησιν.</span> 
     </span>
    </p>
   </div>
   <div class='ocr_carea' id='block_1_13' title="bbox 531 1487 2122 1557">
    <p class='ocr_par' dir='ltr' id='par_1_13' title="bbox 531 1487 2122 1557">
     <span class='ocr_line' id='line_1_13' title="bbox 531 1487 2122 1557; baseline 0.001 -19"><span class='ocrx_word' id='word_1_105' title='bbox 531 1487 741 1555; x_wconf 80' lang='grc' dir='ltr'>Ὥσπερ</span> <span class='ocrx_word' id='word_1_106' title='bbox 777 1489 884 1557; x_wconf 75' lang='grc' dir='ltr'>γὰρ</span> <span class='ocrx_word' id='word_1_107' title='bbox 918 1489 1013 1556; x_wconf 82' lang='grc' dir='ltr'>τὴν</span> <span class='ocrx_word' id='word_1_108' title='bbox 1045 1488 1276 1540; x_wconf 79' lang='grc' dir='ltr'>ἄϐυσσον</span> <span class='ocrx_word' id='word_1_109' title='bbox 1308 1488 1426 1540; x_wconf 86' lang='grc' dir='ltr'>τότε</span> <span class='ocrx_word' id='word_1_110' title='bbox 1479 1487 1536 1538; x_wconf 84' lang='grc' dir='ltr'>ἓν</span> <span class='ocrx_word' id='word_1_111' title='bbox 1582 1487 1723 1557; x_wconf 74' lang='grc' dir='ltr'>ὕδωρ</span> <span class='ocrx_word' id='word_1_112' title='bbox 1770 1487 2122 1556; x_wconf 80' lang='grc' dir='ltr'>ὑπάρχουσαν</span> 
     </span>
    </p>
   </div>
   <div class='ocr_carea' id='block_1_14' title="bbox 529 1571 2118 1640">
    <p class='ocr_par' dir='ltr' id='par_1_14' title="bbox 529 1571 2118 1640">
     <span class='ocr_line' id='line_1_14' title="bbox 529 1571 2118 1640; baseline 0.023 -19"><span class='ocrx_word' id='word_1_113' title='bbox 529 1571 784 1640; x_wconf 78' lang='grc' dir='ltr'>ἐμέρισεν</span> <span class='ocrx_word' id='word_1_114' title='bbox 812 1573 889 1632; x_wconf 82' lang='grc' dir='ltr'>εἰς</span> <span class='ocrx_word' id='word_1_115' title='bbox 915 1572 1011 1633; x_wconf 72' lang='grc' dir='ltr'>τὰς</span> <span class='ocrx_word' id='word_1_116' title='bbox 1038 1571 1332 1634; x_wconf 65' lang='grc' dir='ltr'>θαλάσσας.</span> <span class='ocrx_word' id='word_1_117' title='bbox 1369 1574 1445 1633; x_wconf 75' lang='grc' dir='ltr'>εἰς</span> <span class='ocrx_word' id='word_1_118' title='bbox 1470 1571 1767 1633; x_wconf 50' lang='grc' dir='ltr'>ποταμοὺς·</span> <span class='ocrx_word' id='word_1_119' title='bbox 1804 1573 1882 1633; x_wconf 71' lang='grc' dir='ltr'>είς</span> <span class='ocrx_word' id='word_1_120' title='bbox 1919 1571 2118 1638; x_wconf 66' lang='grc' dir='ltr'>πηγάςυ</span> 
     </span>
    </p>
   </div>
   <div class='ocr_carea' id='block_1_15' title="bbox 529 1652 2123 1724">
    <p class='ocr_par' dir='ltr' id='par_1_15' title="bbox 529 1652 2123 1724">
     <span class='ocr_line' id='line_1_15' title="bbox 529 1652 2123 1724; baseline 0.001 -20"><span class='ocrx_word' id='word_1_121' title='bbox 529 1653 609 1714; x_wconf 88' lang='grc' dir='ltr'>είς</span> <span class='ocrx_word' id='word_1_122' title='bbox 649 1653 863 1723; x_wconf 79' lang='grc' dir='ltr'>λίμνας,</span> <span class='ocrx_word' id='word_1_123' title='bbox 898 1654 976 1716; x_wconf 89' lang='grc' dir='ltr'>εἰς</span> <span class='ocrx_word' id='word_1_124' title='bbox 1019 1653 1264 1723; x_wconf 76' lang='grc' dir='ltr'>φρέατα·</span> <span class='ocrx_word' id='word_1_125' title='bbox 1301 1652 1446 1706; x_wconf 82' lang='grc' dir='ltr'>οῦτω</span> <span class='ocrx_word' id='word_1_126' title='bbox 1476 1655 1566 1706; x_wconf 69' lang='grc' dir='ltr'>καὶ</span> <span class='ocrx_word' id='word_1_127' title='bbox 1596 1653 1654 1706; x_wconf 85' lang='grc' dir='ltr'>τὸ</span> <span class='ocrx_word' id='word_1_128' title='bbox 1681 1653 1814 1721; x_wconf 78' lang='grc' dir='ltr'>φῶς,</span> <span class='ocrx_word' id='word_1_129' title='bbox 1854 1653 1908 1705; x_wconf 80' lang='grc' dir='ltr'>ἐν</span> <span class='ocrx_word' id='word_1_130' title='bbox 1951 1655 2123 1724; x_wconf 78' lang='grc' dir='ltr'>ὑπάρ-</span> 
     </span>
    </p>
   </div>
   <div class='ocr_carea' id='block_1_16' title="bbox 529 1735 2122 1806">
    <p class='ocr_par' dir='ltr' id='par_1_16' title="bbox 529 1735 2122 1806">
     <span class='ocr_line' id='line_1_16' title="bbox 529 1735 2122 1806; baseline 0.001 -19"><span class='ocrx_word' id='word_1_131' title='bbox 529 1753 643 1804; x_wconf 91' lang='grc' dir='ltr'>χον,</span> <span class='ocrx_word' id='word_1_132' title='bbox 689 1736 975 1806; x_wconf 77' lang='grc' dir='ltr'>μονοειδὲς,</span> <span class='ocrx_word' id='word_1_133' title='bbox 1025 1735 1350 1803; x_wconf 80' lang='grc' dir='ltr'>κατατεμὼν</span> <span class='ocrx_word' id='word_1_134' title='bbox 1383 1738 1410 1787; x_wconf 88' lang='grc' dir='ltr'>ὁ</span> <span class='ocrx_word' id='word_1_135' title='bbox 1439 1736 1709 1804; x_wconf 77' lang='grc' dir='ltr'>τεχνίτης,</span> <span class='ocrx_word' id='word_1_136' title='bbox 1745 1735 1998 1806; x_wconf 77' lang='grc' dir='ltr'>ἐμέρισεν</span> <span class='ocrx_word' id='word_1_137' title='bbox 2045 1738 2122 1797; x_wconf 88' lang='grc' dir='ltr'>είς</span> 
     </span>
    </p>
   </div>
   <div class='ocr_carea' id='block_1_17' title="bbox 526 1819 2122 1890">
    <p class='ocr_par' dir='ltr' id='par_1_17' title="bbox 526 1819 2122 1890">
     <span class='ocr_line' id='line_1_17' title="bbox 526 1819 2122 1890; baseline 0 -20"><span class='ocrx_word' id='word_1_138' title='bbox 526 1819 676 1890; x_wconf 79' lang='grc' dir='ltr'>ἥλιον</span> <span class='ocrx_word' id='word_1_139' title='bbox 710 1821 803 1873; x_wconf 71' lang='grc' dir='ltr'>καὶ</span> <span class='ocrx_word' id='word_1_140' title='bbox 829 1820 1057 1889; x_wconf 73' lang='grc' dir='ltr'>σελήνην</span> <span class='ocrx_word' id='word_1_141' title='bbox 1099 1822 1190 1872; x_wconf 68' lang='grc' dir='ltr'>καὶ</span> <span class='ocrx_word' id='word_1_142' title='bbox 1231 1820 1424 1888; x_wconf 85' lang='grc' dir='ltr'>ἄστρα.</span> <span class='ocrx_word' id='word_1_143' title='bbox 1459 1821 1608 1872; x_wconf 88' lang='grc' dir='ltr'>Θέλω</span> <span class='ocrx_word' id='word_1_144' title='bbox 1640 1822 1693 1872; x_wconf 80' lang='grc' dir='ltr'>δέ</span> <span class='ocrx_word' id='word_1_145' title='bbox 1726 1821 1980 1888; x_wconf 78' lang='grc' dir='ltr'>ζητῆσαι,</span> <span class='ocrx_word' id='word_1_146' title='bbox 2007 1821 2122 1882; x_wconf 78' lang='grc' dir='ltr'>πῶς</span> 
     </span>
    </p>
   </div>
   <div class='ocr_carea' id='block_1_18' title="bbox 529 1902 2122 1973">
    <p class='ocr_par' dir='ltr' id='par_1_18' title="bbox 529 1902 2122 1973">
     <span class='ocr_line' id='line_1_18' title="bbox 529 1902 2122 1973; baseline 0.001 -19"><span class='ocrx_word' id='word_1_147' title='bbox 529 1902 781 1972; x_wconf 85' lang='grc' dir='ltr'>ἐποίησεν</span> <span class='ocrx_word' id='word_1_148' title='bbox 807 1905 834 1954; x_wconf 89' lang='lat'>6</span> <span class='ocrx_word' id='word_1_149' title='bbox 859 1902 990 1963; x_wconf 76' lang='grc' dir='ltr'>Θεὸς</span> <span class='ocrx_word' id='word_1_150' title='bbox 1020 1903 1143 1963; x_wconf 73' lang='grc' dir='ltr'>τοὺς</span> <span class='ocrx_word' id='word_1_151' title='bbox 1180 1902 1472 1973; x_wconf 77' lang='grc' dir='ltr'>φωστῆρας</span> <span class='ocrx_word' id='word_1_152' title='bbox 1495 1920 1506 1932; x_wconf 91' lang='grc'><strong>·</strong></span> <span class='ocrx_word' id='word_1_153' title='bbox 1555 1904 1803 1968; x_wconf 77' lang='grc' dir='ltr'>φαίνεται</span> <span class='ocrx_word' id='word_1_154' title='bbox 1831 1905 1938 1970; x_wconf 76' lang='grc' dir='ltr'>γὰρ</span> <span class='ocrx_word' id='word_1_155' title='bbox 1967 1905 2122 1973; x_wconf 84' lang='grc' dir='ltr'>ποιή-</span> 
     </span>
    </p>
   </div>
   <div class='ocr_carea' id='block_1_19' title="bbox 530 1983 2119 2057">
    <p class='ocr_par' dir='ltr' id='par_1_19' title="bbox 530 1983 2119 2057">
     <span class='ocr_line' id='line_1_19' title="bbox 530 1983 2119 2057; baseline 0.003 -21"><span class='ocrx_word' id='word_1_156' title='bbox 530 2001 628 2047; x_wconf 89' lang='grc' dir='ltr'>σας</span> <span class='ocrx_word' id='word_1_157' title='bbox 675 1986 870 2046; x_wconf 78' lang='grc' dir='ltr'>αὐτοὺς</span> <span class='ocrx_word' id='word_1_158' title='bbox 914 1985 1018 2048; x_wconf 79' lang='grc' dir='ltr'>ἔξω</span> <span class='ocrx_word' id='word_1_159' title='bbox 1063 1983 1158 2036; x_wconf 87' lang='grc' dir='ltr'>τοῦ</span> <span class='ocrx_word' id='word_1_160' title='bbox 1207 1985 1456 2055; x_wconf 82' lang='grc' dir='ltr'>οὐρανοῦ,</span> <span class='ocrx_word' id='word_1_161' title='bbox 1489 1986 1579 2037; x_wconf 73' lang='grc' dir='ltr'>καὶ</span> <span class='ocrx_word' id='word_1_162' title='bbox 1613 1987 1734 2038; x_wconf 87' lang='grc' dir='ltr'>τότε</span> <span class='ocrx_word' id='word_1_163' title='bbox 1781 1986 1958 2057; x_wconf 74' lang='grc' dir='ltr'>πήξας</span> <span class='ocrx_word' id='word_1_164' title='bbox 1989 1988 2119 2040; x_wconf 86' lang='grc' dir='ltr'>ἄνω.</span> 
     </span>
    </p>
   </div>
   <div class='ocr_carea' id='block_1_20' title="bbox 531 2068 2123 2140">
    <p class='ocr_par' dir='ltr' id='par_1_20' title="bbox 531 2068 2123 2140">
     <span class='ocr_line' id='line_1_20' title="bbox 531 2068 2123 2140; baseline 0 -20"><span class='ocrx_word' id='word_1_165' title='bbox 531 2069 740 2138; x_wconf 86' lang='grc' dir='ltr'>Ὥσπερ</span> <span class='ocrx_word' id='word_1_166' title='bbox 771 2068 1038 2137; x_wconf 80' lang='grc' dir='ltr'>τεχνίτης,</span> <span class='ocrx_word' id='word_1_167' title='bbox 1069 2069 1289 2121; x_wconf 83' lang='grc' dir='ltr'>ἐπειδὰν</span> <span class='ocrx_word' id='word_1_168' title='bbox 1321 2070 1598 2140; x_wconf 84' lang='grc' dir='ltr'>ἀπαρτίσῃ</span> <span class='ocrx_word' id='word_1_169' title='bbox 1636 2071 1838 2131; x_wconf 84' lang='grc' dir='ltr'>εἰκόνα,</span> <span class='ocrx_word' id='word_1_170' title='bbox 1869 2070 1989 2122; x_wconf 88' lang='grc' dir='ltr'>τότε</span> <span class='ocrx_word' id='word_1_171' title='bbox 2021 2069 2123 2138; x_wconf 82' lang='grc' dir='ltr'>πή-</span> 
     </span>
    </p>
   </div>
   <div class='ocr_carea' id='block_1_21' title="bbox 527 2151 2122 2223">
    <p class='ocr_par' dir='ltr' id='par_1_21' title="bbox 527 2151 2122 2223">
     <span class='ocr_line' id='line_1_21' title="bbox 527 2151 2122 2223; baseline 0 -20"><span class='ocrx_word' id='word_1_172' title='bbox 527 2167 715 2218; x_wconf 87' lang='grc' dir='ltr'>γνυσιν</span> <span class='ocrx_word' id='word_1_173' title='bbox 750 2152 916 2219; x_wconf 86' lang='grc' dir='ltr'>αὐτὴν</span> <span class='ocrx_word' id='word_1_174' title='bbox 942 2153 998 2202; x_wconf 89' lang='grc' dir='ltr'>ἐν</span> <span class='ocrx_word' id='word_1_175' title='bbox 1028 2152 1191 2221; x_wconf 83' lang='grc' dir='ltr'>τοίχῳ</span> <span class='ocrx_word' id='word_1_176' title='bbox 1216 2169 1228 2180; x_wconf 81' lang='lat'><strong>&#39;</strong></span> <span class='ocrx_word' id='word_1_177' title='bbox 1265 2151 1436 2214; x_wconf 81' lang='grc' dir='ltr'>οῦτως</span> <span class='ocrx_word' id='word_1_178' title='bbox 1458 2155 1484 2205; x_wconf 89' lang='lat'>6</span> <span class='ocrx_word' id='word_1_179' title='bbox 1507 2152 1636 2215; x_wconf 85' lang='grc' dir='ltr'>Θεὸς</span> <span class='ocrx_word' id='word_1_180' title='bbox 1662 2154 1875 2223; x_wconf 84' lang='grc' dir='ltr'>πρῶτον</span> <span class='ocrx_word' id='word_1_181' title='bbox 1899 2153 2122 2220; x_wconf 76' lang='grc' dir='ltr'>ἐποίησε</span> 
     </span>
    </p>
   </div>
   <div class='ocr_carea' id='block_1_22' title="bbox 523 2232 2122 2304">
    <p class='ocr_par' dir='ltr' id='par_1_22' title="bbox 523 2232 2122 2304">
     <span class='ocr_line' id='line_1_22' title="bbox 523 2232 2122 2304; baseline -0.001 -19"><span class='ocrx_word' id='word_1_182' title='bbox 523 2234 651 2291; x_wconf 80' lang='grc' dir='ltr'>τοὺς</span> <span class='ocrx_word' id='word_1_183' title='bbox 702 2234 994 2302; x_wconf 75' lang='grc' dir='ltr'>φωστῆρας</span> <span class='ocrx_word' id='word_1_184' title='bbox 1043 2234 1146 2296; x_wconf 81' lang='grc' dir='ltr'>ἔξω</span> <span class='ocrx_word' id='word_1_185' title='bbox 1196 2233 1289 2285; x_wconf 88' lang='grc' dir='ltr'>τοῦ</span> <span class='ocrx_word' id='word_1_186' title='bbox 1342 2232 1596 2304; x_wconf 85' lang='grc' dir='ltr'>οὐρανοῦ,</span> <span class='ocrx_word' id='word_1_187' title='bbox 1629 2235 1722 2286; x_wconf 70' lang='grc' dir='ltr'>καὶ</span> <span class='ocrx_word' id='word_1_188' title='bbox 1766 2235 1886 2286; x_wconf 87' lang='grc' dir='ltr'>τότε</span> <span class='ocrx_word' id='word_1_189' title='bbox 1923 2233 2122 2301; x_wconf 76' lang='grc' dir='ltr'>ἔπηξεν</span> 
     </span>
    </p>
   </div>
   <div class='ocr_carea' id='block_1_23' title="bbox 524 2315 2121 2386">
    <p class='ocr_par' dir='ltr' id='par_1_23' title="bbox 524 2315 2121 2386">
     <span class='ocr_line' id='line_1_23' title="bbox 524 2315 2121 2386; baseline -0.001 -19"><span class='ocrx_word' id='word_1_190' title='bbox 524 2315 657 2377; x_wconf 77' lang='grc' dir='ltr'>ἄνω,</span> <span class='ocrx_word' id='word_1_191' title='bbox 701 2315 888 2384; x_wconf 84' lang='grc' dir='ltr'>ὥσπερ</span> <span class='ocrx_word' id='word_1_192' title='bbox 930 2316 1196 2384; x_wconf 81' lang='grc' dir='ltr'>τεχνίτης,</span> <span class='ocrx_word' id='word_1_193' title='bbox 1229 2316 1304 2378; x_wconf 84' lang='grc' dir='ltr'>ὡς</span> <span class='ocrx_word' id='word_1_194' title='bbox 1356 2319 1621 2386; x_wconf 87' lang='grc' dir='ltr'>μαρτυρεῖ</span> <span class='ocrx_word' id='word_1_195' title='bbox 1673 2319 1697 2386; x_wconf 71' lang='grc' dir='ltr'>ἡ</span> <span class='ocrx_word' id='word_1_196' title='bbox 1743 2317 1965 2386; x_wconf 68' lang='grc' dir='ltr'>Γραφή·</span> <span class='ocrx_word' id='word_1_197' title='bbox 2013 2315 2121 2368; x_wconf 78' lang='grc' dir='ltr'>Καὶ</span> 
     </span>
    </p>
   </div>
   <div class='ocr_carea' id='block_1_24' title="bbox 523 2397 2122 2467">
    <p class='ocr_par' dir='ltr' id='par_1_24' title="bbox 523 2397 2122 2467">
     <span class='ocr_line' id='line_1_24' title="bbox 523 2397 2122 2467; baseline 0 -17"><span class='ocrx_word' id='word_1_198' title='bbox 523 2397 814 2466; x_wconf 81' lang='grc' dir='ltr'>ἐποίησεν</span> <span class='ocrx_word' id='word_1_199' title='bbox 846 2401 877 2451; x_wconf 84' lang='grc' dir='ltr'><em>ὀ</em></span> <span class='ocrx_word' id='word_1_200' title='bbox 913 2399 1056 2464; x_wconf 80' lang='grc' dir='ltr'>Θεὸς</span> <span class='ocrx_word' id='word_1_201' title='bbox 1099 2399 1240 2465; x_wconf 76' lang='grc' dir='ltr'>τοὺς</span> <span class='ocrx_word' id='word_1_202' title='bbox 1282 2399 1390 2452; x_wconf 81' lang='grc' dir='ltr'>δύο</span> <span class='ocrx_word' id='word_1_203' title='bbox 1435 2399 1772 2467; x_wconf 66' lang='grc' dir='ltr'>φωστῆριις,</span> <span class='ocrx_word' id='word_1_204' title='bbox 1813 2399 1909 2452; x_wconf 78' lang='grc' dir='ltr'>καὶ</span> <span class='ocrx_word' id='word_1_205' title='bbox 1956 2399 2122 2453; x_wconf 76' lang='grc' dir='ltr'>ἔθετο</span> 
     </span>
    </p>
   </div>
   <div class='ocr_carea' id='block_1_25' title="bbox 523 2479 2122 2553">
    <p class='ocr_par' dir='ltr' id='par_1_25' title="bbox 523 2479 2122 2553">
     <span class='ocr_line' id='line_1_25' title="bbox 523 2479 2122 2553; baseline 0.001 -20"><span class='ocrx_word' id='word_1_206' title='bbox 523 2483 744 2548; x_wconf 83' lang='grc' dir='ltr'>αὐτοὺς</span> <span class='ocrx_word' id='word_1_207' title='bbox 774 2483 841 2534; x_wconf 85' lang='grc' dir='ltr'>ἐν</span> <span class='ocrx_word' id='word_1_208' title='bbox 865 2483 943 2546; x_wconf 78' lang='grc' dir='ltr'>τῷ</span> <span class='ocrx_word' id='word_1_209' title='bbox 971 2482 1223 2549; x_wconf 77' lang='grc' dir='ltr'>οὐρανῷ.</span> <span class='ocrx_word' id='word_1_210' title='bbox 1261 2484 1383 2546; x_wconf 82' lang='grc' dir='ltr'>Πῶς</span> <span class='ocrx_word' id='word_1_211' title='bbox 1412 2480 1504 2536; x_wconf 86' lang='grc' dir='ltr'>οῦν</span> <span class='ocrx_word' id='word_1_212' title='bbox 1532 2485 1726 2544; x_wconf 78' lang='grc' dir='ltr'>αὐτοὺς</span> <span class='ocrx_word' id='word_1_213' title='bbox 1759 2483 1955 2551; x_wconf 76' lang='grc' dir='ltr'>ἔπηξεν</span> <span class='ocrx_word' id='word_1_214' title='bbox 1977 2500 1989 2546; x_wconf 88' lang='grc'>;</span> <span class='ocrx_word' id='word_1_215' title='bbox 2013 2479 2122 2553; x_wconf 86' lang='grc' dir='ltr'>ἆρα</span> 
     </span>
    </p>
   </div>
   <div class='ocr_carea' id='block_1_26' title="bbox 527 2560 2118 2636">
    <p class='ocr_par' dir='ltr' id='par_1_26' title="bbox 527 2560 2118 2636">
     <span class='ocr_line' id='line_1_26' title="bbox 527 2560 2118 2636; baseline 0.002 -22"><span class='ocrx_word' id='word_1_216' title='bbox 527 2562 602 2632; x_wconf 81' lang='grc' dir='ltr'>μὴ</span> <span class='ocrx_word' id='word_1_217' title='bbox 649 2563 783 2632; x_wconf 85' lang='grc' dir='ltr'>ὁμοῦ</span> <span class='ocrx_word' id='word_1_218' title='bbox 829 2560 969 2634; x_wconf 74' lang='grc' dir='ltr'>ἦσαν</span> <span class='ocrx_word' id='word_1_219' title='bbox 1017 2567 1064 2616; x_wconf 79' lang='grc' dir='ltr'>οἱ</span> <span class='ocrx_word' id='word_1_220' title='bbox 1105 2563 1197 2616; x_wconf 86' lang='grc' dir='ltr'>δύο</span> <span class='ocrx_word' id='word_1_221' title='bbox 1235 2565 1612 2636; x_wconf 87' lang='grc' dir='ltr'>πεπηγμένοι;</span> <span class='ocrx_word' id='word_1_222' title='bbox 1659 2567 1771 2616; x_wconf 82' lang='grc' dir='ltr'>Οὐκ</span> <span class='ocrx_word' id='word_1_223' title='bbox 1805 2567 1916 2633; x_wconf 80' lang='grc' dir='ltr'>ἔχει</span> <span class='ocrx_word' id='word_1_224' title='bbox 1942 2565 2118 2629; x_wconf 80' lang='grc' dir='ltr'>λόγον.</span> 
     </span>
    </p>
   </div>
   <div class='ocr_carea' id='block_1_27' title="bbox 537 2645 2118 2719">
    <p class='ocr_par' dir='ltr' id='par_1_27' title="bbox 537 2645 2118 2719">
     <span class='ocr_line' id='line_1_27' title="bbox 537 2645 2118 2719; baseline 0.002 -22"><span class='ocrx_word' id='word_1_225' title='bbox 537 2645 698 2699; x_wconf 84' lang='grc' dir='ltr'>Ἀλλά</span> <span class='ocrx_word' id='word_1_226' title='bbox 732 2647 818 2712; x_wconf 74' lang='grc' dir='ltr'>τίς</span> <span class='ocrx_word' id='word_1_227' title='bbox 857 2649 1010 2699; x_wconf 84' lang='grc' dir='ltr'>Κατά</span> <span class='ocrx_word' id='word_1_228' title='bbox 1042 2648 1140 2717; x_wconf 82' lang='grc' dir='ltr'>τὴν</span> <span class='ocrx_word' id='word_1_229' title='bbox 1176 2649 1359 2718; x_wconf 80' lang='grc' dir='ltr'>φωνὴν</span> <span class='ocrx_word' id='word_1_230' title='bbox 1395 2647 1558 2702; x_wconf 88' lang='grc' dir='ltr'>αὐτοῦ</span> <span class='ocrx_word' id='word_1_231' title='bbox 1586 2649 1678 2700; x_wconf 92' lang='grc' dir='ltr'>τοῦ</span> <span class='ocrx_word' id='word_1_232' title='bbox 1706 2649 1839 2701; x_wconf 89' lang='grc' dir='ltr'>Θεοῦ</span> <span class='ocrx_word' id='word_1_233' title='bbox 1869 2650 1900 2719; x_wconf 79' lang='grc' dir='ltr'>ἡ</span> <span class='ocrx_word' id='word_1_234' title='bbox 1937 2648 2118 2718; x_wconf 79' lang='grc' dir='ltr'>πῆξις.</span> 
     </span>
    </p>
   </div>
   <div class='ocr_carea' id='block_1_28' title="bbox 529 2729 2124 2799">
    <p class='ocr_par' dir='ltr' id='par_1_28' title="bbox 529 2729 2124 2799">
     <span class='ocr_line' id='line_1_28' title="bbox 529 2729 2124 2799; baseline 0.001 -20"><span class='ocrx_word' id='word_1_235' title='bbox 529 2730 750 2792; x_wconf 84' lang='grc' dir='ltr'>Ἕθετο,</span> <span class='ocrx_word' id='word_1_236' title='bbox 797 2731 983 2799; x_wconf 71' lang='grc' dir='ltr'>φησὶν,</span> <span class='ocrx_word' id='word_1_237' title='bbox 1020 2733 1052 2783; x_wconf 87' lang='grc' dir='ltr'><strong><em>ό</em></strong></span> <span class='ocrx_word' id='word_1_238' title='bbox 1088 2729 1231 2794; x_wconf 78' lang='grc' dir='ltr'>Θεὸς</span> <span class='ocrx_word' id='word_1_239' title='bbox 1286 2729 1426 2795; x_wconf 86' lang='grc' dir='ltr'>τοὺς</span> <span class='ocrx_word' id='word_1_240' title='bbox 1463 2731 1807 2798; x_wconf 65' lang='grc' dir='ltr'>φωστῆρίις,</span> <span class='ocrx_word' id='word_1_241' title='bbox 1852 2732 1957 2784; x_wconf 78' lang='grc' dir='ltr'>τὸν</span> <span class='ocrx_word' id='word_1_242' title='bbox 2009 2749 2124 2799; x_wconf 71' lang='grc' dir='ltr'>φω-</span> 
     </span>
    </p>
   </div>
   <div class='ocr_carea' id='block_1_29' title="bbox 523 2809 2123 2879">
    <p class='ocr_par' dir='ltr' id='par_1_29' title="bbox 523 2809 2123 2879">
     <span class='ocr_line' id='line_1_29' title="bbox 523 2809 2123 2879; baseline 0.001 -17"><span class='ocrx_word' id='word_1_243' title='bbox 523 2809 717 2877; x_wconf 82' lang='grc' dir='ltr'>στῆρα</span> <span class='ocrx_word' id='word_1_244' title='bbox 741 2811 849 2862; x_wconf 83' lang='grc' dir='ltr'>τὸν</span> <span class='ocrx_word' id='word_1_245' title='bbox 882 2811 1074 2878; x_wconf 70' lang='grc' dir='ltr'>μέγαν</span> <span class='ocrx_word' id='word_1_246' title='bbox 1115 2814 1197 2875; x_wconf 86' lang='grc' dir='ltr'>είς</span> <span class='ocrx_word' id='word_1_247' title='bbox 1236 2813 1426 2879; x_wconf 82' lang='grc' dir='ltr'>ἀρχὰς</span> <span class='ocrx_word' id='word_1_248' title='bbox 1460 2813 1570 2878; x_wconf 86' lang='grc' dir='ltr'>τῆς</span> <span class='ocrx_word' id='word_1_249' title='bbox 1600 2814 1844 2879; x_wconf 75' lang='grc' dir='ltr'>ἡμέρας,</span> <span class='ocrx_word' id='word_1_250' title='bbox 1878 2814 1975 2865; x_wconf 77' lang='grc' dir='ltr'>καί</span> <span class='ocrx_word' id='word_1_251' title='bbox 2018 2815 2123 2865; x_wconf 62' lang='grc' dir='ltr'>τὸν</span> 
     </span>
    </p>
   </div>
   <div class='ocr_carea' id='block_1_30' title="bbox 523 2891 2122 2960">
    <p class='ocr_par' dir='ltr' id='par_1_30' title="bbox 523 2891 2122 2960">
     <span class='ocr_line' id='line_1_30' title="bbox 523 2891 2122 2960; baseline 0.001 -17"><span class='ocrx_word' id='word_1_252' title='bbox 523 2891 813 2959; x_wconf 77' lang='grc' dir='ltr'>φωστῆρα</span> <span class='ocrx_word' id='word_1_253' title='bbox 851 2893 956 2944; x_wconf 76' lang='grc' dir='ltr'>τὸν</span> <span class='ocrx_word' id='word_1_254' title='bbox 985 2893 1230 2945; x_wconf 83' lang='grc' dir='ltr'>ἐλάσσω</span> <span class='ocrx_word' id='word_1_255' title='bbox 1272 2896 1358 2956; x_wconf 82' lang='grc' dir='ltr'>είς</span> <span class='ocrx_word' id='word_1_256' title='bbox 1392 2895 1582 2960; x_wconf 83' lang='grc' dir='ltr'>ἀρχὰς</span> <span class='ocrx_word' id='word_1_257' title='bbox 1611 2893 1718 2960; x_wconf 81' lang='grc' dir='ltr'>τῆς</span> <span class='ocrx_word' id='word_1_258' title='bbox 1743 2896 2122 2958; x_wconf 79' lang='grc' dir='ltr'>νυκτός·.”οτε</span> 
     </span>
    </p>
   </div>
   <div class='ocr_carea' id='block_1_31' title="bbox 523 2975 2124 3048">
    <p class='ocr_par' dir='ltr' id='par_1_31' title="bbox 523 2975 2124 3048">
     <span class='ocr_line' id='line_1_31' title="bbox 523 2975 2124 3048; baseline 0.001 -21"><span class='ocrx_word' id='word_1_259' title='bbox 523 2975 554 3027; x_wconf 82' lang='lat'>6</span> <span class='ocrx_word' id='word_1_260' title='bbox 583 2975 734 3044; x_wconf 75' lang='grc' dir='ltr'>ἥλιος</span> <span class='ocrx_word' id='word_1_261' title='bbox 771 2975 951 3044; x_wconf 86' lang='grc' dir='ltr'>ἐπάγη</span> <span class='ocrx_word' id='word_1_262' title='bbox 986 2976 1066 3038; x_wconf 90' lang='grc' dir='ltr'>είς</span> <span class='ocrx_word' id='word_1_263' title='bbox 1093 2975 1382 3045; x_wconf 81' lang='grc' dir='ltr'>ἀνατολὴν,</span> <span class='ocrx_word' id='word_1_264' title='bbox 1407 2977 1587 3045; x_wconf 82' lang='grc' dir='ltr'>ἐπάγη</span> <span class='ocrx_word' id='word_1_265' title='bbox 1629 2978 1655 3045; x_wconf 74' lang='grc' dir='ltr'>ἡ</span> <span class='ocrx_word' id='word_1_266' title='bbox 1701 2978 1896 3048; x_wconf 82' lang='grc' dir='ltr'>σελήνη</span> <span class='ocrx_word' id='word_1_267' title='bbox 1931 2979 2010 3038; x_wconf 83' lang='grc' dir='ltr'>εἰς</span> <span class='ocrx_word' id='word_1_268' title='bbox 2034 2977 2124 3028; x_wconf 77' lang='grc' dir='ltr'>δύ·</span> 
     </span>
    </p>
   </div>
   <div class='ocr_carea' id='block_1_32' title="bbox 527 3056 2120 3128">
    <p class='ocr_par' dir='ltr' id='par_1_32' title="bbox 527 3056 2120 3128">
     <span class='ocr_line' id='line_1_32' title="bbox 527 3056 2120 3128; baseline 0.001 -19"><span class='ocrx_word' id='word_1_269' title='bbox 527 3074 611 3110; x_wconf 89' lang='grc' dir='ltr'>σιν</span> <span class='ocrx_word' id='word_1_270' title='bbox 635 3074 647 3085; x_wconf 89' lang='grc'><strong>·</strong></span> <span class='ocrx_word' id='word_1_271' title='bbox 676 3056 861 3126; x_wconf 84' lang='grc' dir='ltr'>ἐπειδὴ</span> <span class='ocrx_word' id='word_1_272' title='bbox 891 3057 1070 3126; x_wconf 86' lang='grc' dir='ltr'>ἐκείνη</span> <span class='ocrx_word' id='word_1_273' title='bbox 1106 3057 1202 3124; x_wconf 82' lang='grc' dir='ltr'>μὲν</span> <span class='ocrx_word' id='word_1_274' title='bbox 1235 3057 1422 3128; x_wconf 86' lang='grc' dir='ltr'>ἄρχειν</span> <span class='ocrx_word' id='word_1_275' title='bbox 1451 3058 1551 3127; x_wconf 82' lang='grc' dir='ltr'>τῆς</span> <span class='ocrx_word' id='word_1_276' title='bbox 1584 3059 1775 3121; x_wconf 85' lang='grc' dir='ltr'>νυκτὸς</span> <span class='ocrx_word' id='word_1_277' title='bbox 1804 3057 2120 3125; x_wconf 84' lang='grc' dir='ltr'>ἐκελεύσθη,</span> 
     </span>
    </p>
   </div>
   <div class='ocr_carea' id='block_1_33' title="bbox 525 3137 2122 3211">
    <p class='ocr_par' dir='ltr' id='par_1_33' title="bbox 525 3137 2122 3211">
     <span class='ocr_line' id='line_1_33' title="bbox 525 3137 2122 3211; baseline 0 -19"><span class='ocrx_word' id='word_1_278' title='bbox 525 3141 553 3192; x_wconf 88' lang='lat'>6</span> <span class='ocrx_word' id='word_1_279' title='bbox 581 3139 636 3192; x_wconf 81' lang='grc' dir='ltr'>δέ</span> <span class='ocrx_word' id='word_1_280' title='bbox 664 3139 763 3208; x_wconf 86' lang='grc' dir='ltr'>τῆς</span> <span class='ocrx_word' id='word_1_281' title='bbox 799 3139 1029 3209; x_wconf 80' lang='grc' dir='ltr'>ἡμέρας.</span> <span class='ocrx_word' id='word_1_282' title='bbox 1050 3140 1298 3206; x_wconf 77' lang='grc' dir='ltr'>Ἐγένετο</span> <span class='ocrx_word' id='word_1_283' title='bbox 1331 3137 1424 3192; x_wconf 83' lang='grc' dir='ltr'>οῦν</span> <span class='ocrx_word' id='word_1_284' title='bbox 1453 3143 1482 3209; x_wconf 88' lang='grc' dir='ltr'>ἠ</span> <span class='ocrx_word' id='word_1_285' title='bbox 1515 3141 1731 3211; x_wconf 87' lang='grc' dir='ltr'>σελήνη,</span> <span class='ocrx_word' id='word_1_286' title='bbox 1754 3143 1846 3193; x_wconf 81' lang='grc' dir='ltr'>καὶ</span> <span class='ocrx_word' id='word_1_287' title='bbox 1869 3143 2122 3208; x_wconf 75' lang='grc' dir='ltr'>γεννᾶται</span> 
     </span>
    </p>
   </div>
   <div class='ocr_carea' id='block_1_34' title="bbox 523 3220 2122 3294">
    <p class='ocr_par' dir='ltr' id='par_1_34' title="bbox 523 3220 2122 3294">
     <span class='ocr_line' id='line_1_34' title="bbox 523 3220 2122 3294; baseline 0.001 -21"><span class='ocrx_word' id='word_1_288' title='bbox 523 3223 590 3290; x_wconf 80' lang='grc' dir='ltr'>τῇ</span> <span class='ocrx_word' id='word_1_289' title='bbox 619 3220 810 3294; x_wconf 87' lang='grc' dir='ltr'>πρώτῃ</span> <span class='ocrx_word' id='word_1_290' title='bbox 844 3223 1028 3292; x_wconf 75' lang='grc' dir='ltr'>ἡμέρα</span> <span class='ocrx_word' id='word_1_291' title='bbox 1064 3223 1420 3292; x_wconf 78' lang='grc' dir='ltr'>πανσέληνος.</span> <span class='ocrx_word' id='word_1_292' title='bbox 1457 3225 1530 3275; x_wconf 83' lang='grc' dir='ltr'>Οὐ</span> <span class='ocrx_word' id='word_1_293' title='bbox 1568 3223 1676 3294; x_wconf 77' lang='grc' dir='ltr'>γὰρ</span> <span class='ocrx_word' id='word_1_294' title='bbox 1725 3223 1830 3278; x_wconf 81' lang='grc' dir='ltr'>ἔδει</span> <span class='ocrx_word' id='word_1_295' title='bbox 1878 3225 2122 3292; x_wconf 64' lang='grc' dir='ltr'>ἠκρωτη-</span> 
     </span>
    </p>
   </div>
   <div class='ocr_carea' id='block_1_35' title="bbox 525 3304 2123 3375">
    <p class='ocr_par' dir='ltr' id='par_1_35' title="bbox 525 3304 2123 3375">
     <span class='ocr_line' id='line_1_35' title="bbox 525 3304 2123 3375; baseline 0.001 -19"><span class='ocrx_word' id='word_1_296' title='bbox 525 3304 746 3375; x_wconf 87' lang='grc' dir='ltr'>ριάσθαι</span> <span class='ocrx_word' id='word_1_297' title='bbox 779 3304 839 3355; x_wconf 90' lang='grc' dir='ltr'>τὸ</span> <span class='ocrx_word' id='word_1_298' title='bbox 870 3305 1029 3373; x_wconf 78' lang='grc' dir='ltr'>ἔργον</span> <span class='ocrx_word' id='word_1_299' title='bbox 1056 3304 1278 3366; x_wconf 87' lang='grc' dir='ltr'>εὐθέως,</span> <span class='ocrx_word' id='word_1_300' title='bbox 1305 3305 1418 3357; x_wconf 86' lang='grc' dir='ltr'>ἀλλ’</span> <span class='ocrx_word' id='word_1_301' title='bbox 1449 3305 1554 3358; x_wconf 84' lang='grc' dir='ltr'>ἐδει</span> <span class='ocrx_word' id='word_1_302' title='bbox 1589 3305 1866 3375; x_wconf 79' lang='grc' dir='ltr'>δειχθῆναι</span> <span class='ocrx_word' id='word_1_303' title='bbox 1889 3307 1980 3358; x_wconf 89' lang='grc' dir='ltr'>τὸν</span> <span class='ocrx_word' id='word_1_304' title='bbox 2008 3323 2123 3374; x_wconf 79' lang='grc' dir='ltr'>φω-</span> 
     </span>
    </p>
   </div>
   <div class='ocr_carea' id='block_1_36' title="bbox 527 3381 2122 3457">
    <p class='ocr_par' dir='ltr' id='par_1_36' title="bbox 527 3381 2122 3457">
     <span class='ocr_line' id='line_1_36' title="bbox 527 3381 2122 3457; baseline 0.002 -20"><span class='ocrx_word' id='word_1_305' title='bbox 527 3387 700 3456; x_wconf 82' lang='grc' dir='ltr'>στῆρα</span> <span class='ocrx_word' id='word_1_306' title='bbox 751 3381 861 3448; x_wconf 73' lang='grc' dir='ltr'>οἷος</span> <span class='ocrx_word' id='word_1_307' title='bbox 907 3387 1142 3453; x_wconf 87' lang='grc' dir='ltr'>ἐγένετο.</span> <span class='ocrx_word' id='word_1_308' title='bbox 1181 3387 1335 3440; x_wconf 77' lang='grc' dir='ltr'>Μετὰ</span> <span class='ocrx_word' id='word_1_309' title='bbox 1393 3387 1450 3438; x_wconf 83' lang='grc' dir='ltr'>δέ</span> <span class='ocrx_word' id='word_1_310' title='bbox 1504 3386 1672 3441; x_wconf 84' lang='grc' dir='ltr'>ταῦτα</span> <span class='ocrx_word' id='word_1_311' title='bbox 1724 3391 1791 3457; x_wconf 80' lang='grc' dir='ltr'>τῇ</span> <span class='ocrx_word' id='word_1_312' title='bbox 1841 3387 2122 3440; x_wconf 79' lang='grc' dir='ltr'>ἀλλοιώσει</span> 
     </span>
    </p>
   </div>
   <div class='ocr_carea' id='block_1_37' title="bbox 527 3469 2118 3542">
    <p class='ocr_par' dir='ltr' id='par_1_37' title="bbox 527 3469 2118 3542">
     <span class='ocr_line' id='line_1_37' title="bbox 527 3469 2118 3542; baseline 0.002 -22"><span class='ocrx_word' id='word_1_313' title='bbox 527 3469 692 3532; x_wconf 79' lang='grc' dir='ltr'>ἔδειξε</span> <span class='ocrx_word' id='word_1_314' title='bbox 743 3470 966 3538; x_wconf 87' lang='grc' dir='ltr'>χρόνους</span> <span class='ocrx_word' id='word_1_315' title='bbox 1012 3472 1102 3521; x_wconf 68' lang='grc' dir='ltr'>καὶ</span> <span class='ocrx_word' id='word_1_316' title='bbox 1156 3470 1381 3539; x_wconf 79' lang='grc' dir='ltr'>καιροῦς</span> <span class='ocrx_word' id='word_1_317' title='bbox 1428 3471 1521 3522; x_wconf 75' lang='grc' dir='ltr'>καὶ</span> <span class='ocrx_word' id='word_1_318' title='bbox 1569 3471 1829 3539; x_wconf 63' lang='grc' dir='ltr'>διαφοράς</span> <span class='ocrx_word' id='word_1_319' title='bbox 1875 3471 2118 3542; x_wconf 74' lang='grc' dir='ltr'>ἡμερῶν.</span> 
     </span>
    </p>
   </div>
   <div class='ocr_carea' id='block_1_38' title="bbox 527 3547 2122 3624">
    <p class='ocr_par' dir='ltr' id='par_1_38' title="bbox 527 3547 2122 3624">
     <span class='ocr_line' id='line_1_38' title="bbox 527 3547 2122 3624; baseline 0.002 -22"><span class='ocrx_word' id='word_1_320' title='bbox 527 3553 676 3604; x_wconf 86' lang='grc' dir='ltr'>Ποιεῐ</span> <span class='ocrx_word' id='word_1_321' title='bbox 706 3547 798 3603; x_wconf 79' lang='grc' dir='ltr'>οῦν</span> <span class='ocrx_word' id='word_1_322' title='bbox 835 3552 1003 3621; x_wconf 79' lang='grc' dir='ltr'>αὐτὴν</span> <span class='ocrx_word' id='word_1_323' title='bbox 1029 3553 1056 3603; x_wconf 89' lang='lat'>6</span> <span class='ocrx_word' id='word_1_324' title='bbox 1091 3553 1221 3613; x_wconf 87' lang='grc' dir='ltr'>Θεὸς</span> <span class='ocrx_word' id='word_1_325' title='bbox 1251 3553 1326 3614; x_wconf 82' lang='grc' dir='ltr'>ὡς</span> <span class='ocrx_word' id='word_1_326' title='bbox 1349 3555 1893 3606; x_wconf 87' lang='grc' dir='ltr'>πεντεκαιδεκαταίαν</span> <span class='ocrx_word' id='word_1_327' title='bbox 1915 3554 2122 3624; x_wconf 78' lang='grc' dir='ltr'>πεπλη-</span> 
     </span>
    </p>
   </div>
   <div class='ocr_carea' id='block_1_39' title="bbox 529 3634 2118 3708">
    <p class='ocr_par' dir='ltr' id='par_1_39' title="bbox 529 3634 2118 3708">
     <span class='ocr_line' id='line_1_39' title="bbox 529 3634 2118 3708; baseline 0.004 -23"><span class='ocrx_word' id='word_1_328' title='bbox 529 3634 798 3704; x_wconf 85' lang='grc' dir='ltr'>ρωμένην.</span> <span class='ocrx_word' id='word_1_329' title='bbox 818 3637 876 3686; x_wconf 91' lang='lat'>&#39;0</span> <span class='ocrx_word' id='word_1_330' title='bbox 913 3637 1060 3704; x_wconf 77' lang='grc' dir='ltr'>ἥλιος</span> <span class='ocrx_word' id='word_1_331' title='bbox 1099 3635 1376 3687; x_wconf 82' lang='grc' dir='ltr'>ἀνέτελλεν</span> <span class='ocrx_word' id='word_1_332' title='bbox 1405 3637 1603 3706; x_wconf 75' lang='grc' dir='ltr'>ὸρθρου</span> <span class='ocrx_word' id='word_1_333' title='bbox 1628 3655 1640 3667; x_wconf 86' lang='lat'><strong>&#39;</strong></span> <span class='ocrx_word' id='word_1_334' title='bbox 1679 3640 1766 3690; x_wconf 82' lang='grc' dir='ltr'>ὅτε</span> <span class='ocrx_word' id='word_1_335' title='bbox 1809 3637 1915 3707; x_wconf 75' lang='grc' dir='ltr'>γὰρ</span> <span class='ocrx_word' id='word_1_336' title='bbox 1943 3641 2118 3708; x_wconf 80' lang='grc' dir='ltr'>ἐπάγη</span> 
     </span>
    </p>
   </div>
   <div class='ocr_carea' id='block_1_40' title="bbox 525 3717 2121 3789">
    <p class='ocr_par' dir='ltr' id='par_1_40' title="bbox 525 3717 2121 3789">
     <span class='ocr_line' id='line_1_40' title="bbox 525 3717 2121 3789; baseline 0.003 -22"><span class='ocrx_word' id='word_1_337' title='bbox 525 3719 558 3786; x_wconf 87' lang='grc' dir='ltr'><strong>ὴ</strong></span> <span class='ocrx_word' id='word_1_338' title='bbox 594 3717 792 3786; x_wconf 77' lang='grc' dir='ltr'>σελήνη</span> <span class='ocrx_word' id='word_1_339' title='bbox 828 3719 884 3768; x_wconf 91' lang='grc' dir='ltr'>ἐν</span> <span class='ocrx_word' id='word_1_340' title='bbox 920 3717 998 3786; x_wconf 77' lang='grc' dir='ltr'>τῷ</span> <span class='ocrx_word' id='word_1_341' title='bbox 1038 3717 1241 3787; x_wconf 76' lang='grc' dir='ltr'>ὄρθρῳ,</span> <span class='ocrx_word' id='word_1_342' title='bbox 1277 3719 1523 3783; x_wconf 79' lang='grc' dir='ltr'>ἐφαίνετο</span> <span class='ocrx_word' id='word_1_343' title='bbox 1554 3719 1688 3789; x_wconf 81' lang='grc' dir='ltr'>πρὸς</span> <span class='ocrx_word' id='word_1_344' title='bbox 1723 3719 1998 3780; x_wconf 79' lang='grc' dir='ltr'>δύσιν.Ὠς</span> <span class='ocrx_word' id='word_1_345' title='bbox 2030 3717 2121 3772; x_wconf 87' lang='grc' dir='ltr'>οῦν</span> 
     </span>
    </p>
   </div>
   <div class='ocr_carea' id='block_1_41' title="bbox 527 3800 2120 3874">
    <p class='ocr_par' dir='ltr' id='par_1_41' title="bbox 527 3800 2120 3874">
     <span class='ocr_line' id='line_1_41' title="bbox 527 3800 2120 3874; baseline 0.002 -23"><span class='ocrx_word' id='word_1_346' title='bbox 527 3800 745 3870; x_wconf 81' lang='grc' dir='ltr'>ἔτρεχεν</span> <span class='ocrx_word' id='word_1_347' title='bbox 776 3802 803 3852; x_wconf 88' lang='grc' dir='ltr'>ὁ</span> <span class='ocrx_word' id='word_1_348' title='bbox 832 3801 978 3868; x_wconf 69' lang='grc' dir='ltr'>ἥλιος</span> <span class='ocrx_word' id='word_1_349' title='bbox 1014 3801 1104 3852; x_wconf 82' lang='grc' dir='ltr'>τὸν</span> <span class='ocrx_word' id='word_1_350' title='bbox 1133 3801 1258 3852; x_wconf 85' lang='grc' dir='ltr'>ίδιον</span> <span class='ocrx_word' id='word_1_351' title='bbox 1286 3801 1483 3871; x_wconf 78' lang='grc' dir='ltr'>δρόμον</span> <span class='ocrx_word' id='word_1_352' title='bbox 1508 3803 1644 3872; x_wconf 89' lang='grc' dir='ltr'>πρὸς</span> <span class='ocrx_word' id='word_1_353' title='bbox 1670 3803 1839 3862; x_wconf 86' lang='grc' dir='ltr'>δύσιν,</span> <span class='ocrx_word' id='word_1_354' title='bbox 1865 3805 1896 3874; x_wconf 79' lang='grc' dir='ltr'>ἡ</span> <span class='ocrx_word' id='word_1_355' title='bbox 1926 3805 2120 3874; x_wconf 80' lang='grc' dir='ltr'>σελήνη</span> 
     </span>
    </p>
   </div>
   <div class='ocr_carea' id='block_1_42' title="bbox 526 3882 2121 3956">
    <p class='ocr_par' dir='ltr' id='par_1_42' title="bbox 526 3882 2121 3956">
     <span class='ocr_line' id='line_1_42' title="bbox 526 3882 2121 3956; baseline 0.004 -23"><span class='ocrx_word' id='word_1_356' title='bbox 526 3883 726 3953; x_wconf 74' lang='grc' dir='ltr'>ῆρχετο</span> <span class='ocrx_word' id='word_1_357' title='bbox 756 3882 956 3945; x_wconf 83' lang='grc' dir='ltr'>εὐθέως</span> <span class='ocrx_word' id='word_1_358' title='bbox 996 3883 1086 3935; x_wconf 88' lang='grc' dir='ltr'>τοῦ</span> <span class='ocrx_word' id='word_1_359' title='bbox 1118 3883 1450 3947; x_wconf 80' lang='grc' dir='ltr'>ἀνατέλλειν,</span> <span class='ocrx_word' id='word_1_360' title='bbox 1485 3885 1572 3938; x_wconf 86' lang='grc' dir='ltr'>ἴνα</span> <span class='ocrx_word' id='word_1_361' title='bbox 1607 3886 1868 3956; x_wconf 80' lang='grc' dir='ltr'>πληρωθῇ</span> <span class='ocrx_word' id='word_1_362' title='bbox 1893 3887 1972 3950; x_wconf 85' lang='grc' dir='ltr'>τὸ,</span> <span class='ocrx_word' id='word_1_363' title='bbox 1994 3888 2121 3955; x_wconf 78' lang='grc' dir='ltr'>Ἀρ-</span> 
     </span>
    </p>
   </div>
   <div class='ocr_carea' id='block_1_43' title="bbox 527 3964 1748 4034">
    <p class='ocr_par' dir='ltr' id='par_1_43' title="bbox 527 3964 1748 4034">
     <span class='ocr_line' id='line_1_43' title="bbox 527 3964 1748 4034; baseline 0.003 -16"><span class='ocrx_word' id='word_1_364' title='bbox 527 3966 804 4034; x_wconf 81' lang='grc' dir='ltr'>χέτωσαν</span> <span class='ocrx_word' id='word_1_365' title='bbox 839 3965 949 4031; x_wconf 80' lang='grc' dir='ltr'>τῆς</span> <span class='ocrx_word' id='word_1_366' title='bbox 981 3964 1203 4032; x_wconf 70' lang='grc' dir='ltr'>ἡμέρας</span> <span class='ocrx_word' id='word_1_367' title='bbox 1235 3967 1332 4018; x_wconf 78' lang='grc' dir='ltr'>καὶ</span> <span class='ocrx_word' id='word_1_368' title='bbox 1364 3966 1473 4033; x_wconf 85' lang='grc' dir='ltr'>τῆς</span> <span class='ocrx_word' id='word_1_369' title='bbox 1507 3971 1748 4034; x_wconf 69' lang='grc' dir='ltr'>νυκτός.</span> 
     </span>
    </p>
   </div>
   <div class='ocr_carea' id='block_1_44' title="bbox 598 4049 2122 4122">
    <p class='ocr_par' dir='ltr' id='par_1_44' title="bbox 598 4049 2122 4122">
     <span class='ocr_line' id='line_1_44' title="bbox 598 4049 2122 4122; baseline 0.003 -21"><span class='ocrx_word' id='word_1_370' title='bbox 598 4051 796 4102; x_wconf 78' lang='grc' dir='ltr'>Λοιπὸν</span> <span class='ocrx_word' id='word_1_371' title='bbox 828 4050 1047 4118; x_wconf 80' lang='grc' dir='ltr'>ζήτημα</span> <span class='ocrx_word' id='word_1_372' title='bbox 1070 4050 1095 4087; x_wconf 78' lang='lat' dir='ltr'><strong>b</strong></span> <span class='ocrx_word' id='word_1_373' title='bbox 1118 4063 1130 4077; x_wconf 86' lang='lat'><strong><em>&#39;</em></strong></span> <span class='ocrx_word' id='word_1_374' title='bbox 1166 4051 1264 4102; x_wconf 61' lang='grc' dir='ltr'>Διά</span> <span class='ocrx_word' id='word_1_375' title='bbox 1297 4051 1348 4102; x_wconf 90' lang='grc' dir='ltr'>τί</span> <span class='ocrx_word' id='word_1_376' title='bbox 1387 4049 1542 4121; x_wconf 71' lang='grc' dir='ltr'>[45η</span> <span class='ocrx_word' id='word_1_377' title='bbox 1588 4053 1614 4103; x_wconf 88' lang='lat'>6</span> <span class='ocrx_word' id='word_1_378' title='bbox 1661 4052 1792 4114; x_wconf 84' lang='grc' dir='ltr'>Θεὸς</span> <span class='ocrx_word' id='word_1_379' title='bbox 1830 4052 2122 4122; x_wconf 82' lang='grc' dir='ltr'>πεπληρω-</span> 
     </span>
    </p>
   </div>
   <div class='ocr_carea' id='block_1_45' title="bbox 532 4131 2125 4205">
    <p class='ocr_par' dir='ltr' id='par_1_45' title="bbox 532 4131 2125 4205">
     <span class='ocr_line' id='line_1_45' title="bbox 532 4131 2125 4205; baseline 0.004 -23"><span class='ocrx_word' id='word_1_380' title='bbox 532 4131 698 4200; x_wconf 80' lang='grc' dir='ltr'>μένην</span> <span class='ocrx_word' id='word_1_381' title='bbox 733 4132 952 4200; x_wconf 84' lang='grc' dir='ltr'>ἐποίησε</span> <span class='ocrx_word' id='word_1_382' title='bbox 987 4132 1084 4202; x_wconf 78' lang='grc' dir='ltr'>τὴν</span> <span class='ocrx_word' id='word_1_383' title='bbox 1115 4133 1374 4202; x_wconf 83' lang='grc' dir='ltr'>σελήνην;</span> <span class='ocrx_word' id='word_1_384' title='bbox 1409 4134 1649 4204; x_wconf 83' lang='grc' dir='ltr'>Πρόσεχε</span> <span class='ocrx_word' id='word_1_385' title='bbox 1671 4151 1682 4163; x_wconf 95' lang='grc'><strong>·</strong></span> <span class='ocrx_word' id='word_1_386' title='bbox 1724 4134 1782 4185; x_wconf 84' lang='grc' dir='ltr'>τὸ</span> <span class='ocrx_word' id='word_1_387' title='bbox 1814 4136 1921 4204; x_wconf 77' lang='grc' dir='ltr'>γὰρ</span> <span class='ocrx_word' id='word_1_388' title='bbox 1949 4136 2125 4205; x_wconf 85' lang='grc' dir='ltr'>νόημα</span> 
     </span>
    </p>
   </div>
   <div class='ocr_carea' id='block_1_46' title="bbox 530 4215 2122 4288">
    <p class='ocr_par' dir='ltr' id='par_1_46' title="bbox 530 4215 2122 4288">
     <span class='ocr_line' id='line_1_46' title="bbox 530 4215 2122 4288; baseline 0.002 -21"><span class='ocrx_word' id='word_1_389' title='bbox 530 4215 688 4284; x_wconf 85' lang='grc' dir='ltr'>βαθύ·</span> <span class='ocrx_word' id='word_1_390' title='bbox 708 4215 905 4285; x_wconf 82' lang='grc' dir='ltr'>Ἐχρῆν</span> <span class='ocrx_word' id='word_1_391' title='bbox 935 4216 1104 4286; x_wconf 84' lang='grc' dir='ltr'>αὐτὴν</span> <span class='ocrx_word' id='word_1_392' title='bbox 1129 4219 1194 4286; x_wconf 82' lang='grc' dir='ltr'>τῇ</span> <span class='ocrx_word' id='word_1_393' title='bbox 1225 4217 1459 4288; x_wconf 80' lang='grc' dir='ltr'>τετάρτῃ</span> <span class='ocrx_word' id='word_1_394' title='bbox 1491 4218 1671 4287; x_wconf 77' lang='grc' dir='ltr'>ἡμέρα</span> <span class='ocrx_word' id='word_1_395' title='bbox 1701 4219 2025 4288; x_wconf 80' lang='grc' dir='ltr'>γεναμένην,</span> <span class='ocrx_word' id='word_1_396' title='bbox 2049 4221 2122 4282; x_wconf 83' lang='grc' dir='ltr'>ὡς</span> 
     </span>
    </p>
   </div>
   <div class='ocr_carea' id='block_1_47' title="bbox 527 4297 2120 4371">
    <p class='ocr_par' dir='ltr' id='par_1_47' title="bbox 527 4297 2120 4371">
     <span class='ocr_line' id='line_1_47' title="bbox 527 4297 2120 4371; baseline 0.003 -22"><span class='ocrx_word' id='word_1_397' title='bbox 527 4299 850 4367; x_wconf 87' lang='grc' dir='ltr'>τεταρταίαν</span> <span class='ocrx_word' id='word_1_398' title='bbox 897 4299 1203 4365; x_wconf 83' lang='grc' dir='ltr'>φαίνεσθαι.</span> <span class='ocrx_word' id='word_1_399' title='bbox 1226 4301 1385 4353; x_wconf 73' lang='grc' dir='ltr'>Ἀλλά</span> <span class='ocrx_word' id='word_1_400' title='bbox 1417 4301 1577 4352; x_wconf 87' lang='grc' dir='ltr'>πάλιν</span> <span class='ocrx_word' id='word_1_401' title='bbox 1613 4303 1660 4352; x_wconf 89' lang='grc' dir='ltr'>εἰ</span> <span class='ocrx_word' id='word_1_402' title='bbox 1690 4297 1756 4370; x_wconf 81' lang='grc' dir='ltr'>ἦν</span> <span class='ocrx_word' id='word_1_403' title='bbox 1802 4303 2120 4371; x_wconf 85' lang='grc' dir='ltr'>τεταρταία,</span> 
     </span>
    </p>
   </div>
   <div class='ocr_carea' id='block_1_48' title="bbox 527 4380 2125 4452">
    <p class='ocr_par' dir='ltr' id='par_1_48' title="bbox 527 4380 2125 4452">
     <span class='ocr_line' id='line_1_48' title="bbox 527 4380 2125 4452; baseline 0.003 -20"><span class='ocrx_word' id='word_1_404' title='bbox 527 4381 589 4432; x_wconf 88' lang='grc' dir='ltr'>τὸ</span> <span class='ocrx_word' id='word_1_405' title='bbox 609 4380 776 4450; x_wconf 82' lang='grc' dir='ltr'>ἄκρον</span> <span class='ocrx_word' id='word_1_406' title='bbox 801 4383 899 4448; x_wconf 88' lang='grc' dir='ltr'>τῆς</span> <span class='ocrx_word' id='word_1_407' title='bbox 925 4381 1129 4444; x_wconf 83' lang='grc' dir='ltr'>δύσεως</span> <span class='ocrx_word' id='word_1_408' title='bbox 1152 4385 1248 4435; x_wconf 79' lang='grc' dir='ltr'>οὐκ</span> <span class='ocrx_word' id='word_1_409' title='bbox 1277 4384 1542 4452; x_wconf 85' lang='grc' dir='ltr'>ἀντεῖχεν.</span> <span class='ocrx_word' id='word_1_410' title='bbox 1575 4382 1788 4452; x_wconf 83' lang='grc' dir='ltr'>Εὐρέθη</span> <span class='ocrx_word' id='word_1_411' title='bbox 1821 4380 1912 4436; x_wconf 83' lang='grc' dir='ltr'>οῦν</span> <span class='ocrx_word' id='word_1_412' title='bbox 1936 4385 2125 4437; x_wconf 89' lang='grc' dir='ltr'>πλεον-</span> 
     </span>
    </p>
   </div>
   <div class='ocr_carea' id='block_1_49' title="bbox 530 4462 2120 4534">
    <p class='ocr_par' dir='ltr' id='par_1_49' title="bbox 530 4462 2120 4534">
     <span class='ocr_line' id='line_1_49' title="bbox 530 4462 2120 4534; baseline 0.003 -20"><span class='ocrx_word' id='word_1_413' title='bbox 530 4463 761 4516; x_wconf 85' lang='grc' dir='ltr'>εκτοῦσα</span> <span class='ocrx_word' id='word_1_414' title='bbox 786 4462 977 4515; x_wconf 78' lang='grc' dir='ltr'>’ἐνδεκα</span> <span class='ocrx_word' id='word_1_415' title='bbox 999 4463 1210 4532; x_wconf 68' lang='grc' dir='ltr'>ἡμέρας</span> <span class='ocrx_word' id='word_1_416' title='bbox 1235 4481 1246 4494; x_wconf 86' lang='grc'><strong>·</strong></span> <span class='ocrx_word' id='word_1_417' title='bbox 1273 4465 1566 4534; x_wconf 87' lang='grc' dir='ltr'>τεταρταία</span> <span class='ocrx_word' id='word_1_418' title='bbox 1590 4466 1823 4531; x_wconf 87' lang='grc' dir='ltr'>ἐγένετο,</span> <span class='ocrx_word' id='word_1_419' title='bbox 1853 4467 1944 4517; x_wconf 73' lang='grc' dir='ltr'>καὶ</span> <span class='ocrx_word' id='word_1_420' title='bbox 1966 4468 2120 4532; x_wconf 81' lang='grc' dir='ltr'>ἐφαί-</span> 
     </span>
    </p>
   </div>
   <div class='ocr_carea' id='block_1_50' title="bbox 530 4547 2123 4618">
    <p class='ocr_par' dir='ltr' id='par_1_50' title="bbox 530 4547 2123 4618">
     <span class='ocr_line' id='line_1_50' title="bbox 530 4547 2123 4618; baseline 0.001 -19"><span class='ocrx_word' id='word_1_421' title='bbox 530 4564 651 4599; x_wconf 69' lang='grc' dir='ltr'>¹δετο</span> <span class='ocrx_word' id='word_1_422' title='bbox 675 4547 748 4608; x_wconf 85' lang='grc' dir='ltr'>ὡς</span> <span class='ocrx_word' id='word_1_423' title='bbox 779 4547 1319 4599; x_wconf 83' lang='grc' dir='ltr'>πεντεκαιδεκαταία·</span> <span class='ocrx_word' id='word_1_424' title='bbox 1345 4547 1535 4600; x_wconf 86' lang='grc' dir='ltr'>’ένδεκα</span> <span class='ocrx_word' id='word_1_425' title='bbox 1554 4548 1764 4618; x_wconf 77' lang='grc' dir='ltr'>ἡμέρας</span> <span class='ocrx_word' id='word_1_426' title='bbox 1785 4548 2123 4600; x_wconf 77' lang='grc' dir='ltr'>ἐπλεονέκτει</span> 
     </span>
    </p>
   </div>
   <div class='ocr_carea' id='block_1_51' title="bbox 531 4629 2122 4701">
    <p class='ocr_par' dir='ltr' id='par_1_51' title="bbox 531 4629 2122 4701">
     <span class='ocr_line' id='line_1_51' title="bbox 531 4629 2122 4701; baseline 0.001 -20"><span class='ocrx_word' id='word_1_427' title='bbox 531 4629 720 4681; x_wconf 86' lang='grc' dir='ltr'>λοιπὸν</span> <span class='ocrx_word' id='word_1_428' title='bbox 765 4633 798 4698; x_wconf 81' lang='grc' dir='ltr'>ὴ</span> <span class='ocrx_word' id='word_1_429' title='bbox 853 4629 1048 4699; x_wconf 78' lang='grc' dir='ltr'>σελήνη</span> <span class='ocrx_word' id='word_1_430' title='bbox 1085 4630 1174 4682; x_wconf 86' lang='grc' dir='ltr'>τὸν</span> <span class='ocrx_word' id='word_1_431' title='bbox 1209 4631 1378 4700; x_wconf 80' lang='grc' dir='ltr'>ἥλιον,</span> <span class='ocrx_word' id='word_1_432' title='bbox 1410 4631 1470 4683; x_wconf 87' lang='grc' dir='ltr'>οὐ</span> <span class='ocrx_word' id='word_1_433' title='bbox 1495 4633 1561 4700; x_wconf 82' lang='grc' dir='ltr'>τῇ</span> <span class='ocrx_word' id='word_1_434' title='bbox 1599 4639 1834 4701; x_wconf 79' lang='grc' dir='ltr'>ποιησει,</span> <span class='ocrx_word' id='word_1_435' title='bbox 1872 4631 2010 4685; x_wconf 80' lang='grc' dir='ltr'>ἀλλά</span> <span class='ocrx_word' id='word_1_436' title='bbox 2054 4634 2122 4701; x_wconf 81' lang='grc' dir='ltr'>τῇ</span> 
     </span>
    </p>
   </div>
   <div class='ocr_carea' id='block_1_52' title="bbox 532 4713 2122 4785">
    <p class='ocr_par' dir='ltr' id='par_1_52' title="bbox 532 4713 2122 4785">
     <span class='ocr_line' id='line_1_52' title="bbox 532 4713 2122 4785; baseline 0.003 -21"><span class='ocrx_word' id='word_1_437' title='bbox 532 4713 752 4780; x_wconf 76' lang='grc' dir='ltr'>φαύσει.</span> <span class='ocrx_word' id='word_1_438' title='bbox 786 4713 885 4766; x_wconf 84' lang='grc' dir='ltr'>Διά</span> <span class='ocrx_word' id='word_1_439' title='bbox 922 4713 1080 4766; x_wconf 85' lang='grc' dir='ltr'>τοῦτο</span> <span class='ocrx_word' id='word_1_440' title='bbox 1129 4714 1194 4776; x_wconf 80' lang='grc' dir='ltr'>ἃς</span> <span class='ocrx_word' id='word_1_441' title='bbox 1237 4716 1356 4767; x_wconf 87' lang='grc' dir='ltr'>τότε</span> <span class='ocrx_word' id='word_1_442' title='bbox 1392 4713 1816 4784; x_wconf 75' lang='grc' dir='ltr'>ἐπλεονέκτησεν</span> <span class='ocrx_word' id='word_1_443' title='bbox 1841 4715 1874 4783; x_wconf 82' lang='grc' dir='ltr'>ἠ</span> <span class='ocrx_word' id='word_1_444' title='bbox 1904 4714 2122 4785; x_wconf 83' lang='grc' dir='ltr'>σελήνη,</span> 
     </span>
    </p>
   </div>
   <div class='ocr_carea' id='block_1_53' title="bbox 531 4795 2126 4868">
    <p class='ocr_par' dir='ltr' id='par_1_53' title="bbox 531 4795 2126 4868">
     <span class='ocr_line' id='line_1_53' title="bbox 531 4795 2126 4868; baseline 0.001 -21"><span class='ocrx_word' id='word_1_445' title='bbox 531 4795 827 4847; x_wconf 84' lang='grc' dir='ltr'>ἀποδίδωσι</span> <span class='ocrx_word' id='word_1_446' title='bbox 873 4797 951 4864; x_wconf 83' lang='grc' dir='ltr'>τῷ</span> <span class='ocrx_word' id='word_1_447' title='bbox 999 4796 1230 4866; x_wconf 77' lang='grc' dir='ltr'>ηλίιρ.’0</span> <span class='ocrx_word' id='word_1_448' title='bbox 1257 4797 1366 4868; x_wconf 83' lang='grc' dir='ltr'>γάρ</span> <span class='ocrx_word' id='word_1_449' title='bbox 1397 4797 1539 4850; x_wconf 82' lang='grc' dir='ltr'>κατά</span> <span class='ocrx_word' id='word_1_450' title='bbox 1585 4797 1815 4867; x_wconf 79' lang='grc' dir='ltr'>σελήνην</span> <span class='ocrx_word' id='word_1_451' title='bbox 1859 4799 1953 4850; x_wconf 85' lang='grc' dir='ltr'>καὶ</span> <span class='ocrx_word' id='word_1_452' title='bbox 2004 4799 2126 4851; x_wconf 68' lang='grc' dir='ltr'>καθ’</span> 
     </span>
    </p>
   </div>
   <div class='ocr_carea' id='block_1_54' title="bbox 531 4878 2127 4952">
    <p class='ocr_par' dir='ltr' id='par_1_54' title="bbox 531 4878 2127 4952">
     <span class='ocr_line' id='line_1_54' title="bbox 531 4878 2127 4952; baseline 0.004 -24"><span class='ocrx_word' id='word_1_453' title='bbox 531 4878 761 4930; x_wconf 77' lang='grc' dir='ltr'>ἕκαστον</span> <span class='ocrx_word' id='word_1_454' title='bbox 792 4879 935 4948; x_wconf 86' lang='grc' dir='ltr'>μῆνα</span> <span class='ocrx_word' id='word_1_455' title='bbox 955 4879 1062 4933; x_wconf 87' lang='grc' dir='ltr'>ἀπὸ</span> <span class='ocrx_word' id='word_1_456' title='bbox 1087 4880 1256 4932; x_wconf 79' lang='grc' dir='ltr'>εἴκοσι</span> <span class='ocrx_word' id='word_1_457' title='bbox 1281 4882 1436 4932; x_wconf 86' lang='grc' dir='ltr'>ἐννέα</span> <span class='ocrx_word' id='word_1_458' title='bbox 1457 4881 1628 4950; x_wconf 90' lang='grc' dir='ltr'>μισυ</span> <span class='ocrx_word' id='word_1_459' title='bbox 1651 4881 1873 4952; x_wconf 83' lang='grc' dir='ltr'>ἡμερῶν</span> <span class='ocrx_word' id='word_1_460' title='bbox 1895 4881 2127 4950; x_wconf 85' lang='grc' dir='ltr'>ἀριθμὸς</span> 
     </span>
    </p>
   </div>
   <div class='ocr_carea' id='block_1_55' title="bbox 534 4962 2125 5034">
    <p class='ocr_par' dir='ltr' id='par_1_55' title="bbox 534 4962 2125 5034">
     <span class='ocr_line' id='line_1_55' title="bbox 534 4962 2125 5034; baseline 0.003 -23"><span class='ocrx_word' id='word_1_461' title='bbox 534 4962 872 5028; x_wconf 74' lang='grc' dir='ltr'>γιγνόμενος,</span> <span class='ocrx_word' id='word_1_462' title='bbox 907 4966 1050 5014; x_wconf 86' lang='grc' dir='ltr'>ποιεῖ</span> <span class='ocrx_word' id='word_1_463' title='bbox 1079 4965 1138 5014; x_wconf 87' lang='grc' dir='ltr'>ἐν</span> <span class='ocrx_word' id='word_1_464' title='bbox 1165 4965 1275 5025; x_wconf 88' lang='grc' dir='ltr'>τοῖς</span> <span class='ocrx_word' id='word_1_465' title='bbox 1307 4963 1534 5016; x_wconf 81' lang='grc' dir='ltr'>δεκαδύο</span> <span class='ocrx_word' id='word_1_466' title='bbox 1561 4972 1698 5034; x_wconf 77' lang='grc' dir='ltr'>μησὶ</span> <span class='ocrx_word' id='word_1_467' title='bbox 1738 4965 1832 5017; x_wconf 88' lang='grc' dir='ltr'>τοῦ</span> <span class='ocrx_word' id='word_1_468' title='bbox 1876 4963 2125 5017; x_wconf 75' lang='grc' dir='ltr'>ἐνιαυτοῦ</span> 
     </span>
    </p>
   </div>
   <div class='ocr_carea' id='block_1_56' title="bbox 532 5045 2127 5116">
    <p class='ocr_par' dir='ltr' id='par_1_56' title="bbox 532 5045 2127 5116">
     <span class='ocr_line' id='line_1_56' title="bbox 532 5045 2127 5116; baseline 0.003 -21"><span class='ocrx_word' id='word_1_469' title='bbox 532 5045 749 5113; x_wconf 78' lang='grc' dir='ltr'>ἡμέρας</span> <span class='ocrx_word' id='word_1_470' title='bbox 793 5046 1108 5113; x_wconf 86' lang='grc' dir='ltr'>τριακοσίας</span> <span class='ocrx_word' id='word_1_471' title='bbox 1157 5048 1494 5116; x_wconf 76' lang='grc' dir='ltr'>πεντήκοντα</span> <span class='ocrx_word' id='word_1_472' title='bbox 1540 5049 1832 5116; x_wconf 87' lang='grc' dir='ltr'>τέσσαρας.</span> <span class='ocrx_word' id='word_1_473' title='bbox 1852 5048 1976 5100; x_wconf 75' lang='grc' dir='ltr'>Ἐάν</span> <span class='ocrx_word' id='word_1_474' title='bbox 2019 5048 2127 5116; x_wconf 78' lang='grc' dir='ltr'>γὰρ</span> 
     </span>
    </p>
   </div>
   <div class='ocr_carea' id='block_1_57' title="bbox 535 5126 2125 5200">
    <p class='ocr_par' dir='ltr' id='par_1_57' title="bbox 535 5126 2125 5200">
     <span class='ocr_line' id='line_1_57' title="bbox 535 5126 2125 5200; baseline 0.002 -22"><span class='ocrx_word' id='word_1_475' title='bbox 535 5126 677 5178; x_wconf 85' lang='grc' dir='ltr'>οῦτω</span> <span class='ocrx_word' id='word_1_476' title='bbox 704 5126 946 5198; x_wconf 68' lang='grc' dir='ltr'>ψηφίσῃς</span> <span class='ocrx_word' id='word_1_477' title='bbox 979 5129 1068 5179; x_wconf 83' lang='grc' dir='ltr'>τὸν</span> <span class='ocrx_word' id='word_1_478' title='bbox 1105 5131 1247 5198; x_wconf 89' lang='grc' dir='ltr'>μῆνα</span> <span class='ocrx_word' id='word_1_479' title='bbox 1279 5130 1386 5182; x_wconf 83' lang='grc' dir='ltr'>ἀπὸ</span> <span class='ocrx_word' id='word_1_480' title='bbox 1420 5132 1592 5182; x_wconf 77' lang='grc' dir='ltr'>εἰκοσι</span> <span class='ocrx_word' id='word_1_481' title='bbox 1623 5132 1778 5183; x_wconf 83' lang='grc' dir='ltr'>ἐννέα</span> <span class='ocrx_word' id='word_1_482' title='bbox 1798 5132 1967 5200; x_wconf 83' lang='grc' dir='ltr'>ῆμισυ</span> <span class='ocrx_word' id='word_1_483' title='bbox 1991 5132 2125 5200; x_wconf 77' lang='grc' dir='ltr'>ἡμεο</span> 
     </span>
    </p>
   </div>
   <div class='ocr_carea' id='block_1_58' title="bbox 539 5212 2126 5286">
    <p class='ocr_par' dir='ltr' id='par_1_58' title="bbox 539 5212 2126 5286">
     <span class='ocr_line' id='line_1_58' title="bbox 539 5212 2126 5286; baseline 0.003 -25"><span class='ocrx_word' id='word_1_484' title='bbox 539 5213 669 5283; x_wconf 79' lang='grc' dir='ltr'>ρῶν,</span> <span class='ocrx_word' id='word_1_485' title='bbox 703 5212 972 5278; x_wconf 84' lang='grc' dir='ltr'>γίγνονται</span> <span class='ocrx_word' id='word_1_486' title='bbox 1019 5212 1111 5264; x_wconf 80' lang='grc' dir='ltr'>τοῦ</span> <span class='ocrx_word' id='word_1_487' title='bbox 1152 5215 1396 5266; x_wconf 88' lang='grc' dir='ltr'>ἐνιαυτοῦ</span> <span class='ocrx_word' id='word_1_488' title='bbox 1432 5216 1631 5285; x_wconf 77' lang='grc' dir='ltr'>ἡμέραι</span> <span class='ocrx_word' id='word_1_489' title='bbox 1658 5219 1964 5286; x_wconf 80' lang='grc' dir='ltr'>τριακόσιαι</span> <span class='ocrx_word' id='word_1_490' title='bbox 1996 5234 2126 5267; x_wconf 83' lang='grc' dir='ltr'>πεν-</span> 
     </span>
    </p>
   </div>
   <div class='ocr_carea' id='block_1_59' title="bbox 537 5295 2124 5370">
    <p class='ocr_par' dir='ltr' id='par_1_59' title="bbox 537 5295 2124 5370">
     <span class='ocr_line' id='line_1_59' title="bbox 537 5295 2124 5370; baseline 0 -22"><span class='ocrx_word' id='word_1_491' title='bbox 537 5297 770 5367; x_wconf 74' lang='grc' dir='ltr'>τήκοντα</span> <span class='ocrx_word' id='word_1_492' title='bbox 796 5295 1082 5360; x_wconf 87' lang='grc' dir='ltr'>τέσσαρες,</span> <span class='ocrx_word' id='word_1_493' title='bbox 1116 5297 1202 5347; x_wconf 85' lang='grc' dir='ltr'>ἴνα</span> <span class='ocrx_word' id='word_1_494' title='bbox 1241 5299 1307 5359; x_wconf 76' lang='grc' dir='ltr'>ἃς</span> <span class='ocrx_word' id='word_1_495' title='bbox 1337 5299 1724 5368; x_wconf 86' lang='grc' dir='ltr'>ἐπλεονέκτησε</span> <span class='ocrx_word' id='word_1_496' title='bbox 1764 5302 1883 5351; x_wconf 90' lang='grc' dir='ltr'>τότε</span> <span class='ocrx_word' id='word_1_497' title='bbox 1914 5300 2124 5370; x_wconf 80' lang='grc' dir='ltr'>ἡμέρας</span> 
     </span>
    </p>
   </div>
   <div class='ocr_carea' id='block_1_60' title="bbox 539 5377 2127 5453">
    <p class='ocr_par' dir='ltr' id='par_1_60' title="bbox 539 5377 2127 5453">
     <span class='ocr_line' id='line_1_60' title="bbox 539 5377 2127 5453; baseline 0.003 -23"><span class='ocrx_word' id='word_1_498' title='bbox 539 5381 572 5448; x_wconf 66' lang='grc' dir='ltr'>ἡ</span> <span class='ocrx_word' id='word_1_499' title='bbox 606 5377 800 5447; x_wconf 82' lang='grc' dir='ltr'>σελήνη</span> <span class='ocrx_word' id='word_1_500' title='bbox 831 5379 948 5430; x_wconf 87' lang='grc' dir='ltr'>κατ’</span> <span class='ocrx_word' id='word_1_501' title='bbox 979 5379 1222 5431; x_wconf 88' lang='grc' dir='ltr'>ἐνιαυτὸν</span> <span class='ocrx_word' id='word_1_502' title='bbox 1265 5382 1557 5434; x_wconf 87' lang='grc' dir='ltr'>ἀποδίδωσι</span> <span class='ocrx_word' id='word_1_503' title='bbox 1590 5383 1667 5452; x_wconf 81' lang='grc' dir='ltr'>τῷ</span> <span class='ocrx_word' id='word_1_504' title='bbox 1707 5383 1938 5453; x_wconf 75' lang='grc' dir='ltr'>ἡλίῳ.⁶0</span> <span class='ocrx_word' id='word_1_505' title='bbox 1965 5383 2127 5452; x_wconf 69' lang='grc' dir='ltr'>ψηφι-</span> 
     </span>
    </p>
   </div>
   <div class='ocr_carea' id='block_1_61' title="bbox 545 5461 1001 5530">
    <p class='ocr_par' dir='ltr' id='par_1_61' title="bbox 545 5461 1001 5530">
     <span class='ocr_line' id='line_1_61' title="bbox 545 5461 1001 5530; baseline -0.002 -15"><span class='ocrx_word' id='word_1_506' title='bbox 545 5463 676 5530; x_wconf 79' lang='grc' dir='ltr'>στὴς</span> <span class='ocrx_word' id='word_1_507' title='bbox 702 5461 1001 5528; x_wconf 69' lang='grc' dir='ltr'>ψηφιζέτω.</span> 
     </span>
    </p>
   </div>
   <div class='ocr_carea' id='block_1_62' title="bbox 611 5543 2126 5618">
    <p class='ocr_par' dir='ltr' id='par_1_62' title="bbox 611 5543 2126 5618">
     <span class='ocr_line' id='line_1_62' title="bbox 611 5543 2126 5618; baseline 0.004 -23"><span class='ocrx_word' id='word_1_508' title='bbox 611 5550 681 5610; x_wconf 78' lang='grc' dir='ltr'>γ’.</span> <span class='ocrx_word' id='word_1_509' title='bbox 722 5543 1162 5612; x_wconf 77' lang='grc' dir='ltr'>Γενηθήτωσαν</span> <span class='ocrx_word' id='word_1_510' title='bbox 1196 5545 1511 5612; x_wconf 72' lang='grc' dir='ltr'>φωστῆρες</span> <span class='ocrx_word' id='word_1_511' title='bbox 1541 5548 1609 5601; x_wconf 89' lang='grc' dir='ltr'>ἐν</span> <span class='ocrx_word' id='word_1_512' title='bbox 1645 5547 1722 5613; x_wconf 83' lang='grc' dir='ltr'>τῷ</span> <span class='ocrx_word' id='word_1_513' title='bbox 1771 5549 2126 5618; x_wconf 81' lang='grc' dir='ltr'>στερεὼματι</span> 
     </span>
    </p>
   </div>
   <div class='ocr_carea' id='block_1_63' title="bbox 611 5640 2125 5710">
    <p class='ocr_par' dir='ltr' id='par_1_63' title="bbox 611 5640 2125 5710">
     <span class='ocr_line' id='line_1_63' title="bbox 611 5640 2125 5710; baseline 0.005 -22"><span class='ocrx_word' id='word_1_514' title='bbox 611 5640 761 5710; x_wconf 67' lang='lat' dir='ltr'>“Haec</span> <span class='ocrx_word' id='word_1_515' title='bbox 782 5642 908 5702; x_wconf 84' lang='lat' dir='ltr'><strong>apud</strong></span> <span class='ocrx_word' id='word_1_516' title='bbox 932 5641 1148 5690; x_wconf 83' lang='lat' dir='ltr'>Cosmam</span> <span class='ocrx_word' id='word_1_517' title='bbox 1173 5640 1454 5710; x_wconf 65' lang='lat' dir='ltr'>[Egyptian]</span> <span class='ocrx_word' id='word_1_518' title='bbox 1480 5643 1724 5710; x_wconf 65' lang='lat' dir='ltr'>habentur</span> <span class='ocrx_word' id='word_1_519' title='bbox 1745 5661 1793 5710; x_wconf 92' lang='lat' dir='ltr'>p.</span> <span class='ocrx_word' id='word_1_520' title='bbox 1821 5647 1929 5710; x_wconf 66' lang='lat'><strong>{525,</strong></span> <span class='ocrx_word' id='word_1_521' title='bbox 1957 5647 2038 5695; x_wconf 88' lang='lat' dir='ltr'>ubi</span> <span class='ocrx_word' id='word_1_522' title='bbox 2068 5647 2125 5696; x_wconf 85' lang='lat' dir='ltr'><strong>ad</strong></span> 
     </span>
    </p>
   </div>
   <div class='ocr_carea' id='block_1_64' title="bbox 540 5703 2061 5765">
    <p class='ocr_par' dir='ltr' id='par_1_64' title="bbox 540 5703 2061 5765">
     <span class='ocr_line' id='line_1_64' title="bbox 540 5703 2061 5765; baseline 0.005 -17"><span class='ocrx_word' id='word_1_523' title='bbox 540 5703 808 5765; x_wconf 50' lang='lat' dir='ltr'>arcendum</span> <span class='ocrx_word' id='word_1_524' title='bbox 833 5716 1113 5751; x_wconf 88' lang='lat' dir='ltr'>sermonem</span> <span class='ocrx_word' id='word_1_525' title='bbox 1148 5703 1401 5765; x_wconf 76' lang='lat' dir='ltr'>pertinere</span> <span class='ocrx_word' id='word_1_526' title='bbox 1427 5707 1554 5754; x_wconf 83' lang='lat' dir='ltr'><strong>male</strong></span> <span class='ocrx_word' id='word_1_527' title='bbox 1575 5703 1804 5758; x_wconf 78' lang='lat' dir='ltr'>dicunliu&#39;</span> <span class='ocrx_word' id='word_1_528' title='bbox 1825 5707 1873 5758; x_wconf 91' lang='lat' dir='ltr'><strong>in</strong></span> <span class='ocrx_word' id='word_1_529' title='bbox 1899 5710 2061 5757; x_wconf 78' lang='lat' dir='ltr'>titulo.</span> 
     </span>
    </p>
   </div>
   <div class='ocr_carea' id='block_1_65' title="bbox 602 5762 1534 5828">
    <p class='ocr_par' dir='ltr' id='par_1_65' title="bbox 602 5762 1534 5828">
     <span class='ocr_line' id='line_1_65' title="bbox 602 5762 1534 5828; baseline 0.002 -17"><span class='ocrx_word' id='word_1_530' title='bbox 602 5762 629 5800; x_wconf 72' lang='grc' dir='ltr'>ιδ</span> <span class='ocrx_word' id='word_1_531' title='bbox 653 5762 766 5812; x_wconf 63' lang='lat' dir='ltr'><strong>Haec</strong></span> <span class='ocrx_word' id='word_1_532' title='bbox 788 5765 937 5815; x_wconf 86' lang='lat' dir='ltr'><strong>habes</strong></span> <span class='ocrx_word' id='word_1_533' title='bbox 961 5768 1088 5827; x_wconf 84' lang='lat' dir='ltr'>apud</span> <span class='ocrx_word' id='word_1_534' title='bbox 1115 5762 1330 5816; x_wconf 79' lang='lat' dir='ltr'>Cbsmam</span> <span class='ocrx_word' id='word_1_535' title='bbox 1355 5780 1401 5828; x_wconf 86' lang='lat' dir='ltr'>p.</span> <span class='ocrx_word' id='word_1_536' title='bbox 1429 5766 1534 5814; x_wconf 76' lang='lat'>525.</span> 
     </span>
    </p>
   </div>
   <div class='ocr_carea' id='block_1_66' title="bbox 1981 345 2355 407">
    <p class='ocr_par' dir='ltr' id='par_1_66' title="bbox 1981 345 2355 407">
     <span class='ocr_line' id='line_1_66' title="bbox 1981 345 2355 407; baseline 0.003 -1"><span class='ocrx_word' id='word_1_537' title='bbox 1981 345 2355 407; x_wconf 71' lang='lat' dir='ltr'>SEVERIANl</span> 
     </span>
    </p>
   </div>
   <div class='ocr_carea' id='block_1_67' title="bbox 3717 362 3830 417">
    <p class='ocr_par' dir='ltr' id='par_1_67' title="bbox 3717 362 3830 417">
     <span class='ocr_line' id='line_1_67' title="bbox 3717 362 3830 417; baseline -0.018 0"><span class='ocrx_word' id='word_1_538' title='bbox 3717 362 3830 417; x_wconf 82' lang='grc'>450</span> 
     </span>
    </p>
   </div>
   <div class='ocr_carea' id='block_1_68' title="bbox 2232 455 3830 542">
    <p class='ocr_par' dir='ltr' id='par_1_68' title="bbox 2232 455 3830 542">
     <span class='ocr_line' id='line_1_68' title="bbox 2232 455 3830 542; baseline -0.003 -18"><span class='ocrx_word' id='word_1_539' title='bbox 2232 472 2340 526; x_wconf 83' lang='grc' dir='ltr'>τοῦ</span> <span class='ocrx_word' id='word_1_540' title='bbox 2365 472 2648 542; x_wconf 80' lang='grc' dir='ltr'>οὐρανοῦ,</span> <span class='ocrx_word' id='word_1_541' title='bbox 2675 469 2832 526; x_wconf 81' lang='grc' dir='ltr'>ὥστε</span> <span class='ocrx_word' id='word_1_542' title='bbox 2868 470 3106 539; x_wconf 60' lang='grc' dir='ltr'>φαίνειν</span> <span class='ocrx_word' id='word_1_543' title='bbox 3133 468 3231 522; x_wconf 70' lang='grc' dir='ltr'>ἐπὶ</span> <span class='ocrx_word' id='word_1_544' title='bbox 3258 463 3369 536; x_wconf 79' lang='grc' dir='ltr'>τῆς</span> <span class='ocrx_word' id='word_1_545' title='bbox 3396 464 3531 536; x_wconf 81' lang='grc' dir='ltr'>τῆς.</span> <span class='ocrx_word' id='word_1_546' title='bbox 3550 466 3767 539; x_wconf 71' lang='grc' dir='ltr'>Ἐπειδῇ</span> <span class='ocrx_word' id='word_1_547' title='bbox 3794 455 3830 525; x_wconf 71' lang='grc' dir='ltr'>ἡ</span> 
     </span>
    </p>
   </div>
   <div class='ocr_carea' id='block_1_69' title="bbox 2233 553 3830 631">
    <p class='ocr_par' dir='ltr' id='par_1_69' title="bbox 2233 553 3830 631">
     <span class='ocr_line' id='line_1_69' title="bbox 2233 553 3830 631; baseline -0.003 -20"><span class='ocrx_word' id='word_1_548' title='bbox 2233 559 2394 628; x_wconf 81' lang='grc' dir='ltr'>φύσις</span> <span class='ocrx_word' id='word_1_549' title='bbox 2420 559 2515 612; x_wconf 84' lang='grc' dir='ltr'>τοῦ</span> <span class='ocrx_word' id='word_1_550' title='bbox 2548 560 2719 631; x_wconf 86' lang='grc' dir='ltr'>πυρὸς</span> <span class='ocrx_word' id='word_1_551' title='bbox 2747 559 3058 629; x_wconf 84' lang='grc' dir='ltr'>ἀνώδρομος</span> <span class='ocrx_word' id='word_1_552' title='bbox 3083 553 3170 627; x_wconf 79' lang='grc' dir='ltr'>ἦν,</span> <span class='ocrx_word' id='word_1_553' title='bbox 3205 556 3422 626; x_wconf 87' lang='grc' dir='ltr'>χαλινὸν</span> <span class='ocrx_word' id='word_1_554' title='bbox 3464 555 3775 623; x_wconf 77' lang='grc' dir='ltr'>ἐπιτίθησιν</span> <span class='ocrx_word' id='word_1_555' title='bbox 3801 556 3830 606; x_wconf 77' lang='lat'>6</span> 
     </span>
    </p>
   </div>
   <div class='ocr_carea' id='block_1_70' title="bbox 2231 641 3828 718">
    <p class='ocr_par' dir='ltr' id='par_1_70' title="bbox 2231 641 3828 718">
     <span class='ocr_line' id='line_1_70' title="bbox 2231 641 3828 718; baseline -0.004 -19"><span class='ocrx_word' id='word_1_556' title='bbox 2231 647 2363 710; x_wconf 86' lang='grc' dir='ltr'>Θεὸς</span> <span class='ocrx_word' id='word_1_557' title='bbox 2409 650 2475 718; x_wconf 77' lang='grc' dir='ltr'>τῇ</span> <span class='ocrx_word' id='word_1_558' title='bbox 2529 647 2708 715; x_wconf 80' lang='grc' dir='ltr'>φύσει,</span> <span class='ocrx_word' id='word_1_559' title='bbox 2742 648 2883 699; x_wconf 85' lang='grc' dir='ltr'>ὥστε</span> <span class='ocrx_word' id='word_1_560' title='bbox 2937 647 3008 715; x_wconf 81' lang='grc' dir='ltr'>μὴ</span> <span class='ocrx_word' id='word_1_561' title='bbox 3056 646 3168 698; x_wconf 89' lang='grc' dir='ltr'>ἄνω</span> <span class='ocrx_word' id='word_1_562' title='bbox 3215 643 3454 714; x_wconf 87' lang='grc' dir='ltr'>πέμπειν</span> <span class='ocrx_word' id='word_1_563' title='bbox 3485 642 3583 712; x_wconf 80' lang='grc' dir='ltr'>τὴν</span> <span class='ocrx_word' id='word_1_564' title='bbox 3628 641 3828 712; x_wconf 74' lang='grc' dir='ltr'>αὐγὴν,</span> 
     </span>
    </p>
   </div>
   <div class='ocr_carea' id='block_1_71' title="bbox 2232 729 3827 804">
    <p class='ocr_par' dir='ltr' id='par_1_71' title="bbox 2232 729 3827 804">
     <span class='ocr_line' id='line_1_71' title="bbox 2232 729 3827 804; baseline -0.003 -18"><span class='ocrx_word' id='word_1_565' title='bbox 2232 734 2366 786; x_wconf 71' lang='grc' dir='ltr'>ἀλλὰ</span> <span class='ocrx_word' id='word_1_566' title='bbox 2397 736 2566 791; x_wconf 86' lang='grc' dir='ltr'>κάτω.</span> <span class='ocrx_word' id='word_1_567' title='bbox 2597 735 2716 803; x_wconf 87' lang='grc' dir='ltr'>Πῦρ</span> <span class='ocrx_word' id='word_1_568' title='bbox 2749 734 2858 804; x_wconf 83' lang='grc' dir='ltr'>γὰρ</span> <span class='ocrx_word' id='word_1_569' title='bbox 2903 733 3002 787; x_wconf 84' lang='grc' dir='ltr'>οὐκ</span> <span class='ocrx_word' id='word_1_570' title='bbox 3050 733 3303 802; x_wconf 80' lang='grc' dir='ltr'>ἀνέχεται</span> <span class='ocrx_word' id='word_1_571' title='bbox 3340 731 3621 801; x_wconf 80' lang='grc' dir='ltr'>προσέχειν</span> <span class='ocrx_word' id='word_1_572' title='bbox 3651 729 3827 792; x_wconf 78' lang='grc' dir='ltr'>κάτω,</span> 
     </span>
    </p>
   </div>
   <div class='ocr_carea' id='block_1_72' title="bbox 2231 814 3830 891">
    <p class='ocr_par' dir='ltr' id='par_1_72' title="bbox 2231 814 3830 891">
     <span class='ocr_line' id='line_1_72' title="bbox 2231 814 3830 891; baseline -0.004 -17"><span class='ocrx_word' id='word_1_573' title='bbox 2231 821 2344 874; x_wconf 85' lang='grc' dir='ltr'>ἀλλ’</span> <span class='ocrx_word' id='word_1_574' title='bbox 2375 822 2654 876; x_wconf 75' lang='grc' dir='ltr'>ἄνω.Ὲάν</span> <span class='ocrx_word' id='word_1_575' title='bbox 2699 821 2828 891; x_wconf 81' lang='grc' dir='ltr'>ἔχῃς</span> <span class='ocrx_word' id='word_1_576' title='bbox 2856 821 3007 890; x_wconf 80' lang='grc' dir='ltr'>δᾷδα,</span> <span class='ocrx_word' id='word_1_577' title='bbox 3049 819 3277 890; x_wconf 76' lang='grc' dir='ltr'>στρέψον</span> <span class='ocrx_word' id='word_1_578' title='bbox 3315 817 3481 887; x_wconf 71' lang='grc' dir='ltr'>αὐτὴν</span> <span class='ocrx_word' id='word_1_579' title='bbox 3516 818 3684 876; x_wconf 79' lang='grc' dir='ltr'>κάτω,</span> <span class='ocrx_word' id='word_1_580' title='bbox 3734 814 3830 868; x_wconf 73' lang='grc' dir='ltr'>καὶ</span> 
     </span>
    </p>
   </div>
   <div class='ocr_carea' id='block_1_73' title="bbox 2229 902 3834 979">
    <p class='ocr_par' dir='ltr' id='par_1_73' title="bbox 2229 902 3834 979">
     <span class='ocr_line' id='line_1_73' title="bbox 2229 902 3834 979; baseline -0.002 -19"><span class='ocrx_word' id='word_1_581' title='bbox 2229 909 2360 979; x_wconf 73' lang='grc' dir='ltr'>ὁρᾷς</span> <span class='ocrx_word' id='word_1_582' title='bbox 2396 911 2475 961; x_wconf 81' lang='grc' dir='ltr'>ὅτι</span> <span class='ocrx_word' id='word_1_583' title='bbox 2504 910 2607 963; x_wconf 73' lang='grc' dir='ltr'>κᾶν</span> <span class='ocrx_word' id='word_1_584' title='bbox 2653 909 2716 961; x_wconf 82' lang='grc' dir='ltr'>τὸ</span> <span class='ocrx_word' id='word_1_585' title='bbox 2757 908 2988 977; x_wconf 74' lang='grc' dir='ltr'>ὄργανον</span> <span class='ocrx_word' id='word_1_586' title='bbox 3041 906 3297 977; x_wconf 73' lang='grc' dir='ltr'>στρέψῃς,</span> <span class='ocrx_word' id='word_1_587' title='bbox 3328 906 3389 957; x_wconf 87' lang='grc' dir='ltr'>τὸ</span> <span class='ocrx_word' id='word_1_588' title='bbox 3418 902 3529 973; x_wconf 88' lang='grc' dir='ltr'>πῦρ</span> <span class='ocrx_word' id='word_1_589' title='bbox 3554 904 3664 955; x_wconf 81' lang='grc' dir='ltr'>ἄνω</span> <span class='ocrx_word' id='word_1_590' title='bbox 3698 903 3834 972; x_wconf 81' lang='grc' dir='ltr'>τρέ-</span> 
     </span>
    </p>
   </div>
   <div class='ocr_carea' id='block_1_74' title="bbox 2228 988 3832 1066">
    <p class='ocr_par' dir='ltr' id='par_1_74' title="bbox 2228 988 3832 1066">
     <span class='ocr_line' id='line_1_74' title="bbox 2228 988 3832 1066; baseline -0.006 -17"><span class='ocrx_word' id='word_1_591' title='bbox 2228 1013 2331 1065; x_wconf 87' lang='grc' dir='ltr'>χει.</span> <span class='ocrx_word' id='word_1_592' title='bbox 2353 996 2569 1066; x_wconf 80' lang='grc' dir='ltr'>Ἐπειδὴ</span> <span class='ocrx_word' id='word_1_593' title='bbox 2589 991 2682 1049; x_wconf 84' lang='grc' dir='ltr'>οῦν</span> <span class='ocrx_word' id='word_1_594' title='bbox 2713 997 2829 1066; x_wconf 71' lang='grc' dir='ltr'>ᾔδει</span> <span class='ocrx_word' id='word_1_595' title='bbox 2856 993 3023 1047; x_wconf 87' lang='grc' dir='ltr'>αὐτοῦ</span> <span class='ocrx_word' id='word_1_596' title='bbox 3055 993 3308 1062; x_wconf 84' lang='grc' dir='ltr'>τοιαύτην</span> <span class='ocrx_word' id='word_1_597' title='bbox 3339 988 3476 1044; x_wconf 78' lang='grc' dir='ltr'>εἶναι</span> <span class='ocrx_word' id='word_1_598' title='bbox 3517 990 3614 1061; x_wconf 78' lang='grc' dir='ltr'>τὴν</span> <span class='ocrx_word' id='word_1_599' title='bbox 3642 988 3832 1058; x_wconf 77' lang='grc' dir='ltr'>φύσιν,</span> 
     </span>
    </p>
   </div>
   <div class='ocr_carea' id='block_1_75' title="bbox 2228 1076 3835 1158">
    <p class='ocr_par' dir='ltr' id='par_1_75' title="bbox 2228 1076 3835 1158">
     <span class='ocr_line' id='line_1_75' title="bbox 2228 1076 3835 1158; baseline -0.002 -19"><span class='ocrx_word' id='word_1_600' title='bbox 2228 1087 2491 1156; x_wconf 87' lang='grc' dir='ltr'>ἐπέδησεν</span> <span class='ocrx_word' id='word_1_601' title='bbox 2521 1087 2711 1158; x_wconf 83' lang='grc' dir='ltr'>αὐτὴν,</span> <span class='ocrx_word' id='word_1_602' title='bbox 2742 1088 2829 1138; x_wconf 80' lang='grc' dir='ltr'>ἵνα</span> <span class='ocrx_word' id='word_1_603' title='bbox 2856 1086 2928 1157; x_wconf 85' lang='grc' dir='ltr'>μὴ</span> <span class='ocrx_word' id='word_1_604' title='bbox 2954 1084 3096 1138; x_wconf 87' lang='grc' dir='ltr'>κατά</span> <span class='ocrx_word' id='word_1_605' title='bbox 3120 1086 3218 1155; x_wconf 81' lang='grc' dir='ltr'>τὴν</span> <span class='ocrx_word' id='word_1_606' title='bbox 3251 1083 3410 1151; x_wconf 81' lang='grc' dir='ltr'>φύσιν</span> <span class='ocrx_word' id='word_1_607' title='bbox 3448 1081 3662 1153; x_wconf 87' lang='grc' dir='ltr'>λάμπῃ,</span> <span class='ocrx_word' id='word_1_608' title='bbox 3689 1076 3835 1135; x_wconf 79' lang='grc' dir='ltr'>ἀλλά</span> 
     </span>
    </p>
   </div>
   <div class='ocr_carea' id='block_1_76' title="bbox 2227 1168 3834 1244">
    <p class='ocr_par' dir='ltr' id='par_1_76' title="bbox 2227 1168 3834 1244">
     <span class='ocr_line' id='line_1_76' title="bbox 2227 1168 3834 1244; baseline -0.003 -19"><span class='ocrx_word' id='word_1_609' title='bbox 2227 1174 2370 1226; x_wconf 71' lang='grc' dir='ltr'>κατὰ</span> <span class='ocrx_word' id='word_1_610' title='bbox 2408 1175 2468 1227; x_wconf 88' lang='grc' dir='ltr'>τὸ</span> <span class='ocrx_word' id='word_1_611' title='bbox 2523 1175 2872 1244; x_wconf 80' lang='grc' dir='ltr'>πρόσταγμα.</span> <span class='ocrx_word' id='word_1_612' title='bbox 2931 1174 2997 1225; x_wconf 80' lang='grc' dir='ltr'>Εἴ</span> <span class='ocrx_word' id='word_1_613' title='bbox 3046 1190 3128 1234; x_wconf 89' lang='grc' dir='ltr'>τις</span> <span class='ocrx_word' id='word_1_614' title='bbox 3174 1170 3327 1240; x_wconf 79' lang='grc' dir='ltr'>ὑμῶν</span> <span class='ocrx_word' id='word_1_615' title='bbox 3378 1168 3834 1238; x_wconf 81' lang='grc' dir='ltr'>παρατηρησάτω</span> 
     </span>
    </p>
   </div>
   <div class='ocr_carea' id='block_1_77' title="bbox 2228 1255 3833 1328">
    <p class='ocr_par' dir='ltr' id='par_1_77' title="bbox 2228 1255 3833 1328">
     <span class='ocr_line' id='line_1_77' title="bbox 2228 1255 3833 1328; baseline -0.006 -13"><span class='ocrx_word' id='word_1_616' title='bbox 2228 1263 2418 1328; x_wconf 65' lang='lat' dir='ltr'>(sine)</span> <span class='ocrx_word' id='word_1_617' title='bbox 2458 1258 2635 1314; x_wconf 81' lang='grc' dir='ltr'>ἔλαιον</span> <span class='ocrx_word' id='word_1_618' title='bbox 2684 1262 2792 1313; x_wconf 84' lang='grc' dir='ltr'>ἀπὸ</span> <span class='ocrx_word' id='word_1_619' title='bbox 2843 1260 3059 1328; x_wconf 86' lang='grc' dir='ltr'>λύχνου.</span> <span class='ocrx_word' id='word_1_620' title='bbox 3096 1259 3210 1319; x_wconf 78' lang='grc' dir='ltr'>πῶς</span> <span class='ocrx_word' id='word_1_621' title='bbox 3255 1258 3703 1323; x_wconf 82' lang='grc' dir='ltr'>συγκατασπᾶται</span> <span class='ocrx_word' id='word_1_622' title='bbox 3751 1255 3833 1324; x_wconf 82' lang='grc' dir='ltr'>τῷ</span> 
     </span>
    </p>
   </div>
   <div class='ocr_carea' id='block_1_78' title="bbox 2227 1342 3830 1418">
    <p class='ocr_par' dir='ltr' id='par_1_78' title="bbox 2227 1342 3830 1418">
     <span class='ocr_line' id='line_1_78' title="bbox 2227 1342 3830 1418; baseline -0.004 -19"><span class='ocrx_word' id='word_1_623' title='bbox 2227 1347 2392 1416; x_wconf 84' lang='grc' dir='ltr'>ἐλαίῳ</span> <span class='ocrx_word' id='word_1_624' title='bbox 2419 1348 2478 1399; x_wconf 86' lang='grc' dir='ltr'>τὸ</span> <span class='ocrx_word' id='word_1_625' title='bbox 2510 1348 2641 1418; x_wconf 86' lang='grc' dir='ltr'>πῦρ,</span> <span class='ocrx_word' id='word_1_626' title='bbox 2670 1349 2762 1400; x_wconf 72' lang='grc' dir='ltr'>καὶ</span> <span class='ocrx_word' id='word_1_627' title='bbox 2793 1349 2825 1417; x_wconf 81' lang='grc' dir='ltr'><strong>ὴ</strong></span> <span class='ocrx_word' id='word_1_628' title='bbox 2865 1347 2962 1415; x_wconf 80' lang='grc' dir='ltr'>μὲν</span> <span class='ocrx_word' id='word_1_629' title='bbox 3012 1345 3100 1414; x_wconf 86' lang='grc' dir='ltr'>βία</span> <span class='ocrx_word' id='word_1_630' title='bbox 3139 1345 3232 1397; x_wconf 89' lang='grc' dir='ltr'>τοῦ</span> <span class='ocrx_word' id='word_1_631' title='bbox 3266 1344 3440 1398; x_wconf 87' lang='grc' dir='ltr'>ἐλαίου</span> <span class='ocrx_word' id='word_1_632' title='bbox 3475 1345 3625 1396; x_wconf 84' lang='grc' dir='ltr'>κάτω</span> <span class='ocrx_word' id='word_1_633' title='bbox 3654 1342 3830 1400; x_wconf 74' lang='grc' dir='ltr'>ἕλκει,</span> 
     </span>
    </p>
   </div>
   <div class='ocr_carea' id='block_1_79' title="bbox 2225 1427 3832 1503">
    <p class='ocr_par' dir='ltr' id='par_1_79' title="bbox 2225 1427 3832 1503">
     <span class='ocr_line' id='line_1_79' title="bbox 2225 1427 3832 1503; baseline -0.033 -11"><span class='ocrx_word' id='word_1_634' title='bbox 2225 1437 2256 1502; x_wconf 83' lang='grc' dir='ltr'><strong>ή</strong></span> <span class='ocrx_word' id='word_1_635' title='bbox 2304 1435 2360 1488; x_wconf 87' lang='grc' dir='ltr'>δέ</span> <span class='ocrx_word' id='word_1_636' title='bbox 2403 1435 2562 1503; x_wconf 82' lang='grc' dir='ltr'>φύσις</span> <span class='ocrx_word' id='word_1_637' title='bbox 2611 1434 2704 1487; x_wconf 86' lang='grc' dir='ltr'>τοῦ</span> <span class='ocrx_word' id='word_1_638' title='bbox 2759 1435 2930 1502; x_wconf 79' lang='grc' dir='ltr'>πυρὸς</span> <span class='ocrx_word' id='word_1_639' title='bbox 2975 1433 3086 1486; x_wconf 76' lang='grc' dir='ltr'>ἄνω</span> <span class='ocrx_word' id='word_1_640' title='bbox 3129 1433 3329 1501; x_wconf 52' lang='grc' dir='ltr'>τρέχει,</span> <span class='ocrx_word' id='word_1_641' title='bbox 3358 1431 3449 1482; x_wconf 50' lang='grc' dir='ltr'>καὶ</span> <span class='ocrx_word' id='word_1_642' title='bbox 3480 1430 3672 1498; x_wconf 62' lang='grc' dir='ltr'>ὥσπερ</span> <span class='ocrx_word' id='word_1_643' title='bbox 3706 1427 3832 1499; x_wconf 51' lang='lat' dir='ltr'>si”</span> 
     </span>
    </p>
   </div>
   <div class='ocr_carea' id='block_1_80' title="bbox 2228 1514 3831 1592">
    <p class='ocr_par' dir='ltr' id='par_1_80' title="bbox 2228 1514 3831 1592">
     <span class='ocr_line' id='line_1_80' title="bbox 2228 1514 3831 1592; baseline -0.005 -18"><span class='ocrx_word' id='word_1_644' title='bbox 2228 1523 2591 1592; x_wconf 71' lang='grc' dir='ltr'>ὑφιστάμενον</span> <span class='ocrx_word' id='word_1_645' title='bbox 2618 1521 2861 1590; x_wconf 80' lang='grc' dir='ltr'>καταϐοᾷ</span> <span class='ocrx_word' id='word_1_646' title='bbox 2881 1536 2893 1547; x_wconf 87' lang='grc'><strong>·</strong></span> <span class='ocrx_word' id='word_1_647' title='bbox 2931 1521 2981 1572; x_wconf 83' lang='grc' dir='ltr'>εί</span> <span class='ocrx_word' id='word_1_648' title='bbox 3011 1536 3140 1572; x_wconf 89' lang='grc' dir='ltr'>ποτε</span> <span class='ocrx_word' id='word_1_649' title='bbox 3171 1519 3279 1587; x_wconf 75' lang='grc' dir='ltr'>γὰρ</span> <span class='ocrx_word' id='word_1_650' title='bbox 3308 1516 3686 1584; x_wconf 74' lang='grc' dir='ltr'>ἀναγκάζεται</span> <span class='ocrx_word' id='word_1_651' title='bbox 3715 1514 3831 1583; x_wconf 84' lang='grc' dir='ltr'>πῦρ</span> 
     </span>
    </p>
   </div>
   <div class='ocr_carea' id='block_1_81' title="bbox 2224 1601 3830 1678">
    <p class='ocr_par' dir='ltr' id='par_1_81' title="bbox 2224 1601 3830 1678">
     <span class='ocr_line' id='line_1_81' title="bbox 2224 1601 3830 1678; baseline -0.005 -18"><span class='ocrx_word' id='word_1_652' title='bbox 2224 1610 2439 1678; x_wconf 85' lang='grc' dir='ltr'>τρέχειν</span> <span class='ocrx_word' id='word_1_653' title='bbox 2466 1609 2615 1677; x_wconf 82' lang='grc' dir='ltr'>παρά</span> <span class='ocrx_word' id='word_1_654' title='bbox 2636 1609 2733 1678; x_wconf 84' lang='grc' dir='ltr'>τὴν</span> <span class='ocrx_word' id='word_1_655' title='bbox 2765 1606 3107 1670; x_wconf 85' lang='grc' dir='ltr'>ἀκολουθίαν,</span> <span class='ocrx_word' id='word_1_656' title='bbox 3145 1605 3323 1673; x_wconf 79' lang='grc' dir='ltr'>φωνὴν</span> <span class='ocrx_word' id='word_1_657' title='bbox 3349 1604 3574 1670; x_wconf 75' lang='grc' dir='ltr'>ἀφίησιν</span> <span class='ocrx_word' id='word_1_658' title='bbox 3605 1603 3680 1664; x_wconf 85' lang='grc' dir='ltr'>ὠς</span> <span class='ocrx_word' id='word_1_659' title='bbox 3706 1601 3830 1671; x_wconf 83' lang='grc' dir='ltr'>βίαν</span> 
     </span>
    </p>
   </div>
   <div class='ocr_carea' id='block_1_82' title="bbox 2227 1689 3829 1766">
    <p class='ocr_par' dir='ltr' id='par_1_82' title="bbox 2227 1689 3829 1766">
     <span class='ocr_line' id='line_1_82' title="bbox 2227 1689 3829 1766; baseline -0.002 -22"><span class='ocrx_word' id='word_1_660' title='bbox 2227 1697 2454 1764; x_wconf 82' lang='grc' dir='ltr'>πάσχον,</span> <span class='ocrx_word' id='word_1_661' title='bbox 2487 1697 2561 1758; x_wconf 83' lang='grc' dir='ltr'>ὡς</span> <span class='ocrx_word' id='word_1_662' title='bbox 2611 1697 2760 1766; x_wconf 71' lang='grc' dir='ltr'>παρὰ</span> <span class='ocrx_word' id='word_1_663' title='bbox 2812 1693 2972 1763; x_wconf 77' lang='grc' dir='ltr'>φύσιν</span> <span class='ocrx_word' id='word_1_664' title='bbox 3018 1689 3393 1745; x_wconf 81' lang='grc' dir='ltr'>ὁδεῦον.”οταν</span> <span class='ocrx_word' id='word_1_665' title='bbox 3434 1691 3542 1757; x_wconf 84' lang='grc' dir='ltr'>γάρ</span> <span class='ocrx_word' id='word_1_666' title='bbox 3577 1706 3630 1741; x_wconf 88' lang='grc' dir='ltr'>τι</span> <span class='ocrx_word' id='word_1_667' title='bbox 3679 1691 3829 1758; x_wconf 72' lang='grc' dir='ltr'>παρὰ</span> 
     </span>
    </p>
   </div>
   <div class='ocr_carea' id='block_1_83' title="bbox 2227 1776 3826 1852">
    <p class='ocr_par' dir='ltr' id='par_1_83' title="bbox 2227 1776 3826 1852">
     <span class='ocr_line' id='line_1_83' title="bbox 2227 1776 3826 1852; baseline -0.005 -18"><span class='ocrx_word' id='word_1_668' title='bbox 2227 1783 2386 1847; x_wconf 75' lang='grc' dir='ltr'>φύσιν</span> <span class='ocrx_word' id='word_1_669' title='bbox 2416 1785 2472 1834; x_wconf 90' lang='grc' dir='ltr'>ἐν</span> <span class='ocrx_word' id='word_1_670' title='bbox 2498 1781 2574 1852; x_wconf 82' lang='grc' dir='ltr'>τῷ</span> <span class='ocrx_word' id='word_1_671' title='bbox 2612 1782 2860 1851; x_wconf 86' lang='grc' dir='ltr'>στοιχείῳ</span> <span class='ocrx_word' id='word_1_672' title='bbox 2891 1780 3135 1850; x_wconf 88' lang='grc' dir='ltr'>γένηται,</span> <span class='ocrx_word' id='word_1_673' title='bbox 3163 1776 3475 1848; x_wconf 80' lang='grc' dir='ltr'>βοᾷ.Διατί;</span> <span class='ocrx_word' id='word_1_674' title='bbox 3509 1777 3684 1828; x_wconf 86' lang='grc' dir='ltr'>Ὅταν</span> <span class='ocrx_word' id='word_1_675' title='bbox 3707 1777 3826 1827; x_wconf 84' lang='grc' dir='ltr'>ἐπι-</span> 
     </span>
    </p>
   </div>
   <div class='ocr_carea' id='block_1_84' title="bbox 2228 1862 3826 1938">
    <p class='ocr_par' dir='ltr' id='par_1_84' title="bbox 2228 1862 3826 1938">
     <span class='ocr_line' id='line_1_84' title="bbox 2228 1862 3826 1938; baseline -0.003 -19"><span class='ocrx_word' id='word_1_676' title='bbox 2228 1868 2395 1938; x_wconf 82' lang='grc' dir='ltr'>ϐληΟῇ</span> <span class='ocrx_word' id='word_1_677' title='bbox 2443 1869 2618 1921; x_wconf 73' lang='grc' dir='ltr'>ἔλαιον</span> <span class='ocrx_word' id='word_1_678' title='bbox 2664 1868 2742 1938; x_wconf 79' lang='grc' dir='ltr'>τῷ</span> <span class='ocrx_word' id='word_1_679' title='bbox 2796 1869 2950 1938; x_wconf 72' lang='grc' dir='ltr'>πυρὶ,</span> <span class='ocrx_word' id='word_1_680' title='bbox 2991 1865 3174 1936; x_wconf 81' lang='grc' dir='ltr'>φωνὴν</span> <span class='ocrx_word' id='word_1_681' title='bbox 3221 1864 3319 1918; x_wconf 80' lang='grc' dir='ltr'>οὐκ</span> <span class='ocrx_word' id='word_1_682' title='bbox 3361 1865 3606 1933; x_wconf 64' lang='grc' dir='ltr'>ἀψίησιψ</span> <span class='ocrx_word' id='word_1_683' title='bbox 3641 1863 3738 1914; x_wconf 73' lang='grc' dir='ltr'>ἐὰν</span> <span class='ocrx_word' id='word_1_684' title='bbox 3775 1862 3826 1915; x_wconf 72' lang='grc' dir='ltr'>δὲ</span> 
     </span>
    </p>
   </div>
   <div class='ocr_carea' id='block_1_85' title="bbox 2227 1951 3826 2026">
    <p class='ocr_par' dir='ltr' id='par_1_85' title="bbox 2227 1951 3826 2026">
     <span class='ocr_line' id='line_1_85' title="bbox 2227 1951 3826 2026; baseline -0.005 -18"><span class='ocrx_word' id='word_1_685' title='bbox 2227 1954 2371 2025; x_wconf 64' lang='grc' dir='ltr'>ὓδωρ</span> <span class='ocrx_word' id='word_1_686' title='bbox 2418 1955 2707 2026; x_wconf 78' lang='grc' dir='ltr'>ἐπιϐληθῇ,</span> <span class='ocrx_word' id='word_1_687' title='bbox 2759 1954 2953 2024; x_wconf 76' lang='grc' dir='ltr'>τρίζει.</span> <span class='ocrx_word' id='word_1_688' title='bbox 3003 1955 3111 2006; x_wconf 69' lang='grc' dir='ltr'>Καὶ</span> <span class='ocrx_word' id='word_1_689' title='bbox 3159 1951 3312 2004; x_wconf 90' lang='grc' dir='ltr'>τοῦτο</span> <span class='ocrx_word' id='word_1_690' title='bbox 3359 1951 3545 2018; x_wconf 84' lang='grc' dir='ltr'>ὑγρὸν,</span> <span class='ocrx_word' id='word_1_691' title='bbox 3603 1952 3826 2001; x_wconf 84' lang='grc' dir='ltr'>κάκεῖνο</span> 
     </span>
    </p>
   </div>
   <div class='ocr_carea' id='block_1_86' title="bbox 2227 2039 3824 2115">
    <p class='ocr_par' dir='ltr' id='par_1_86' title="bbox 2227 2039 3824 2115">
     <span class='ocr_line' id='line_1_86' title="bbox 2227 2039 3824 2115; baseline -0.004 -18"><span class='ocrx_word' id='word_1_692' title='bbox 2227 2044 2573 2115; x_wconf 77' lang='grc' dir='ltr'>ὐγρόν.Ἀλλ’</span> <span class='ocrx_word' id='word_1_693' title='bbox 2604 2045 2791 2115; x_wconf 82' lang='grc' dir='ltr'>ἐπειδὴ</span> <span class='ocrx_word' id='word_1_694' title='bbox 2846 2046 3066 2097; x_wconf 86' lang='grc' dir='ltr'>κάκεῖνο</span> <span class='ocrx_word' id='word_1_695' title='bbox 3113 2043 3220 2095; x_wconf 87' lang='grc' dir='ltr'>ἀπὸ</span> <span class='ocrx_word' id='word_1_696' title='bbox 3264 2042 3420 2107; x_wconf 79' lang='grc' dir='ltr'>ξύλου</span> <span class='ocrx_word' id='word_1_697' title='bbox 3473 2041 3628 2109; x_wconf 67' lang='grc' dir='ltr'>ὄψον,</span> <span class='ocrx_word' id='word_1_698' title='bbox 3663 2041 3758 2092; x_wconf 69' lang='grc' dir='ltr'>καὶ</span> <span class='ocrx_word' id='word_1_699' title='bbox 3794 2039 3824 2108; x_wconf 78' lang='grc' dir='ltr'>ἡ</span> 
     </span>
    </p>
   </div>
   <div class='ocr_carea' id='block_1_87' title="bbox 2226 2127 3823 2203">
    <p class='ocr_par' dir='ltr' id='par_1_87' title="bbox 2226 2127 3823 2203">
     <span class='ocr_line' id='line_1_87' title="bbox 2226 2127 3823 2203; baseline -0.004 -19"><span class='ocrx_word' id='word_1_700' title='bbox 2226 2132 2380 2186; x_wconf 82' lang='grc' dir='ltr'>ἐλαία</span> <span class='ocrx_word' id='word_1_701' title='bbox 2415 2132 2712 2203; x_wconf 76' lang='grc' dir='ltr'>τρέφουσα,</span> <span class='ocrx_word' id='word_1_702' title='bbox 2741 2131 2892 2201; x_wconf 74' lang='grc' dir='ltr'>φίλον</span> <span class='ocrx_word' id='word_1_703' title='bbox 2922 2132 2976 2184; x_wconf 85' lang='grc' dir='ltr'>δέ</span> <span class='ocrx_word' id='word_1_704' title='bbox 3011 2131 3095 2183; x_wconf 68' lang='grc' dir='ltr'>ἀεὶ</span> <span class='ocrx_word' id='word_1_705' title='bbox 3125 2129 3200 2198; x_wconf 83' lang='grc' dir='ltr'>τῷ</span> <span class='ocrx_word' id='word_1_706' title='bbox 3249 2128 3386 2197; x_wconf 79' lang='grc' dir='ltr'>ξύλῳ</span> <span class='ocrx_word' id='word_1_707' title='bbox 3416 2128 3473 2180; x_wconf 83' lang='grc' dir='ltr'>τὸ</span> <span class='ocrx_word' id='word_1_708' title='bbox 3505 2127 3641 2196; x_wconf 89' lang='grc' dir='ltr'>πῦρ,</span> <span class='ocrx_word' id='word_1_709' title='bbox 3675 2127 3823 2194; x_wconf 84' lang='grc' dir='ltr'>δέχε-</span> 
     </span>
    </p>
   </div>
   <div class='ocr_carea' id='block_1_88' title="bbox 2225 2213 3826 2290">
    <p class='ocr_par' dir='ltr' id='par_1_88' title="bbox 2225 2213 3826 2290">
     <span class='ocr_line' id='line_1_88' title="bbox 2225 2213 3826 2290; baseline -0.004 -18"><span class='ocrx_word' id='word_1_710' title='bbox 2225 2236 2314 2274; x_wconf 85' lang='grc' dir='ltr'>ται</span> <span class='ocrx_word' id='word_1_711' title='bbox 2345 2222 2514 2290; x_wconf 78' lang='grc' dir='ltr'>ἡδέως</span> <span class='ocrx_word' id='word_1_712' title='bbox 2561 2221 2627 2274; x_wconf 89' lang='grc' dir='ltr'>τά</span> <span class='ocrx_word' id='word_1_713' title='bbox 2669 2220 2776 2273; x_wconf 89' lang='grc' dir='ltr'>ἀπὸ</span> <span class='ocrx_word' id='word_1_714' title='bbox 2809 2220 2902 2272; x_wconf 87' lang='grc' dir='ltr'>τοῦ</span> <span class='ocrx_word' id='word_1_715' title='bbox 2938 2218 3252 2286; x_wconf 87' lang='grc' dir='ltr'>συγγενοῦς.</span> <span class='ocrx_word' id='word_1_716' title='bbox 3273 2215 3400 2269; x_wconf 75' lang='grc' dir='ltr'>Ἐὰν</span> <span class='ocrx_word' id='word_1_717' title='bbox 3429 2216 3484 2268; x_wconf 85' lang='grc' dir='ltr'>δὲ</span> <span class='ocrx_word' id='word_1_718' title='bbox 3517 2214 3667 2283; x_wconf 77' lang='grc' dir='ltr'>ὕδωρ</span> <span class='ocrx_word' id='word_1_719' title='bbox 3699 2213 3826 2283; x_wconf 73' lang='grc' dir='ltr'>πυρὶ</span> 
     </span>
    </p>
   </div>
   <div class='ocr_carea' id='block_1_89' title="bbox 2227 2301 3823 2377">
    <p class='ocr_par' dir='ltr' id='par_1_89' title="bbox 2227 2301 3823 2377">
     <span class='ocr_line' id='line_1_89' title="bbox 2227 2301 3823 2377; baseline -0.005 -18"><span class='ocrx_word' id='word_1_720' title='bbox 2227 2306 2516 2377; x_wconf 79' lang='grc' dir='ltr'>ἐπιϐληθῇ,</span> <span class='ocrx_word' id='word_1_721' title='bbox 2543 2307 2755 2377; x_wconf 74' lang='grc' dir='ltr'>τρίζει·</span> <span class='ocrx_word' id='word_1_722' title='bbox 2780 2306 2856 2375; x_wconf 80' lang='grc' dir='ltr'>τῷ</span> <span class='ocrx_word' id='word_1_723' title='bbox 2900 2306 3008 2376; x_wconf 91' lang='grc' dir='ltr'>γάρ</span> <span class='ocrx_word' id='word_1_724' title='bbox 3053 2304 3278 2373; x_wconf 87' lang='grc' dir='ltr'>ἐναντίῳ</span> <span class='ocrx_word' id='word_1_725' title='bbox 3313 2302 3565 2372; x_wconf 88' lang='grc' dir='ltr'>μάχεται.</span> <span class='ocrx_word' id='word_1_726' title='bbox 3600 2301 3679 2352; x_wconf 85' lang='grc' dir='ltr'>Τὸ</span> <span class='ocrx_word' id='word_1_727' title='bbox 3717 2301 3823 2368; x_wconf 86' lang='grc' dir='ltr'>πῦρ</span> 
     </span>
    </p>
   </div>
   <div class='ocr_carea' id='block_1_90' title="bbox 2227 2388 3824 2466">
    <p class='ocr_par' dir='ltr' id='par_1_90' title="bbox 2227 2388 3824 2466">
     <span class='ocr_line' id='line_1_90' title="bbox 2227 2388 3824 2466; baseline -0.005 -17"><span class='ocrx_word' id='word_1_728' title='bbox 2227 2395 2358 2449; x_wconf 77' lang='grc' dir='ltr'>ἴδιόν</span> <span class='ocrx_word' id='word_1_729' title='bbox 2401 2397 2517 2449; x_wconf 88' lang='grc' dir='ltr'>ἐστι</span> <span class='ocrx_word' id='word_1_730' title='bbox 2569 2395 2661 2447; x_wconf 87' lang='grc' dir='ltr'>τοῦ</span> <span class='ocrx_word' id='word_1_731' title='bbox 2707 2394 2902 2466; x_wconf 89' lang='grc' dir='ltr'>ἀέρος·</span> <span class='ocrx_word' id='word_1_732' title='bbox 2942 2395 3203 2461; x_wconf 85' lang='grc' dir='ltr'>συγγενὲς</span> <span class='ocrx_word' id='word_1_733' title='bbox 3233 2392 3360 2462; x_wconf 85' lang='grc' dir='ltr'>γάρ.</span> <span class='ocrx_word' id='word_1_734' title='bbox 3393 2393 3578 2460; x_wconf 79' lang='grc' dir='ltr'>Φυσᾷς</span> <span class='ocrx_word' id='word_1_735' title='bbox 3621 2393 3706 2453; x_wconf 85' lang='grc' dir='ltr'>είς</span> <span class='ocrx_word' id='word_1_736' title='bbox 3745 2388 3824 2441; x_wconf 86' lang='grc' dir='ltr'>λύ-</span> 
     </span>
    </p>
   </div>
   <div class='ocr_carea' id='block_1_91' title="bbox 2224 2477 3818 2552">
    <p class='ocr_par' dir='ltr' id='par_1_91' title="bbox 2224 2477 3818 2552">
     <span class='ocr_line' id='line_1_91' title="bbox 2224 2477 3818 2552; baseline -0.004 -18"><span class='ocrx_word' id='word_1_737' title='bbox 2224 2499 2368 2552; x_wconf 86' lang='grc' dir='ltr'>χνον,</span> <span class='ocrx_word' id='word_1_738' title='bbox 2404 2483 2498 2536; x_wconf 78' lang='grc' dir='ltr'>καὶ</span> <span class='ocrx_word' id='word_1_739' title='bbox 2541 2481 2794 2546; x_wconf 77' lang='grc' dir='ltr'>καπνίζει</span> <span class='ocrx_word' id='word_1_740' title='bbox 2823 2483 2850 2534; x_wconf 97' lang='lat'>6</span> <span class='ocrx_word' id='word_1_741' title='bbox 2879 2481 2986 2552; x_wconf 76' lang='grc' dir='ltr'>ἀὴρ</span> <span class='ocrx_word' id='word_1_742' title='bbox 3015 2481 3075 2532; x_wconf 90' lang='grc' dir='ltr'>τὸ</span> <span class='ocrx_word' id='word_1_743' title='bbox 3119 2479 3250 2550; x_wconf 87' lang='grc' dir='ltr'>πῦρ,</span> <span class='ocrx_word' id='word_1_744' title='bbox 3277 2479 3370 2531; x_wconf 66' lang='grc' dir='ltr'>καὶ</span> <span class='ocrx_word' id='word_1_745' title='bbox 3393 2477 3638 2546; x_wconf 77' lang='grc' dir='ltr'>οὐδαμοῦ</span> <span class='ocrx_word' id='word_1_746' title='bbox 3675 2477 3818 2546; x_wconf 82' lang='grc' dir='ltr'>εὑρί-</span> 
     </span>
    </p>
   </div>
   <div class='ocr_carea' id='block_1_92' title="bbox 2224 2564 3822 2640">
    <p class='ocr_par' dir='ltr' id='par_1_92' title="bbox 2224 2564 3822 2640">
     <span class='ocr_line' id='line_1_92' title="bbox 2224 2564 3822 2640; baseline -0.006 -17"><span class='ocrx_word' id='word_1_747' title='bbox 2224 2585 2412 2622; x_wconf 87' lang='grc' dir='ltr'>σκεται</span> <span class='ocrx_word' id='word_1_748' title='bbox 2435 2588 2446 2599; x_wconf 76' lang='grc' dir='ltr'><strong>ο</strong></span> <span class='ocrx_word' id='word_1_749' title='bbox 2476 2569 2536 2622; x_wconf 89' lang='grc' dir='ltr'>τὸ</span> <span class='ocrx_word' id='word_1_750' title='bbox 2565 2569 2673 2640; x_wconf 81' lang='grc' dir='ltr'>γὰρ</span> <span class='ocrx_word' id='word_1_751' title='bbox 2704 2569 2964 2636; x_wconf 71' lang='grc' dir='ltr'>συγγενὲς</span> <span class='ocrx_word' id='word_1_752' title='bbox 2994 2567 3216 2637; x_wconf 83' lang='grc' dir='ltr'>ἔδραμε.</span> <span class='ocrx_word' id='word_1_753' title='bbox 3248 2566 3415 2617; x_wconf 85' lang='grc' dir='ltr'>Βλέπε</span> <span class='ocrx_word' id='word_1_754' title='bbox 3437 2564 3532 2616; x_wconf 86' lang='grc' dir='ltr'>τοῦ</span> <span class='ocrx_word' id='word_1_755' title='bbox 3565 2564 3822 2632; x_wconf 82' lang='grc' dir='ltr'>Τεχνίτου</span> 
     </span>
    </p>
   </div>
   <div class='ocr_carea' id='block_1_93' title="bbox 2221 2650 3823 2728">
    <p class='ocr_par' dir='ltr' id='par_1_93' title="bbox 2221 2650 3823 2728">
     <span class='ocr_line' id='line_1_93' title="bbox 2221 2650 3823 2728; baseline -0.005 -19"><span class='ocrx_word' id='word_1_756' title='bbox 2221 2657 2319 2728; x_wconf 80' lang='grc' dir='ltr'>τὴν</span> <span class='ocrx_word' id='word_1_757' title='bbox 2344 2657 2551 2725; x_wconf 76' lang='grc' dir='ltr'>σοφίαν,</span> <span class='ocrx_word' id='word_1_758' title='bbox 2582 2655 2744 2725; x_wconf 84' lang='grc' dir='ltr'>βλέπε</span> <span class='ocrx_word' id='word_1_759' title='bbox 2772 2656 2870 2725; x_wconf 84' lang='grc' dir='ltr'>τὴν</span> <span class='ocrx_word' id='word_1_760' title='bbox 2895 2653 3355 2722; x_wconf 81' lang='grc' dir='ltr'>δύναμιν.Ἔθηκε</span> <span class='ocrx_word' id='word_1_761' title='bbox 3378 2653 3503 2714; x_wconf 83' lang='grc' dir='ltr'>τούς</span> <span class='ocrx_word' id='word_1_762' title='bbox 3525 2650 3823 2721; x_wconf 72' lang='grc' dir='ltr'>φωστῆρας</span> 
     </span>
    </p>
   </div>
   <div class='ocr_carea' id='block_1_94' title="bbox 2224 2737 3824 2814">
    <p class='ocr_par' dir='ltr' id='par_1_94' title="bbox 2224 2737 3824 2814">
     <span class='ocr_line' id='line_1_94' title="bbox 2224 2737 3824 2814; baseline -0.006 -17"><span class='ocrx_word' id='word_1_763' title='bbox 2224 2747 2282 2797; x_wconf 85' lang='grc' dir='ltr'>ἐν</span> <span class='ocrx_word' id='word_1_764' title='bbox 2310 2742 2387 2814; x_wconf 81' lang='grc' dir='ltr'>τῷ</span> <span class='ocrx_word' id='word_1_765' title='bbox 2414 2741 2652 2814; x_wconf 79' lang='grc' dir='ltr'>οὐρανῷ,</span> <span class='ocrx_word' id='word_1_766' title='bbox 2689 2741 2830 2794; x_wconf 83' lang='grc' dir='ltr'>ὥστε</span> <span class='ocrx_word' id='word_1_767' title='bbox 2864 2742 3070 2809; x_wconf 72' lang='grc' dir='ltr'>φαίνειν</span> <span class='ocrx_word' id='word_1_768' title='bbox 3092 2741 3182 2792; x_wconf 73' lang='grc' dir='ltr'>ἐπὶ</span> <span class='ocrx_word' id='word_1_769' title='bbox 3203 2740 3301 2808; x_wconf 88' lang='grc' dir='ltr'>τῆς</span> <span class='ocrx_word' id='word_1_770' title='bbox 3333 2739 3461 2806; x_wconf 86' lang='grc' dir='ltr'>γῆς·</span> <span class='ocrx_word' id='word_1_771' title='bbox 3494 2737 3604 2790; x_wconf 74' lang='grc' dir='ltr'>Καὶ</span> <span class='ocrx_word' id='word_1_772' title='bbox 3642 2737 3824 2790; x_wconf 79' lang='grc' dir='ltr'>ἔστω-</span> 
     </span>
    </p>
   </div>
   <div class='ocr_carea' id='block_1_95' title="bbox 2223 2824 3826 2899">
    <p class='ocr_par' dir='ltr' id='par_1_95' title="bbox 2223 2824 3826 2899">
     <span class='ocr_line' id='line_1_95' title="bbox 2223 2824 3826 2899; baseline -0.004 -17"><span class='ocrx_word' id='word_1_773' title='bbox 2223 2844 2365 2894; x_wconf 83' lang='grc' dir='ltr'>σαν,</span> <span class='ocrx_word' id='word_1_774' title='bbox 2414 2830 2601 2899; x_wconf 71' lang='grc' dir='ltr'>φησιν,</span> <span class='ocrx_word' id='word_1_775' title='bbox 2640 2832 2728 2895; x_wconf 87' lang='grc' dir='ltr'>είς</span> <span class='ocrx_word' id='word_1_776' title='bbox 2774 2827 2994 2897; x_wconf 79' lang='grc' dir='ltr'>σημεῖα</span> <span class='ocrx_word' id='word_1_777' title='bbox 3049 2828 3144 2880; x_wconf 79' lang='grc' dir='ltr'>καὶ</span> <span class='ocrx_word' id='word_1_778' title='bbox 3193 2829 3279 2892; x_wconf 81' lang='grc' dir='ltr'>είς</span> <span class='ocrx_word' id='word_1_779' title='bbox 3329 2825 3552 2893; x_wconf 72' lang='grc' dir='ltr'>ἡμέρας</span> <span class='ocrx_word' id='word_1_780' title='bbox 3595 2824 3696 2877; x_wconf 74' lang='grc' dir='ltr'>καὶ</span> <span class='ocrx_word' id='word_1_781' title='bbox 3741 2825 3826 2887; x_wconf 78' lang='grc' dir='ltr'>είς</span> 
     </span>
    </p>
   </div>
   <div class='ocr_carea' id='block_1_96' title="bbox 2221 2919 2559 2983">
    <p class='ocr_par' dir='ltr' id='par_1_96' title="bbox 2221 2919 2559 2983">
     <span class='ocr_line' id='line_1_96' title="bbox 2221 2919 2559 2983; baseline 0.003 -13"><span class='ocrx_word' id='word_1_782' title='bbox 2221 2919 2559 2983; x_wconf 84' lang='grc' dir='ltr'>ἐνιαυτούς.</span> 
     </span>
    </p>
   </div>
   <div class='ocr_carea' id='block_1_97' title="bbox 2295 2997 3826 3072">
    <p class='ocr_par' dir='ltr' id='par_1_97' title="bbox 2295 2997 3826 3072">
     <span class='ocr_line' id='line_1_97' title="bbox 2295 2997 3826 3072; baseline -0.005 -16"><span class='ocrx_word' id='word_1_783' title='bbox 2295 3005 2361 3056; x_wconf 87' lang='grc' dir='ltr'>Τί</span> <span class='ocrx_word' id='word_1_784' title='bbox 2406 3006 2573 3068; x_wconf 86' lang='grc' dir='ltr'>ἐστιν,</span> <span class='ocrx_word' id='word_1_785' title='bbox 2609 3006 2714 3069; x_wconf 73' lang='grc' dir='ltr'>Εἰς</span> <span class='ocrx_word' id='word_1_786' title='bbox 2759 3003 3015 3072; x_wconf 79' lang='grc' dir='ltr'>σημεῖα;</span> <span class='ocrx_word' id='word_1_787' title='bbox 3060 3005 3122 3055; x_wconf 89' lang='grc' dir='ltr'>Οἱ</span> <span class='ocrx_word' id='word_1_788' title='bbox 3180 3003 3278 3071; x_wconf 81' lang='grc' dir='ltr'>μὲν</span> <span class='ocrx_word' id='word_1_789' title='bbox 3312 2999 3660 3069; x_wconf 82' lang='grc' dir='ltr'>ματαιολόγοι</span> <span class='ocrx_word' id='word_1_790' title='bbox 3698 2997 3826 3067; x_wconf 71' lang='grc' dir='ltr'>περὶ</span> 
     </span>
    </p>
   </div>
   <div class='ocr_carea' id='block_1_98' title="bbox 2221 3084 3826 3162">
    <p class='ocr_par' dir='ltr' id='par_1_98' title="bbox 2221 3084 3826 3162">
     <span class='ocr_line' id='line_1_98' title="bbox 2221 3084 3826 3162; baseline -0.006 -17"><span class='ocrx_word' id='word_1_791' title='bbox 2221 3091 2577 3162; x_wconf 87' lang='grc' dir='ltr'>ἀστρολογίας</span> <span class='ocrx_word' id='word_1_792' title='bbox 2608 3090 2817 3144; x_wconf 80' lang='grc' dir='ltr'>ἑαυτῶν</span> <span class='ocrx_word' id='word_1_793' title='bbox 2855 3089 3128 3143; x_wconf 89' lang='grc' dir='ltr'>ἐκένωσαν</span> <span class='ocrx_word' id='word_1_794' title='bbox 3154 3088 3251 3151; x_wconf 78' lang='grc' dir='ltr'>τὰς</span> <span class='ocrx_word' id='word_1_795' title='bbox 3281 3088 3522 3149; x_wconf 82' lang='grc' dir='ltr'>ἐλπίδας,</span> <span class='ocrx_word' id='word_1_796' title='bbox 3562 3084 3826 3155; x_wconf 77' lang='grc' dir='ltr'>σημειού-</span> 
     </span>
    </p>
   </div>
   <div class='ocr_carea' id='block_1_99' title="bbox 2227 3173 3826 3250">
    <p class='ocr_par' dir='ltr' id='par_1_99' title="bbox 2227 3173 3826 3250">
     <span class='ocr_line' id='line_1_99' title="bbox 2227 3173 3826 3250; baseline -0.005 -19"><span class='ocrx_word' id='word_1_797' title='bbox 2227 3197 2377 3249; x_wconf 89' lang='grc' dir='ltr'>μενοι</span> <span class='ocrx_word' id='word_1_798' title='bbox 2422 3180 2723 3250; x_wconf 87' lang='grc' dir='ltr'>πράγματα</span> <span class='ocrx_word' id='word_1_799' title='bbox 2773 3179 3269 3232; x_wconf 78' lang='grc' dir='ltr'>ἀνυπόστατα.“οτι</span> <span class='ocrx_word' id='word_1_800' title='bbox 3301 3176 3409 3246; x_wconf 80' lang='grc' dir='ltr'>γάρ</span> <span class='ocrx_word' id='word_1_801' title='bbox 3458 3175 3557 3227; x_wconf 87' lang='grc' dir='ltr'>οὐκ</span> <span class='ocrx_word' id='word_1_802' title='bbox 3605 3173 3725 3225; x_wconf 75' lang='grc' dir='ltr'>ἐστι</span> <span class='ocrx_word' id='word_1_803' title='bbox 3771 3188 3826 3223; x_wconf 76' lang='grc' dir='ltr'>τι</span> 
     </span>
    </p>
   </div>
   <div class='ocr_carea' id='block_1_100' title="bbox 2225 3262 3823 3338">
    <p class='ocr_par' dir='ltr' id='par_1_100' title="bbox 2225 3262 3823 3338">
     <span class='ocr_line' id='line_1_100' title="bbox 2225 3262 3823 3338; baseline -0.005 -18"><span class='ocrx_word' id='word_1_804' title='bbox 2225 3267 2637 3338; x_wconf 81' lang='grc' dir='ltr'>σημειώσασθαι</span> <span class='ocrx_word' id='word_1_805' title='bbox 2685 3269 2813 3336; x_wconf 71' lang='grc' dir='ltr'>περὶ</span> <span class='ocrx_word' id='word_1_806' title='bbox 2861 3266 3006 3336; x_wconf 82' lang='grc' dir='ltr'>ζωῆς</span> <span class='ocrx_word' id='word_1_807' title='bbox 3054 3265 3356 3336; x_wconf 81' lang='grc' dir='ltr'>ἀνθρώπων</span> <span class='ocrx_word' id='word_1_808' title='bbox 3410 3263 3516 3315; x_wconf 86' lang='grc' dir='ltr'>ἀπὸ</span> <span class='ocrx_word' id='word_1_809' title='bbox 3562 3262 3823 3331; x_wconf 82' lang='grc' dir='ltr'>ἄστρων,</span> 
     </span>
    </p>
   </div>
   <div class='ocr_carea' id='block_1_101' title="bbox 2225 3349 3829 3426">
    <p class='ocr_par' dir='ltr' id='par_1_101' title="bbox 2225 3349 3829 3426">
     <span class='ocr_line' id='line_1_101' title="bbox 2225 3349 3829 3426; baseline -0.006 -18"><span class='ocrx_word' id='word_1_810' title='bbox 2225 3358 2493 3426; x_wconf 83' lang='grc' dir='ltr'>μαρτυρεῖ</span> <span class='ocrx_word' id='word_1_811' title='bbox 2528 3355 2756 3416; x_wconf 78' lang='grc' dir='ltr'>Ἡσαΐας</span> <span class='ocrx_word' id='word_1_812' title='bbox 2789 3352 2962 3420; x_wconf 88' lang='grc' dir='ltr'>λέγων</span> <span class='ocrx_word' id='word_1_813' title='bbox 2981 3369 2993 3383; x_wconf 75' lang='grc' dir='ltr'><strong>ο</strong></span> <span class='ocrx_word' id='word_1_814' title='bbox 3033 3352 3498 3419; x_wconf 75' lang='grc' dir='ltr'>Ἀναστήτωσαν</span> <span class='ocrx_word' id='word_1_815' title='bbox 3522 3351 3576 3402; x_wconf 88' lang='lat' dir='ltr'>ol</span> <span class='ocrx_word' id='word_1_816' title='bbox 3600 3349 3829 3414; x_wconf 77' lang='grc' dir='ltr'>ἀστρο-</span> 
     </span>
    </p>
   </div>
   <div class='ocr_carea' id='block_1_102' title="bbox 2221 3435 3825 3512">
    <p class='ocr_par' dir='ltr' id='par_1_102' title="bbox 2221 3435 3825 3512">
     <span class='ocr_line' id='line_1_102' title="bbox 2221 3435 3825 3512; baseline -0.007 -16"><span class='ocrx_word' id='word_1_817' title='bbox 2221 3447 2388 3512; x_wconf 72' lang='grc' dir='ltr'>λόγοι</span> <span class='ocrx_word' id='word_1_818' title='bbox 2420 3444 2524 3496; x_wconf 85' lang='grc' dir='ltr'>τοῦ</span> <span class='ocrx_word' id='word_1_819' title='bbox 2558 3440 2840 3510; x_wconf 81' lang='grc' dir='ltr'>οὐρανοῦ,</span> <span class='ocrx_word' id='word_1_820' title='bbox 2871 3441 2968 3495; x_wconf 73' lang='grc' dir='ltr'>καὶ</span> <span class='ocrx_word' id='word_1_821' title='bbox 3001 3445 3054 3494; x_wconf 79' lang='grc' dir='ltr'>οἱ</span> <span class='ocrx_word' id='word_1_822' title='bbox 3088 3439 3426 3504; x_wconf 73' lang='grc' dir='ltr'>βλέποντες</span> <span class='ocrx_word' id='word_1_823' title='bbox 3460 3439 3530 3490; x_wconf 79' lang='grc' dir='ltr'>τὰ</span> <span class='ocrx_word' id='word_1_824' title='bbox 3567 3435 3825 3502; x_wconf 80' lang='grc' dir='ltr'>σημεῖα,</span> 
     </span>
    </p>
   </div>
   <div class='ocr_carea' id='block_1_103' title="bbox 2222 3523 3828 3596">
    <p class='ocr_par' dir='ltr' id='par_1_103' title="bbox 2222 3523 3828 3596">
     <span class='ocr_line' id='line_1_103' title="bbox 2222 3523 3828 3596; baseline -0.007 -14"><span class='ocrx_word' id='word_1_825' title='bbox 2222 3531 2319 3582; x_wconf 78' lang='grc' dir='ltr'>καὶ</span> <span class='ocrx_word' id='word_1_826' title='bbox 2363 3529 2702 3582; x_wconf 77' lang='grc' dir='ltr'>εὶπιὶτωσιὶν</span> <span class='ocrx_word' id='word_1_827' title='bbox 2741 3545 2838 3582; x_wconf 89' lang='grc' dir='ltr'>σοι</span> <span class='ocrx_word' id='word_1_828' title='bbox 2886 3529 2941 3580; x_wconf 86' lang='grc' dir='ltr'>τί</span> <span class='ocrx_word' id='word_1_829' title='bbox 2983 3528 3194 3595; x_wconf 76' lang='grc' dir='ltr'>μέλλει</span> <span class='ocrx_word' id='word_1_830' title='bbox 3222 3528 3509 3596; x_wconf 76' lang='grc' dir='ltr'>γίνεσθαι.</span> <span class='ocrx_word' id='word_1_831' title='bbox 3551 3524 3689 3592; x_wconf 66' lang='grc' dir='ltr'>Περὶ</span> <span class='ocrx_word' id='word_1_832' title='bbox 3724 3523 3828 3591; x_wconf 72' lang='grc' dir='ltr'>μὲν</span> 
     </span>
    </p>
   </div>
   <div class='ocr_carea' id='block_1_104' title="bbox 2221 3610 3824 3685">
    <p class='ocr_par' dir='ltr' id='par_1_104' title="bbox 2221 3610 3824 3685">
     <span class='ocr_line' id='line_1_104' title="bbox 2221 3610 3824 3685; baseline -0.005 -17"><span class='ocrx_word' id='word_1_833' title='bbox 2221 3612 2314 3668; x_wconf 84' lang='grc' dir='ltr'>οῦν</span> <span class='ocrx_word' id='word_1_834' title='bbox 2355 3616 2499 3684; x_wconf 81' lang='grc' dir='ltr'>ζωῆς</span> <span class='ocrx_word' id='word_1_835' title='bbox 2529 3615 2831 3685; x_wconf 78' lang='grc' dir='ltr'>ἀνθρώπων</span> <span class='ocrx_word' id='word_1_836' title='bbox 2865 3615 3016 3667; x_wconf 76' lang='grc' dir='ltr'>οὐδὲν</span> <span class='ocrx_word' id='word_1_837' title='bbox 3065 3617 3290 3684; x_wconf 86' lang='grc' dir='ltr'>σημεῖον</span> <span class='ocrx_word' id='word_1_838' title='bbox 3320 3613 3530 3665; x_wconf 81' lang='grc' dir='ltr'>δίδωσιν</span> <span class='ocrx_word' id='word_1_839' title='bbox 3561 3610 3824 3678; x_wconf 74' lang='grc' dir='ltr'>οὐρανός.</span> 
     </span>
    </p>
   </div>
   <div class='ocr_carea' id='block_1_105' title="bbox 2221 3697 3827 3770">
    <p class='ocr_par' dir='ltr' id='par_1_105' title="bbox 2221 3697 3827 3770">
     <span class='ocr_line' id='line_1_105' title="bbox 2221 3697 3827 3770; baseline -0.002 -17"><span class='ocrx_word' id='word_1_840' title='bbox 2221 3701 2403 3764; x_wconf 85' lang='grc' dir='ltr'>Θέλεις</span> <span class='ocrx_word' id='word_1_841' title='bbox 2429 3702 2483 3753; x_wconf 71' lang='grc' dir='ltr'>δὲ</span> <span class='ocrx_word' id='word_1_842' title='bbox 2511 3701 2704 3770; x_wconf 87' lang='grc' dir='ltr'>μαθεῖν</span> <span class='ocrx_word' id='word_1_843' title='bbox 2726 3700 2892 3753; x_wconf 85' lang='grc' dir='ltr'>αὐτοῦ</span> <span class='ocrx_word' id='word_1_844' title='bbox 2916 3702 2982 3754; x_wconf 74' lang='grc' dir='ltr'>τὰ</span> <span class='ocrx_word' id='word_1_845' title='bbox 3008 3703 3238 3770; x_wconf 76' lang='grc' dir='ltr'>σημείας</span> <span class='ocrx_word' id='word_1_846' title='bbox 3273 3701 3529 3770; x_wconf 86' lang='grc' dir='ltr'>Σημαίνει</span> <span class='ocrx_word' id='word_1_847' title='bbox 3552 3697 3827 3765; x_wconf 68' lang='grc' dir='ltr'>ὄμϐρους,</span> 
     </span>
    </p>
   </div>
   <div class='ocr_carea' id='block_1_106' title="bbox 2223 3783 3826 3860">
    <p class='ocr_par' dir='ltr' id='par_1_106' title="bbox 2223 3783 3826 3860">
     <span class='ocr_line' id='line_1_106' title="bbox 2223 3783 3826 3860; baseline -0.006 -17"><span class='ocrx_word' id='word_1_848' title='bbox 2223 3791 2475 3860; x_wconf 83' lang='grc' dir='ltr'>ἀνέμους,</span> <span class='ocrx_word' id='word_1_849' title='bbox 2505 3790 2768 3860; x_wconf 83' lang='grc' dir='ltr'>χειμῶνα,</span> <span class='ocrx_word' id='word_1_850' title='bbox 2801 3790 3001 3843; x_wconf 83' lang='grc' dir='ltr'>εὐδίαν.</span> <span class='ocrx_word' id='word_1_851' title='bbox 3033 3790 3115 3841; x_wconf 89' lang='grc' dir='ltr'>Τἀ</span> <span class='ocrx_word' id='word_1_852' title='bbox 3142 3789 3315 3858; x_wconf 86' lang='grc' dir='ltr'>ἄστρα</span> <span class='ocrx_word' id='word_1_853' title='bbox 3346 3785 3516 3840; x_wconf 88' lang='grc' dir='ltr'>ταῦτα</span> <span class='ocrx_word' id='word_1_854' title='bbox 3539 3783 3826 3854; x_wconf 83' lang='grc' dir='ltr'>σημαίνει,</span> 
     </span>
    </p>
   </div>
   <div class='ocr_carea' id='block_1_107' title="bbox 2224 3871 3828 3948">
    <p class='ocr_par' dir='ltr' id='par_1_107' title="bbox 2224 3871 3828 3948">
     <span class='ocr_line' id='line_1_107' title="bbox 2224 3871 3828 3948; baseline -0.006 -18"><span class='ocrx_word' id='word_1_855' title='bbox 2224 3878 2318 3930; x_wconf 69' lang='grc' dir='ltr'>καὶ</span> <span class='ocrx_word' id='word_1_856' title='bbox 2344 3877 2501 3930; x_wconf 88' lang='grc' dir='ltr'>τοῦτο</span> <span class='ocrx_word' id='word_1_857' title='bbox 2523 3878 2610 3930; x_wconf 81' lang='grc' dir='ltr'>διὰ</span> <span class='ocrx_word' id='word_1_858' title='bbox 2641 3877 2775 3930; x_wconf 81' lang='grc' dir='ltr'>Θεοῦ</span> <span class='ocrx_word' id='word_1_859' title='bbox 2809 3877 3238 3948; x_wconf 68' lang='grc' dir='ltr'>φιλανθρωπίαν,</span> <span class='ocrx_word' id='word_1_860' title='bbox 3278 3876 3363 3927; x_wconf 81' lang='grc' dir='ltr'>ἵνα</span> <span class='ocrx_word' id='word_1_861' title='bbox 3398 3877 3424 3926; x_wconf 86' lang='lat'>6</span> <span class='ocrx_word' id='word_1_862' title='bbox 3453 3871 3706 3934; x_wconf 86' lang='grc' dir='ltr'>ναυτίλος</span> <span class='ocrx_word' id='word_1_863' title='bbox 3741 3871 3828 3941; x_wconf 68' lang='grc' dir='ltr'>ἴδῃ</span> 
     </span>
    </p>
   </div>
   <div class='ocr_carea' id='block_1_108' title="bbox 2223 3957 3828 4035">
    <p class='ocr_par' dir='ltr' id='par_1_108' title="bbox 2223 3957 3828 4035">
     <span class='ocr_line' id='line_1_108' title="bbox 2223 3957 3828 4035; baseline -0.005 -19"><span class='ocrx_word' id='word_1_864' title='bbox 2223 3965 2282 4016; x_wconf 90' lang='grc' dir='ltr'>τὸ</span> <span class='ocrx_word' id='word_1_865' title='bbox 2308 3967 2549 4035; x_wconf 86' lang='grc' dir='ltr'>σημεῖον,</span> <span class='ocrx_word' id='word_1_866' title='bbox 2579 3965 2674 4019; x_wconf 77' lang='grc' dir='ltr'>καὶ</span> <span class='ocrx_word' id='word_1_867' title='bbox 2701 3963 2847 4035; x_wconf 80' lang='grc' dir='ltr'>φύγῃ</span> <span class='ocrx_word' id='word_1_868' title='bbox 2877 3964 2965 4015; x_wconf 92' lang='grc' dir='ltr'>τὸν</span> <span class='ocrx_word' id='word_1_869' title='bbox 2997 3962 3265 4015; x_wconf 91' lang='grc' dir='ltr'>κίνδυνον·</span> <span class='ocrx_word' id='word_1_870' title='bbox 3295 3961 3379 4012; x_wconf 85' lang='grc' dir='ltr'>ἴνα</span> <span class='ocrx_word' id='word_1_871' title='bbox 3402 3962 3427 4011; x_wconf 89' lang='lat'>6</span> <span class='ocrx_word' id='word_1_872' title='bbox 3451 3957 3701 4027; x_wconf 72' lang='grc' dir='ltr'>γεωργδς</span> <span class='ocrx_word' id='word_1_873' title='bbox 3742 3957 3828 4026; x_wconf 73' lang='grc' dir='ltr'>ἴδῃ</span> 
     </span>
    </p>
   </div>
   <div class='ocr_carea' id='block_1_109' title="bbox 2222 4041 3826 4124">
    <p class='ocr_par' dir='ltr' id='par_1_109' title="bbox 2222 4041 3826 4124">
     <span class='ocr_line' id='line_1_109' title="bbox 2222 4041 3826 4124; baseline -0.005 -18"><span class='ocrx_word' id='word_1_874' title='bbox 2222 4053 2432 4124; x_wconf 76' lang='grc' dir='ltr'>ὀσμὴνά</span> <span class='ocrx_word' id='word_1_875' title='bbox 2460 4053 2749 4124; x_wconf 82' lang='grc' dir='ltr'>χειμῶνος,</span> <span class='ocrx_word' id='word_1_876' title='bbox 2771 4052 2866 4104; x_wconf 80' lang='grc' dir='ltr'>καὶ</span> <span class='ocrx_word' id='word_1_877' title='bbox 2895 4049 3180 4120; x_wconf 86' lang='grc' dir='ltr'>προλαϐὼν</span> <span class='ocrx_word' id='word_1_878' title='bbox 3203 4050 3501 4119; x_wconf 82' lang='grc' dir='ltr'>ἀροτριάσῃ</span> <span class='ocrx_word' id='word_1_879' title='bbox 3522 4041 3826 4116; x_wconf 64' lang='grc' dir='ltr'>γῆν.[458ξ</span> 
     </span>
    </p>
   </div>
   <div class='ocr_carea' id='block_1_110' title="bbox 2226 4130 3832 4211">
    <p class='ocr_par' dir='ltr' id='par_1_110' title="bbox 2226 4130 3832 4211">
     <span class='ocr_line' id='line_1_110' title="bbox 2226 4130 3832 4211; baseline -0.004 -20"><span class='ocrx_word' id='word_1_880' title='bbox 2226 4141 2434 4192; x_wconf 86' lang='grc' dir='ltr'>Γίνεται</span> <span class='ocrx_word' id='word_1_881' title='bbox 2484 4143 2706 4211; x_wconf 88' lang='grc' dir='ltr'>σημεῖον</span> <span class='ocrx_word' id='word_1_882' title='bbox 2751 4139 2844 4192; x_wconf 72' lang='grc' dir='ltr'>καὶ</span> <span class='ocrx_word' id='word_1_883' title='bbox 2889 4137 3125 4207; x_wconf 84' lang='grc' dir='ltr'>πολέμου</span> <span class='ocrx_word' id='word_1_884' title='bbox 3161 4137 3254 4188; x_wconf 75' lang='grc' dir='ltr'>καὶ</span> <span class='ocrx_word' id='word_1_885' title='bbox 3286 4137 3526 4205; x_wconf 75' lang='grc' dir='ltr'>εἰρήνης.</span> <span class='ocrx_word' id='word_1_886' title='bbox 3555 4130 3755 4185; x_wconf 83' lang='grc' dir='ltr'>Ταῦτα.</span> <span class='ocrx_word' id='word_1_887' title='bbox 3803 4133 3832 4184; x_wconf 87' lang='grc' dir='ltr'>ὁ</span> 
     </span>
    </p>
   </div>
   <div class='ocr_carea' id='block_1_111' title="bbox 2225 4217 3828 4297">
    <p class='ocr_par' dir='ltr' id='par_1_111' title="bbox 2225 4217 3828 4297">
     <span class='ocr_line' id='line_1_111' title="bbox 2225 4217 3828 4297; baseline -0.004 -20"><span class='ocrx_word' id='word_1_888' title='bbox 2225 4227 2416 4297; x_wconf 81' lang='grc' dir='ltr'>Σωτὴρ</span> <span class='ocrx_word' id='word_1_889' title='bbox 2447 4225 2796 4288; x_wconf 88' lang='grc' dir='ltr'>ἐϐεϐαίωσεν,</span> <span class='ocrx_word' id='word_1_890' title='bbox 2839 4224 2997 4277; x_wconf 86' lang='grc' dir='ltr'>ἄτινά</span> <span class='ocrx_word' id='word_1_891' title='bbox 3022 4227 3158 4276; x_wconf 83' lang='grc' dir='ltr'>εἰσιν</span> <span class='ocrx_word' id='word_1_892' title='bbox 3186 4222 3332 4274; x_wconf 79' lang='grc' dir='ltr'>ἀπλᾶ</span> <span class='ocrx_word' id='word_1_893' title='bbox 3366 4222 3459 4274; x_wconf 75' lang='grc' dir='ltr'>καὶ</span> <span class='ocrx_word' id='word_1_894' title='bbox 3487 4217 3828 4288; x_wconf 82' lang='grc' dir='ltr'>ἀπερίεργα.</span> 
     </span>
    </p>
   </div>
   <div class='ocr_carea' id='block_1_112' title="bbox 2224 4305 3832 4384">
    <p class='ocr_par' dir='ltr' id='par_1_112' title="bbox 2224 4305 3832 4384">
     <span class='ocr_line' id='line_1_112' title="bbox 2224 4305 3832 4384; baseline -0.005 -19"><span class='ocrx_word' id='word_1_895' title='bbox 2224 4314 2385 4382; x_wconf 88' lang='grc' dir='ltr'>Λέγει</span> <span class='ocrx_word' id='word_1_896' title='bbox 2429 4312 2537 4384; x_wconf 79' lang='grc' dir='ltr'>γὰρ</span> <span class='ocrx_word' id='word_1_897' title='bbox 2578 4315 2692 4376; x_wconf 89' lang='grc' dir='ltr'>τοῖς</span> <span class='ocrx_word' id='word_1_898' title='bbox 2733 4312 3033 4373; x_wconf 74' lang='grc' dir='ltr'>Ἰουδαίοιςο</span> <span class='ocrx_word' id='word_1_899' title='bbox 3087 4308 3446 4376; x_wconf 77' lang='grc' dir='ltr'>’Υποκριταὶ,</span> <span class='ocrx_word' id='word_1_900' title='bbox 3489 4305 3596 4360; x_wconf 78' lang='grc' dir='ltr'>ἐὰν</span> <span class='ocrx_word' id='word_1_901' title='bbox 3649 4305 3832 4371; x_wconf 77' lang='grc' dir='ltr'>Τδητε</span> 
     </span>
    </p>
   </div>
   <div class='ocr_carea' id='block_1_113' title="bbox 2224 4394 3827 4470">
    <p class='ocr_par' dir='ltr' id='par_1_113' title="bbox 2224 4394 3827 4470">
     <span class='ocr_line' id='line_1_113' title="bbox 2224 4394 3827 4470; baseline -0.004 -16"><span class='ocrx_word' id='word_1_902' title='bbox 2224 4403 2490 4470; x_wconf 65' lang='grc' dir='ltr'>νεφέλην</span> <span class='ocrx_word' id='word_1_903' title='bbox 2545 4401 2663 4455; x_wconf 73' lang='grc' dir='ltr'>ἀπὸ</span> <span class='ocrx_word' id='word_1_904' title='bbox 2733 4399 2982 4468; x_wconf 78' lang='grc' dir='ltr'>δυσμῶν</span> <span class='ocrx_word' id='word_1_905' title='bbox 3038 4397 3522 4460; x_wconf 73' lang='grc' dir='ltr'>ἀνατέλλουσα-ν,</span> <span class='ocrx_word' id='word_1_906' title='bbox 3569 4394 3827 4462; x_wconf 68' lang='grc' dir='ltr'>λέγετε·</span> 
     </span>
    </p>
   </div>
   <div class='ocr_carea' id='block_1_114' title="bbox 2225 4480 3832 4557">
    <p class='ocr_par' dir='ltr' id='par_1_114' title="bbox 2225 4480 3832 4557">
     <span class='ocr_line' id='line_1_114' title="bbox 2225 4480 3832 4557; baseline -0.004 -18"><span class='ocrx_word' id='word_1_907' title='bbox 2225 4488 2452 4555; x_wconf 78' lang='grc' dir='ltr'>Χειμὼν</span> <span class='ocrx_word' id='word_1_908' title='bbox 2482 4488 2705 4557; x_wconf 75' lang='grc' dir='ltr'>γίνεται</span> <span class='ocrx_word' id='word_1_909' title='bbox 2724 4503 2737 4516; x_wconf 84' lang='grc'><strong>·</strong></span> <span class='ocrx_word' id='word_1_910' title='bbox 2770 4487 2867 4540; x_wconf 77' lang='grc' dir='ltr'>καὶ</span> <span class='ocrx_word' id='word_1_911' title='bbox 2903 4487 3124 4554; x_wconf 73' lang='grc' dir='ltr'>γίνεται</span> <span class='ocrx_word' id='word_1_912' title='bbox 3145 4484 3352 4548; x_wconf 77' lang='grc' dir='ltr'>οὕτως.</span> <span class='ocrx_word' id='word_1_913' title='bbox 3369 4482 3497 4536; x_wconf 80' lang='grc' dir='ltr'>Κᾶν</span> <span class='ocrx_word' id='word_1_914' title='bbox 3517 4480 3684 4547; x_wconf 81' lang='grc' dir='ltr'>ῑδητε</span> <span class='ocrx_word' id='word_1_915' title='bbox 3709 4481 3832 4549; x_wconf 54' lang='grc' dir='ltr'>ὀψὲ</span> 
     </span>
    </p>
   </div>
   <div class='ocr_carea' id='block_1_115' title="bbox 2223 4568 3832 4641">
    <p class='ocr_par' dir='ltr' id='par_1_115' title="bbox 2223 4568 3832 4641">
     <span class='ocr_line' id='line_1_115' title="bbox 2223 4568 3832 4641; baseline -0.004 -16"><span class='ocrx_word' id='word_1_916' title='bbox 2223 4573 2592 4641; x_wconf 51' lang='grc' dir='ltr'>πιφρἁὒντα</span> <span class='ocrx_word' id='word_1_917' title='bbox 2629 4574 2737 4626; x_wconf 74' lang='grc' dir='ltr'>τὸν</span> <span class='ocrx_word' id='word_1_918' title='bbox 2774 4575 3056 4641; x_wconf 80' lang='grc' dir='ltr'>οὐρανὸν,</span> <span class='ocrx_word' id='word_1_919' title='bbox 3087 4573 3314 4640; x_wconf 75' lang='grc' dir='ltr'>λέγετε,</span> <span class='ocrx_word' id='word_1_920' title='bbox 3342 4570 3548 4631; x_wconf 81' lang='grc' dir='ltr'>Εὐδία,</span> <span class='ocrx_word' id='word_1_921' title='bbox 3582 4568 3686 4621; x_wconf 75' lang='grc' dir='ltr'>καὶ</span> <span class='ocrx_word' id='word_1_922' title='bbox 3737 4569 3832 4634; x_wconf 67' lang='grc' dir='ltr'>τί·</span> 
     </span>
    </p>
   </div>
   <div class='ocr_carea' id='block_1_116' title="bbox 2224 4654 3832 4727">
    <p class='ocr_par' dir='ltr' id='par_1_116' title="bbox 2224 4654 3832 4727">
     <span class='ocr_line' id='line_1_116' title="bbox 2224 4654 3832 4727; baseline -0.002 -14"><span class='ocrx_word' id='word_1_923' title='bbox 2224 4677 2388 4714; x_wconf 88' lang='grc' dir='ltr'>νεται</span> <span class='ocrx_word' id='word_1_924' title='bbox 2421 4660 2611 4714; x_wconf 83' lang='grc' dir='ltr'>εὐδία.</span> <span class='ocrx_word' id='word_1_925' title='bbox 2636 4660 2762 4714; x_wconf 85' lang='grc' dir='ltr'>Κᾶν</span> <span class='ocrx_word' id='word_1_926' title='bbox 2787 4660 2949 4727; x_wconf 81' lang='grc' dir='ltr'>ῑδητε</span> <span class='ocrx_word' id='word_1_927' title='bbox 2979 4659 3096 4727; x_wconf 71' lang='grc' dir='ltr'>ὀψὲ</span> <span class='ocrx_word' id='word_1_928' title='bbox 3131 4655 3535 4727; x_wconf 73' lang='grc' dir='ltr'>πυγνάζοντα</span> <span class='ocrx_word' id='word_1_929' title='bbox 3574 4654 3685 4708; x_wconf 77' lang='grc' dir='ltr'>τὸν</span> <span class='ocrx_word' id='word_1_930' title='bbox 3726 4658 3832 4710; x_wconf 84' lang='grc' dir='ltr'>οὐ-</span> 
     </span>
    </p>
   </div>
   <div class='ocr_carea' id='block_1_117' title="bbox 2218 4737 3827 4814">
    <p class='ocr_par' dir='ltr' id='par_1_117' title="bbox 2218 4737 3827 4814">
     <span class='ocr_line' id='line_1_117' title="bbox 2218 4737 3827 4814; baseline -0.001 -17"><span class='ocrx_word' id='word_1_931' title='bbox 2218 4746 2429 4813; x_wconf 82' lang='grc' dir='ltr'>ρανὸν,</span> <span class='ocrx_word' id='word_1_932' title='bbox 2461 4747 2700 4814; x_wconf 72' lang='grc' dir='ltr'>λέγετεο</span> <span class='ocrx_word' id='word_1_933' title='bbox 2729 4746 2961 4814; x_wconf 82' lang='grc' dir='ltr'>Χειμὼν</span> <span class='ocrx_word' id='word_1_934' title='bbox 2983 4747 3230 4814; x_wconf 81' lang='grc' dir='ltr'>γίνεται.</span> <span class='ocrx_word' id='word_1_935' title='bbox 3265 4745 3375 4797; x_wconf 73' lang='grc' dir='ltr'>Καὶ</span> <span class='ocrx_word' id='word_1_936' title='bbox 3419 4743 3615 4808; x_wconf 82' lang='grc' dir='ltr'>ἐπάγει</span> <span class='ocrx_word' id='word_1_937' title='bbox 3653 4737 3790 4795; x_wconf 74' lang='grc' dir='ltr'>εἷτα</span> <span class='ocrx_word' id='word_1_938' title='bbox 3813 4759 3827 4771; x_wconf 94' lang='grc'><strong>·</strong></span> 
     </span>
    </p>
   </div>
   <div class='ocr_carea' id='block_1_118' title="bbox 2231 4827 3832 4901">
    <p class='ocr_par' dir='ltr' id='par_1_118' title="bbox 2231 4827 3832 4901">
     <span class='ocr_line' id='line_1_118' title="bbox 2231 4827 3832 4901; baseline -0.001 -17"><span class='ocrx_word' id='word_1_939' title='bbox 2231 4831 2305 4884; x_wconf 83' lang='lat' dir='ltr'><em>T6</em></span> <span class='ocrx_word' id='word_1_940' title='bbox 2327 4834 2651 4900; x_wconf 82' lang='grc' dir='ltr'>πρόσωπον</span> <span class='ocrx_word' id='word_1_941' title='bbox 2670 4833 2775 4886; x_wconf 85' lang='grc' dir='ltr'>τοῦ</span> <span class='ocrx_word' id='word_1_942' title='bbox 2800 4832 3060 4901; x_wconf 81' lang='grc' dir='ltr'>οὐρανοῦ</span> <span class='ocrx_word' id='word_1_943' title='bbox 3089 4832 3187 4886; x_wconf 76' lang='grc' dir='ltr'>καὶ</span> <span class='ocrx_word' id='word_1_944' title='bbox 3217 4829 3329 4898; x_wconf 85' lang='grc' dir='ltr'>τῆς</span> <span class='ocrx_word' id='word_1_945' title='bbox 3353 4827 3465 4899; x_wconf 72' lang='grc' dir='ltr'>γῆς</span> <span class='ocrx_word' id='word_1_946' title='bbox 3494 4829 3699 4884; x_wconf 80' lang='grc' dir='ltr'>οῑδατε</span> <span class='ocrx_word' id='word_1_947' title='bbox 3732 4830 3832 4883; x_wconf 80' lang='grc' dir='ltr'>δο-</span> 
     </span>
    </p>
   </div>
   <div class='ocr_carea' id='block_1_119' title="bbox 2227 4918 3832 4991">
    <p class='ocr_par' dir='ltr' id='par_1_119' title="bbox 2227 4918 3832 4991">
     <span class='ocr_line' id='line_1_119' title="bbox 2227 4918 3832 4991; baseline -0.001 -17"><span class='ocrx_word' id='word_1_948' title='bbox 2227 4921 2506 4991; x_wconf 77' lang='grc' dir='ltr'>κιμάζειν,</span> <span class='ocrx_word' id='word_1_949' title='bbox 2545 4923 2652 4975; x_wconf 86' lang='grc' dir='ltr'>τὸν</span> <span class='ocrx_word' id='word_1_950' title='bbox 2675 4922 2742 4974; x_wconf 85' lang='grc' dir='ltr'>δὲ</span> <span class='ocrx_word' id='word_1_951' title='bbox 2761 4921 2971 4990; x_wconf 80' lang='grc' dir='ltr'>καιρὸν</span> <span class='ocrx_word' id='word_1_952' title='bbox 2991 4921 3205 4975; x_wconf 83' lang='grc' dir='ltr'>τοῦτον</span> <span class='ocrx_word' id='word_1_953' title='bbox 3225 4922 3336 4974; x_wconf 82' lang='grc' dir='ltr'>οὐκ</span> <span class='ocrx_word' id='word_1_954' title='bbox 3375 4919 3610 4981; x_wconf 82' lang='grc' dir='ltr'>οἷδατε;</span> <span class='ocrx_word' id='word_1_955' title='bbox 3631 4918 3832 4972; x_wconf 83' lang='grc' dir='ltr'>Ταῦτά</span> 
     </span>
    </p>
   </div>
   <div class='ocr_carea' id='block_1_120' title="bbox 2228 5005 3828 5080">
    <p class='ocr_par' dir='ltr' id='par_1_120' title="bbox 2228 5005 3828 5080">
     <span class='ocr_line' id='line_1_120' title="bbox 2228 5005 3828 5080; baseline -0.001 -20"><span class='ocrx_word' id='word_1_956' title='bbox 2228 5009 2343 5061; x_wconf 88' lang='grc' dir='ltr'>ἐστι</span> <span class='ocrx_word' id='word_1_957' title='bbox 2378 5011 2445 5062; x_wconf 84' lang='grc' dir='ltr'>τά</span> <span class='ocrx_word' id='word_1_958' title='bbox 2473 5011 2674 5080; x_wconf 82' lang='grc' dir='ltr'>σημεῖα</span> <span class='ocrx_word' id='word_1_959' title='bbox 2712 5007 2780 5060; x_wconf 84' lang='grc' dir='ltr'>τὰ</span> <span class='ocrx_word' id='word_1_960' title='bbox 2807 5009 3063 5061; x_wconf 84' lang='grc' dir='ltr'>ἀκίνδυνα</span> <span class='ocrx_word' id='word_1_961' title='bbox 3095 5005 3609 5077; x_wconf 80' lang='grc' dir='ltr'>παρατηρῆσασθαι,</span> <span class='ocrx_word' id='word_1_962' title='bbox 3635 5005 3828 5075; x_wconf 77' lang='grc' dir='ltr'>Θέρος,</span> 
     </span>
    </p>
   </div>
   <div class='ocr_carea' id='block_1_121' title="bbox 2228 5092 3832 5167">
    <p class='ocr_par' dir='ltr' id='par_1_121' title="bbox 2228 5092 3832 5167">
     <span class='ocr_line' id='line_1_121' title="bbox 2228 5092 3832 5167; baseline -0.001 -19"><span class='ocrx_word' id='word_1_963' title='bbox 2228 5098 2492 5167; x_wconf 85' lang='grc' dir='ltr'>χειμῶνα,</span> <span class='ocrx_word' id='word_1_964' title='bbox 2537 5099 2709 5160; x_wconf 80' lang='grc' dir='ltr'>ὐετὸν,</span> <span class='ocrx_word' id='word_1_965' title='bbox 2768 5096 2969 5148; x_wconf 88' lang='grc' dir='ltr'>εὐδίαν.</span> <span class='ocrx_word' id='word_1_966' title='bbox 3005 5094 3189 5148; x_wconf 86' lang='grc' dir='ltr'>Ταῦτα</span> <span class='ocrx_word' id='word_1_967' title='bbox 3238 5100 3333 5147; x_wconf 73' lang='grc' dir='ltr'>καὶ</span> <span class='ocrx_word' id='word_1_968' title='bbox 3382 5094 3485 5163; x_wconf 85' lang='grc' dir='ltr'>τῆς</span> <span class='ocrx_word' id='word_1_969' title='bbox 3535 5092 3832 5156; x_wconf 74' lang='grc' dir='ltr'>εὐσεϐείας</span> 
     </span>
    </p>
   </div>
   <div class='ocr_carea' id='block_1_122' title="bbox 2227 5178 3833 5256">
    <p class='ocr_par' dir='ltr' id='par_1_122' title="bbox 2227 5178 3833 5256">
     <span class='ocr_line' id='line_1_122' title="bbox 2227 5178 3833 5256; baseline -0.002 -18"><span class='ocrx_word' id='word_1_970' title='bbox 2227 5187 2327 5238; x_wconf 80' lang='grc' dir='ltr'>οὐκ</span> <span class='ocrx_word' id='word_1_971' title='bbox 2353 5186 2626 5256; x_wconf 80' lang='grc' dir='ltr'>ἀλλότρια,</span> <span class='ocrx_word' id='word_1_972' title='bbox 2667 5186 2761 5237; x_wconf 81' lang='grc' dir='ltr'>καὶ</span> <span class='ocrx_word' id='word_1_973' title='bbox 2803 5185 2896 5237; x_wconf 83' lang='grc' dir='ltr'>τοῦ</span> <span class='ocrx_word' id='word_1_974' title='bbox 2925 5183 3061 5236; x_wconf 89' lang='grc' dir='ltr'>Θεοῦ</span> <span class='ocrx_word' id='word_1_975' title='bbox 3105 5178 3346 5237; x_wconf 70' lang='grc' dir='ltr'>ῐδια.⁷Ην</span> <span class='ocrx_word' id='word_1_976' title='bbox 3370 5183 3428 5236; x_wconf 89' lang='grc' dir='ltr'>δέ</span> <span class='ocrx_word' id='word_1_977' title='bbox 3459 5182 3589 5252; x_wconf 78' lang='grc' dir='ltr'>περὶ</span> <span class='ocrx_word' id='word_1_978' title='bbox 3618 5183 3833 5254; x_wconf 80' lang='grc' dir='ltr'>ἀστρο-</span> 
     </span>
    </p>
   </div>
   <div class='ocr_carea' id='block_1_123' title="bbox 2228 5269 3833 5341">
    <p class='ocr_par' dir='ltr' id='par_1_123' title="bbox 2228 5269 3833 5341">
     <span class='ocr_line' id='line_1_123' title="bbox 2228 5269 3833 5341; baseline -0.002 -17"><span class='ocrx_word' id='word_1_979' title='bbox 2228 5273 2415 5340; x_wconf 89' lang='grc' dir='ltr'>λογίας</span> <span class='ocrx_word' id='word_1_980' title='bbox 2459 5273 2624 5326; x_wconf 78' lang='grc' dir='ltr'>πολῦν</span> <span class='ocrx_word' id='word_1_981' title='bbox 2657 5273 2936 5324; x_wconf 84' lang='grc' dir='ltr'>ἀποτεῖναι</span> <span class='ocrx_word' id='word_1_982' title='bbox 2965 5271 3153 5338; x_wconf 85' lang='grc' dir='ltr'>λόγον·</span> <span class='ocrx_word' id='word_1_983' title='bbox 3195 5269 3332 5324; x_wconf 73' lang='grc' dir='ltr'>ἀλλὰ</span> <span class='ocrx_word' id='word_1_984' title='bbox 3360 5270 3544 5341; x_wconf 87' lang='grc' dir='ltr'>χρείαν</span> <span class='ocrx_word' id='word_1_985' title='bbox 3572 5270 3690 5339; x_wconf 74' lang='grc' dir='ltr'>ἔχει</span> <span class='ocrx_word' id='word_1_986' title='bbox 3736 5273 3833 5323; x_wconf 80' lang='grc' dir='ltr'>καὶ</span> 
     </span>
    </p>
   </div>
   <div class='ocr_carea' id='block_1_124' title="bbox 2226 5357 3828 5429">
    <p class='ocr_par' dir='ltr' id='par_1_124' title="bbox 2226 5357 3828 5429">
     <span class='ocr_line' id='line_1_124' title="bbox 2226 5357 3828 5429; baseline -0.002 -17"><span class='ocrx_word' id='word_1_987' title='bbox 2226 5360 2596 5429; x_wconf 84' lang='grc' dir='ltr'>τετονωμένης</span> <span class='ocrx_word' id='word_1_988' title='bbox 2647 5359 2850 5428; x_wconf 81' lang='grc' dir='ltr'>φωνῆς,</span> <span class='ocrx_word' id='word_1_989' title='bbox 2896 5358 2992 5411; x_wconf 78' lang='grc' dir='ltr'>καὶ</span> <span class='ocrx_word' id='word_1_990' title='bbox 3045 5360 3276 5428; x_wconf 84' lang='grc' dir='ltr'>ὀργάνου</span> <span class='ocrx_word' id='word_1_991' title='bbox 3330 5359 3406 5428; x_wconf 82' lang='grc' dir='ltr'>μὴ</span> <span class='ocrx_word' id='word_1_992' title='bbox 3454 5357 3828 5422; x_wconf 75' lang='grc' dir='ltr'>ὀκλάζοντος·</span> 
     </span>
    </p>
   </div>
   <div class='ocr_carea' id='block_1_125' title="bbox 2229 5447 3830 5519">
    <p class='ocr_par' dir='ltr' id='par_1_125' title="bbox 2229 5447 3830 5519">
     <span class='ocr_line' id='line_1_125' title="bbox 2229 5447 3830 5519; baseline -0.001 -17"><span class='ocrx_word' id='word_1_993' title='bbox 2229 5450 2544 5519; x_wconf 75' lang='grc' dir='ltr'>συμϐαδίζει</span> <span class='ocrx_word' id='word_1_994' title='bbox 2574 5449 2683 5519; x_wconf 81' lang='grc' dir='ltr'>γὰρ</span> <span class='ocrx_word' id='word_1_995' title='bbox 2705 5448 2782 5518; x_wconf 82' lang='grc' dir='ltr'>τῷ</span> <span class='ocrx_word' id='word_1_996' title='bbox 2811 5448 2952 5518; x_wconf 86' lang='grc' dir='ltr'>λόγῳ</span> <span class='ocrx_word' id='word_1_997' title='bbox 2979 5451 3011 5517; x_wconf 82' lang='grc' dir='ltr'>ἡ</span> <span class='ocrx_word' id='word_1_998' title='bbox 3043 5448 3266 5511; x_wconf 78' lang='grc' dir='ltr'>διάνοια,</span> <span class='ocrx_word' id='word_1_999' title='bbox 3291 5450 3385 5501; x_wconf 70' lang='grc' dir='ltr'>καὶ</span> <span class='ocrx_word' id='word_1_1000' title='bbox 3413 5447 3746 5500; x_wconf 82' lang='grc' dir='ltr'>συνασθενεῖ</span> <span class='ocrx_word' id='word_1_1001' title='bbox 3766 5452 3830 5517; x_wconf 78' lang='grc' dir='ltr'>τῇ</span> 
     </span>
    </p>
   </div>
   <div class='ocr_carea' id='block_1_126' title="bbox 2227 5530 3829 5607">
    <p class='ocr_par' dir='ltr' id='par_1_126' title="bbox 2227 5530 3829 5607">
     <span class='ocr_line' id='line_1_126' title="bbox 2227 5530 3829 5607; baseline 0.001 -21"><span class='ocrx_word' id='word_1_1002' title='bbox 2227 5537 2440 5607; x_wconf 79' lang='grc' dir='ltr'>γλώττῃ</span> <span class='ocrx_word' id='word_1_1003' title='bbox 2469 5539 2496 5589; x_wconf 88' lang='lat'>6</span> <span class='ocrx_word' id='word_1_1004' title='bbox 2527 5536 2805 5604; x_wconf 87' lang='grc' dir='ltr'>λογισμός.</span> <span class='ocrx_word' id='word_1_1005' title='bbox 2827 5533 2949 5587; x_wconf 70' lang='grc' dir='ltr'>Ἐπὶ</span> <span class='ocrx_word' id='word_1_1006' title='bbox 2977 5530 3068 5588; x_wconf 80' lang='grc' dir='ltr'>οὖν</span> <span class='ocrx_word' id='word_1_1007' title='bbox 3091 5535 3158 5586; x_wconf 83' lang='grc' dir='ltr'>τά</span> <span class='ocrx_word' id='word_1_1008' title='bbox 3185 5533 3529 5604; x_wconf 83' lang='grc' dir='ltr'>ἁπλούστερα</span> <span class='ocrx_word' id='word_1_1009' title='bbox 3556 5535 3829 5605; x_wconf 80' lang='grc' dir='ltr'>χωρήσω-</span> 
     </span>
    </p>
   </div>
   <div class='ocr_carea' id='block_1_127' title="bbox 2289 5637 3829 5702">
    <p class='ocr_par' dir='ltr' id='par_1_127' title="bbox 2289 5637 3829 5702">
     <span class='ocr_line' id='line_1_127' title="bbox 2289 5637 3829 5702; baseline -0.003 -14"><span class='ocrx_word' id='word_1_1010' title='bbox 2289 5644 2312 5670; x_wconf 83' lang='lat'><strong><em>°</em></strong></span> <span class='ocrx_word' id='word_1_1011' title='bbox 2340 5641 2450 5688; x_wconf 72' lang='lat' dir='ltr'><strong>Sav.</strong></span> <span class='ocrx_word' id='word_1_1012' title='bbox 2473 5640 2600 5699; x_wconf 73' lang='lat' dir='ltr'>conj.</span> <span class='ocrx_word' id='word_1_1013' title='bbox 2625 5639 2936 5702; x_wconf 80' lang='grc' dir='ltr'>παρατηρήσῃ</span> <span class='ocrx_word' id='word_1_1014' title='bbox 2961 5639 3033 5686; x_wconf 87' lang='grc' dir='ltr'>τό.</span> <span class='ocrx_word' id='word_1_1015' title='bbox 3079 5637 3335 5702; x_wconf 64' lang='lat' dir='ltr'>Combeﬂs.</span> <span class='ocrx_word' id='word_1_1016' title='bbox 3362 5639 3506 5686; x_wconf 77' lang='lat' dir='ltr'><strong>dedit</strong></span> <span class='ocrx_word' id='word_1_1017' title='bbox 3549 5637 3829 5700; x_wconf 60' lang='grc' dir='ltr'>παρεωή·</span> 
     </span>
    </p>
   </div>
   <div class='ocr_carea' id='block_1_128' title="bbox 2229 5700 3315 5763">
    <p class='ocr_par' dir='ltr' id='par_1_128' title="bbox 2229 5700 3315 5763">
     <span class='ocr_line' id='line_1_128' title="bbox 2229 5700 3315 5763; baseline -0.008 -10"><span class='ocrx_word' id='word_1_1018' title='bbox 2229 5719 2348 5763; x_wconf 87' lang='grc' dir='ltr'>σατο</span> <span class='ocrx_word' id='word_1_1019' title='bbox 2369 5704 2434 5748; x_wconf 81' lang='grc' dir='ltr'>ἔλ.</span> <span class='ocrx_word' id='word_1_1020' title='bbox 2467 5702 2581 5749; x_wconf 79' lang='lat' dir='ltr'>Fort</span> <span class='ocrx_word' id='word_1_1021' title='bbox 2625 5700 2726 5761; x_wconf 74' lang='lat' dir='ltr'><strong>leg.</strong></span> <span class='ocrx_word' id='word_1_1022' title='bbox 2753 5700 3143 5763; x_wconf 77' lang='grc' dir='ltr'>παρατηρῆσαιτο</span> <span class='ocrx_word' id='word_1_1023' title='bbox 3167 5701 3220 5744; x_wconf 83' lang='grc' dir='ltr'>τὸ</span> <span class='ocrx_word' id='word_1_1024' title='bbox 3245 5700 3315 5747; x_wconf 81' lang='grc' dir='ltr'>ἐλ.</span> 
     </span>
    </p>
   </div>
   <div class='ocr_carea' id='block_1_129' title="bbox 2288 5762 2822 5824">
    <p class='ocr_par' dir='ltr' id='par_1_129' title="bbox 2288 5762 2822 5824">
     <span class='ocr_line' id='line_1_129' title="bbox 2288 5762 2822 5824; baseline -0.006 -13"><span class='ocrx_word' id='word_1_1025' title='bbox 2288 5762 2314 5801; x_wconf 73' lang='grc' dir='ltr'><em>δ</em></span> <span class='ocrx_word' id='word_1_1026' title='bbox 2339 5763 2487 5811; x_wconf 76' lang='lat' dir='ltr'>Sm&#39;il.</span> <span class='ocrx_word' id='word_1_1027' title='bbox 2513 5763 2638 5823; x_wconf 83' lang='lat' dir='ltr'>conj.</span> <span class='ocrx_word' id='word_1_1028' title='bbox 2659 5762 2822 5824; x_wconf 79' lang='grc' dir='ltr'>ὁρμήν.</span> 
     </span>
    </p>
   </div>
  </div>
