3982 6218
176 403 291 458 449

177 528 291 567 sam
320 552 334 576 ,
369 509 598 577 indeque
628 514 815 576 postea
860 516 1055 557 aureos
1099 500 1351 563 euderet;
1383 498 1460 552 sic
1511 495 1774 564 diSposuit

178 602 312 657 lueis
339 608 609 655 ornatum.
647 594 1109 663 Quemadmodmn
1157 592 1298 645 enim
1333 591 1583 661 abyssum
1605 630 1620 653 ,
1649 600 1769 655 qua:

178 702 307 748 tunc
333 706 434 744 una
461 698 577 743 erat
605 703 763 758 aqua,
792 685 971 740 divisit
1000 686 1052 738 in
1083 683 1273 745 maria,
1303 681 1541 742 fiumina,
1575 678 1770 741 fontes,

181 786 329 838 lacus
348 824 362 847 ,
391 791 580 851 puteos
614 797 625 833 :
654 779 730 833 sic
758 786 813 832 et
839 778 1041 837 lucem,
1074 791 1193 843 qua:
1222 788 1323 825 una
1350 772 1610 838 uniusque
1651 781 1774 836 spe-

181 876 278 934 :iei
310 873 739 935 erat,dissecans
767 868 972 924 Artifex
997 866 1175 921 divisit
1208 866 1259 917 in
1289 863 1479 923 solem,
1515 861 1691 913 lunam
1720 867 1774 912 et

179 966 382 1022 stellas.
416 964 583 1018 Porro
612 961 742 1014 libet
768 958 1038 1027 inquirere
1065 996 1077 1019 ,
1110 953 1377 1024 quomodo
1416 949 1603 1005 fecerit
1636 949 1773 1003 Deus

178 1055 459 1113 luminaria
492 1073 505 1108 :
538 1053 748 1107 videtur
770 1050 912 1105 enim
942 1063 1003 1102 ea
1025 1057 1171 1101 extra
1202 1045 1393 1099 caelum
1423 1040 1730 1097 condidisse
1754 1080 1769 1106 ,

178 1160 242 1201 ac
270 1154 377 1198 tum
412 1145 654 1213 superius
684 1142 883 1195 ﬁxisse.
904 1136 1364 1206 Quemadmodum
1405 1133 1593 1187 artifex
1618 1146 1773 1197 ,cum

182 1236 407 1307 perfecit
433 1237 747 1305 imaginem,
783 1241 909 1285 tunc
950 1230 1001 1283 in
1032 1229 1239 1298 pariete
1266 1225 1433 1295 infigit
1479 1224 1623 1278 illam
1651 1240 1663 1275 :
1697 1222 1775 1275 sic

184 1329 328 1384 Deus
359 1328 529 1396 primo
570 1326 693 1380 fecit
726 1324 909 1379 stellas
940 1331 1093 1377 extra
1140 1320 1330 1374 caelum
1356 1360 1370 1383 ,
1400 1326 1630 1385 tuncque
1659 1314 1772 1368 fixit

184 1435 277 1475 eas
324 1435 533 1473 sursum
560 1460 573 1483 ,
603 1420 741 1471 sicut
766 1416 952 1469 artifex
979 1456 993 1479 ,
1026 1422 1084 1466 ut
1114 1412 1427 1465 testificatur
1454 1408 1727 1475 Scriptura
1759 1423 1771 1459 :

185 1512 253 1568 Et
277 1514 391 1582 fecit
420 1512 557 1566 licus
588 1511 688 1563 duo
719 1509 1011 1570 luminaria,
1042 1515 1087 1559 et
1120 1506 1283 1573 posuit
1308 1504 1397 1556 illa
1425 1504 1478 1554 in
1504 1501 1627 1554 ca:lo
1650 1498 1776 1568 (Ge-

183 1622 287 1659 nes.
332 1606 382 1658 1.
440 1603 525 1657 iti.
576 1602 685 1671 17).
718 1600 997 1667 Quomodo
1041 1606 1218 1651 autem
1274 1597 1361 1649 illa
1415 1594 1622 1649 infixit?
1651 1609 1775 1647 num

183 1695 343 1748 ambo
369 1694 521 1746 simul
551 1702 672 1745 ante
693 1699 970 1759 compacta
997 1688 1181 1743 erant?
1210 1688 1263 1741 ld
1292 1686 1484 1740 rationi
1507 1693 1589 1741 est
1615 1686 1775 1738 abso-

185 1799 336 1839 num.
383 1784 485 1837 Sed
528 1782 689 1852 quid?
734 1781 1039 1836 Secundum
1080 1780 1172 1834 Dei
1201 1794 1386 1833 vocem
1430 1780 1543 1848 ipsa
1594 1778 1779 1831 infixio

186 1874 305 1930 fuit.
336 1874 539 1938 Posuit,
573 1872 779 1942 inquit,
815 1871 951 1925 Deus
980 1871 1253 1923 luminaria
1274 1912 1286 1933 ,
1319 1870 1571 1923 luminare
1613 1869 1779 1936 majus

184 1964 239 2017 in
284 1963 596 2032 principatus
626 1962 726 2014 diei
750 1970 834 2025 ,et
880 1961 1134 2014 luminare
1162 1960 1326 2011 minus
1372 1959 1425 2010 in
1467 1959 1780 2026 principatus

186 2058 367 2111 noctis.
399 2056 531 2110 Cum
558 2055 636 2108 sol
680 2053 814 2107 ﬁxus
841 2062 923 2107 est
953 2053 1007 2105 in
1052 2053 1259 2105 oriente
1280 2092 1293 2115 ,
1324 2052 1448 2103 luna
1481 2052 1585 2103 fixa
1616 2058 1698 2102 est
1724 2050 1776 2101 itt

183 2149 466 2205 occidente
498 2165 510 2201 :
544 2147 794 2217 quoniam
818 2145 940 2199 huic
970 2146 1181 2213 quidem
1206 2144 1411 2212 jussum
1441 2143 1607 2195 fuerat
1636 2157 1779 2212 prie-

184 2255 307 2294 esse
347 2240 527 2302 nocti,
559 2239 633 2291 illi
663 2252 791 2291 vero
833 2237 960 2291 diei.
991 2236 1151 2291 Facta
1200 2237 1361 2305 igitur
1413 2242 1494 2289 est
1541 2234 1662 2288 luna
1690 2274 1702 2297 ,
1728 2241 1781 2286 et

186 2330 365 2400 primo
393 2329 481 2385 die
524 2329 680 2399 plena
707 2328 957 2399 gignitur.
1004 2327 1119 2381 Non
1150 2328 1294 2381 enim
1328 2341 1423 2396 par
1452 2334 1569 2380 erat
1598 2324 1777 2379 statim

186 2420 435 2475 mutilum
492 2434 626 2489 opus
679 2433 977 2488 apparere;
1036 2418 1127 2471 sed
1174 2417 1454 2486 Oportebat
1520 2415 1781 2467 luminare

184 2509 397 2564 ostendi
445 2510 602 2577 quale
642 2507 840 2562 factum
866 2518 967 2561 est.
1004 2507 1196 2561 Postea
1240 2522 1364 2560 vero
1393 2522 1456 2560 ex
1488 2506 1781 2559 mutatione

184 2601 422 2657 ostendit
454 2609 691 2667 tempora
719 2607 772 2653 et
817 2607 1161 2665 tempestates
1193 2608 1245 2653 et
1273 2598 1476 2652 dierum
1513 2596 1781 2652 vicissitu-

184 2690 362 2745 dines.
398 2689 545 2743 lllam
582 2688 741 2758 igitur
763 2690 944 2743 condit
976 2690 1114 2744 Deus
1144 2690 1292 2759 quasi
1324 2690 1587 2743 decimam
1619 2689 1779 2756 quin-

187 2798 298 2841 tam
340 2786 574 2856 plenam.
616 2785 705 2841 Sol
750 2798 899 2841 ortus
944 2798 1026 2841 est
1053 2801 1209 2840 inane
1242 2786 1491 2855 :quando
1521 2784 1662 2838 enim
1698 2784 1778 2836 in-

185 2874 291 2931 fixa
317 2878 412 2930 fuit
436 2878 558 2931 luna
582 2878 633 2930 in
661 2878 933 2931 matutinis
955 2877 1118 2940 horis,
1142 2876 1386 2945 apparuit
1403 2876 1454 2929 in
1477 2875 1777 2932 occidente,

189 2967 289 3025 Ubi
320 2970 477 3039 igitur
504 2970 583 3024 soi
609 2985 823 3025 cursum
855 2983 1008 3023 suum
1054 2970 1118 3022 ad
1146 2968 1477 3023 occidentem
1525 2966 1779 3020 conficic-

187 3060 300 3123 bat,
336 3061 459 3114 luna
488 3062 667 3115 statim
684 3061 750 3113 ad
781 3071 956 3114 ortum
985 3059 1230 3113 veniebat
1255 3101 1268 3124 ,
1295 3067 1352 3112 ut
1374 3059 1685 3128 impleretur
1712 3058 1777 3110 il-

188 3150 279 3209 iud
305 3168 318 3204 :
353 3150 686 3205 Dominentur
708 3152 808 3205 diei
836 3162 880 3205 et
907 3151 1040 3204 nocti
1069 3150 1308 3219 (Ibidem.
1338 3166 1383 3202 υ.
1420 3152 1534 3215 18).

262 3239 399 3293 Deus
419 3257 511 3293 cur
533 3241 704 3294 lunam
718 3242 917 3309 plenam
937 3242 1097 3311 primo
1121 3240 1546 3311 fecerit.—Aiiud
1563 3241 1775 3294 domum

187 3333 484 3401 quaeritur:
515 3349 608 3387 cur
652 3333 792 3387 Deus
836 3334 1015 3387 lunam
1063 3334 1274 3402 plenam
1322 3334 1485 3387 fecit?
1524 3333 1774 3387 Animum

187 3423 563 3477 adhibezaita
619 3426 762 3479 enim
815 3434 895 3479 est
948 3426 1233 3480 sententia.
1293 3426 1584 3494 Oportebat
1632 3427 1775 3480 illam

186 3525 375 3585 quarta
406 3516 490 3570 die
521 3517 709 3570 factam
730 3558 745 3581 ,
776 3526 1017 3586 quartam
1042 3518 1236 3572 lucere.
1270 3518 1337 3571 At
1366 3518 1409 3571 si
1435 3527 1620 3586 quarta
1646 3518 1776 3573 fuis-

188 3617 295 3675 set,
326 3624 590 3663 summum
621 3610 914 3665 occidentis
940 3625 1043 3663 non
1074 3619 1406 3679 occupasset.
1433 3610 1651 3664 Inventa
1682 3610 1780 3679 igi-

187 3710 277 3753 tur
312 3709 395 3753 est
418 3700 683 3754 excedens
713 3700 954 3754 undecim
999 3701 1114 3755 dies
1143 3718 1155 3753 :
1188 3710 1373 3770 quarta
1406 3702 1539 3755 facta
1579 3711 1691 3765 est,
1726 3714 1779 3755 et

187 3791 482 3858 apparebat
526 3800 579 3842 ut
628 3791 1015 3859 quintadecima
1061 3792 1354 3845 :undecim
1406 3807 1533 3860 ergo
1589 3792 1779 3845 diebus

187 3880 316 3934 luna
356 3881 522 3935 solem
549 3881 884 3949 praecedebat
908 3920 921 3943 ,
955 3896 1059 3934 non
1086 3881 1377 3935 secundum
1407 3885 1734 3935 creationem
1762 3922 1776 3946 ,

186 3973 285 4026 sed
316 3971 606 4025 secundum
636 3971 768 4024 lucis
794 3970 1156 4039 splendorem.
1198 3971 1556 4037 Quamobrem
1586 3972 1778 4040 quibus

186 4071 317 4116 tunc
347 4061 467 4115 luna
494 4062 785 4116 excedebat
805 4062 995 4116 diebus
1020 4102 1033 4125 ,
1067 4076 1161 4116 eos
1190 4062 1288 4116 soli
1318 4062 1566 4116 restituit.
1614 4061 1778 4115 Luna:

186 4154 330 4208 enim
360 4170 421 4207 ac
448 4153 646 4207 mensis
666 4154 924 4222 cujusque
954 4167 1225 4218 nmncrus,
1250 4168 1279 4207 a
1300 4154 1481 4222 viginti
1510 4170 1699 4207 novem
1727 4162 1781 4207 et

186 4245 409 4301 dimidio
435 4245 641 4309 diebus,
673 4246 723 4298 in
748 4244 1025 4299 duodecim
1055 4246 1177 4298 anni
1211 4247 1504 4311 mensibus,
1538 4246 1653 4300 dies
1686 4246 1781 4298 ha-

187 4336 279 4390 bet
328 4346 595 4390 trecentos
622 4337 999 4404 quinquaginta
1024 4344 1270 4406 quatuor.
1305 4336 1441 4389 Nam
1484 4337 1526 4390 si
1571 4339 1639 4390 ita
1668 4335 1779 4390 cal-

186 4426 367 4480 culum
416 4427 658 4494 posueris
678 4467 690 4488 ,
718 4434 774 4479 ut
800 4426 999 4478 mensis
1024 4428 1087 4479 sit
1121 4426 1325 4479 dierum
1355 4427 1540 4495 viginti
1585 4441 1775 4481 novem

186 4528 242 4571 ct
311 4517 554 4581 dimidii,
595 4517 720 4571 anni
779 4518 896 4572 dies
946 4526 1071 4573 sunt
1122 4518 1344 4573 trecenti
1392 4520 1775 4589 quinquaginta

186 4618 437 4677 quatuor,
473 4616 527 4659 ut
556 4622 689 4675 quos
735 4609 856 4661 luna
891 4618 1016 4662 tunc
1057 4613 1231 4677 rapuit
1273 4611 1452 4678 plures
1498 4611 1612 4665 dies
1637 4650 1651 4675 ,
1681 4626 1776 4679 per

184 4714 387 4752 annum
435 4699 536 4753 soli
581 4698 787 4755 reddat.
840 4700 1101 4770 Supputet
1154 4704 1240 4770 qui
1289 4704 1404 4770 ejus
1459 4705 1591 4757 artis
1637 4703 1778 4772 peri-

186 4798 274 4844 lllS
300 4798 403 4843 est.
1238 4796 1243 4799 “

260 4882 315 4936 5.
350 4880 504 4935 Fiant
524 4883 798 4938 luminaria
821 4886 870 4938 in
885 4886 1199 4953 ﬁrmamento
1221 4887 1330 4941 ια’ιὲ
1347 4928 1361 4952 ,
1386 4897 1437 4939 ut
1463 4887 1657 4940 luceant
1688 4905 1774 4942 su-

184 4989 276 5044 per
302 4984 483 5027 (errant
513 4974 665 5042 (Gen.
694 4977 745 5030 1.
774 4977 859 5031 14.
886 4977 998 5046 15).
1017 4978 1272 5045 Quoniam
1295 4982 1429 5049 ignis
1452 4991 1634 5033 natura
1658 4994 1776 5034 sur-

182 5080 305 5118 sum
337 5064 618 5130 teudebat,
648 5066 854 5123 frenum
884 5079 1087 5124 naturae
1118 5072 1257 5125 Deus
1281 5072 1567 5141 imposuit,
1605 5082 1661 5126 ut
1686 5088 1773 5125 ra-

182 5157 303 5210 dios
329 5172 437 5212 non
462 5173 675 5212 sursum
706 5162 971 5215 emitteret
996 5200 1010 5225 ,
1033 5160 1127 5215 sed
1154 5160 1426 5217 deorsum.
1463 5162 1601 5233 Ignis
1628 5164 1769 5216 enim

184 5266 292 5303 non
323 5248 460 5305 solet
506 5249 757 5305 deorsum
813 5252 1063 5320 tendere,
1098 5252 1192 5307 sed
1221 5268 1455 5307 sursum.
1503 5256 1557 5309 Si
1602 5254 1770 5309 facem

180 5341 369 5407 habes,
392 5352 543 5396 verte
572 5342 855 5406 deorsum,
888 5355 939 5397 et
974 5345 1176 5399 videbis
1207 5344 1411 5398 etiamsi
1444 5346 1764 5400 instrumen-

179 5442 295 5485 tutn
326 5430 453 5487 illud
484 5432 733 5487 deorsum
766 5444 965 5495 vertas,
995 5436 1166 5504 ignem
1199 5446 1375 5489 tamen
1405 5451 1612 5490 sursum
1650 5447 1767 5491 ten-

178 5525 329 5580 dere.
363 5524 493 5580 Cum
517 5527 679 5580 sciret
704 5540 829 5595 ergo
862 5541 975 5579 eam
1010 5542 1129 5581 esse
1156 5528 1298 5582 illius
1330 5539 1593 5591 naturam,
1619 5530 1771 5585 cohi-

180 5617 295 5671 buit
325 5616 489 5682 illam,
515 5633 581 5671 ne
610 5618 902 5672 secundum
934 5627 1176 5673 naturam
1212 5620 1429 5687 luceret,
1459 5622 1550 5678 sed
1575 5637 1766 5677 secun-

180 5710 306 5763 dum
354 5720 699 5780 praeceptum.
734 5710 788 5764 Si
836 5712 955 5779 quis
983 5721 1212 5766 vestrum
1244 5715 1545 5770 observavit
1588 5716 1763 5770 olcmn

184 5819 235 5856 Ill
268 5804 505 5871 lucerna,
541 5821 639 5873 qua
678 5806 877 5859 scilicet
922 5807 1126 5861 ratione
1174 5822 1292 5860 cum
1324 5808 1439 5861 oleo
1484 5810 1758 5872 avellatur,

1246 380 1333 434 DE
1370 375 1580 434 MUNDI
1623 369 2016 429 CREATIONE
2052 369 2310 428 ORATIO
2352 371 2439 427 lli.

3365 377 3479 433 450

1880 497 1936 543 et
1960 488 2040 543 vis
2066 489 2171 543 olei
2204 487 2337 543 infra
2366 488 2561 555 trahat,
2590 495 2776 543 natura
2810 502 2936 544 vero
2965 488 3101 560 ignis
3121 502 3335 546 sursum
3364 497 3473 546 teu~

1880 577 1993 644 dat,
2022 594 2086 633 ac
2118 579 2271 648 quasi
2302 580 2410 634 vim
2442 580 2696 649 patiatur,
2725 580 2923 633 clamat
2952 598 2965 634 :
2998 580 3041 635 si
3082 580 3299 651 quando
3328 581 3472 637 enim

1881 668 2017 739 ignis
2060 677 2281 739 cogatur
2308 684 2553 733 currere,
2580 678 2765 724 contra
2806 686 3009 723 morem
3060 685 3213 725 suum
3240 713 3255 737 ,
3286 687 3471 727 vocem

1879 760 2111 824 emittit,
2158 775 2221 813 ac
2261 760 2304 812 si
2334 760 2438 812 vim
2471 768 2774 827 pateretur,
2808 773 2869 813 ac
2914 761 2957 813 si
2987 770 3173 814 contra
3220 774 3467 815 naturam

1882 850 2147 905 tenderet.
2176 850 2231 905 Si
2263 850 2387 919 quid
2411 850 2551 904 enim
2582 849 2849 904 elemento
2877 861 3072 920 printer
3099 859 3347 907 naturam
3373 868 3469 908 ac-

1879 940 2049 1005 cidat,
2100 942 2271 1010 ipsum
2299 942 2517 994 clamat.
2562 940 2775 1005 Quare?
2812 942 2998 995 Oleum
3038 957 3159 998 cum
3214 944 3470 1013 injectum

1879 1031 2037 1086 fuerit
2062 1031 2113 1085 in
2147 1032 2341 1100 ignem,
2369 1045 2553 1084 vocem
2585 1045 2690 1084 non
2719 1032 2945 1093 emittit;
2976 1047 3111 1100 aqua
3135 1075 3149 1099 ,
3194 1035 3237 1088 si
3278 1036 3473 1103 injecta

1880 1121 2084 1188 fuerit,
2110 1121 2321 1176 stridet.
2354 1122 2514 1191 Atqui
2556 1130 2609 1175 et
2657 1122 2758 1176 hoc
2786 1132 2839 1175 et
2891 1122 3015 1176 illud
3047 1134 3129 1177 est
3174 1124 3471 1181 humidum.

1881 1212 1986 1268 Sed
2009 1212 2130 1281 quia
2163 1211 2338 1265 oleum
2382 1227 2451 1265 ex
2499 1211 2643 1281 ligno
2664 1214 2944 1281 Opsonium
2991 1217 3246 1282 nascitur,
3280 1226 3334 1271 et
3356 1219 3473 1273 olea

1882 1307 2047 1359 nutrit
2098 1308 2270 1375 ipsum
2302 1348 2315 1372 ,
2360 1307 2603 1376 ignisque
2660 1322 2873 1376 semper
2926 1316 3008 1363 est
3045 1310 3188 1379 ligno
3233 1312 3474 1377 amicus,

1883 1398 2110 1454 libenter
2155 1401 2348 1469 accipit
2390 1400 2531 1469 quod
2580 1414 2645 1453 ex
2693 1400 2837 1453 affini
2893 1408 3080 1455 natura
3111 1410 3210 1455 est.
3252 1401 3345 1458 Sin
3378 1420 3475 1458 au-

1884 1499 1986 1544 tem
2020 1505 2154 1559 aqua
2197 1491 2246 1544 in
2299 1491 2473 1559 ignem
2512 1490 2849 1550 immittatur,
2892 1488 3121 1556 Stridet,
3162 1492 3305 1562 quod
3354 1509 3475 1548 cum

1881 1581 2153 1634 contrario
2186 1590 2399 1649 pugnet.
2434 1580 2571 1648 ignis
2598 1580 2707 1633 aeri
2751 1579 2955 1634 amicus
2971 1589 3081 1643 est;
3117 1582 3292 1638 afﬁnis
3333 1586 3475 1639 enim

1882 1680 1965 1726 est
2007 1671 2077 1725 ei.
2126 1670 2374 1725 lusuffias
2411 1671 2463 1724 in
2509 1671 2810 1735 lucernam,
2848 1679 2901 1725 et
2946 1685 3039 1725 aer
3086 1673 3260 1741 ignem
3295 1675 3347 1728 itt
3395 1674 3477 1728 fu-

1885 1779 2031 1817 nium
2074 1764 2262 1830 vertit,
2297 1778 2359 1818 ac
2407 1777 2667 1832 nusquam
2714 1774 2988 1832 comparet
3020 1784 3032 1819 :
3060 1781 3181 1819 nam
3212 1766 3356 1836 quod
3396 1769 3475 1821 af-

1887 1853 1991 1906 fine
2016 1863 2128 1907 erat
2156 1854 2432 1907 abscessit.
2452 1853 2584 1907 Vide
2611 1854 2845 1908 Artifims
2868 1856 3206 1923 sapientiam,
3234 1858 3355 1912 vide
3385 1874 3477 1928 po-

1887 1955 2156 2000 testatem.
2186 1946 2369 1999 Posuit
2401 1945 2678 1999 luminaria
2712 1945 2763 1998 in
2795 1944 2947 2009 Cu'lo,
2968 1955 3024 2000 ut
3054 1947 3292 2002 iacerent
3318 1965 3480 2019 super

1890 2047 2083 2090 terram
2111 2054 2122 2089 :
2154 2036 2221 2089 Et
2271 2039 2399 2099 sint,
2444 2037 2649 2105 inquit,
2692 2037 2744 2089 in
2786 2038 2963 2107 signa,
3008 2048 3053 2092 et
3089 2040 3140 2092 in
3172 2041 3311 2107 dies,
3339 2052 3384 2095 et
3428 2045 3480 2097 in

1885 2145 2063 2181 annos.

1958 2218 2244 2286 Astrologia
2260 2234 2535 2286 vanuqnce.
2564 2216 2847 2273 Discrimen
2886 2221 3013 2274 inter
3034 2230 3191 2290 χρόνος
3225 2232 3270 2275 et
3300 2234 3479 2295 καιρός.

1888 2308 2057 2363 Filius
2100 2326 2196 2362 non
2227 2312 2389 2379 factus
2416 2319 2507 2363 est.
2525 2308 2739 2375 —Quid
2763 2318 2864 2376 est,
2893 2310 2917 2361 1
2928 2328 2957 2363 η
2985 2311 3284 2380 signa?Qui
3304 2324 3483 2368 astro-

1887 2402 2081 2471 logiam
2114 2416 2251 2455 vane
2285 2409 2551 2467 tractant,
2590 2416 2739 2469 spem
2788 2415 2937 2454 suam
2985 2414 3313 2457 evacuarunt
3338 2445 3351 2469 ,
3396 2420 3483 2460 res

1888 2494 2249 2564 significantes
2300 2508 2419 2561 qua:
2482 2507 2741 2560 nusquam
2784 2494 3063 2546 exsistunt.
3130 2494 3281 2559 Quod
3337 2496 3478 2549 enim

1888 2588 2055 2640 stella:
2098 2586 2226 2638 nihil
2273 2585 2573 2653 significent
2617 2584 2757 2637 circa
2795 2585 2956 2636 vitam
3012 2585 3288 2641 hominum
3334 2589 3483 2642 testi-

1888 2679 2074 2731 ficatur
2098 2676 2256 2729 Isaias
2288 2676 2501 2729 dicens:
2526 2674 2751 2743 Surgunt
2779 2676 3021 2744 astrologi
3052 2675 3191 2740 ca’li,
3219 2690 3262 2728 et
3292 2679 3375 2746 qui
3406 2680 3479 2730 si-

1886 2785 1987 2838 gna
2014 2768 2202 2832 vident;
2222 2776 2266 2821 et
2294 2766 2463 2817 dicant
2487 2765 2571 2817 tibi
2596 2766 2718 2833 quid
2740 2769 2969 2835 futurum
2994 2767 3055 2818 sit
3076 2765 3229 2834 (lsai.
3255 2768 3340 2821 47.
3364 2768 3477 2836 15).

1889 2859 1964 2912 De
2012 2859 2114 2912 vita
2149 2870 2276 2927 ergo
2322 2856 2597 2909 hominum
2630 2854 2832 2907 nullmn
2866 2855 3076 2923 signum
3125 2856 3214 2909 dat
3263 2859 3475 2911 caelum.

1886 2948 1978 3002 Vis
2017 2949 2133 3016 ejus
2171 2950 2319 3017 signa
2358 2946 2609 3000 discere?
2639 2945 2914 3013 Significat
2968 2947 3209 3014 pluvias,
3254 2959 3479 3014 ventos,

1888 3039 2094 3092 hiemes
2139 3052 2202 3091 ac
2226 3045 2570 3106 tempestates
2592 3074 2607 3099 ,
2645 3035 2990 3103 tranquillum
3032 3051 3234 3090 acrem.
3268 3037 3390 3091 llaec
3411 3039 3482 3091 si—

1884 3130 2140 3200 gnificant
2167 3129 2334 3182 stellae
2360 3169 2373 3192 ,
2409 3127 2565 3195 idque
2593 3142 2685 3194 per
2716 3127 2806 3179 llci
2836 3126 3241 3196 benignitatem,
3273 3139 3326 3181 ut
3352 3145 3482 3183 nau-

1884 3222 2061 3275 clerus
2092 3221 2298 3289 signum
2322 3218 2529 3283 videat,
2560 3227 2613 3271 et
2643 3218 2930 3285 periculum
2963 3217 3213 3286 eii'ugiat;
3244 3228 3302 3271 ill.
3332 3222 3474 3289 agri-

1883 3314 1998 3366 cola
2050 3311 2239 3364 hiemis
2283 3325 2496 3363 seusmu
2545 3308 2769 3372 habeat,
2800 3316 2853 3362 ct
2888 3318 3230 3363 antevertens
3276 3320 3476 3365 terram

1885 3414 2065 3459 aratro
2094 3404 2281 3457 sulcet.
2314 3403 2409 3455 Est
2436 3411 2489 3456 et
2513 3402 2633 3456 belli
2666 3411 2718 3455 et
2748 3402 2891 3469 pacis
2919 3399 3152 3469 signum.
3184 3401 3309 3456 ilrec
3355 3402 3479 3457 Ser-

1883 3506 2037 3551 vator
2062 3495 2345 3550 affirmavit
2368 3534 2382 3558 ,
2414 3508 2532 3563 qua:
2562 3492 2741 3560 utique
2787 3500 2912 3545 sunt
2937 3490 3201 3560 simplicia
3228 3534 3241 3557 ,
3272 3501 3327 3545 et
3373 3509 3472 3547 ex~

1884 3589 2094 3659 ploratu
2124 3586 2319 3640 facilia.
2366 3587 2450 3638 Ait
2491 3584 2688 3653 quippe
2728 3582 2925 3637 Judteis
2959 3598 2972 3635 :
3009 3601 3028 3634 ι
3068 3582 3403 3651 Hypocritaa,
3434 3588 3477 3637 si

1886 3679 2123 3733 videritis
2173 3678 2365 3731 nubem
2408 3675 2474 3728 ab
2520 3690 2709 3729 occasu
2742 3676 3000 3729 orientem
3029 3714 3042 3739 ,
3072 3675 3249 3729 dicitis
3275 3715 3288 3739 ,
3324 3675 3481 3729 Venit

1886 3778 2176 3838 tempestas
2207 3787 2223 3818 ι
2252 3766 2459 3838 (Matth.
2491 3767 2575 3819 16.
2595 3764 2752 3832 2-4):
2782 3783 2799 3814 ι
2823 3774 2876 3817 et
2897 3766 2966 3818 ita
2996 3763 3072 3817 fit.
3097 3765 3225 3819 Etsi
3242 3764 3480 3820 videritis

1886 3876 2115 3930 vespere
2165 3859 2518 3913 rubicundum
2573 3856 2761 3910 caelum
2790 3896 2803 3922 ,
2835 3855 3013 3910 dicitis
3043 3872 3056 3908 :
3090 3857 3392 3923 Serenum;
3426 3868 3479 3912 et

1887 3956 2031 4009 venit
2057 3969 2330 4009 serenum.
2364 3952 2431 4005 Et
2462 3956 2504 4005 si
2539 3949 2779 4004 videritis
2809 3964 2932 4003 sero
2968 3950 3119 4002 triste
3151 3950 3358 4013 etclam,
3387 3949 3476 4003 di-

1885 4048 2038 4112 citis,
2069 4047 2384 4114 Tempestas
2406 4045 2551 4097 venit
2585 4062 2602 4094 )
2631 4040 2779 4112 (Luc.
2811 4040 2897 4094 12.
2931 4039 3141 4110 54-56).
3172 4040 3477 4111 Deindequc

1885 4137 2157 4207 subjungit
2189 4154 2200 4190 :
2228 4154 2245 4186 ‹
2284 4133 2493 4188 Faciem
2525 4133 2639 4186 cmli
2663 4141 2715 4186 et
2746 4141 2901 4185 terrae
2927 4130 3155 4199 probare
3182 4130 3330 4185 scitis
3361 4172 3375 4197 ,
3406 4133 3475 4185 ii-

1886 4231 1976 4285 lud
2016 4239 2191 4283 autem
2234 4239 2440 4295 tempus
2490 4224 2742 4279 nescitis?
2778 4242 2796 4274 ι
2832 4222 2956 4277 Haec
2997 4232 3122 4276 sunt
3164 4224 3312 4293 signa
3355 4239 3475 4292 qua:

1884 4326 1999 4378 sine
2022 4323 2259 4392 periculo
2288 4320 2853 4383 observantur,a:stas,
2880 4316 3072 4382 hiems,
3097 4316 3299 4384 pluvia,
3326 4330 3471 4371 sere-

1884 4432 1985 4469 nus
2002 4431 2112 4469 aer.
2140 4414 2263 4468 Ilaec
2281 4428 2383 4466 non
2401 4420 2521 4465 sunt
2538 4425 2565 4461 a
2590 4410 2784 4478 pietate
2804 4408 2996 4470 aliena,
3013 4407 3103 4460 sed
3126 4407 3215 4461 Dei
3234 4408 3471 4476 propria.

1883 4510 2042 4564 Multa
2072 4509 2427 4578 potuissemus
2452 4504 2518 4557 de
2541 4502 2827 4569 astrologia
2846 4499 3042 4563 dicere;
3069 4500 3159 4553 sed
3185 4514 3318 4567 OpliS
3340 4498 3474 4555 fuis-

1884 4613 1965 4658 set
1995 4612 2048 4656 ct
2095 4599 2427 4655 contentiore
2457 4609 2587 4649 voce
2614 4635 2626 4659 ,
2650 4603 2703 4648 et
2744 4607 2943 4662 organo
2992 4606 3094 4645 non
3148 4591 3425 4649 fatiscente
3454 4613 3469 4650 :

1883 4713 2002 4749 nam
2030 4709 2151 4748 cum
2180 4705 2427 4745 sermone
2458 4704 2607 4742 mens
2645 4687 2754 4756 pari
2797 4701 2981 4755 gressu
3013 4686 3269 4753 procedit,
3298 4697 3352 4741 et
3382 4704 3471 4741 ra-

1883 4788 2152 4843 tiocinium
2182 4801 2285 4837 una
2307 4798 2425 4836 cum
2458 4781 2630 4848 lingua
2660 4776 2975 4832 infirmatur.
3006 4775 3083 4828 Ad
3108 4791 3168 4829 ca
3193 4791 3321 4847 ergo
3350 4796 3468 4849 quin

1881 4890 2003 4935 sunt
2046 4878 2365 4944 simpliciora
2411 4870 2783 4941 procedamus.
2819 4867 2931 4921 Sint
2979 4869 3031 4919 in
3074 4870 3217 4937 signa
3255 4879 3302 4923 et
3346 4880 3469 4924 tein-

1882 4989 2025 5043 pora.
2069 4966 2226 5023 Aliud
2271 4966 2413 5019 euiut
2453 4970 2535 5015 est
2563 4972 2719 5029 χρὸνςς
2761 4969 3003 5027 tempus,
3040 4968 3091 5012 et
3117 4960 3259 5015 aLud
3309 4970 3467 5031 καιρός

1881 5061 2269 5135 Opportunitas.
2298 5064 2471 5125 Χρόνος
2496 5051 2816 5106 diuturnitas
2842 5059 2921 5104 est
2944 5092 2958 5116 ,
2988 5061 3041 5104 et
3078 5060 3239 5123 καιρός
3266 5068 3463 5123 oppor-

1883 5158 2093 5209 tunitas.
2128 5152 2236 5206 Nec
2265 5160 2345 5203 est
2370 5147 2456 5217 qui
2488 5145 2648 5210 dicat,
2682 5152 2838 5213 χρόνος
2866 5152 2945 5196 est
2968 5142 3277 5209 vindemiae;
3309 5160 3465 5199 nemo

1881 5250 2026 5311 dicit,
2058 5257 2211 5316 χρόνος
2239 5252 2319 5297 est
2345 5241 2600 5310 virginem
2633 5236 2841 5291 iocandi
2874 5254 2885 5288 :
2921 5235 3034 5299 sed,
3067 5243 3223 5306 καιρός
3254 5246 3335 5290 est
3356 5239 3463 5291 vir-

1879 5344 2053 5411 ginem
2085 5336 2290 5392 locandi
2316 5376 2330 5401 ,
2359 5343 2518 5403 καιρὸς
2548 5331 2802 5385 sementis
2831 5338 2884 5383 et
2933 5339 3093 5399 καιρὸς
3122 5329 3328 5381 messis.
3363 5328 3465 5382 Sa-

1880 5438 2162 5501 lommtque
2192 5431 2263 5482 ait
2298 5430 2497 5497 ξχαιρός
2532 5423 2794 5491 pariendi,
2825 5430 2869 5475 et
2904 5430 3062 5487 καιρὸς
3106 5419 3381 5482 moriendi,
3417 5429 3465 5473 et

1879 5536 2037 5594 καιρὸς
2088 5520 2373 5587 ωιιὲίὲεωιάὶ
2395 5559 2408 5581 ,
2444 5525 2489 5569 et
2532 5524 2690 5585 καιρὸς
2722 5511 3008 5565 destruendi
3040 5506 3245 5577 (Eccle.
3275 5506 3331 5561 3.
3362 5507 3396 5560 2

1884 5626 2058 5687 Καιρὸν
2084 5615 2208 5670 dicit
2246 5610 2718 5680 Opportunitatem.
2753 5606 2877 5659 llmc
2919 5615 3045 5655 vero
3093 5598 3258 5652 stella:
3293 5600 3462 5669 signi-

1878 5714 2073 5773 ficant;
2106 5719 2223 5777 puta
2251 5749 2264 5775 ,
2290 5700 2556 5775 pieiadum
2598 5708 2772 5754 ortum
2812 5694 3014 5751 initium
3070 5707 3186 5747 esse
3229 5692 3455 5757 messis;

1881 5801 2088 5875 piriadu
2114 5818 2141 5851 n
2192 5812 2461 5862 occasum,
2492 5792 2698 5848 initium
2732 5786 2999 5845 sementis.
3029 5785 3149 5838 ll:rc
3179 5784 3241 5835 ab
3271 5782 3457 5854 impie-
