3982 6218
562 400 670 455 451

563 505 670 550 tate
693 493 862 547 aliena
883 533 896 554 ,
920 487 1207 563 pictatique
1236 488 1447 555 propria
1485 491 1628 539 sunt.
1659 491 1835 547 Καιροί
1863 479 1974 534 sive
2002 488 2135 533 tem-

560 601 685 656 pora
729 583 854 638 festa
895 595 1102 651 quoque
1151 587 1429 631 vocantur.
1483 576 1571 629 Ait
1619 575 1758 628 Deus
1797 591 1810 627 :
1851 571 1973 625 Tria
2017 572 2139 623 αηηὶ

559 687 783 743 tempora
829 669 1135 724 Celebrabitis
1178 668 1301 720 milii
1323 707 1337 731 ,
1380 666 1559 733 festum
1587 665 1929 733 Azymorum,
1958 666 2139 731 festum

564 767 908 828 I’entecostes,
937 771 983 815 et
1019 766 1198 832 festum
1228 758 1651 827 ScenOpegiorum
1695 755 1866 826 (Deut.
1903 755 1989 808 16.
2026 752 2136 822 16).

557 857 679 912 Tria
710 864 965 923 tempora.
1001 853 1136 906 Ecce
1165 852 1330 919 signa,
1361 859 1413 902 et
1435 857 1693 916 tempora.
1729 846 1851 899 Dies
1872 858 2055 900 rursus
2080 845 2132 898 in

558 946 775 1000 sabbato
796 953 848 997 et
871 957 1079 996 menses
1113 940 1233 993 facit
1263 941 1406 992 luna.
1431 935 1524 991 Sol
1547 951 1803 990 annorum
1827 935 2137 990 conversio-

560 1053 652 1090 nes
675 1037 938 1097 obscrvat,
966 1047 1198 1094 vernam,
1231 1029 1652 1099 aequinoctialem
1675 1030 1713 1092 ί,
1744 1027 1978 1080 :eslivam
2006 1067 2021 1090 ,
2046 1040 2137 1079 au-

560 1127 866 1181 tumnalem.
897 1124 1047 1179 Stant
1079 1123 1220 1190 leges
1249 1121 1500 1174 immotas.
1536 1119 1715 1181 Dixit,
1749 1126 1803 1172 ct
1846 1119 1946 1171 ﬁxa
1977 1127 2134 1183 sunt;

559 1217 862 1278 mandavit,
895 1223 950 1268 et
979 1212 1193 1265 fundata
1223 1219 1364 1264 sunt.
1410 1210 1505 1262 llic
1531 1209 1742 1262 demum
1783 1211 2016 1262 animmn
2046 1207 2138 1261 ad-

560 1310 769 1364 vertite.
813 1308 940 1373 Quis
971 1305 1155 1358 horum
1201 1302 1431 1356 artifex?
1458 1305 1575 1372 quis
1607 1302 1722 1356 haec
1747 1301 1912 1355 fecit?
1943 1301 2137 1354 Pater?

560 1400 725 1454 Nemo
756 1397 1036 1450 inﬁciatur.
1069 1394 1270 1448 Filius?
1297 1394 1467 1447 Etiam
1489 1393 1722 1446 haeretici
1752 1391 2004 1456 fatentur,
2033 1391 2133 1444 etsi

559 1505 666 1543 non
713 1497 855 1542 recte
884 1504 895 1538 :
921 1487 1100 1540 dicunt
1141 1485 1280 1538 enim
1309 1524 1322 1546 ,
1354 1483 1510 1536 Pater
1553 1482 1743 1535 Filium
1784 1482 1909 1536 fecit
1932 1519 1947 1546 ,
1975 1482 2138 1535 Filius

562 1589 736 1634 autem
777 1579 974 1631 omnia.
999 1577 1360 1629 Admittamne
1391 1573 1758 1640 impietatem?
1784 1572 1913 1639 Quia
1937 1572 2136 1626 insolu-

559 1670 684 1723 bilia
717 1669 920 1733 vincula
952 1666 1318 1720 hmreticorum
1368 1672 1598 1717 mentem
1629 1665 2032 1730 constringunt,
2057 1663 2137 1715 in-

567 1768 898 1828 terrogemus
941 1754 1421 1825 prophetasznum
1476 1753 1552 1807 is.
1607 1753 1692 1821 qui
1747 1753 1922 1806 omnia
1978 1751 2135 1816 fecit,

559 1850 859 1919 quempiam
888 1847 1078 1901 habeat
1102 1846 1373 1913 majorem,
1394 1859 1459 1896 an
1490 1843 1736 1898 omnibus
1761 1842 1830 1896 sit
1857 1842 2134 1911 superior:

559 1957 652 1996 sua
674 1942 814 1995 enim
848 1939 943 2008 ipsi
974 1937 1331 2006 propositione
1357 1935 1577 1992 cadunt.

632 2033 688 2086 4.
723 2033 908 2084 Dicunt
935 2071 948 2095 ,
979 2028 1166 2082 Omnia
1207 2027 1333 2081 fecit
1358 2026 1522 2080 Filius
1544 2067 1557 2089 ,
1587 2025 1758 2094 ipsum
1789 2038 1917 2078 vero
1954 2024 2133 2079 Pater.

561 2121 824 2189 PrOpitius
849 2120 1000 2173 nobis
1035 2119 1106 2171 sit
1131 2131 1230 2186 pro
1251 2115 1576 2184 blasphemia
1610 2133 1621 2168 :
1652 2114 1807 2182 plane
1828 2111 1970 2168 enim
1999 2112 2130 2166 hor.

557 2230 647 2268 ror
690 2222 772 2268 est
809 2213 1091 2282 impiormn
1138 2211 1297 2265 verba
1345 2210 1579 2272 iterare;
1635 2217 1867 2261 attamen
1901 2205 2136 2260 medicos

558 2306 844 2369 imitemur,
867 2304 1208 2356 immittentes
1230 2303 1279 2354 in
1306 2301 1520 2354 vulnera
1547 2315 1755 2362 manus,
1777 2305 1832 2350 ut
1854 2297 2028 2350 ulcera
2053 2309 2141 2349 cu-

555 2410 773 2449 remus:
799 2404 1014 2447 coactus
1042 2393 1199 2446 etiam
1249 2390 1652 2458 fuitApostolus
1693 2403 1778 2440 res
1803 2386 2135 2454 turpissimas

555 2497 974 2538 commemorare
999 2525 1012 2546 ,
1045 2497 1150 2535 non
1180 2490 1233 2534 ut
1273 2482 1501 2548 linguam
1534 2478 1776 2540 fiedaret,
1805 2475 1897 2530 sed
1931 2483 1986 2528 ut
2013 2488 2137 2543 pec-

554 2585 670 2629 cata
701 2575 957 2627 ablueret.
988 2574 1197 2634 Dicunt,
1228 2570 1416 2624 Omnia
1443 2567 1568 2622 fecit
1595 2567 1778 2632 Filius,
1813 2565 1985 2635 ipsum
2008 2579 2136 2619 vero

557 2665 730 2718 Pater.
765 2663 1108 2732 lnterrogabo
1137 2660 1456 2731 prophetas,
1489 2658 1605 2728 quis
1631 2668 1683 2712 et
1725 2664 1956 2725 quantus
1994 2656 2061 2710 sit
2087 2654 2134 2710 is

555 2758 642 2824 qui
690 2757 876 2810 crelum
925 2755 1068 2808 fecit.
1100 2755 1188 2807 Ait
1233 2753 1394 2806 Isaias
1447 2749 1744 2819 propheta:
1784 2768 1801 2800 ι
1838 2747 1964 2802 Ηωο
2007 2747 2136 2801 dicit

555 2846 811 2898 Dominus
834 2884 849 2908 ,
898 2844 985 2912 qui
1018 2843 1137 2896 fecit
1177 2842 1363 2894 caelum
1387 2880 1400 2901 ,
1431 2847 1484 2892 et
1528 2839 1640 2890 ﬁxit
1676 2836 1802 2890 illud
1851 2852 1865 2890 :
1894 2836 1981 2905 qui
2017 2835 2134 2888 fun-

554 2935 695 2988 davit
724 2944 936 2997 terram,
967 2941 1019 2986 et
1039 2947 1156 3001 qua:
1184 2932 1233 2983 in
1258 2931 1342 2983 illa
1368 2939 1490 2983 sunt
1524 2927 1647 2998 :qui
1678 2927 1769 2981 dat
1789 2926 2131 2996 spirationcm

554 3024 746 3093 populo
775 3023 862 3093 qui
893 3024 941 3077 in
973 3023 1059 3076 illa
1093 3029 1172 3075 est
1199 3063 1213 3087 ,
1246 3029 1298 3075 et
1338 3019 1578 3088 spiritum
1609 3017 1936 3072 calcantibus
1963 3029 2080 3069 eam
2117 3031 2130 3068 :

558 3118 664 3184 ligo
689 3116 939 3168 Dominus
973 3133 990 3164 ι
1020 3111 1186 3183 (Ιεαὶ.
1218 3111 1305 3164 42.
1340 3112 1392 3164 5.
1423 3110 1501 3178 6).
1540 3127 1558 3158 ι
1586 3109 1721 3161 Ante
1749 3121 1833 3161 me
1860 3106 2000 3161 Deus
2023 3119 2130 3158 non

552 3217 651 3273 est,
669 3216 850 3275 etpost
875 3221 956 3257 me
986 3205 1123 3256 Deus
1137 3210 1354 3255 nonest.
1377 3200 1488 3268 Ego
1504 3214 1641 3264 sum,
1660 3207 1833 3252 etnon
1856 3195 2083 3250 estalius
2107 3211 2126 3244 ι

557 3299 708 3370 (Ιεαί.
741 3299 828 3351 45.
859 3298 944 3350 10.
977 3297 1084 3364 ll).
1139 3294 1261 3348 Haec
1297 3292 1428 3346 dicit
1470 3291 1561 3359 qui
1587 3290 1924 3345 fecitcaalum
1942 3296 2126 3344 etter-

552 3405 664 3442 rain
696 3389 1006 3457 Unigenitus
1028 3427 1042 3450 ,
1065 3386 1152 3453 qui
1179 3383 1470 3438 secundum
1503 3381 1783 3435 haereticos
1810 3378 1979 3434 factus
2008 3385 2090 3432 est
2113 3418 2128 3442 ,

550 3488 604 3533 et
655 3488 836 3546 postea
882 3477 1103 3531 creavit.
1132 3475 1328 3529 Verum
1384 3474 1436 3526 in
1487 3470 1822 3526 sermonibus
1870 3470 2128 3523 labiorum

549 3586 765 3623 suorum
812 3567 1211 3637 Comprehensa;
1243 3575 1315 3618 est
1346 3574 1577 3632 peccator
1620 3561 1790 3632 (Psaf.
1815 3561 1868 3615 9.
1904 3562 2012 3630 17).
2045 3560 2134 3614 Ait

549 3663 734 3716 beatus
761 3659 1020 3714 Jcretnias
1054 3675 1067 3711 :
1098 3655 1186 3712 Sic
1217 3655 1383 3709 dicite.
1414 3653 1780 3722 Quibusnam?
1806 3649 2127 3716 Gentilibus;

548 3751 637 3804 Dii
686 3753 771 3820 qui
827 3750 1005 3803 ciuium
1051 3758 1099 3800 et
1155 3757 1336 3799 terram
1390 3762 1490 3798 non
1541 3749 1797 3813 fecerunt,
1847 3744 2130 3812 dispereunt

547 3847 609 3898 de
637 3855 770 3898 terra
797 3844 928 3916 (Jcr.
964 3843 1050 3896 10.
1086 3843 1199 3909 11).
1229 3839 1502 3903 Dominus,
1541 3839 1638 3903 Qui
1664 3839 1780 3906 fecit
1809 3837 1956 3889 cwlos
1982 3837 2033 3888 in
2057 3836 2132 3887 in-

547 3938 746 3990 tellectu
787 3935 959 4004 (Psal.
1009 3935 1129 3986 155.
1161 3931 1214 4002 5)
1240 3972 1255 3997 ,
1284 3933 1397 4000 ipse
1436 3931 1572 3983 Deus
1599 3929 1748 3981 vivus
1786 3938 1839 3981 et
1866 3941 2039 3981 verus.
2073 3927 2129 3981 Si

546 4042 704 4080 verus
727 4034 810 4078 est
838 4025 976 4077 Deus
995 4024 1083 4077 ille
1104 4023 1191 4091 qui
1222 4022 1341 4076 fecit
1368 4019 1578 4083 cadum,
1603 4019 1700 4086 ipsi
1732 4033 1859 4071 vero
1892 4016 2127 4070 liirrctiei

545 4115 866 4170 conﬁtentur
885 4113 1075 4167 Filium
1094 4127 1211 4166 esse
1227 4126 1345 4164 eum
1364 4112 1449 4179 qui
1477 4108 1598 4163 fecit
1619 4109 1804 4162 caelum
1832 4119 1887 4161 et
1910 4117 2124 4171 terram,

545 4223 664 4276 quie
693 4219 865 4275 pugna
895 4219 1015 4258 cum
1044 4202 1445 4276 dicitChristus,
1479 4199 1544 4253 Ut
1571 4211 1873 4269 cognoscant
1903 4206 1946 4249 te
1967 4196 2129 4250 solum

546 4296 709 4349 Deum
730 4312 914 4357 verum,
937 4305 979 4347 et
1004 4310 1147 4362 quem
1169 4293 1343 4345 misisti
1363 4273 1537 4344 Jesum
1561 4290 1816 4344 Christum
1834 4288 2010 4356 (Joan.
2040 4289 2124 4340 17.

545 4392 626 4462 5).
659 4390 790 4443 Cum
818 4389 1073 4443 Sezvator
1100 4395 1190 4439 aut
1220 4400 1311 4454 per
1339 4384 1629 4452 prophetas
1651 4420 1665 4447 ,
1694 4391 1784 4433 aut
1809 4395 1901 4448 per
1928 4393 1986 4431 se
2015 4381 2127 4430 lirec

542 4481 782 4542 dicebat,
813 4493 918 4532 nozi
944 4478 1009 4530 ad
1037 4476 1485 4544 comparationem
1510 4488 1630 4526 cum
1657 4471 1811 4524 Patre
1845 4470 1956 4521 [nec
1987 4468 2129 4521 dice-

545 4573 664 4637 bat,
696 4569 762 4623 Ut
792 4577 1092 4639 cognoscant
1122 4577 1166 4619 te
1193 4565 1354 4619 solum
1398 4564 1561 4617 Deum
1586 4579 1605 4626 ;
1637 4562 1729 4616 sed
1759 4560 1824 4614 ad
1875 4559 2127 4614 differen-

545 4662 671 4714 tiam
699 4675 904 4723 eorum,
938 4660 1025 4725 qui
1060 4658 1190 4710 falso
1213 4657 1282 4710 dii
1321 4656 1674 4724 appellantur,
1701 4651 2122 4721 significandam.

545 4751 904 4819 Quamobrem
936 4748 1127 4802 Paulus
1175 4761 1386 4816 quoque
1425 4746 1553 4798 dicit
1586 4760 1598 4795 :
1634 4742 1868 4796 Conversi
1912 4742 2028 4794 estis
2065 4739 2128 4791 ab

544 4847 714 4908 idolis,
741 4844 926 4897 servire
954 4841 1060 4894 Deo
1088 4843 1194 4892 vivo
1220 4850 1263 4892 et
1291 4855 1405 4894 vero
1437 4839 1513 4906 (1.
1544 4836 1719 4889 Thess.
1748 4835 1798 4886 1.
1830 4833 1908 4899 9).
1929 4832 2126 4886 Verum

543 4945 716 4998 vocat,
747 4943 804 4986 ut
831 4932 990 4985 falsos
1013 4930 1251 4986 confutet
1274 4946 1286 4993 ;
1308 4928 1506 4992 vivum,
1532 4937 1586 4979 ut
1620 4934 1826 4979 mortua
1855 4923 1990 4977 idola
2023 4933 2128 4976 tra-

545 5027 723 5078 ducat.
759 5025 867 5092 Ego
893 5037 1018 5075 vero
1046 5031 1192 5090 puto,
1225 5021 1328 5074 imo
1353 5019 1530 5088 potius
1558 5017 1742 5081 credo,
1775 5025 2010 5070 mortuos
2036 5014 2128 5067 ad-

545 5131 756 5169 versum
811 5129 908 5168 nos
934 5113 1123 5176 irasci,
1169 5113 1211 5164 si
1262 5110 1478 5162 audiant
1531 5122 1629 5162 nos
1676 5107 1812 5159 idola
1858 5105 2127 5174 appellare

546 5217 775 5261 mortua.
811 5204 1053 5273 lnjuriam
1076 5246 1090 5269 ,
1120 5204 1285 5262 aiunt,
1318 5200 1560 5268 irrogatis
1589 5207 1771 5250 nostro
1798 5195 1990 5247 ordini.
2020 5193 2127 5246 Nos

547 5299 741 5352 mortui
784 5312 1063 5362 vocamur,
1096 5295 1183 5363 qui
1225 5291 1511 5360 aliquando
1561 5287 1826 5340 viximus:
1860 5283 1947 5352 qui
1983 5299 2128 5335 num-

546 5403 706 5456 quam
749 5367 954 5448 vixere,
1001 5400 1094 5437 cur
1139 5383 1334 5436 mortui
1379 5374 1756 5448 appellantur?
1790 5374 1874 5426 Dii
1913 5374 1998 5441 qui
2025 5387 2127 5425 ca:-

548 5483 649 5533 iuiu
676 5487 720 5532 et
751 5487 936 5530 terram
961 5492 1062 5529 non
1102 5480 1323 5545 fecerunt
1347 5514 1360 5539 ,
1393 5474 1680 5541 dispereunt
1737 5467 1866 5538 (Jer.
1898 5467 1982 5520 10.
2011 5465 2124 5534 il).

608 5641 626 5672 ί
659 5642 731 5689 Sic
752 5638 927 5696 Vatic,
951 5635 1087 5684 Savil.
1111 5641 1177 5696 et
1209 5639 1515 5696 omnesaiss.
1553 5625 2024 5696 Combeﬁsiusvero
2062 5633 2126 5696 ex

543 5684 1268 5762 conjeciurairrattinoctialem,
1289 5696 1359 5750 in,
1386 5694 1668 5762 [it/bei'iiani,
1694 5686 1927 5736 mutavit:
1953 5697 2043 5732 nec
2065 5684 2126 5733 de

545 5757 666 5811 ficta
689 5757 951 5811 mutatione
979 5761 1212 5809 lectorem
1236 5757 1435 5805 monuit.

1973 357 2338 417 SEVERIANI

3711 368 3820 422 452

2247 475 2520 540 Dominus,
2554 475 2651 540 Qui
2677 475 2790 547 fecit
2816 473 2962 528 celos
2989 475 3041 528 in
3062 474 3310 528 iutelleclu
3340 471 3556 545 (Psahn.
3584 470 3709 524 155.
3742 466 3817 537 5),

2244 566 2356 635 ipse
2401 566 2549 619 vivus
2593 565 2729 619 Deus
2759 574 2813 620 et
2841 577 3019 618 verus.
3052 564 3178 631 Quis
3205 571 3287 616 cst
3315 561 3500 615 vivus?
3542 559 3642 625 Qui
3693 555 3820 610 fecit

2241 656 2448 711 caelum.
2481 655 2616 709 Num
2643 663 2786 710 stant
2817 654 3188 709 limrcticorum
3231 650 3609 707 deﬁnitiones?
3639 661 3820 702 annon

2241 746 2382 802 Cadit
2407 761 2592 802 eorum
2621 746 2900 814 impietas?
2930 759 3103 798 annon
3149 743 3484 813 redarguitur
3509 727 3699 796 eorum
3734 756 3820 794 rc-

2241 838 2401 907 ligio?
2451 852 2624 890 annon
2671 836 2982 890 dissolvitur
3028 833 3296 904 pravitas?
3324 833 3626 886 Conditoris
3655 845 3821 900 opera

2241 930 2695 997 comprehendere
2726 943 2830 981 non
2863 936 3013 996 potes
3038 967 3051 991 ,
3085 934 3139 980 et
3165 925 3435 978 Artiﬁcem
3483 924 3699 977 curiose
3747 924 3824 976 in-

2243 1022 2407 1090 quiris
2437 1029 2488 1075 et
2513 1018 2793 1088 exploras?
2819 1016 2954 1085 Quid
2984 1017 3175 1070 clamat
3202 1014 3404 1068 David?
3437 1014 3599 1080 Quam
3635 1012 3828 1078 magni-

2242 1115 2392 1182 ﬁcata
2417 1122 2532 1165 sunt
2562 1128 2715 1181 opera
2744 1120 2831 1163 tua
2855 1149 2872 1172 ,
2897 1108 3144 1161 Domine!
3176 1107 3358 1159 Omnia
3386 1107 3438 1159 in
3463 1106 3720 1174 sapientia
3748 1108 3825 1174 fc-

2242 1205 2353 1256 cisti
2385 1203 2609 1266 (Psalm.
2640 1203 2762 1256 105.
2790 1199 2901 1265 24).
2939 1198 3215 1268 Propheta:
3245 1213 3408 1265 opera
3440 1197 3825 1266 magniﬁcant,

2243 1293 2476 1347 haeretici
2522 1292 2774 1360 Opiﬁcem
2814 1291 3080 1343 minuunt.
3128 1288 3342 1357 Magnus
3387 1289 3475 1342 ille
3518 1287 3748 1342 consilio
3775 1294 3828 1338 et

2245 1395 2428 1453 potens
2453 1384 2732 1451 operibus,
2759 1383 2846 1452 qui
2869 1384 3053 1436 caelum
3085 1379 3328 1434 formavit
3353 1390 3401 1433 et
3427 1380 3539 1433 ﬁxit
3561 1395 3624 1434 ex
3651 1375 3829 1445 aquis;

2244 1493 2347 1528 non
2379 1476 2519 1528 enim
2559 1490 2586 1526 a
2630 1475 2883 1528 miraculo
2915 1471 3163 1526 abscedo.
3199 1472 3273 1524 Ex
3301 1471 3454 1539 aquis
3507 1479 3829 1522 concretum

2243 1578 2358 1631 est,
2389 1579 2441 1622 et
2479 1582 2668 1637 aquam
2709 1575 2924 1636 gestat:
2970 1580 3034 1619 ex
3079 1563 3229 1632 aquis
3260 1571 3563 1615 concretum
3613 1569 3732 1621 est,
3778 1567 3830 1611 et

2244 1663 2493 1731 abyssum
2520 1668 2694 1729 gestat
2724 1676 2737 1723 ;
2770 1657 2986 1711 omnino
3015 1665 3189 1708 autem
3217 1652 3459 1721 exemplo
3488 1653 3655 1704 lueret
3677 1692 3689 1710 .
3727 1664 3831 1701 nn-

2246 1767 2364 1804 vnm
2387 1793 2402 1816 ,
2431 1751 2646 1819 inquam
2673 1790 2688 1815 ,
2721 1748 2823 1802 hoc
2867 1746 3201 1801 miraculum.
3245 1742 3486 1796 Vidistin‘
3523 1740 3735 1794 tabulis
3762 1738 3830 1790 ab

2243 1857 2378 1910 aqua
2413 1849 2674 1911 gestatas,
2723 1848 2776 1892 et
2803 1838 3031 1906 desuper
3064 1838 3237 1890 nivem
3278 1831 3528 1901 gestare?
3559 1830 3748 1883 Hiems
3777 1827 3828 1880 id

2243 1931 2389 1998 fecit,
2423 1941 2475 1986 et
2503 1932 2640 1985 Deus
2664 1944 2768 1984 non
2799 1929 2985 1983 faciet?
3011 1926 3159 1983 Fecit
3187 1926 3395 1989 caelum,
3430 1937 3537 1978 non
3569 1931 3622 1976 ut
3653 1920 3830 1990 Sphat-

2244 2041 2355 2080 ram
2407 2023 2520 2094 (ιι),
2569 2034 2625 2077 ut
2667 2021 3108 2092 philosophantur
3133 2032 3360 2088 nugaces
3391 2015 3488 2069 illi.
3523 2013 3638 2069 Non
3683 2012 3828 2066 enim

2243 2117 2506 2188 splneram
2536 2116 2657 2170 fecit
2687 2129 2804 2184 qua;
2831 2113 3089 2167 volvatur.
3117 2110 3335 2172 Verum,
3366 2118 3424 2162 ut
3450 2104 3826 2175 aitpropheta,

2244 2211 2323 2266 sol
2346 2208 2613 2280 quomodo
2641 2207 2850 2263 currit?
2877 2207 2974 2270 Qui
2994 2205 3169 2258 statuit
3193 2203 3368 2256 cwlum
3393 2202 3524 2253 sicut
3555 2197 3826 2267 fornicem,

2243 2314 2289 2360 et
2331 2306 2551 2359 extendit
2604 2303 2733 2358 illud
2772 2303 2903 2356 velut
2947 2301 3321 2356 tabernaculum
3366 2297 3538 2367 (lsai.
3572 2297 3662 2350 «10.
3692 2295 3823 2361 9.2).

2243 2396 2410 2450 Nemo
2439 2405 2676 2449 nostrum
2710 2396 2778 2448 ita
2806 2393 2996 2462 impius
3016 2401 3098 2446 est
3128 2400 3186 2445 ut
3213 2389 3499 2459 nugacibus
3533 2387 3642 2441 illis
3671 2385 3826 2437 ﬁdem

2245 2490 2458 2544 habeat.
2492 2489 2772 2558 Prolihela:
2794 2487 2974 2540 dicunt
3002 2485 3187 2539 ctclum
3220 2483 3424 2537 iuitimn
3458 2490 3512 2534 et
3542 2479 3703 2531 ﬁnem
3733 2475 3827 2528 ha-

2243 2581 2388 2636 bere.
2414 2581 2538 2635 Ideo
2564 2580 2640 2635 sol
2675 2594 2776 2632 non
2801 2576 3060 2640 ascendit,
3093 2574 3186 2629 sed
3218 2573 3477 2642 procedit.
3509 2571 3655 2623 Dicit
3681 2567 3826 2621 Scri-

2243 2686 2396 2746 ptura
2429 2693 2441 2728 :
2477 2676 2570 2730 Sol
2596 2690 2821 2746 egressus
2849 2683 2920 2726 est
2950 2687 3101 2740 super
3130 2681 3347 2733 terram,
3375 2677 3419 2721 et
3442 2665 3542 2718 Lat
3570 2665 3826 2733 ingressu:

2242 2775 2312 2821 est
2339 2769 2390 2818 in
2418 2766 2579 2835 Segor
2607 2764 2769 2835 (Gen.
2806 2764 2892 2818 19.
2921 2762 3047 2832 25).
3097 2761 3282 2815 Palam
3312 2772 3440 2826 ergo
3470 2765 3556 2811 est
3584 2772 3652 2810 ex
3681 2755 3826 2809 Scri-

2243 2866 2394 2925 ptura
2426 2857 2593 2910 solem
2627 2870 2898 2925 egressum
2929 2867 3068 2917 esse,
3101 2867 3208 2905 non
3237 2846 3545 2922 ascendisse
3575 2865 3588 2901 :
3622 2861 3687 2902 ac
3711 2859 3828 2902 rur-

2241 2966 2382 3012 sum.
2413 2951 2453 3003 Α
2479 2965 2674 3003 summa
2698 2949 2821 3002 caelo
2842 2948 3058 3017 egressio
3079 2945 3187 3014 ejus
3216 2943 3383 3015 (Psal.
3415 2942 3504 2997 18.
3529 2941 3608 3011 7),
3635 2940 3826 3010 inquit,

2241 3058 2347 3095 non
2394 3056 2666 3096 ascensus.
2713 3039 2767 3094 Si
2793 3039 2998 3108 splimra
3040 3045 3151 3102 est,
3193 3049 3459 3089 summum
3505 3048 3616 3087 non
3645 3031 3822 3085 habet.

2240 3133 2392 3200 Quod
2425 3135 2568 3188 enim
2598 3132 2834 3201 undique
2863 3129 3144 3185 rotundum
3177 3136 3278 3193 est,
3310 3126 3523 3180 ubinam
3555 3137 3823 3177 summum

2239 3226 2439 3279 habet?
2470 3225 2603 3279 Num
2633 3239 2761 3294 ergo
2782 3223 2926 3277 solus
2955 3219 3117 3275 David
3145 3218 3304 3282 dicit,
3332 3233 3398 3270 an
3426 3218 3591 3270 etiam
3630 3214 3824 3268 Serva-

2240 3320 2361 3373 tor?
2392 3318 2524 3372 Audi
2549 3319 2719 3386 ipsum
2747 3316 3047 3369 dicentem:
3082 3330 3100 3363 ι
3131 3311 3262 3366 Cum
3296 3308 3501 3362 venerit
3527 3306 3700 3359 Filius
3733 3304 3829 3357 ho-

2241 3412 2398 3465 minis
2424 3412 2474 3464 iu
2497 3409 2773 3478 majestate
2803 3420 2919 3471 sua,
2952 3406 3124 3458 mittet
3147 3400 3362 3471 angelos
3393 3413 3520 3451 suos
3549 3413 3672 3450 cum
3707 3395 3825 3449 tuba

2238 3514 2291 3557 et
2319 3518 2448 3556 voce
2471 3514 2658 3570 magna
2681 3540 2693 3564 ,
2732 3509 2785 3552 et
2810 3495 3201 3566 congregabunt
3228 3492 3424 3545 electos
3451 3490 3569 3557 ejus
3605 3505 3636 3542 a
3678 3501 3826 3539 sum-

2239 3611 2324 3650 mo
2355 3597 2486 3649 caelo
2517 3607 2681 3661 usque
2707 3590 2770 3644 ad
2798 3602 3062 3643 summum
3092 3584 3276 3638 omium
3303 3580 3551 3650 »(ΜαιιΙι.
3585 3578 3679 3632 24.
3712 3576 3826 3644 5f).

2310 3691 2363 3743 5.
2398 3686 2584 3739 Futilis
2607 3683 2864 3737 Seueriani
2888 3679 3182 3749 splia'ricam
3202 3675 3332 3728 orbis
3353 3678 3572 3743 formam
3595 3671 3832 3740 neganti:

2235 3779 2427 3847 opinio.
2481 3807 2549 3817 —-—
2588 3775 2882 3842 Quaerimus
2928 3779 3103 3824 autem
3170 3767 3256 3820 ubi
3322 3765 3402 3818 sol
3449 3763 3704 3827 occidat,
3775 3771 3831 3814 et

2237 3873 2320 3927 tibi
2353 3881 2510 3925 noctu
2537 3876 2734 3923 currat.
2780 3862 3083 3920 Secundum
3131 3868 3342 3913 exteros
3383 3857 3483 3910 sub
3533 3864 3714 3918 terra;
3745 3866 3833 3906 se-

2235 3963 2466 4016 cundum
2519 3974 2616 4013 nos
2659 3966 2873 4017 autem,
2904 3953 2990 4022 qui
3041 3951 3226 4006 cadum
3273 3948 3676 4003 tabernaculum
3706 3957 3833 3996 esse

2235 4056 2457 4108 dicimus
2478 4096 2492 4118 ,
2521 4051 2812 4121 quidnam?
2851 4050 3101 4102 Animum
3121 4044 3332 4108 adhibe,
3365 4055 3566 4110 quaiso,
3599 4052 3732 4091 num
3761 4041 3834 4089 sit

2236 4145 2363 4199 falsa
2408 4142 2714 4197 sententia:
2747 4139 2838 4194 sed
2866 4139 2910 4192 si
2962 4136 3157 4190 habeas
3201 4132 3530 4203 signaculum
3573 4127 3830 4181 veritatis

2235 4234 2539 4287 testimonio
2588 4231 2895 4294 ﬁrmatum,
2947 4227 3219 4282 concurrit
3259 4237 3378 4277 cum
3425 4218 3608 4288 phrasi
3653 4226 3715 4272 et
3744 4217 3832 4269 lo-

2233 4341 2347 4380 cus.
2395 4326 2576 4395 Cogita
2620 4322 3004 4392 supcrpositam
3061 4317 3317 4371 fornicem
3365 4313 3458 4381 (ιν).
3506 4309 3704 4365 Oriens
3738 4308 3829 4362 hic

2233 4427 2347 4481 est,
2379 4427 2435 4470 ut
2468 4419 2630 4485 figura
2661 4412 3012 4482 exprimitur:
3062 4406 3352 4476 septentrio
3382 4418 3508 4458 vero
3565 4400 3677 4455 illic
3704 4443 3720 4466 ,
3755 4415 3829 4456 ex

2238 4509 2484 4577 opposito
2514 4505 2762 4560 meridies
2787 4543 2800 4563 .
2836 4503 2942 4555 illic
2985 4499 3258 4553 occidens.
3288 4494 3380 4550 Sol
3408 4494 3590 4548 oriens
3610 4506 3744 4545 cum
3777 4492 3831 4544 in

2233 4614 2480 4654 occasum
2511 4597 2678 4665 vergit
2699 4638 2711 4660 ,
2737 4610 2840 4648 non
2884 4591 2981 4647 sub
3012 4600 3152 4644 terra
3183 4587 3407 4650 occidit,
3446 4582 3540 4638 sed
3563 4596 3830 4650 egressus

2233 4694 2298 4747 ad
2326 4693 2440 4747 cadi
2466 4690 2598 4744 ﬁnes
2622 4732 2634 4752 ,
2667 4698 2844 4757 partes
2864 4683 3106 4739 boreales
3151 4678 3447 4749 percurrit,
3479 4675 3630 4744 quasi
3665 4688 3833 4727 muro

2233 4786 2460 4855 quodam
2490 4782 2803 4844 occultatus,
2836 4777 2984 4846 aquis
3012 4790 3117 4828 non
3145 4771 3444 4827 sinentibus
3469 4778 3524 4820 ut
3551 4765 3673 4833 ejus
3699 4781 3832 4820 cur-

2235 4894 2326 4932 sus
2375 4885 2665 4947 appareat,
2695 4873 2970 4939 curritque
3011 4882 3109 4936 per
3137 4875 3314 4934 partes
3357 4859 3601 4914 boreales
3621 4900 3636 4921 ,
3670 4868 3733 4910 et
3765 4857 3832 4909 ad

2233 4977 2493 5029 orientem
2520 4969 2680 5022 venit.
2724 4964 2999 5018 Undenam
3027 4960 3130 5013 hoc
3156 4957 3325 5026 palam
3353 4953 3478 5008 est?
3506 4952 3597 5006 Ait
3629 4950 3832 5003 beatus

2235 5069 2487 5123 Salomon
2529 5065 2578 5115 in
2608 5057 2961 5114 Ecclesiaste.
2997 5067 3115 5120 qure
3151 5057 3234 5103 est
3263 5047 3523 5115 scriptura
3555 5051 3730 5097 certa:
3767 5041 3832 5094 ﬁ-

2232 5162 2355 5226 dei,
2415 5173 2520 5211 non
2571 5153 2862 5206 adullcrala
2894 5163 2906 5197 :
2942 5145 3117 5198 Oritur
3141 5182 3156 5207 ,
3188 5139 3394 5210 inquit,
3423 5139 3500 5192 sol
3520 5179 3534 5202 ,
3565 5147 3611 5189 et
3638 5136 3835 5186 Occidit

2234 5254 2327 5305 sol.
2372 5250 2550 5302 Oriens
2599 5242 2759 5312 pergit
2799 5239 2867 5290 ad
2894 5247 3152 5297 austrum,
3185 5243 3228 5285 et
3256 5232 3436 5284 circuit
3467 5231 3534 5280 ad
3578 5227 3829 5280 boream:

2234 5343 2407 5394 circuit
2435 5331 2792 5390 circumeundo
2813 5372 2827 5395 ,
2857 5337 2900 5382 et
2923 5328 2975 5381 in
3003 5329 3112 5380 loco
3136 5341 3226 5378 suo
3265 5325 3425 5377 oritur
3447 5318 3650 5386 (Eccle.
3672 5317 3731 5370 1.
3752 5319 3809 5386 5)

2321 5493 2370 5544 (ι)
2404 5491 2527 5538 Vide
2551 5488 2770 5537 Cosmam
2793 5482 3067 5544 Egyptium
3092 5493 3138 5540 ι).
3163 5477 3271 5526 523.
3387 5537 3396 5544 _
3651 5530 3664 5544 ἱ
3785 5535 3793 5539 _

2307 5495 2348 5594 )0
2404 5493 2527 5538 Vide
2551 5493 2770 5537 Cosmam
2793 5493 3067 5544 {Egyptium
3092 5493 3138 5540 ι).
3163 5493 3271 5526 om.
3785 5535 3793 5539 _

2307 5493 2371 5613 \bi
2409 5561 2472 5598 De
2497 5550 2724 5610 opinione
2749 5543 3062 5613 quorumdam
3097 5530 3826 5613 veterumfirca:“mundumiii

2233 5593 2436 5663 fornicis
2450 5593 2890 5657 inoiemstru'ctum
2931 5605 3040 5652 vide
3076 5613 3187 5662 quae
3223 5598 3434 5663 dixitnus
3469 5597 3520 5642 in
3543 5594 3738 5663 atomis.)
3770 5593 3825 5640 ad

2234 5652 2718 5726 'séa‘ihé'c'
2738 5652 2958 5729 plu—ribus
2984 5652 3239 5729 agitantur
3264 5657 3488 5729 a_(_losiiia
3525 5652 3756 5715 {Egyptio
3780 5669 3822 5701 tu

2235 5717 2564 5798 iepograpbia
2590 5742 2689 5789 sua,
2716 5717 2857 5792 quam
2884 5717 3120 5776 edidimus
3143 5733 3267 5769 aimo
3293 5717 3430 5770 1706.
