3982 6218
183 398 295 452 451

167 516 293 569 μεν.
331 498 646 556 Ἔστωσαν
677 506 766 571 εἰς
799 507 1024 578 σημεῖα
1053 510 1151 563 καί
1183 512 1271 577 εὶς
1294 511 1561 580 καιρούς.
1597 510 1760 565 Ἀλλο

165 588 281 659 γὰρ
298 589 507 659 χρόνοςι
527 593 622 645 καὶ
643 593 771 648 ἄλλο
799 598 1008 670 καιρός.
1042 600 1246 673 Χρόνος
1270 599 1444 671 μῆκός
1469 601 1604 662 ἐστι,
1641 617 1762 654 και-

165 675 265 747 ρὸς
290 677 559 749 εὐκαιρία.
591 680 697 735 Καὶ
719 684 896 749 οὐδεὶς
925 686 1102 756 λέγει·
1137 689 1344 760 Χρόνος
1371 689 1488 744 ἐστὶ
1522 689 1614 743 τοῦ
1641 707 1766 762 τρυ-

163 765 358 835 γῆσαι⁶
388 767 563 832 οὐδεὶς
583 768 749 839 λέγει·
780 771 984 847 Χρόνος
1005 777 1122 829 ἐστὶ
1140 779 1239 849 τὴν
1266 777 1536 851 παρθένον
1566 779 1760 848 γῆμαι·

161 852 324 940 ἀλλὰ,
359 853 568 926 Καιρὸς
619 860 718 928 τὴν
761 863 1027 933 παρθένον
1061 867 1256 936 γῆμαι,
1297 866 1490 940 καιρὸς
1535 866 1762 938 σπόρου,

161 939 263 990 καὶ
307 941 496 1011 καιρὸς
536 943 821 1018 θερισμοῦ.
867 950 978 1004 Καὶ¹
1025 952 1276 1024 Σολομὼν
1318 939 1503 1024 λέγει·
1547 953 1765 1023 Καιρὸς

160 1025 276 1081 τοῦ
305 1029 520 1095 τεκεῖν,
550 1032 646 1085 καὶ
678 1037 885 1104 καιρὸς
912 1038 1020 1092 τοῦ
1052 1041 1397 1106 ἀποθανεῖν,
1426 1043 1525 1097 καί
1560 1042 1764 1113 καιρὸς

158 1114 275 1168 τοῦ
297 1116 712 1189 οἰκοδομῆσαι,
741 1124 840 1178 καὶ
869 1129 1074 1196 καιρὸς
1104 1130 1211 1185 τοῦ
1244 1130 1606 1187 καταλῦσαι.
1635 1133 1765 1185 Και-

160 1203 263 1294 ρὸν
284 1222 381 1278 την
405 1208 690 1282 εὐκαιρίαν
720 1212 886 1282 λέγει.
914 1217 1179 1288 Σημαίνει
1208 1220 1264 1273 δὲ
1287 1223 1354 1274 τὰ
1375 1222 1550 1294 άστρα
1571 1220 1728 1276 τοῦτο
1747 1237 1761 1253 ·

159 1289 300 1362 οἷον,
323 1297 556 1371 ἀνατολὴ
585 1302 682 1355 πλε
695 1305 875 1372 ιάδων,
903 1308 1045 1380 ἀρχὴ
1080 1308 1342 1382 θερισμοῦ
1363 1329 1377 1344 ·
1402 1289 1554 1377 δύσις
1583 1312 1764 1366 πλειά-

157 1383 290 1452 δων,
319 1388 459 1462 ἁρχὴ
491 1393 715 1462 σπόρου.
741 1395 926 1451 Ταῦτα
955 1398 1211 1470 ἀλλότρια
1244 1401 1343 1470 μὲν
1363 1402 1459 1472 τῆς
1485 1402 1762 1466 ἀσεϐείας,

159 1474 275 1563 ςδια
303 1474 359 1528 δὲ
384 1477 485 1545 τῆς
510 1479 808 1549 εὐσεϐείας.
837 1487 1032 1558 Καιροὶ
1061 1489 1313 1558 λέγονται
1338 1491 1433 1545 καὶ
1463 1492 1648 1563 ἑορταὶ
1667 1491 1761 1546 τοῦ

157 1561 320 1615 Θεοῦ.
360 1565 521 1634 Λέγει
563 1568 592 1620 6
630 1571 795 1634 Θεός·
852 1576 1012 1643 Τρεῖς
1048 1579 1294 1646 καιροὺς
1334 1580 1441 1633 τοῦ
1481 1561 1762 1634 ἐνιαυτοῦ

156 1649 483 1737 ἑορτάσετέ
502 1673 624 1724 μοι·
657 1659 773 1726 τὴν
798 1661 1018 1732 ἑορτὴν
1047 1665 1167 1718 τῶν
1208 1666 1478 1737 Ἁζύμων,
1502 1666 1615 1732 τὴν
1638 1666 1763 1734 ἐορ-

157 1736 281 1804 τὴν
303 1737 409 1807 τῆς
431 1745 880 1816 Πεντηκοστῆς,
909 1750 1026 1819 τὴν
1056 1751 1275 1820 ἑορτὴν
1306 1736 1426 1808 τῶν
1459 1757 1764 1823 Σκηνοπη-

155 1826 328 1914 τίων.
347 1827 507 1899 Τρεῖς
538 1833 739 1902 καιροί.
762 1836 892 1889 Ἰδοὺ
922 1842 1144 1908 σημεῖα,
1175 1843 1269 1895 καὶ
1303 1842 1502 1913 καιροί.
1522 1842 1763 1914 Ἡμέρας

155 1911 328 2002 πάλιν
362 1917 453 1969 ἐπὶ
489 1917 582 1971 τοῦ
610 1919 881 1976 σαϐϐάτου
916 1926 1011 1978 καὶ
1043 1927 1277 2000 μῆναςή
1314 1911 1508 2002 σελήνη
1535 1911 1764 2001 ἐργάζε-

151 2017 274 2091 ται.
294 2001 352 2054 '0
378 2003 529 2074 ἥλιος
559 2007 822 2062 ἐνιαυτῶν
847 2011 945 2075 τὰς
974 2015 1181 2085 τροπάς
1212 2001 1759 2091 φυλάττει,νέαρινὴν,

156 2089 460 2178 ἰσημερίαν
480 2101 520 2159 ⁸,
572 2095 830 2169 θερινὴν,
902 2106 1304 2176 μετοπωρινήν.
1343 2089 1669 2178 Ἑστήκασιν
1713 2110 1761 2162 οί

148 2176 315 2265 νόμοι
350 2180 657 2241 άσάλευτοι.
700 2183 858 2255 Εἷπε,
894 2193 988 2244 καὶ
1023 2194 1340 2265 ἐπάγησαν·
1374 2176 1650 2261 ἐκέλευσε,
1669 2200 1764 2254 καὶ

149 2257 620 2341 ὲθέμελιώθησαν.
660 2274 860 2329 Λοιπὸν
915 2272 1019 2332 ὦδε
1069 2257 1161 2334 τὸν
1193 2257 1350 2336 ’νοῧνο
1379 2284 1474 2349 Τίς
1503 2287 1530 2338 6
1557 2257 1763 2342 τούτων

147 2357 444 2447 τε-χνίτηςς
482 2362 568 2423 τίς
602 2364 775 2418 ταῦτα
807 2368 1096 2440 ὲποίησεν;
1135 2372 1164 2425 6
1199 2373 1426 2447 Πατήρ;
1456 2374 1644 2440 Οὑδεὶς
1668 2379 1763 2432 ἀνι

146 2445 459 2534 τιλέγει.’0
499 2448 656 2518 Υίός;
693 2453 802 2506 Καὶ
845 2456 1113 2527 αίρετικοὶ
1164 2445 1499 2516 συντίθενται
1553 2464 1675 2534 μὲν,
1699 2466 1761 2520 οὑ

147 2533 342 2598 καλῶς
371 2536 459 2590 δέ·
487 2537 704 2608 λέγουσι
748 2543 874 2614 γὰρ,
908 2546 990 2599 ὅτι
1031 2548 1121 2600 τὸν
1151 2550 1278 2602 Υίὸν
1306 2553 1333 2605 6
1361 2533 1762 2625 Πατὴρέποίη-

150 2639 271 2687 σεν,
302 2625 331 2677 6
376 2625 433 2678 δὲ
485 2626 614 2687 Υίὸς
658 2630 724 2683 τὰ
778 2632 975 2686 πάντα.
1025 2635 1262 2707 Δέχομαι
1318 2637 1413 2709 τὴν
1459 2639 1756 2709 άσέϐειαν;

161 2713 390 2804 Ἐπειδή
421 2715 641 2788 δεσμοῖς
671 2721 888 2786 ἀλύτοις
923 2727 1142 2797 σφίγγει
1181 2729 1291 2782 τῶν
1336 2731 1629 2804 αίρετικῶν
1668 2733 1760 2787 τὸν

145 2799 438 2892 λογισμὸν,
467 2806 834 2879 ὲρωτήσωμεν
859 2812 986 2876 τοὺς
1009 2817 1314 2886 προφήτας·
1335 2799 1454 2871 Ἶίδ
1478 2819 1505 2871 6
1526 2821 1760 2892 ποιήσας

146 2889 222 2942 τὰ
251 2891 430 2980 πάντα
458 2891 569 2964 ἔχει
599 2896 720 2950 τινὰ
757 2899 947 2968 μείζω,
976 2901 1008 2972 ἦ
1036 2904 1254 2958 πάντων
1285 2906 1434 2960 ἐστὶν
1449 2889 1754 2980 ἀνώτερος;

144 2979 220 3049 τῇ
258 2977 366 3050 γάρ
396 2981 660 3052 προτάσει
686 2987 750 3056 τῇ
789 2986 893 3058 ίδίᾳ
925 2989 1232 3047 πίπτουσιν.

224 3065 290 3121 δ’.
335 3068 620 3137 Λέγουσιν,
655 3072 736 3126 ὅτι
768 3075 949 3131 πάντα
977 3078 1236 3150 ἐποίησεν
1270 3083 1298 3136 6
1328 3082 1478 3151 Υίὸς,
1511 3085 1671 3141 αὑτὸν
1700 3087 1758 3140 δὲ

143 3154 177 3207 6
211 3155 623 3246 Πατήρ.“ῐλεως
653 3161 784 3232 ἡμῖν
813 3163 1036 3236 γένηται
1061 3169 1156 3221 ἐπὶ
1179 3172 1243 3242 τῇ
1275 3169 1597 3246 βλασφημία
1618 3190 1631 3204 ⁸
1667 3176 1755 3231 ἐπ’

146 3245 417 3315 ἀληθείας
446 3247 554 3319 γὰρ
585 3251 756 3321 φρίκη
794 3254 909 3306 ἐστὶ
941 3255 1272 3328 δευτερῶσαι
1306 3261 1417 3313 τῶν
1445 3245 1660 3319 ἀσεϐῶν
1689 3267 1758 3322 τὰ

146 3333 414 3424 ῥήματα·
449 3336 599 3424 δμως
631 3338 690 3390 δὲ
727 3341 854 3404 τοὺς
889 3344 1106 3414 ἰατροὺς
1152 3347 1500 3420 μιμούμενοι,
1550 3353 1758 3424 ιμδάλ.

145 3419 380 3511 λοντεςο
411 3423 512 3486 τὰς
545 3427 735 3496 χεῖρας
767 3430 845 3492 είς
869 3430 938 3483 τὰ
965 3431 1278 3502 τραύματα,
1303 3419 1390 3490 ἵνα
1421 3419 1754 3511 καθάρωμεν

145 3507 224 3598 τά
278 3506 411 3598 ἕλκη
439 3526 454 3540 ·
494 3512 818 3585 ἠναγκάσθη
857 3517 952 3570 καὶ
1004 3520 1327 3587 Ἀπόστολσς
1379 3506 1753 3598 μνημονεῦσαι

442 3602 807 3691 πραγμάτων,
835 3605 933 3676 ούχ
985 3607 1072 3661 ἵνα
1117 3609 1216 3680 τὴν
1245 3596 1504 3679 γλῶτταν
1525 3616 1749 3691 μολύνῃ,

144 3685 272 3780 ἀλλ’
305 3687 393 3780 ἵνα
418 3687 490 3780 τά
509 3689 886 3761 ἁμαρτήματα
913 3695 1152 3770 καθάρῃ.
1183 3700 1471 3768 Λέγουσιν,
1491 3704 1572 3759 ὅτι

143 3778 337 3832 πάντα
370 3777 626 3848 ἐποίησεν
654 3782 682 3834 6
717 3781 865 3847 Υίὸς,
889 3784 1052 3837 αὑτὸν
1081 3787 1137 3838 δὲ
1171 3789 1199 3841 6
1229 3790 1436 3861 Πατήρ.
1459 3777 1751 3864 Ἐρωτήσω

141 3868 282 3929 τοὺς
312 3868 616 3939 προφήτας,
653 3869 736 3933 τίς
762 3871 793 3922 6
828 3873 1063 3942 ποιήσας
1090 3875 1180 3929 τὸν
1215 3877 1442 3948 οὐρανὸν
1470 3883 1560 3934 καὶ
1587 3899 1751 3936 ποτα-

142 3955 256 4017 πός
305 3956 441 4008 ἐστι.
484 3956 648 4022 Λέγει
695 3959 722 4010 6
768 3964 1056 4032 προφήτης
1099 3963 1362 4028 Ἡσαΐας·
1407 3967 1551 4022 Τάδε
1586 3971 1748 4040 λέγει

139 4046 392 4112 Κύριος,
418 4047 449 4098 ό
469 4045 732 4113 ποιήσας
753 4049 861 4100 τὸν
882 4051 1162 4118 οὐρανὸν.
1187 4054 1286 4107 καί
1309 4055 1507 4123 πήξας
1525 4061 1711 4114 αὐτόν
1731 4078 1743 4092 ·

138 4137 176 4186 ὀ
209 4131 559 4199 στερεὼσας
587 4133 704 4200 τὴν
731 4134 870 4202 γῆν,
910 4139 1008 4190 καὶ
1041 4139 1114 4191 τὰ
1137 4139 1208 4193 ὲν
1232 4141 1388 4211 αὑτῇ
1404 4160 1418 4175 ·
1459 4148 1493 4198 ό
1541 4145 1747 4214 διδοὺς

135 4217 357 4286 πνοὴν
378 4217 456 4282 τῷ
481 4218 611 4284 λαῷ
641 4219 721 4284 τῷ
742 4221 834 4273 ἐπ’
856 4222 1065 4292 αὐτῆς,
1093 4227 1190 4278 καὶ
1223 4229 1459 4298 πνεῦμα
1479 4233 1603 4298 τοῖς
1636 4250 1747 4289 πα-

135 4306 369 4362 τοῦσιν
388 4306 584 4374 αὐτήν
599 4322 612 4335 ·
646 4305 794 4377 Ἐγὼ
816 4311 1443 4382 Κύριος.⁹Εμπροσθέν
1458 4336 1580 4386 μου
1603 4321 1748 4388 Θεὸς

134 4397 266 4450 οὐκ
296 4393 452 4455 ἐστι,
497 4392 596 4447 καὶ
616 4395 744 4463 μετ’
765 4395 871 4465 ἐμὲ
903 4400 1046 4464 Θεὸς
1075 4401 1188 4454 οὐκ
1216 4401 1411 4458 ἔστιν.
1429 4406 1576 4476 Ἐγώ
1604 4409 1741 4477 ειμι,

135 4480 251 4538 καὶ
285 4482 400 4535 οὐκ
429 4480 603 4534 ἐστιν
627 4481 839 4548 ἄλλος.
867 4483 1051 4538 Ταῦτα
1073 4486 1220 4555 λέγει
1243 4491 1272 4542 6
1292 4492 1526 4565 ποιήσας
1547 4495 1637 4548 τὸν
1658 4497 1747 4549 οὑ-

139 4570 318 4645 ρανὸν
333 4569 424 4622 καὶ
439 4569 537 4640 τὴν
556 4572 680 4640 γῆν,
699 4573 726 4623 6
741 4573 1071 4644 Μονογενὴς,
1088 4578 1115 4629 6
1136 4577 1276 4631 κατὰ
1298 4581 1422 4644 τοὺς
1438 4583 1747 4652 αἱρετικοὺς

133 4660 474 4732 γενάμενος,
501 4657 595 4710 καὶ
633 4658 753 4712 τότε
793 4661 1005 4725 κτίσας.
1027 4665 1164 4718 Ἀλλ’
1186 4669 1244 4719 ὲν
1285 4673 1396 4733 τοῖς
1433 4671 1613 4741 λόγοις
1638 4675 1745 4728 τῶν

133 4746 378 4822 χειλέων
402 4742 566 4796 αὑτοῦ
589 4747 946 4816 Evr-3.1239021
970 4751 1000 4802 ό
1024 4750 1392 4821 ἁμαρτωλός.
1411 4760 1574 4827 Λέγει
1595 4764 1622 4815 6
1646 4779 1747 4831 μα-

134 4837 346 4907 κάριος
378 4832 678 4920 Ἱερεμίας·
715 4834 911 4901 οὓτως
935 4837 1324 4910 εἴπατε.Τίσι;
1351 4845 1473 4908 Τοῖς
1488 4848 1738 4920 Ἕλλησι·

136 4919 387 4984 Θεοί,οί
421 4919 528 4973 τὸν
563 4921 824 4988 οὐρανόν
852 4924 949 4977 καὶ
985 4925 1098 4992 τὴν
1125 4929 1244 4997 γῆν
1281 4935 1393 4986 οὐκ
1421 4919 1739 5006 ἐποίησαν⁹

133 5007 600 5069 ἀπολέσθωσαν
618 5009 686 5060 ἐκ
708 5008 818 5076 τῆς
839 5011 970 5079 γῆς.
992 5014 1215 5086 Κύριος,
1229 5020 1331 5085 ’ος
1349 5021 1600 5091 ἐποίησε
1637 5029 1742 5081 τὸν

132 5097 418 5168 οὐρανὸν
434 5095 504 5150 ἐν
519 5096 788 5159 συνέσει,
813 5100 974 5163 αὑτὸς
999 5102 1130 5167 Θεὸς
1148 5105 1255 5169 ζῶν
1277 5110 1367 5161 καὶ
1387 5110 1656 5182 ἀληθινός.
1678 5117 1742 5170 E2

134 5185 408 5258 ἀληθινός
426 5185 574 5238 ἐστιν
589 5186 617 5238 ὀ
635 5183 769 5249 Θεὸς
789 5188 816 5238 6
835 5190 1062 5258 ποιήσας
1085 5192 1174 5246 τὸν
1193 5194 1438 5264 οὐρανὸν,
1459 5202 1743 5272 ὁμολογοῦ.

136 5295 197 5332 σι
210 5275 274 5330 δὲ
288 5273 384 5362 καὶ
395 5274 445 5362 οί
457 5273 831 5362 αἱρετικο“ι,ὄτι
847 5277 876 5328 6
889 5276 1016 5341 Υἱός
1032 5281 1179 5334 ἐστιν
1194 5283 1222 5335 6
1240 5286 1471 5356 ποιήσας
1485 5289 1573 5342 τὸν
1586 5293 1742 5362 ούρα-

135 5367 238 5419 νδν
273 5361 368 5415 καὶ
397 5359 494 5446 τήν
537 5361 662 5446 γῆν,
707 5360 844 5446 ποία
884 5363 1028 5435 μάχη
1065 5367 1193 5421 ὅταν
1227 5369 1361 5442 λέγῃ
1411 5375 1438 5426 ὁ
1473 5359 1740 5446 Χριστζς.

137 5450 291 5504 ἰνα
320 5441 663 5513 γινώσκωσι
691 5457 764 5496 σε
786 5444 893 5497 τὸν
907 5449 1098 5514 μόνον
1118 5441 1412 5519 ἀληθινὸν
1443 5441 1609 5522 Θεὸν,
1643 5461 1741 5516 καί

137 5533 222 5588 ὃν
251 5527 809 5615 ἔπεμψας-Ἰησοῦν
837 5531 1130 5615 Χριστόν;
1164 5537 1292 5591 Ὅτε
1317 5543 1344 5593 6
1371 5542 1561 5615 Σωτὴρ
1591 5545 1621 5615 ἢ
1654 5545 1741 5600 διὰ

134 5617 260 5672 τῶν
291 5612 612 5683 προφητῶν,
644 5613 677 5683 ἢ
711 5612 776 5665 δι’
799 5614 962 5667 αὑτοῦ
978 5618 1150 5672 ταῦτα
1175 5621 1379 5692 ἔλεγεν,
1407 5628 1466 5680 οὑ
1494 5612 1624 5700 πρὸς
1652 5631 1742 5684 ἀν-

203 5712 238 5813 ;
266 5707 524 5818 ξξιιιὺῗῧε.
552 5708 798 5770 ἰσημερίαν
821 5713 868 5759 in
898 5715 1162 5774 χειμερινήν
1182 5720 1402 5768 mutam.

268 5804 278 5815 .
372 5804 382 5814 .
407 5784 428 5816 ε
450 5802 465 5816 .

212 5782 238 5813 ιι
268 5782 382 5818 53v.
407 5782 465 5816 ει.

212 5836 236 5865 ε
268 5832 380 5882 Sav.
412 5831 772 5891 ἐμϐα).ὁντες,ρι
795 5837 842 5883 in
865 5850 1018 5898 marg.
1045 5841 1168 5900 οὑπὶ).
1191 5841 1485 5906 ἐμϐάλωμεν.

447 5931 720 5993 Pyrum.
762 5936 805 5996 ϐ
820 5955 878 5997 ιι.
928 5939 1083 6002 [Νι.

1131 390 1219 446 DE
1261 389 1480 446 MUNDI
1521 388 1920 450 CREATIONE
1967 391 2227 452 ORATIO
2260 396 2347 454 Ill.

3337 417 3377 469 ’4
3388 416 3460 472 52

1867 511 2232 584 τιπαράθεσιν
2269 514 2432 568 αὑτοῦ
2471 515 2641 569 ταῦτα
2685 517 2869 584 ἔλεγεν
2894 532 2906 546 ο
2955 517 3076 569 Ἵνα
3119 515 3454 587 γινώσκωσι

1862 613 1938 650 σε
1957 597 2065 651 τὸν
2086 599 2282 665 μόνον
2329 599 2512 652 Θεόν·
2555 601 2693 653 ἀλλὰ
2732 600 2869 670 πρὸς
2910 600 3316 673 ἁντιδιαστολὴν
3342 603 3454 655 τῶν

1862 679 2252 751 ψευδωνύμων.
2285 681 2448 736 Ὅθεν
2467 685 2561 737 καὶ
2589 685 2616 736 6
2640 684 2852 748 Παῠλός
2885 701 3049 755 φησιν
3071 701 3084 714 ·
3135 687 3450 754 Ἐπεστρέ-

1862 767 2019 833 wars
2050 764 2169 820 ἀπὸ
2198 765 2316 819 τῶν
2336 766 2617 833 εἰδώλων,
2653 769 2972 822 δουλεύειν
3001 766 3125 834 Θεῷ
3153 769 3320 829 ζῶντι
3353 771 3454 824 και

1863 848 2152 916 ἀληθινῷ.
2207 849 2486 920 Ἀληθινδν
2531 853 2708 915 καλεῖ,
2760 854 2846 904 ἵνα
2891 851 3018 916 τοὺς
3067 853 3453 924 ψευδωνύμους

1863 932 2055 1005 ἐλέγξῃ
2080 949 2092 962 ·
2122 931 2321 999 ζῶντα,
2349 935 2434 988 ἴνα
2449 934 2518 988 τὰ
2534 936 2704 1006 νεκρά
2722 935 2917 989 εἴδωλα
2937 934 3280 1008 στηλιτεύση.
3312 937 3454 1006 Ἐγὼ

1867 1015 1967 1086 μὲν
2017 1016 2247 1088 νομίζω,
2285 1017 2485 1088 μᾶλλον
2528 1017 2586 1070 δὲ
2632 1018 2894 1082 πιστεύω,
2953 1019 3034 1072 ὅτι
3084 1020 3451 1087 ἀγανακτοῦσα

1862 1098 1986 1153 καθ’
2023 1100 2180 1171 ἡμῶν
2219 1103 2266 1154 οἱ
2301 1103 2506 1172 νεκροὶ,
2558 1102 2654 1155 ἐὰν
2681 1102 2991 1156 ἀκούσωσιν
3033 1103 3113 1156 ὅτι
3154 1103 3221 1156 τὰ
3261 1104 3454 1157 εἴδωλα

1862 1182 2034 1255 νεκρὰ
2059 1184 2357 1256 καλοῦμεν.
2399 1185 2681 1257 Ὑϐρίξετε
2711 1187 2818 1258 γάρ
2843 1187 3002 1256 ήμῶν
3027 1187 3124 1258 τὴν
3147 1187 3318 1250 τάξιν,
3349 1205 3454 1255 φη-

1865 1267 1968 1320 σίν.
2020 1267 2212 1337 Ἡμεῖς
2237 1269 2424 1338 νεκροὶ
2463 1269 2778 1340 καλούμεθα
2803 1270 2853 1322 οἱ
2894 1271 3022 1322 ποτὲ
3070 1270 3368 1341 ζήσαντες·
3404 1272 3454 1324 οἱ

1867 1351 2136 1421 μηδέποτε
2173 1351 2438 1423 ζήσαντες
2473 1354 2613 1407 διατί
2647 1354 2831 1424 νεκροὶ
2866 1353 3187 1418 καλοῦνται;
3231 1356 3362 1408 Θεοί
3396 1355 3455 1409 οἳ

1862 1433 1972 1488 τὸν
2003 1435 2268 1502 οὐρανὸν
2302 1437 2398 1489 καὶ
2429 1437 2545 1503 τὴν
2577 1435 2695 1506 γῆν
2722 1439 2835 1491 οὐκ
2874 1438 3198 1505 ἐποίησαν,
3227 1439 3451 1492 ἀπολέ-

1862 1520 2131 1572 σθωσαν.
2165 1518 2390 1592 Κύριος,
2427 1522 2532 1586 ’³ος
2559 1521 2853 1586 ἐποίησεν
2888 1520 3032 1585 τοὺς
3059 1521 3358 1587 οὐρανοὺς
3385 1522 3454 1575 ἐν

1861 1599 2136 1664 συνέσει,
2167 1603 2329 1666 αὑτὸς
2361 1602 2469 1667 ζῶν
2498 1603 2632 1664 Θεὸς
2667 1605 2762 1657 καὶ
2801 1602 3075 1673 ἀληθινός.
3123 1605 3218 1668 Τίς
3251 1608 3278 1658 6
3311 1605 3452 1670 ζῶν;

1872 1683 1932 1737 Ὀ
1961 1685 2194 1756 ποιήσας
2212 1686 2304 1738 τὸν
2333 1686 2583 1758 οὐρανόν.
2606 1687 2697 1757 Μὴ
2723 1687 2988 1759 ἑστήκασι
3020 1687 3130 1741 τῶν
3160 1689 3455 1759 αίρετικῶν

1861 1768 1910 1819 οί
1943 1769 2099 1838 ὅροις
2138 1770 2199 1822 οὑ
2235 1771 2426 1823 πίπτει
2457 1771 2636 1824 αὐτῶν
2666 1774 2698 1840 ἡ
2735 1771 2996 1833 ἁσέϐεια;
3033 1773 3132 1825 οὑκ
3171 1773 3453 1843 ἐλέγχεται

1864 1853 1898 1922 ἡ
1926 1851 2236 1920 θεοσέϐεια;
2263 1855 2325 1908 ού
2368 1853 2701 1925 διαλύεταιή
2734 1855 3003 1925 σκαιωρία
3029 1872 3044 1921 ;
3084 1857 3166 1910 Τὰ
3187 1857 3328 1927 ἔργα
3358 1858 3452 1910 τοῦ

1867 1935 2098 2006 ποιητοῦ
2117 1937 2448 1991 καταλαϐεῖν
2466 1938 2566 1991 οὑκ
2594 1939 2820 2008 ἰσχύεις,
2846 1941 2941 1993 καὶ⁸
2969 1940 3062 1993 τὸν
3082 1941 3332 2011 τεχνίτην
3356 1958 3456 1994 πε-

1863 2019 2129 2092 ριεργάζῃ
2160 2021 2251 2074 καὶ
2280 2022 2611 2092 ἐξιχνεύειςς
2649 2023 2713 2075 Τί
2745 2022 2844 2093 βοᾷ
2873 2024 3073 2090 Δαυῖδς
3120 2024 3215 2090 Ὠς
3240 2024 3450 2093 ἐμεγα-

1863 2103 2060 2172 λύνθη
2081 2104 2152 2158 τὰ
2173 2107 2317 2174 ἔργα
2341 2121 2476 2167 σου,
2504 2106 2720 2173 Κύριε]
2739 2107 2942 2161 Πάντα
2959 2106 3028 2160 ἐν
3041 2108 3232 2177 σοφίᾳ
3249 2108 3452 2174 ἐποίη-

1867 2201 2005 2253 σας.
2058 2189 2344 2260 Προφῆται
2387 2187 2456 2242 τὰ
2503 2189 2641 2258 ἔργα
2709 2189 3124 2260 μεγαλύνουσιν·
3180 2191 3452 2260 αίρετικοὶ

1860 2270 1953 2324 τὸν
1997 2271 2251 2343 τεχνίτην
2283 2271 2694 2346 σμικρύνουσιν.
2744 2273 2802 2325 '0
2841 2272 3020 2343 μέγας
3052 2276 3118 2344 τῇ
3155 2272 3318 2342 βουλῇ
3356 2273 3450 2328 καὶ

1858 2353 2084 2418 δυνατὸς
2114 2358 2229 2419 τοῖς
2263 2355 2467 2428 ἔργοις,
2496 2358 2523 2410 6
2546 2356 2636 2409 τὸν
2662 2356 2888 2428 οὐρανὸν
2917 2355 3095 2427 πήξας
3119 2355 3178 2421 ἐξ
3202 2357 3411 2410 ὑδάτων
3431 2373 3448 2391 ·

1860 2439 1922 2492 οὑ
1953 2438 2061 2511 γὰρ
2090 2439 2402 2511 ἀφίσταμαι
2447 2439 2541 2495 τοῦ
2571 2439 2873 2511 θαύματος.
2917 2440 3005 2506 Ἐξ
3033 2441 3242 2494 ὑδάτων
3272 2441 3450 2510 πέπη-

1859 2540 2010 2587 κται,
2033 2523 2128 2576 καὶ¹
2150 2522 2298 2594 ὓδωρ
2320 2523 2496 2595 φέρει·
2521 2523 2630 2575 ἀπὸ
2647 2524 2856 2577 ὑδάτων
2876 2524 3080 2593 ἐπάγη,
3101 2525 3196 2578 καὶ
3214 2525 3450 2578 ἄϐυσσον

1861 2608 2156 2680 βαστάζει·
2188 2610 2326 2672 ὅλως
2375 2610 2434 2663 δὲ
2478 2609 2657 2681 ἔχεται
2708 2610 3125 2680 ὑποδείγματος,
3168 2611 3230 2663 τὸ
3277 2612 3448 2664 κακὸν

1857 2693 2019 2746 τοῦτο
2045 2691 2233 2763 θαῦμα
2271 2693 2434 2761 λέγω.
2469 2690 2624 2757 Εἶδες
2648 2693 2864 2756 πλάκας
2894 2693 3002 2747 ἀπὸ
3029 2692 3218 2756 ὓδατος
3248 2694 3449 2762 βαστα-

1858 2774 2114 2846 ζομένας,
2145 2775 2241 2828 καὶ
2262 2775 2469 2830 ἄνωθεν
2494 2777 2644 2845 χιόνα
2675 2775 2946 2848 φερούσας
2971 2792 2984 2840 ;
3012 2776 3235 2846 Χειμὼν
3260 2779 3448 2848 είργά·

1861 2874 2008 2913 σατο·
2047 2858 2182 2923 Θεὸς
2216 2860 2316 2913 οὑκ
2373 2859 2697 2929 ὲργάζεται;
2763 2860 3019 2930 Ἐποίησε
3067 2859 3160 2912 τὸν
3217 2859 3449 2930 οὐρανὸν

1856 2943 1954 3014 οὑχ
1983 2942 2058 3006 ὡς
2081 2939 2335 3012 σφαῖραν,
2360 2944 2434 3007 ὡς
2473 2941 2852 3013 φιλοσοφοῦσιν
2882 2944 2930 2996 οἱ
2965 2942 3348 3012 ματαιολόγοι·
3383 2943 3446 2994 οὑ

1856 3024 1968 3096 γὰρ
2004 3025 2228 3097 ἐποίησε
2264 3029 2501 3097 σφαῖραν
2549 3026 2900 3096 κυλιομένην,
2937 3026 3052 3079 ἀλλ’
3091 3024 3168 3088 ὦς
3209 3042 3375 3096 φησιν
3417 3027 3448 3078 6

1857 3110 2168 3180 προφήτης,
2222 3111 2250 3162 6
2290 3110 2443 3179 ήλιος
2493 3110 2611 3174 πῶς
2645 3109 2860 3180 τρέχει;
2907 3110 2968 3162 '0
2993 3107 3300 3177 στεγάσας
3339 3107 3447 3161 τὸν

1855 3193 2117 3260 οὐρανὸν
2161 3192 2239 3258 ὠς
2289 3191 2582 3261 καμάραν,
2636 3191 2736 3245 καὶ
2787 3191 3082 3257 διατείνας
3122 3190 3310 3245 αὐτὸν
3365 3190 3446 3256 ὠς

1855 3275 2121 3344 σκηνήν.
2153 3275 2344 3339 Οὐδεὶς
2377 3275 2534 3346 ήμῶν
2561 3275 2735 3339 οὑτως
2764 3275 2967 3344 ἀσεϐὴς
2984 3273 3124 3328 ὥστε
3155 3275 3445 3344 πεισθῆναι

1853 3360 1968 3421 τοῖς
2001 3357 2404 3430 ματαιολόγοις.
2439 3359 2502 3410 Οί
2531 3359 2810 3428 προφῆται
2851 3358 3119 3426 λέγουσιν,
3159 3359 3241 3410 ὅτι
3270 3357 3445 3429 ἀρχὴν

1855 3441 1970 3512 ἔχει
2002 3442 2096 3495 καὶ
2135 3443 2288 3506 τέλος
2314 3444 2342 3495 6
2369 3444 2430 3494 οὑ
2442 3443 2622 3514 ρανός.
2665 3443 2764 3496 Διὰ
2786 3443 2944 3496 τοῦτο
2974 3443 3068 3495 καὶ
3094 3444 3123 3494 6
3145 3442 3300 3511 ἥλιος
3344 3444 3444 3496 οὑκ

1851 3525 2158 3586 ἀναϐαίνει,
2194 3525 2309 3579 ἀλλ’
2354 3526 2592 3597 ἔρχεται.
2639 3525 2802 3593 Λέγει
2841 3525 2992 3596 μου]
3039 3525 3071 3594 ἡ
3114 3525 3338 3597 Γραφή·
3379 3526 3445 3579 '0

1852 3607 2026 3676 ἣλιος
2052 3605 2311 3673 ἐξῆλθεν
2332 3609 2433 3662 ἐπὶ
2459 3609 2574 3678 τὴν
2602 3606 2738 3675 γῆν,
2763 3609 2860 3662 καὶ
2896 3607 3027 3662 Λὼτ
3047 3607 3335 3676 εισῆλθεν
3358 3611 3444 3675 είς

1851 3690 2076 3760 Σηγώρ.
2111 3691 2276 3744 Ὥστε
2303 3691 2460 3764 δῆλον
2500 3694 2583 3745 ὃτι
2628 3682 2851 3761 ἐξῆλθεν
2883 3693 2911 3744 6
2956 3691 3129 3761 ἣλιος,
3165 3693 3308 3744 κατὰ
3340 3693 3442 3762 τὴν

1854 3773 2102 3845 Γραφὴν,
2138 3777 2232 3827 καὶ
2264 3773 2364 3827 οὑκ
2405 3773 2658 3844 ἀνῆλθεν.
2697 3774 2809 3827 Καὶ
2840 3774 3022 3837 πάλιν,
3073 3773 3200 3827 Ἀπ’
3231 3773 3440 3841 ἄκρου,

1851 3857 2006 3926 φησὶ,
2032 3856 2138 3910 τοῦ
2169 3858 2432 3925 οὐρανοῦ
2463 3859 2500 3925 ἡ
2536 3857 2749 3922 ἔξοδος
2777 3856 2984 3918 αὑτοῦ,
3010 3857 3114 3909 οὑκ
3141 3856 3345 3918 ἄνοδος.
3381 3858 3442 3910 Εἰ

1850 3939 2056 4013 σφαῖρά
2101 3942 2270 3998 ἐστιν.
2316 3941 2486 4012 ἄκρον
2525 3940 2626 3993 οὑκ
2659 3939 2794 4010 ἔχει.
2843 3939 2916 3992 Τὸ
2949 3939 3058 4009 γὰρ
3102 3941 3444 4010 πανταχόίει

1849 4023 2163 4094 περιφερὲς,
2204 4023 2308 4076 ποὺ
2364 4022 2478 4094 ἔχει
2523 4023 2582 4078 τὸ
2616 4023 2820 4094 ἄκρους
2861 4017 3012 4093 *Λρα
3056 4017 3148 4075 οὖν
3201 4024 3230 4075 6
3278 4024 3441 4075 Δαυῖδ

1852 4104 2010 4175 μόνος
2039 4104 2203 4172 λέγει,
2238 4105 2270 4175 ἢ
2301 4106 2394 4158 καὶ
2413 4107 2442 4158 6
2465 4107 2692 4177 Σωτήρ;
2730 4107 2930 4158 ’Ἄκουε
2959 4103 3123 4158 αὑτοῦ
3154 4103 3438 4172 λέγοντος·

1851 4189 2038 4241 Ὅταν
2057 4187 2206 4255 ἔλθῃ
2223 4191 2255 4240 ό
2278 4187 2408 4254 Υίός
2426 4189 2531 4243 τοῦ
2548 4187 2865 4256 ἀνθρώπου
2877 4189 2946 4240 ὲν
2965 4186 3039 4254 τῇ
3059 4186 3211 4254 δόξῃ
3228 4187 3438 4252 αὐτοῦ,

1846 4269 2180 4324 ἀποστελεῖ
2200 4269 2343 4336 τοὺς
2381 4270 2679 4340 ἀγγέλους
2714 4269 2903 4324 αὐτοῦ
2929 4270 3078 4338 μετὰ
3102 4270 3441 4340 σάλπιγγος

1845 4353 1948 4406 καὶ
1987 4351 2193 4422 φωνῆς
2234 4352 2526 4422 μεγάλης,
2577 4354 2674 4408 καὶ
2714 4352 3059 4418 συνάξουσι
3097 4353 3241 4419 τοὺς
3269 4357 3441 4406 ἐκλε-

1846 4435 2030 4501 κτοὺς⁸
2070 4435 2258 4489 αὐτοῦ
2299 4436 2402 4490 ἀπ’
2431 4437 2618 4504 ἀκρον
2651 4437 2759 4490 τοῦ
2807 4435 3068 4502 οὐρανοῦ
3103 4435 3215 4502 ἕως
3251 4435 3438 4503 ἄκρου

1846 4518 1952 4574 τοῦ
1985 4519 2272 4587 οὐρανοῦ.

1917 4608 1979 4656 ε’.
2009 4601 2293 4673 Ζητοῦμεν
2323 4602 2379 4656 δὲ
2413 4602 2516 4657 ποῦ
2541 4602 2688 4656 δύνει
2721 4605 2750 4656 6
2779 4604 2951 4673 ἥλιος,
2996 4603 3091 4655 καὶ
3123 4602 3223 4656 ποῦ
3254 4605 3436 4674 τρέχει

1845 4683 1942 4755 τὴν
1971 4684 2161 4739 νύκτα.
2195 4684 2354 4738 Κατὰ
2401 4686 2527 4747 τοὺς
2565 4684 2690 4749 ἔξω,
2717 4686 2822 4738 ὑπὸ
2854 4686 2952 4752 τὴν
2979 4685 3113 4754 γῆν·
3143 4685 3264 4739 καθ’
3289 4687 3437 4756 ἡμᾶς

1844 4768 1901 4821 δὲ
1925 4768 2053 4831 τοὺς
2078 4769 2284 4840 σκηνὴν
2312 4769 2474 4822 αὑτὸν
2497 4767 2523 4809 ἀ
2551 4769 2830 4837 λέγοντας,
2855 4769 2908 4821 τί
2927 4787 2940 4834 ;
2961 4769 3220 4840 Πρόσεχε.
3256 4788 3437 4843 παρα-

1847 4849 2016 4913 καλῶ,
2048 4852 2096 4904 εί
2144 4851 2218 4929 μὴ
2269 4850 2618 4919 διαψεύδεται
2653 4851 2713 4904 τὸ
2763 4853 2945 4922 ῥῆμα·
2991 4851 3105 4904 ἀλλ’
3150 4855 3197 4905 εί
3228 4854 3372 4923 ἔχεις
3409 4865 3432 4893 θ

1847 4934 2119 5007 σφραγῖδα
2145 4935 2652 5006 μεμαρτυρημένην
2668 4935 2772 4987 ὑπὸ
2797 4934 2897 5002 τῆς
2919 4935 3198 5004 ἀληθείας,
3219 4938 3435 5007 συντρέ-

1843 5037 1928 5089 χει
1955 5021 2019 5087 τῇ
2058 5018 2252 5087 φράσει
2277 5020 2368 5070 καὶ
2399 5021 2426 5070 6
2459 5019 2624 5082 τόπος
2662 5017 2710 5073 ί.
2742 5018 2981 5088 Νόμισον
3013 5015 3148 5072 εἶναι
3177 5021 3435 5089 καμάραν

1844 5101 2220 5170 ἐπικειμένην.
2267 5101 2332 5152 Ἥ
2365 5101 2596 5171 ἀνατολὴ
2631 5104 2748 5157 ἐκεῖ
2784 5102 2897 5154 ἐστι
2928 5102 3069 5155 κατὰ
3109 5102 3199 5153 τὸν
3229 5101 3428 5156 τύπον·

1844 5185 2042 5253 ἄρκτος
2067 5177 2191 5245 ὦδε,
2231 5184 2546 5256 μεσημϐρία
2577 5186 2714 5248 ἐκεῖ,
2740 5185 2894 5248 δύσις
2916 5186 3050 5237 ἐκεῖ.
3087 5182 3275 5246 Ἥλιος
3296 5185 3430 5237 ἀνα-

1842 5266 2042 5320 τέλλων
2075 5266 2169 5319 καὶ
2210 5266 2421 5335 μέλλων
2453 5269 2652 5331 δύνειν,
2685 5268 2782 5338 οὑχ
2820 5267 2923 5321 ὑπὸ
2968 5267 3071 5335 γῆν
3105 5266 3274 5329 δύνει,
3311 5268 3428 5322 ἀλλ’

1843 5349 2072 5413 ἐξελθὼν
2109 5349 2174 5402 τὰ
2203 5349 2413 5420 πέρατα
2451 5352 2546 5405 τοῦ
2589 5350 2844 5422 οὐρανοῦ,
2880 5348 3062 5420 τρέχει
3089 5352 3168 5413 είς
3196 5352 3261 5403 τὰ
3300 5351 3430 5422 βορ-

1846 5433 1966 5502 ρινά
1997 5434 2022 5472 ε
2054 5432 2214 5502 μέρη,
2244 5431 2431 5504 ὥσπερ
2456 5435 2559 5487 ὑπό
2576 5452 2700 5487 τινα
2727 5436 2905 5504 τοῖχον
2932 5433 3322 5502 κρυπτόμενος,
3353 5435 3428 5507 μὴ

1845 5514 2273 5586 συγχωρούντων
2297 5517 2405 5569 τῶν
2429 5518 2640 5571 ὑδάτων
2654 5516 2887 5586 φανῆναι
2910 5515 3073 5568 αὑτοῦ
3097 5516 3184 5567 τὸν
3206 5516 3423 5587 δρόμον,

1907 5596 1933 5637 ά
1959 5596 2108 5664 Savil.
2132 5600 2259 5664 gpnj.
2276 5599 2450 5664 αὑτοῦ.
2475 5600 2730 5650 Combeﬁs.
2760 5601 2898 5664 dedi}
2918 5601 3136 5660 λέγοντας
3165 5600 3245 5646 τὸν
3285 5601 3429 5664 οὐρα-

1843 5661 1939 5748 νδιτ
1957 5660 2687 5748 εειοιιηιξεηιτλ,ἓηιίξῑρειξξυε
2721 5671 2815 5712 εει·

1911 5735 1932 5786 ς
1957 5721 2038 5786 §ic
2066 5721 2217 5786 Vatic.
2243 5722 2350 5770 Sav.
2381 5721 2486 5786 6M7
2510 5724 2647 5786 ἔχεις.

1956 5783 2038 5848 διε
2061 5784 2254 5848 ς”οεῐηες
2274 5793 2428 5848 γει-ιε.
2455 5781 2603 5848 Ᾱὶὶἷό
2627 5786 2812 5848 τρόπος.

1912 5847 1937 5885 υ
1971 5845 2125 5895 V’alic.
2151 5846 2211 5893 τὰ
2236 5845 2424 5908 βορῤινά
2455 5847 2533 5896 hic
2557 5854 2609 5898 et
2632 5842 2772 5908 ihfra;
2791 5847 2901 5896 Sav.
2934 5844 3116 5908 βόρεια,
3137 5849 3193 5896 ιιι
3212 5842 3424 5896 Comm

2993 5946 3074 6008 28
