3982 6218
119 413 235 467 4.33

122 512 441 567 Currentem
483 506 550 562 ad
592 503 870 561 meridiem
894 544 909 568 ,
939 509 995 555 ut
1024 499 1240 555 boream
1284 496 1703 552 circumeuntem

124 603 233 674 iam
263 602 409 656 disce
440 600 491 653 in
524 598 715 652 hiemis
762 601 1077 663 tempestate
1108 608 1118 643 :
1150 589 1271 660 quia
1315 603 1420 642 non
1461 602 1492 639 a
1532 584 1709 639 medio

127 697 337 751 oriente
372 694 576 756 oritur,
609 690 699 746 sed
724 691 864 745 circa
912 687 1077 741 austri
1108 687 1245 739 latus
1275 684 1486 750 oblique
1516 679 1705 750 pergit,

128 789 483 858 exiguumque
516 782 850 839 intervallum
882 793 1091 841 secans,
1128 776 1342 830 brevem
1372 773 1512 827 diem
1544 771 1707 834 facit;

125 894 248 932 cum
275 876 471 933 occidit
500 884 675 929 autetu
704 882 756 927 et
784 886 970 927 rursus
994 868 1252 925 circulum
1284 863 1521 919 decurrit
1547 902 1563 929 ,
1591 862 1708 915 lon-

127 984 247 1036 gatu
277 975 487 1021 noctem
520 966 662 1019 facit.
689 963 933 1028 Scimus,
979 959 1174 1013 fratres
1195 998 1210 1021 ,
1239 956 1408 1011 solem
1460 969 1564 1006 non
1589 967 1707 1005 om-

124 1062 258 1113 nino
285 1057 351 1112 ab
380 1058 567 1113 eodem
598 1064 794 1127 puncto
821 1052 1089 1124 progredi.
1122 1048 1400 1119 Quomodo
1437 1060 1563 1116 ergo
1586 1046 1709 1099 bre-

130 1166 220 1204 ves
253 1152 385 1203 liuut
411 1148 570 1203 dies?
597 1144 815 1201 Accedit
834 1146 951 1213 ejus
975 1152 1127 1197 ortus
1153 1141 1219 1195 ad
1254 1142 1389 1194 latus
1419 1137 1659 1192 meridiei
1693 1153 1707 1189 :

129 1239 321 1294 deinde
342 1252 448 1293 nou
478 1238 637 1291 altam
666 1246 854 1290 tenens
880 1276 893 1300 ,
922 1233 1014 1288 sed
1045 1232 1316 1302 obliquam
1346 1229 1493 1283 brevi
1522 1240 1712 1281 secans

130 1331 264 1382 viam
284 1370 299 1393 ,
327 1329 515 1383 breves
535 1326 698 1382 efﬁcit
722 1334 925 1381 noctes.
953 1324 1216 1379 Occidens
1236 1329 1410 1376 autem
1433 1320 1484 1374 in
1502 1332 1711 1373 summo

130 1418 441 1482 occidentis,
469 1416 771 1471 necessario
800 1416 988 1470 circuit
1017 1429 1110 1483 per
1134 1421 1345 1466 noctem
1376 1417 1545 1463 totum
1571 1407 1712 1462 occi-

130 1508 340 1564 dentem
372 1517 426 1561 et
452 1516 618 1560 totum
645 1506 892 1567 boream,
918 1515 1191 1573 totumque
1220 1502 1479 1557 orientem
1502 1541 1519 1566 ,
1550 1509 1711 1569 atque

134 1600 196 1653 ad
220 1598 463 1653 meridiei
485 1612 752 1651 summum
792 1597 978 1660 venit;
1007 1610 1069 1650 ac
1112 1608 1333 1649 necesse
1357 1602 1439 1647 est
1466 1605 1709 1660 magnam

128 1704 245 1745 esse
270 1700 502 1743 noctem.
533 1688 758 1756 Quando
796 1696 974 1741 autem
1019 1686 1278 1756 aequalem
1327 1683 1711 1753 longitudinem

130 1792 181 1835 et
210 1780 471 1850 :rqualem
517 1794 730 1834 cursum
773 1778 965 1843 habet,
998 1787 1123 1832 tunc
1150 1776 1528 1846 aequinoctium
1562 1774 1706 1827 facit.

132 1871 334 1925 Rursus
354 1871 419 1925 ad
437 1871 652 1925 boream
676 1870 951 1925 declinans
971 1869 1113 1925 velut
1132 1869 1303 1923 hieme
1324 1866 1389 1921 ad
1412 1865 1710 1931 meridiem,

130 1973 178 2015 et
196 1962 260 2015 ad
284 1962 458 2016 borea:
478 1976 683 2016 summa
704 1961 999 2015 ascendens
1014 1960 1295 2024 exaltatur,
1325 1970 1377 2013 et
1398 1959 1611 2027 longum
1629 1957 1712 2012 ef-

132 2055 235 2108 ﬁcit
255 2054 434 2109 diem:
464 2054 677 2110 brevem
708 2064 885 2109 autem
912 2053 1166 2107 circulum
1188 2050 1582 2105 decurrendum
1618 2050 1707 2103 ba-

130 2148 279 2211 bens,
299 2147 512 2201 brevem
527 2145 685 2201 efﬁcit
703 2154 934 2199 noctem.
950 2144 1062 2198 Non
1082 2143 1195 2197 haec
1211 2142 1381 2198 Grieci
1400 2157 1495 2195 nos
1512 2141 1711 2195 docue-

132 2250 253 2293 runt
278 2256 291 2292 :
320 2254 491 2309 neque
533 2238 675 2293 enim
720 2239 820 2292 hoc
849 2236 1053 2302 volunt;
1083 2234 1176 2289 sed
1217 2234 1315 2289 sub
1345 2243 1483 2287 terra
1529 2232 1712 2286 dicunt

129 2344 273 2387 astra
310 2346 526 2387 currere
568 2339 725 2401 atque
772 2330 961 2385 solent.
1010 2327 1280 2394 Scriptura
1327 2340 1457 2380 vero
1488 2333 1705 2389 nostra,

130 2425 309 2477 divina
336 2424 590 2493 magistra
615 2422 912 2491 Scriptura,
946 2435 1042 2473 nos
1070 2419 1248 2473 erudit
1267 2458 1282 2480 ,
1316 2418 1707 2485 illuminatque.

132 2515 334 2569 Deinde
362 2514 485 2570 fecit
513 2515 703 2578 solem,
733 2530 836 2569 non
863 2512 1117 2566 deﬁciens
1162 2510 1422 2565 luminare
1448 2526 1462 2574 ;
1501 2510 1705 2576 lunam,

130 2622 248 2675 qua:
293 2607 540 2661 decorem
568 2606 713 2660 exuit
742 2615 796 2659 et
826 2619 1040 2658 rursum
1070 2602 1261 2656 induit.
1306 2601 1487 2656 Prodit
1529 2602 1710 2655 Artiﬁ-

130 2713 248 2751 cem
294 2713 445 2766 opus.
500 2697 799 2767 Numquam
847 2695 1027 2751 deﬁcit
1072 2694 1310 2759 Artifex;
1338 2703 1596 2748 anei-num
1627 2703 1711 2748 est

130 2804 288 2858 opus.
329 2788 512 2859 Neque
558 2788 697 2842 lunze
730 2789 819 2841 lux
864 2787 1159 2842 absumitur
1184 2827 1197 2849 ,
1245 2785 1335 2840 sed
1366 2786 1650 2839 occultatur
1693 2802 1709 2839 :

130 2890 319 2949 estque
351 2888 592 2934 nostrum
624 2879 927 2933 mortalium
971 2877 1245 2931 hominum
1290 2877 1483 2945 imago.
1521 2875 1707 2943 Cogita

137 2987 245 3040 quo
265 2972 577 3026 smeulorum
610 2971 778 3040 spatio
807 2980 921 3023 orta
963 2970 1051 3024 sit.
1076 2968 1142 3022 Et
1168 2969 1212 3022 si
1242 2969 1409 3038 prima
1435 2968 1541 3032 sit,
1573 2968 1706 3021 dici-

132 3077 252 3116 mus
280 3074 294 3115 :
328 3061 475 3115 Luna
504 3060 661 3115 hodie
706 3060 959 3114 nascitur.
1002 3059 1221 3127 Quare?
1247 3060 1379 3124 Quia
1414 3059 1588 3126 imago
1619 3066 1703 3112 est

131 3165 435 3208 nostrorum
485 3168 790 3223 corporum.
833 3153 1107 3216 Nascitur,
1141 3152 1366 3215 crescit,
1418 3151 1702 3219 impletur,

129 3246 429 3310 decrescit,
462 3246 735 3310 minuitur,
765 3244 959 3298 occidit
988 3259 1001 3300 :
1036 3252 1091 3297 et
1138 3256 1236 3296 nos
1279 3240 1498 3311 perinde
1530 3240 1704 3295 nasci-

131 3352 272 3400 mur,
305 3337 628 3400 crescimus,
658 3335 724 3389 ad
776 3335 1159 3403 plenitudinem
1206 3333 1470 3397 venimus,
1496 3348 1704 3388 marce-

127 3430 348 3490 scimus,
377 3429 727 3493 declinamus,
754 3427 1186 3483 consenescimus
1205 3466 1219 3491 ,
1253 3426 1531 3489 morimur,
1560 3425 1705 3478 occi-

125 3520 322 3573 dimus.
372 3518 565 3573 Verum
610 3519 694 3573 illa
726 3533 908 3573 rursus
952 3519 1226 3572 nascitur:
1258 3526 1313 3572 et
1357 3530 1455 3569 nos
1488 3516 1708 3585 perinde

126 3611 485 3664 resurrecturi
542 3623 757 3673 sumus,
788 3623 991 3677 nosque
1038 3616 1217 3662 manet
1263 3608 1363 3659 alia
1413 3606 1704 3675 generatio.

128 3700 253 3753 Ideo
278 3699 528 3753 Servator
574 3708 631 3751 ut
679 3699 924 3753 ostendat
955 3713 1049 3751 nos
1075 3737 1089 3762 ,
1136 3696 1580 3766 quemadmodum
1623 3696 1709 3749 hic

129 3791 240 3844 nati
268 3804 474 3852 sumus,
510 3806 717 3842 rursum
748 3789 1048 3843 nascituros
1076 3803 1193 3842 esse
1220 3829 1233 3851 ,
1261 3789 1334 3839 ait
1367 3805 1378 3838 :
1412 3786 1538 3839 Cum
1563 3802 1709 3839 vene-

126 3881 191 3932 rit
225 3878 393 3933 Filius
437 3881 651 3932 hominis
692 3880 745 3932 in
788 3880 1159 3949 regeneratioue
1203 3876 1421 3949 (Matth.
1451 3878 1535 3932 l9.
1574 3877 1705 3946 28).

128 3971 418 4025 l‘ollicetur
462 3971 583 4023 luna
629 3974 1095 4024 resurrectionem.
1138 3968 1246 4033 Me,
1289 3968 1489 4037 inquit,
1518 3968 1708 4024 videtis

126 4062 420 4127 occultari,
447 4071 499 4116 et
524 4077 731 4115 rursum
762 4077 1038 4130 apparere,
1070 4072 1122 4115 et
1153 4077 1299 4130 Spem
1329 4076 1543 4115 omnem
1570 4061 1707 4128 abji-

127 4155 292 4211 citis?
324 4155 512 4209 Nonne
542 4157 621 4209 sol
652 4156 701 4208 in
733 4156 899 4209 nostri
936 4155 1157 4224 grati-im
1188 4154 1355 4208 factus
1383 4157 1501 4208 est?
1533 4171 1708 4209 nonne

127 4247 297 4300 luna?
324 4262 499 4301 nonne
525 4255 783 4300 creatura:
811 4244 1032 4299 omnes?
1068 4245 1203 4311 Quid
1232 4245 1374 4298 enim
1416 4246 1567 4298 nobis
1603 4260 1707 4298 non

128 4339 413 4407 pollicetur
447 4335 936 4391 resurrectionem?
973 4334 1160 4388 Nonne
1192 4336 1376 4387 mortis
1405 4335 1575 4403 imago
1605 4350 1710 4389 nox

126 4430 244 4483 est?
267 4429 509 4496 Projecta
540 4428 637 4481 sub
656 4427 889 4482 tenebris
906 4441 1152 4496 corpora,
1179 4426 1375 4479 formas
1394 4441 1496 4478 non
1517 4426 1712 4480 discer-

126 4520 246 4574 nis?
289 4522 445 4587 Smpe
494 4533 650 4570 manu
700 4530 1000 4571 contrcc;as
1045 4517 1248 4571 vultum
1299 4518 1705 4581 dormientium,

129 4626 230 4666 nec
260 4612 399 4664 nosti
431 4625 673 4679 quintam
707 4608 821 4663 lure
867 4608 1031 4663 facies
1075 4611 1177 4675 sit,
1207 4626 1325 4679 qua:
1357 4610 1476 4672 illa;
1508 4609 1599 4663 sed
1634 4611 1716 4663 in.

128 4718 371 4773 terrogas
392 4744 405 4765 ,
436 4712 492 4755 ut
521 4717 627 4755 vox
672 4716 845 4771 praeco
889 4701 958 4755 sit
984 4716 1166 4755 eorum
1190 4741 1203 4763 ,
1256 4701 1343 4768 qui
1399 4701 1448 4753 in
1480 4700 1712 4754 tenebris

124 4794 484 4850 occultantur.
517 4791 971 4858 Quemadmodum
1022 4792 1178 4861 igitur
1207 4805 1310 4844 nox
1361 4790 1559 4844 formas
1594 4791 1715 4843 abs-

128 4888 315 4944 condit
345 4895 553 4941 nostras
574 4927 589 4948 ,
634 4883 840 4939 etiamsi
869 4900 1057 4939 omnes
1105 4883 1262 4937 simul
1300 4882 1465 4937 simus
1486 4925 1499 4945 ,
1525 4899 1711 4937 nemo-

125 4996 235 5050 que
272 4979 496 5031 alterum
522 4977 793 5044 cognoscit
819 4993 830 5027 :
860 4977 937 5029 sic
967 4979 1111 5028 venit
1138 4990 1241 5028 uox
1262 5016 1275 5039 ,
1323 4984 1377 5028 et
1406 4975 1568 5027 solvit
1601 4975 1710 5027 for-

127 5086 245 5126 mas
266 5113 279 5135 ,
310 5079 366 5122 ut
388 5082 545 5123 nemo
574 5068 797 5120 alterum
824 5068 1047 5119 noverit.
1072 5067 1407 5119 Monumenta
1432 5068 1705 5136 pervadis;

129 5166 174 5218 si
203 5164 398 5216 multas
422 5160 603 5215 videas
625 5160 878 5211 calvarias
910 5159 961 5211 in
996 5158 1237 5225 sepulcro
1260 5196 1275 5221 ,
1297 5159 1508 5208 nostine
1534 5157 1713 5224 cujus-

126 5269 254 5308 natn
286 5258 399 5307 hinc
436 5252 542 5305 sit?
572 5253 637 5304 At
681 5252 830 5302 novit
882 5250 967 5303 ille
1008 5249 1094 5317 qui
1124 5248 1317 5300 struxit
1348 5262 1361 5297 :
1399 5247 1485 5313 qui
1516 5248 1708 5311 Solvit,

129 5348 282 5399 novit
336 5345 476 5399 unde
530 5343 714 5397 formae
770 5342 882 5394 istm
935 5346 1326 5408 processerunt.
1374 5341 1561 5391 Annon
1614 5340 1713 5391 titi-

127 5437 271 5490 raris
322 5436 413 5490 Dei
465 5435 770 5505 opiﬁcium,
825 5432 962 5501 quod
1014 5434 1064 5485 itt
1115 5442 1192 5485 tot
1240 5430 1475 5483 millibus
1520 5432 1717 5483 forma-

126 5544 252 5583 rum
299 5527 443 5581 nulla
491 5527 700 5581 intersit
731 5524 1055 5578 similitudo?
1085 5524 1164 5576 vel
1204 5524 1247 5575 si
1281 5522 1347 5576 ad
1392 5521 1526 5575 ﬁnes
1572 5522 1716 5574 orbis

130 5633 422 5688 properes,
482 5619 747 5671 nominem
802 5615 952 5669 alteri
1008 5614 1233 5667 similem
1302 5614 1569 5681 reperies;
1622 5613 1716 5665 sed

127 5709 346 5763 etiamsi
386 5710 667 5777 repereris,
696 5706 895 5775 aliquid
920 5705 1022 5759 erit
1052 5705 1131 5756 vel
1158 5704 1210 5757 in
1240 5716 1369 5755 naso
1394 5702 1472 5755 vel
1502 5702 1552 5754 itt
1586 5718 1717 5755 ocu-

130 5803 186 5858 lo
232 5801 589 5867 discriminis,
623 5809 679 5854 ut
726 5814 809 5855 res
858 5794 1117 5869 stupenda
1166 5803 1440 5863 appareat.
1489 5791 1711 5849 Gemelli

1159 381 1243 437 DE
1282 378 1491 436 MUNDI
1529 378 1921 435 CREATIONE
1959 376 2215 434 ORATIO
2256 377 2342 433 Ill.

3291 388 3401 442 454

1817 507 1881 549 ex
1926 507 2031 546 uno
2058 503 2254 547 exeunt
2298 502 2479 559 utero,
2512 502 2565 548 et
2606 494 2954 550 similitudine
2998 494 3390 566 disgregantur.

1884 584 1937 639 6.
1974 585 2183 656 Ergone
2228 587 2318 656 qui
2348 595 2423 641 tot
2453 585 2655 641 formas
2678 628 2694 653 ,
2723 602 2844 642 cum
2895 604 3001 643 non
3025 598 3240 653 essent,
3266 606 3394 659 pro-

1813 679 2000 744 duxit,
2049 693 2169 732 cum
2221 678 2443 733 solverit
2490 695 2751 735 renovare
2796 697 2901 735 non
2946 682 3177 751 poterit?
3223 682 3300 737 Ne
3340 691 3397 737 ut

1814 785 2150 825 aerumnosas
2172 771 2331 825 homo
2360 771 2453 825 Dei
2485 772 2775 841 potentiam
2808 774 2912 827 tuis
2951 774 3244 829 ratiociniis
3280 790 3395 829 tne-

1816 863 1982 915 tiaris.
2015 862 2091 916 Ne
2118 872 2271 932 putes
2319 862 2488 918 Deum
2521 873 2663 918 tanta
2694 865 2949 937 (solum)
2982 882 3163 936 posse,
3196 876 3395 937 quanta

1816 963 1868 1008 tu
1896 954 2131 1023 cogitare
2160 954 2325 1008 vales.
2351 954 2504 1020 Quod
2526 955 2570 1009 si
2604 965 2745 1010 tanta
2776 957 2946 1010 solum
2973 958 3170 1026 possit,
3198 968 3395 1029 quanta

1814 1061 1916 1116 ego
1938 1047 2134 1116 cogito,
2162 1047 2331 1102 ausim
2354 1047 2555 1109 dicere.
2583 1047 2759 1118 Longe
2786 1051 2960 1103 minor
2980 1062 3061 1107 est
3093 1052 3251 1117 Deus;
3279 1068 3397 1108 me-

1816 1138 1945 1190 titur
1971 1139 2113 1193 enim
2152 1140 2299 1193 illum
2328 1140 2580 1209 cogitatio
2613 1156 2749 1195 mea.
2781 1142 2931 1207 Quod
2963 1142 3007 1195 si
3046 1154 3278 1199 mentem
3306 1159 3398 1199 su-

1816 1241 1999 1300 perat,
2027 1243 2080 1285 et
2111 1232 2444 1287 ratiocinium
2484 1233 2662 1297 vincit,
2693 1234 3051 1289 inscrutabilis
3092 1244 3173 1289 est
3202 1236 3398 1290 Condi-

1816 1329 1936 1386 tor,
2001 1332 2052 1374 et
2122 1322 2683 1392 incomprehensibilia
2745 1340 2929 1393 Opera.
2998 1323 3398 1395 Interrogentur

1818 1410 2057 1465 haeretici
2089 1427 2155 1465 ex
2185 1412 2248 1467 iis
2278 1429 2395 1480 qua:
2426 1415 2709 1483 conspicua
2741 1424 2865 1469 sunt
2886 1458 2900 1483 ,
2932 1426 2988 1470 ut
3010 1416 3217 1471 discant
3243 1433 3302 1472 ea
3329 1417 3400 1474 de

1815 1502 2009 1572 quibus
2032 1503 2357 1572 quaestiones
2392 1513 2623 1558 movent.
2644 1504 2777 1572 Quia
2802 1506 2936 1561 dixit
2966 1509 3126 1571 Deus,
3162 1507 3281 1561 Fiat
3307 1510 3402 1578 [ir-

1817 1605 2159 1659 mamentum,
2205 1605 2259 1649 et
2299 1597 2478 1650 statim
2520 1598 2743 1652 verbum
2777 1597 2903 1654 illud
2944 1600 3155 1666 effecit,
3183 1602 3401 1673 reliquit

1817 1686 1973 1741 nobis
1994 1686 2095 1741 hoc
2127 1688 2317 1758 pignus
2342 1688 2482 1758 quod
2511 1689 2624 1759 ipse
2649 1689 2856 1745 fecerit.
2888 1690 3059 1746 Hodie
3088 1693 3278 1748 eazlum
3306 1711 3399 1750 re-

1821 1779 2107 1847 linquimus
2148 1779 2347 1833 nudum
2378 1795 2407 1833 a
2435 1796 2681 1849 veSpera,
2712 1796 2776 1835 ac
2822 1792 3043 1850 repente
3080 1795 3358 1854 surgentes
3378 1825 3394 1848 .

1818 1868 2120 1923 invenimus
2174 1869 2318 1923 aliud
2364 1870 2755 1925 ﬁrmamentum
2802 1872 2853 1925 in
2900 1873 3126 1927 nubibus
3178 1889 3397 1931 concre-

1818 1966 1949 2011 tum.
1978 1956 2052 2030 (η)
2077 1957 2097 2030 [
2120 1960 2211 2013 lla:
2232 1960 2347 2014 alia:
2374 1961 2652 2030 pignorum
2677 1974 2850 2029 partes
2880 1971 3003 2017 sunt
3035 1974 3152 2033 post
3176 1966 3397 2033 primas,

1816 2063 1939 2102 cum
1971 2048 2165 2103 videris
2194 2051 2383 2104 czclutn
2412 2051 2779 2119 caliginosum,
2812 2051 3061 2121 aliudque
3090 2054 3398 2110 ﬁrmamen-

1818 2148 1929 2194 tum
1973 2156 2038 2195 ex
2087 2141 2338 2196 nubibus.
2368 2142 2389 2215 ]
2434 2142 2533 2210 Qui
2573 2159 2716 2198 nunc
2746 2145 2892 2199 brevi
2925 2147 3205 2203 intervallo
3233 2150 3401 2206 nubes

1816 2241 1992 2297 creat,
2038 2234 2271 2287 ostendit
2300 2236 2567 2303 quomodo
2612 2246 2737 2292 tunc
2770 2253 2876 2290 uno
2904 2250 3176 2297 momento
3205 2243 3396 2299 caalum

1818 2324 2135 2381 condiderit.
2195 2327 2258 2380 Et
2294 2328 2417 2397 quid
2463 2329 2617 2383 facit?
2663 2331 2931 2399 quomodo
2972 2333 3143 2389 nubes
3193 2336 3398 2404 pluvias

1817 2419 2106 2471 emittunt?
2128 2418 2275 2472 Fecit
2305 2420 2472 2474 nubes
2495 2422 2632 2475 sicut
2659 2432 2827 2485 utres,
2863 2438 3062 2492 perque
3084 2425 3202 2478 illas
3225 2426 3399 2482 haurit

1818 2525 1983 2580 aquas
2029 2512 2230 2574 maris,
2277 2527 2396 2581 qua:
2439 2512 2595 2565 salsa:
2637 2523 2796 2577 sunt,
2846 2514 3135 2585 impletque
3179 2518 3347 2573 nubes
3382 2536 3395 2573 :

1816 2612 1986 2658 mutat
2016 2618 2206 2673 aquam
2227 2644 2239 2666 ,
2270 2612 2325 2658 et
2351 2604 2483 2672 rigat
2515 2614 2731 2658 terram.
2768 2606 2949 2659 Dicant
2978 2609 3245 2676 quomodo
3270 2610 3397 2665 efl'e.

1817 2704 1968 2750 ratur
1997 2696 2047 2748 itt
2075 2696 2300 2749 sublime
2344 2694 2394 2748 id
2433 2694 2571 2764 quod
2615 2710 2775 2763 grave
2804 2704 2921 2759 est;
2966 2699 3233 2766 quomodo
3259 2699 3393 2755 bau-

1817 2789 2018 2850 riatur;
2051 2787 2322 2857 quomodo
2351 2787 2519 2840 nubes
2569 2786 2835 2840 hauriant.
2885 2787 3001 2841 Non
3057 2792 3235 2843 statim
3265 2807 3394 2846 evao

1816 2888 2061 2942 cuantur,
2095 2878 2188 2933 sed
2233 2878 2386 2947 longe
2429 2886 2682 2936 currunt.
2706 2892 2812 2946 quo
2833 2878 3051 2945 jusserit
3099 2879 3354 2935 Dominus
3376 2923 3394 2948 ,

1815 2983 2004 3041 estque
2050 2971 2356 3025 mandatum
2414 2969 2506 3023 Dei
2555 2968 2704 3038 quasi
2760 2969 3031 3022 vinculum
3088 2970 3394 3038 impositum

1817 3063 2046 3117 nubibus
2065 3103 2078 3125 ,
2107 3060 2247 3132 quod
2280 3076 2384 3114 non
2430 3060 2555 3113 sinit
2582 3074 2673 3113 eas
2705 3059 2884 3126 pluere
2910 3100 2923 3121 ,
2954 3059 3127 3114 donec
3156 3061 3273 3130 ipse
3296 3077 3395 3116 an-

1820 3154 2017 3209 nuerit.
2049 3152 2199 3220 Quod
2251 3160 2428 3205 autem
2478 3160 2623 3203 utres
2672 3150 2778 3202 sint
2824 3149 3133 3205 testificatur
3190 3151 3394 3208 David:

1821 3245 2166 3316 Congregans,
2196 3245 2384 3314 inqttit,
2416 3243 2541 3297 sicut
2567 3250 2726 3295 utrem
2754 3257 2912 3310 aqua:
2933 3243 3087 3295 maris
3109 3241 3278 3316 (Paul.
3303 3245 3393 3301 52.

1820 3339 1892 3405 7).
1926 3334 1993 3389 Et
2017 3335 2139 3389 vide
2168 3350 2279 3389 rem
2327 3334 2538 3387 miram.
2568 3331 2865 3402 Congregat
2908 3348 3105 3401 aquas,
3136 3334 3396 3392 incumbit

1817 3443 2007 3482 manus
2030 3425 2366 3490 immortalis,
2395 3424 2671 3477 invisibilis
2694 3464 2709 3484 ,
2741 3437 2844 3477 non
2868 3423 3050 3477 SillCliS
3071 3426 3249 3480 statim
3270 3442 3395 3481 eva-

1814 3520 1988 3583 cuari,
2021 3517 2114 3571 sed
2144 3533 2236 3585 per
2260 3524 2458 3587 partes.
2482 3515 2550 3571 Ut
2578 3516 2769 3569 mulier
2789 3515 2981 3569 subtile
3000 3527 3205 3572 stamen
3236 3535 3388 3585 nens,

1817 3611 1989 3663 lanam
2020 3609 2261 3677 dispertit
2287 3609 2337 3662 iu
2366 3609 2526 3661 multa
2555 3606 2869 3675 diversaque
2900 3606 2987 3660 ﬁla
3021 3625 3034 3662 :
3067 3610 3144 3663 sic
3172 3610 3402 3667 immen-

1815 3718 1927 3755 sam
1958 3702 2121 3756 maris
2146 3699 2478 3755 altitudinem
2523 3699 2576 3751 in
2620 3698 2785 3752 stillas
2815 3702 2963 3769 quasi
2989 3701 3071 3755 lila
3120 3703 3393 3772 dividens,

1816 3794 1885 3846 ita
1919 3794 1970 3845 in
2011 3801 2207 3846 terram
2252 3792 2464 3846 emittit.
2519 3788 2709 3843 Verum
2757 3791 2897 3858 quod
2941 3800 3022 3845 est
3048 3792 3393 3857 admirabile,

1816 3885 1858 3939 si
1888 3886 2059 3939 soluta
2090 3894 2171 3937 est
2195 3926 2208 3947 ,
2242 3882 2510 3952 quomodo
2551 3898 2655 3935 non
2686 3883 2864 3935 statim
2898 3892 3220 3945 evacuatur;
3248 3884 3292 3937 si
3324 3886 3393 3937 li-

1816 3986 1935 4046 gata
1960 4018 1973 4041 ,
2026 3990 2122 4029 cur
2171 3974 2329 4028 ﬁuit?
2366 3974 2537 4028 llabes
2568 3973 2901 4040 exemplum,
2948 3972 3123 4026 debile
3147 3974 3394 4041 quidem,

1816 4068 1907 4123 sed
1940 4066 2081 4136 quod
2113 4066 2161 4119 id
2193 4065 2283 4119 tibi
2316 4065 2541 4118 suadere
2583 4062 2771 4115 valeat.
2806 4060 2989 4113 Vidisti
3021 4077 3276 4131 aquarum
3304 4080 3392 4118 ra-

1817 4160 2062 4229 ptorem?
2092 4157 2267 4211 vidisti
2296 4156 2565 4227 quomodo
2595 4154 2663 4207 ab
2708 4154 2816 4206 imo
2845 4152 3143 4221 perforatus
3170 4156 3273 4210 sit?
3305 4157 3392 4210 ln-

1816 4250 2074 4306 cumbeus
2109 4249 2345 4303 continet
2367 4262 2625 4315 aquarum
2655 4245 2862 4314 copiam
2888 4286 2900 4309 ,
2920 4245 3198 4300 obturatur
3218 4259 3392 4302 autem

1818 4344 2038 4398 inferius
2061 4358 2155 4410 per
2184 4342 2310 4395 illud
2342 4340 2478 4407 quod
2511 4339 2753 4408 superius
2774 4348 2942 4408 urget.
2971 4338 3057 4394 Sic
3083 4340 3396 4394 immortalis

1821 4437 1912 4491 Dei
1938 4435 2133 4505 digitus
2162 4434 2402 4487 imminet
2429 4432 2680 4494 nubibus,
2708 4432 2952 4498 laxatque
2980 4439 3234 4497 quantum
3262 4432 3396 4494 vult,

1818 4534 1873 4580 et
1918 4534 2173 4594 quantum
2221 4523 2334 4575 vult
2382 4530 2585 4583 servat,
2626 4529 2682 4573 ut
2740 4535 2833 4586 per
2865 4519 3165 4573 universam
3200 4529 3397 4576 terram

1821 4611 2019 4663 donum
2048 4610 2275 4663 emittat.
2305 4605 2467 4673 lthuc
2498 4604 2727 4656 maxime
2767 4602 2892 4656 facit
2944 4603 2994 4655 in
3028 4604 3275 4657 serotinis
3302 4605 3400 4658 int-

1820 4702 2003 4755 bribus
2025 4741 2039 4764 ,
2065 4697 2276 4768 quando
2299 4706 2461 4751 totam
2490 4694 2716 4747 inebriat
2741 4702 2933 4745 terram
2965 4709 2977 4744 :
3005 4695 3219 4761 quando
3242 4697 3402 4749 modo

1826 4795 1975 4858 illud,
2012 4793 2171 4845 modo
2202 4788 2343 4845 aliud
2372 4789 2525 4843 clima
2565 4787 2719 4854 rigat.
2754 4784 2873 4838 Ideo
2899 4785 2973 4837 ait
3002 4785 3255 4854 propheta
3288 4807 3300 4841 :
3334 4788 3401 4841 Et

1824 4889 1961 4955 pluet
2007 4900 2157 4953 super
2195 4882 2442 4934 civitatem
2468 4894 2649 4939 unam,
2694 4886 2739 4928 et
2767 4892 2917 4945 super
2962 4877 3213 4930 civitatem
3247 4894 3402 4933 unam

1822 4998 1921 5034 non
1958 4978 2110 5049 pluet.
2138 4975 2272 5029 Pars
2307 4989 2407 5025 una
2430 4970 2746 5034 compluetur
2772 5009 2785 5031 ,
2814 4977 2861 5019 et
2889 4985 3007 5037 pars
3028 5010 3041 5032 ,
3077 4985 3229 5037 super
3254 4986 3403 5039 quam

1823 5091 1920 5126 non
1943 5074 2099 5141 pluet,
2133 5074 2383 5121 exarescet
2416 5063 2590 5131 (Amos
2616 5060 2665 5113 ιι.
2700 5060 2773 5127 7).
2806 5058 3066 5112 incumbit
3092 5068 3269 5113 autem
3297 5076 3400 5113 non

1826 5165 1915 5217 Dei
1947 5163 2140 5231 digitus
2164 5202 2177 5222 ,
2204 5158 2296 5212 sed
2324 5155 2505 5209 missio
2537 5152 2632 5222 (b).
2664 5152 2774 5205 Sub
2807 5151 2970 5219 ﬁgura
2995 5160 3170 5204 autem
3200 5167 3405 5205 sermu-

1827 5271 1947 5309 nem
1980 5254 2092 5305 usui
2121 5258 2306 5304 nostro
2337 5242 2755 5301 accommodavi.
2779 5242 2953 5307 Jubet,
2982 5250 3036 5295 et
3060 5258 3165 5296 non
3197 5244 3401 5310 pluunt.

1827 5352 1999 5416 Atque
2052 5345 2150 5395 hoc
2179 5342 2307 5394 dicit
2351 5338 2621 5406 Scriptura
2657 5351 2668 5385 :
2705 5332 2966 5393 Nubibus,
3002 5333 3209 5401 inquit,
3259 5349 3403 5385 mau-

1828 5440 1956 5491 dnbo
2000 5453 2057 5489 ne
2102 5434 2282 5502 pluunt
2332 5431 2539 5483 imbrem
2570 5425 2736 5497 (lsai.
2771 5425 2822 5478 5.
2852 5425 2953 5494 6).
2984 5425 3146 5490 Quam
3199 5425 3399 5493 magni-

1891 5621 1961 5680 (τι)
1998 5619 2182 5666 Phrasis
2206 5619 2332 5664 inter
2355 5609 2739 5680 uncinosrosjta
2756 5603 2970 5680 deestgin
2995 5598 3135 5680 savii:

2554 5658 2690 5742 savii.
2731 5670 2778 5714 in
2819 5678 2967 5734 marg.
3000 5662 3182 5742 posulilt,
3213 5678 3234 5705 tt
3257 5658 3404 5742 forte,

2196 5721 2516 5789 'Cbhiuéasias
2537 5721 2971 5798 nullaatt‘ctoritat'e
3000 5721 3170 5798 ,_nu_lla
3192 5726 3408 5786 amboin

1830 5792 1965 5868 nota,
1995 5804 2272 5855 mandatum
2299 5799 2473 5863 posuit.
2503 5794 2593 5845 Sed
2618 5792 2778 5843 missio
2800 5799 2930 5838 stare
2957 5792 3137 5849 potest.
