3982 6218
540 393 654 448 455

546 493 699 556 ﬁcata
752 493 866 540 sunt
921 497 1073 550 Opera
1120 491 1206 534 tua
1231 521 1246 547 ,
1292 479 1507 534 Domine
1530 479 1551 533 !
1600 478 1782 532 Omnia
1828 478 1882 530 in
1925 479 2133 540 sapien-

548 583 619 637 tia
665 579 826 652 fecisti
865 575 1059 649 (Psal.
1107 574 1231 629 105.
1284 570 1356 626 94
1383 572 1420 642 ).
1465 570 1714 626 Vidistin’
1757 569 1852 624 Dei
1896 569 2133 624 creatio-

548 674 713 730 nem?
747 668 978 724 vidistin‘
1002 665 1272 738 quomodo
1310 665 1554 720 obstruat
1601 663 1976 717 ha‘reticorum
2002 675 2095 716 ora
2114 702 2130 726 ,

545 765 637 837 qui
665 761 990 820 creationem
1038 760 1317 828 ignorant,
1357 765 1411 812 et
1457 755 1766 811 Creatorem
1803 753 2013 809 curiose
2040 767 2136 807 ex-

544 860 758 930 plorant
782 857 804 910 ?
825 853 1016 911 Omnia
1051 853 1141 908 Dei
1182 852 1284 923 legi
1334 851 1721 920 obsequuntur.
1755 848 1868 903 Stat
1898 847 2086 902 emittm
2115 889 2131 914 ,

545 970 651 1011 non
685 968 778 1009 sua
812 965 971 1006 manu
1002 955 1265 1019 gestatum
1289 988 1302 1011 ,
1334 945 1429 1000 sed
1470 944 1647 998 divina
1693 944 1808 1014 lege
1841 942 2132 996 ﬁrmatum.

545 1046 680 1101 Cum
731 1045 874 1099 enim
919 1041 1269 1104 dubitavere,
1319 1036 1585 1108 quomodo
1630 1051 1698 1090 ex
1755 1035 1908 1106 aquis
1944 1033 2132 1088 calum

543 1145 850 1192 concretum
877 1133 967 1197 sit,
999 1130 1384 1186 dubitationem
1411 1143 1583 1182 meam
1616 1127 1774 1180 solvit
1807 1126 1992 1180 beatus
2025 1124 2133 1178 Da-

543 1227 634 1282 vid
663 1227 850 1280 dicens
880 1243 891 1276 :
931 1222 1089 1277 Verbo
1111 1220 1318 1275 Domini
1344 1220 1453 1274 εωΙὶ
1484 1219 1671 1287 ﬁrmati
1691 1226 1806 1272 sunt
1830 1220 1846 1285 (
1869 1215 2011 1270 Psal.
2041 1215 2130 1270 52.

544 1317 623 1390 ﬁ).
665 1317 775 1372 Cur
799 1317 940 1370 enim
974 1314 1167 1367 ﬁrmati
1197 1311 1359 1367 sunt?
1389 1310 1649 1378 Quoniam
1681 1325 1746 1362 ex
1778 1307 1930 1377 aquis
1958 1315 2130 1361 erant.

543 1411 840 1480 Numquam
865 1408 931 1464 de
970 1407 1141 1461 solido
1173 1414 1226 1459 et
1257 1405 1410 1458 ﬁrmo
1436 1404 1663 1468 dicitur,
1693 1401 1989 1456 Firmalum
2029 1408 2130 1454 est.

545 1504 726 1573 Neque
749 1510 925 1571 potest
953 1498 1217 1570 quispiam
1231 1498 1431 1561 dicere,
1463 1505 1668 1566 petram
1701 1494 1962 1548 firmatam
1989 1506 2128 1547 esse.

543 1593 700 1649 Aliud
725 1600 809 1646 est
833 1590 1102 1644 ﬁrmatum
1134 1604 1280 1652 esse,
1313 1586 1458 1640 aliud
1489 1600 1608 1640 esse
1641 1583 1878 1638 ﬁrmtun.
1926 1582 2133 1636 Firma-

543 1693 658 1738 tum
685 1680 1058 1750 dicitur,’quod
1087 1694 1205 1733 cum
1237 1694 1415 1732 rarum
1444 1685 1497 1732 et
1528 1676 1688 1730 molle
1713 1684 1877 1740 esset,
1907 1690 2132 1729 concre-

544 1787 656 1829 tum
689 1774 808 1828 fuit.
843 1771 967 1827 Ideo
996 1771 1207 1841 Petrus,
1241 1768 1457 1838 quando
1494 1768 1845 1838 paralyticum
1889 1767 2130 1830 sanavit,

542 1867 680 1921 dixit
711 1882 725 1919 :
780 1882 797 1915 ε
835 1863 946 1919 Viri
996 1862 1274 1928 lsraelitxe,
1305 1860 1428 1929 quid
1465 1859 1732 1913 miramini
1778 1859 1830 1912 in
1872 1857 2010 1922 hoc,
2045 1864 2134 1910 aut

543 1972 643 2012 nos
670 1956 796 2026 quid
826 1954 1130 2018 intuemini,
1166 1951 1316 2022 quasi
1364 1960 1546 2006 nostra
1577 1951 1778 2004 virtute
1818 1957 1907 2002 aut
1938 1948 2133 2018 pietate

543 2051 831 2105 fecerimus
864 2047 1003 2101 hunc
1029 2044 1343 2100 ambulare?
1373 2043 1511 2098 Deus
1549 2050 1758 2112 patrum
1800 2049 2128 2104 nostrorum,

545 2145 688 2196 Deus
719 2140 988 2195 Abraham
1019 2146 1071 2192 et
1118 2136 1262 2190 Isaac
1309 2146 1358 2190 et
1389 2135 1576 2196 Jaeoh,
1608 2134 1924 2204 gloriﬁcavit
1965 2131 2131 2184 ﬁlimn

543 2250 698 2289 suum
729 2234 945 2288 Jcsum:
980 2240 1034 2284 et
1063 2232 1114 2284 in
1145 2229 1248 2283 ﬁde
1275 2229 1508 2283 nominis
1541 2228 1660 2297 ejus
1688 2227 1829 2281 hunc
1862 2240 2020 2295 quem
2049 2224 2130 2278 vi-

545 2326 684 2380 detis
714 2333 767 2378 et
792 2323 982 2388 nostis,
1026 2321 1364 2375 conﬁrmavit
1393 2334 1585 2372 nomen
1613 2319 1731 2387 ejus
1770 2319 1787 2386 (
1821 2316 1934 2371 Act.
1958 2317 2012 2370 ὅ.
2043 2317 2128 2370 l2.

541 2416 630 2468 i5.
669 2414 734 2467 16
763 2414 781 2485 )
810 2430 824 2474 ;
856 2426 1050 2480 nempe
1080 2409 1428 2480 paralyticum
1447 2408 1801 2462 conﬁrmavit.
1823 2405 1947 2461 ldeo
1974 2405 2132 2458 Verbo

541 2505 748 2558 Domini
789 2503 900 2557 αι’ιὶ
949 2501 1142 2571 ﬁrmati
1185 2509 1300 2552 sunt
1341 2497 1360 2570 (
1392 2497 1537 2552 Psal.
1573 2498 1661 2553 52.
1691 2499 1792 2567 6);
1831 2513 1893 2551 ex
1923 2497 2059 2551 raris
2079 2505 2132 2552 et

541 2594 817 2649 dissolutis
848 2593 1000 2662 aquis
1025 2591 1191 2644 verbo
1221 2590 1429 2644 Domini
1471 2589 1640 2643 nubes
1686 2590 1738 2643 in
1769 2588 1999 2643 sublime
2031 2589 2134 2642 tol-

543 2688 742 2741 luntur.
769 2685 922 2751 Vide,
953 2697 1162 2753 quarso.
1196 2683 1343 2750 Aqua
1373 2696 1490 2750 quae
1518 2695 1699 2733 amara
1721 2690 1855 2747 erat,
1875 2689 2127 2734 mutatur.

544 2779 621 2832 Ex
663 2776 796 2832 mari
832 2775 1087 2829 hauriunt
1133 2774 1304 2827 nubes
1328 2815 1342 2841 ,
1374 2783 1427 2826 et
1461 2787 1580 2826 eam
1608 2787 1731 2839 qua:
1775 2786 1837 2825 ex
1869 2770 2132 2839 profundo

545 2869 788 2922 hauritur
837 2882 1018 2920 amara
1045 2907 1060 2932 ,
1095 2864 1305 2919 dulcem
1355 2873 1409 2918 et
1451 2861 1738 2932 potabilem
1769 2861 2024 2915 efﬁciunt.
2060 2860 2133 2914 De

542 2960 820 3028 profundis
851 2971 948 3011 nos
988 2956 1196 3028 ahyssis
1217 2955 1470 3008 excitavit
1493 2953 1761 3020 Christus,
1786 2959 1840 3006 et
1869 2951 2131 3006 amaritu-

542 3055 720 3106 dinem
749 3061 988 3105 nostram
1015 3064 1118 3101 non
1148 3047 1482 3116 deponimus.

614 3145 844 3199 Christus
888 3143 940 3195 in
979 3141 1207 3194 omnibus
1250 3139 1504 3192 elementis
1552 3136 1803 3190 miracula
1833 3137 1984 3207 fecit,
2016 3136 2132 3192 hinc

543 3235 786 3306 probatur
813 3233 968 3286 Deus.
1012 3261 1081 3272 —-—
1106 3232 1235 3296 Quis
1269 3241 1350 3284 est
1379 3230 1423 3285 is
1452 3231 1540 3300 qui
1571 3230 1696 3284 fecit
1720 3231 1908 3284 etclum
1938 3239 1993 3284 et
2021 3241 2131 3284 ter-

543 3327 699 3381 ram?
733 3327 842 3395 Ego
872 3325 992 3378 dico
1040 3323 1312 3377 Christum
1348 3337 1487 3377 esse.
1541 3323 1608 3376 Et
1643 3323 1783 3376 unde
1829 3321 1969 3376 hoc?
1997 3322 2130 3388 Quia

542 3422 586 3474 si
616 3433 721 3475 non
751 3429 893 3473 esset
928 3417 1182 3470 Dominus
1211 3415 1470 3479 omnium,
1503 3415 1554 3468 in
1581 3415 1859 3485 evangelio
1892 3431 1998 3469 non
2035 3414 2135 3468 mi-

543 3512 718 3567 racula
749 3518 1009 3579 patrasset
1034 3509 1084 3560 in
1106 3507 1351 3560 omnibus
1369 3508 1644 3561 creaturis.
1671 3507 1772 3561 Per
1789 3507 1965 3561 omnia
1990 3505 2132 3561 enim

542 3604 808 3657 eiementa
842 3600 1106 3654 mirabilia
1153 3599 1308 3662 fecit;
1350 3613 1441 3668 per
1470 3608 1684 3659 terram.
1724 3614 1818 3668 per
1848 3613 2015 3662 mare,
2040 3613 2135 3667 per

543 3710 744 3758 aerem,
776 3708 873 3762 per
900 3692 1073 3761 ignem
1096 3699 1182 3755 ;ut
1203 3693 1549 3762 conspicuum
1581 3692 1648 3745 sit
1670 3692 1843 3759 ipsum
1871 3706 1990 3745 esse
2009 3707 2132 3744 om-

544 3787 690 3840 nium
718 3794 1082 3839 creaturarum
1109 3784 1410 3837 Dominum.
1445 3784 1552 3838 Diei
1577 3784 1679 3837 luci
1707 3783 2017 3854 supervenit
2043 3798 2138 3837 ve-

545 3894 716 3948 spera:
745 3878 855 3931 lux.
900 3876 988 3930 Sol
1035 3876 1196 3940 lueet,
1225 3885 1278 3930 et
1309 3875 1524 3930 lucerna
1553 3875 1722 3930 fat-em
1756 3876 2002 3944 praefert:
2028 3874 2132 3929 dici

544 3971 687 4037 ﬁnis,
717 3985 781 4025 ac
811 3970 979 4023 noctis
1007 3968 1308 4023 exordium.
1350 3969 1451 4023 Sed
1483 3978 1558 4030 tu,
1592 3984 1712 4022 enim
1740 3968 1936 4023 videris
1962 3968 2134 4022 lucer-

543 4076 668 4114 nam
695 4070 748 4114 et
776 4061 944 4113 solem
973 4098 989 4123 ,
1022 4057 1184 4112 dicito
1215 4075 1228 4112 :
1261 4057 1400 4111 Tuus
1430 4069 1499 4113 est
1526 4059 1632 4112 dies
1655 4100 1667 4120 ,
1701 4069 1746 4112 et
1774 4068 1860 4111 tua
1886 4067 1957 4111 est
1993 4074 2133 4122 nox;

545 4161 598 4202 tu
625 4151 900 4219 fabricatus
930 4165 980 4203 es
1002 4150 1156 4217 jubar
1187 4158 1230 4203 et
1256 4149 1449 4219 solem(
1485 4148 1623 4203 Psal.
1658 4150 1746 4203 75.
1781 4148 1903 4218 16).
1937 4148 2132 4203 Verum

545 4245 632 4298 fax
676 4243 790 4304 illa,
817 4256 937 4310 quas
975 4239 1289 4308 pra-fertur,
1333 4254 1638 4293 sermonem
1669 4255 1775 4294 non
1808 4239 2131 4308 interpellat.

545 4336 768 4402 Oportet
809 4332 949 4386 enim
994 4330 1160 4383 solem
1216 4344 1436 4384 currere
1480 4329 1546 4382 ad
1585 4330 1704 4397 ejus
1734 4330 1940 4396 jussum
1975 4330 2133 4399 (nam

545 4423 641 4476 Sol
657 4423 886 4492 cognovit
913 4437 1148 4474 occasum
1176 4437 1324 4474 suum
1355 4419 1530 4492 [Psal.
1560 4418 1834 4491 105.19]),
1868 4429 1925 4473 ut
1951 4429 2136 4473 osten-

544 4512 704 4567 datur
726 4512 996 4566 Christum
1021 4511 1255 4564 omuium
1295 4523 1662 4565 creaturarum
1682 4509 1972 4564 Dominutn
1991 4524 2132 4565 esse.

546 4606 600 4657 Id
629 4605 861 4660 Joannes
894 4603 1165 4672 prrdical,
1203 4604 1391 4657 Omnia
1417 4621 1506 4673 per
1528 4605 1694 4672 ipsum
1721 4605 1858 4674 facta
1890 4613 2046 4667 sunt,
2089 4611 2135 4657 et

545 4699 654 4750 sine
675 4697 784 4764 ipso
812 4696 999 4765 factum
1027 4706 1096 4748 est
1124 4697 1252 4750 nihil
1279 4697 1412 4766 quod
1434 4700 1621 4767 factum
1645 4704 1716 4748 est
1746 4693 1935 4762 (Joan.
1965 4695 2017 4749 i.
2042 4693 2131 4765 3).

548 4791 744 4844 Verum
774 4790 1050 4858 oportebat
1077 4789 1246 4856 ipsum
1280 4803 1382 4842 nou
1409 4803 1658 4841 sermone
1688 4797 1890 4840 tantum
1919 4787 2131 4850 lucere,

549 4880 644 4935 sed
675 4881 833 4935 etiam
866 4895 1048 4949 opere.
1076 4878 1213 4932 Dixit
1236 4878 1389 4941 mari,
1432 4877 1582 4943 Tace,
1614 4877 1935 4945 obmutesce(
1967 4875 2131 4931 Marc.

543 4976 598 5029 4.
628 4973 740 5042 59);
769 4981 821 5027 et
850 4973 1131 5036 obmutuit,
1165 4972 1481 5042 agnovitque
1507 4985 1640 5040 opus
1686 4969 1964 5040 Opiﬁeem.
1995 4970 2136 5024 Dixit

548 5067 690 5117 enim
737 5066 892 5128 mari,
925 5072 977 5118 et
1015 5065 1211 5127 tacuit;
1244 5064 1377 5117 dixit
1407 5074 1583 5126 vento,
1615 5072 1670 5116 et
1709 5063 2006 5117 refrenatus
2029 5071 2129 5116 est.

549 5155 602 5210 Si
629 5170 732 5208 non
763 5156 1206 5222 obtemperasset,
1237 5154 1353 5221 ejus
1374 5153 1630 5208 Conditor
1670 5170 1774 5207 non
1819 5153 1982 5208 fuisse
2010 5168 2133 5221 pro-

549 5248 766 5301 derctur
792 5262 804 5311 ;
840 5246 939 5299 nisi
965 5246 1221 5299 Dominus
1253 5258 1393 5299 esset
1422 5261 1593 5314 aqum,
1627 5262 1730 5300 non
1761 5245 1905 5300 illam
1935 5255 2136 5299 mutas-

548 5348 631 5395 set
658 5341 707 5392 in
733 5340 938 5401 vinum;
961 5339 1057 5392 nisi
1091 5347 1233 5392 esset
1258 5338 1372 5392 czcli
1405 5339 1679 5403 Dominus,
1705 5354 1810 5393 non
1841 5356 1961 5393 eum
1982 5339 2134 5392 stella

551 5433 616 5485 de
656 5430 787 5485 eaalo
816 5429 1193 5500 prardicasset;
1242 5430 1342 5483 nisi
1373 5440 1516 5484 esset
1558 5431 1686 5484 solis
1717 5431 1993 5497 Dominus,
2029 5445 2133 5485 non

551 5524 784 5578 tenebris
816 5539 872 5578 se
900 5522 1203 5578 ohvelasset
1236 5522 1284 5576 in
1309 5538 1490 5578 cruce.
1522 5523 1768 5577 Christus
1801 5525 1850 5578 in
1875 5540 2050 5587 cruce,
2085 5533 2137 5578 et

551 5616 629 5668 sol
659 5615 1036 5669 obtenebratus
1065 5622 1166 5668 est.
1197 5612 1241 5668 Ο
1272 5615 1582 5666 miraculum
1608 5615 1620 5667 !
1651 5612 1902 5668 Creatura
1927 5630 2031 5668 non
2058 5626 2138 5667 tu-

552 5705 614 5758 lit
656 5705 1029 5760 contumeliam
1084 5705 1314 5759 Domini.
1365 5704 1757 5760 Obtenebratus
1805 5715 1888 5759 est
1935 5706 2051 5768 Sttl,
2082 5714 2139 5758 ut

554 5794 608 5847 in
649 5794 756 5856 ipsa
785 5811 942 5852 cruce
985 5797 1113 5852 solis
1148 5797 1426 5852 Dominum
1473 5799 1709 5851 noveris.
1752 5798 2028 5851 Ctltllnlﬁlﬂ
2056 5807 2137 5851 est

1977 360 2341 417 SEVERMNI

3725 381 3842 436 45ιὶ

2255 487 2413 542 terra,
2441 487 2494 533 ut
2522 477 2695 533 discas
2722 481 2789 535 de
2818 481 2932 551 ipso
2965 483 3216 538 Davidem
3253 481 3458 537 dixisse.
3491 501 3502 534 :
3535 484 3634 550 Qui
3661 501 3838 551 respi-

2242 571 2309 624 cit
2339 581 2523 624 terram
2553 583 2599 625 et
2628 574 2749 642 facit
2777 590 2886 627 eam
2929 585 3136 629 tremere
3165 575 3334 644 (Paul.
3369 576 3488 632 105.
3515 577 3635 644 32).
3690 579 3837 632 Scis-

2242 678 2316 716 sre
2349 673 2469 718 sum
2497 673 2681 733 petrcr,
2704 675 2757 719 ut
2783 667 2957 721 discas
2983 666 3050 721 de
3076 682 3303 736 quonam
3331 669 3522 723 dixerit
3551 669 3840 739 propheta:

2243 751 2415 808 Furor
2441 757 2550 826 ejus
2576 755 2823 810 tabescere
2845 758 2967 828 facit
2992 759 3326 827 principatus,
3351 769 3394 812 et
3417 770 3570 829 μείνω
3594 765 3836 830 perfora-

2242 854 2306 898 ιω
2323 855 2438 900 sunt
2459 846 2521 899 ab
2549 863 2606 900 eo
2629 847 2883 916 (Nonum.
2909 849 2961 903 Ι.
2981 848 3056 916 6).
3092 848 3427 905 Monumenta
3459 861 3640 920 aperta
3664 863 3803 906 sunt.
3823 896 3835 913 .

2243 945 2299 991 ut
2347 947 2631 1008 appareret
2661 941 3021 1008 resurrectio,
3070 949 3125 997 et
3161 942 3250 1012 qui
3302 943 3521 996 suscitat
3563 943 3702 998 Deus
3738 959 3838 1014 per

2241 1041 2434 1086 cuncta
2460 1031 2788 1100 splenderet.

2314 1127 2366 1179 7.
2419 1125 2636 1180 Moralis
2665 1127 2966 1192 conclusio;
2991 1127 3297 1197 sacriﬁcium
3331 1129 3661 1198 vespertinum
3685 1129 3814 1198 quid

2239 1251 2309 1260 —
2347 1219 2536 1290 Opera:
2586 1219 2811 1286 pretium
2841 1234 2968 1274 vero
3006 1230 3090 1275 est
3127 1229 3185 1274 ut
3219 1220 3476 1275 moralem
3523 1235 3837 1275 moveamus

2241 1327 2566 1367 sermonem.
2590 1311 2829 1367 Lucerna
2854 1321 3010 1367 vocat
3038 1327 3159 1379 nos,
3193 1322 3248 1365 ut
3279 1312 3518 1366 dicamus
3553 1327 3566 1363 :
3603 1311 3836 1364 Lucerna

2243 1405 2450 1474 pedibus
2475 1404 2596 1456 meis
2624 1405 2825 1458 uerbum
2860 1413 3023 1470 tuum,
3047 1413 3094 1457 et
3112 1404 3278 1457 lumen
3304 1403 3492 1458 semitis
3516 1404 3639 1456 meis
3659 1402 3833 1472 (Pal.

2243 1497 2365 1550 118.
2401 1495 2502 1551 103
2528 1497 2566 1563 ).
2614 1495 2843 1551 Advenit
2871 1511 3092 1564 vespera
3138 1503 3196 1550 ut
3242 1495 3528 1550 dicamus:
3567 1494 3836 1565 Dirigatur

2241 1589 2402 1642 oratio
2446 1605 2557 1641 mea
2597 1588 2725 1641 sicut
2771 1589 3029 1642 incensum
3068 1589 3120 1642 in
3169 1597 3440 1658 conspectu
3471 1598 3589 1653 tuo,
3625 1589 3836 1642 elenatio

2241 1695 2480 1732 manuum
2512 1695 2738 1734 mearum
2777 1680 3084 1748 sacri/icium
3122 1680 3455 1748 vespertinum
3487 1678 3506 1748 (
3544 1677 3680 1731 Ibid.
3708 1679 3834 1734 MD.

2240 1768 2322 1839 2).
2350 1767 2456 1822 Cur
2479 1784 2582 1822 non
2617 1770 2978 1824 matutinum?
3007 1771 3105 1825 llic
3132 1770 3367 1824 animum
3397 1767 3648 1823 adhibete
3673 1787 3686 1823 :
3712 1785 3832 1824 nam

2241 1878 2364 1932 qua:
2399 1862 2692 1931 psallimus,
2730 1862 2868 1917 seire
2895 1862 3172 1917 debemus.
3215 1862 3353 1917 Dicit
3379 1861 3544 1915 David
3579 1879 3592 1913 :
3622 1860 3833 1914 Psallite

2240 1957 2513 2023 sapienter.
2543 1953 2770 2009 Elevatio
2791 1971 3030 2009 manuum
3058 1972 3284 2008 mearum
3303 1955 3608 2022 sacriﬁcium
3630 1970 3830 2022 resper-

2242 2047 2580 2113 linumUbid.
2614 2046 2704 2102 46.
2729 2046 2806 2118 8).
2833 2048 2946 2102 Duo
2972 2047 3229 2102 sacriﬁcia
3265 2047 3425 2116 jussit
3461 2045 3576 2100 ﬁeri
3600 2045 3831 2115 Moyses,

2241 2141 2349 2196 imo
2382 2141 2542 2206 Deus,
2586 2157 2748 2195 unum
2781 2140 3118 2205 matutinum,
3151 2150 3204 2194 et
3244 2155 3403 2193 unum
3443 2138 3826 2206 vespertinum.

2240 2234 2492 2287 Matutina
2560 2235 2849 2302 gratiarum
2881 2235 3018 2288 actio
3055 2249 3150 2301 pro
3191 2243 3349 2287 nocte
3394 2240 3533 2286 erat.
3578 2231 3714 2285 Nam
3749 2233 3833 2299 qui

2242 2325 2293 2378 in
2335 2335 2492 2379 nocte
2524 2335 2769 2380 servatus
2796 2335 2916 2389 est,
2965 2325 3016 2378 in
3045 2324 3132 2380 die
3157 2325 3354 2396 gratias
3393 2323 3523 2390 agit.
3557 2322 3830 2389 Vesperu-

2241 2432 2368 2470 nttm
2402 2417 2724 2471 sacrificium
2756 2432 2852 2486 pro
2878 2416 2967 2473 die
2997 2427 3129 2472 erat.
3162 2416 3315 2484 Quia,
3337 2415 3530 2484 inquit,
3560 2415 3613 2468 in
3642 2415 3731 2468 die
3752 2429 3831 2467 me

2241 2508 2489 2574 servasti,
2522 2524 2616 2576 pro
2641 2517 2752 2562 toto
2779 2508 2866 2562 die
2895 2508 3093 2575 gratias
3122 2522 3221 2576 ago
3249 2507 3363 2560 tibi.
3399 2505 3724 2560 Matutinum
3750 2519 3830 2559 sa-

2237 2597 2498 2652 criﬁcium
2526 2612 2628 2652 non
2652 2613 2775 2652 eum
2798 2599 3003 2666 recipit,
3035 2600 3122 2668 qui
3157 2599 3207 2651 in
3238 2607 3394 2652 nocte
3424 2598 3692 2667 peccavit.
3717 2596 3835 2650 ideo

2237 2688 2366 2742 dicit
2393 2707 2404 2741 :
2440 2686 2673 2744 Eleoatio
2712 2706 2951 2744 manuum
2984 2706 3209 2744 mearum
3247 2689 3558 2757 sacriﬁcium
3590 2689 3832 2759 uesperti-

2239 2800 2378 2835 num.
2414 2783 2717 2852 lngrederis
2743 2797 3044 2853 vesperam,
3070 2783 3326 2854 expandis
3358 2785 3591 2844 manus:
3627 2782 3672 2834 si
3705 2781 3831 2833 ﬁdu-

2239 2876 2374 2929 ciam
2399 2874 3004 2944 babent,expandantur
3039 2894 3052 2928 :
3081 2876 3123 2929 si
3157 2889 3258 2928 non
3288 2875 3625 2942 seripsernnt
3650 2871 3833 2940 iniqui-

2240 2974 2402 3020 tatem
2434 3009 2448 3031 ,
2492 2967 2535 3020 si
2569 2982 2829 3036 pauperes
2865 2981 2972 3020 non
3016 2966 3347 3033 spoliarunt,
3376 2965 3420 3019 si
3454 2965 3692 3034 pupillos
3735 2979 3833 3016 non

2238 3065 2643 3126 Oppresserunt,
2675 3068 2730 3112 ut
2773 3073 2890 3127 qua:
2923 3072 3205 3126 personam
3252 3056 3448 3110 habent
3483 3055 3836 3111 extollantur.

2246 3146 2477 3201 Elevalio
2503 3165 2745 3201 manuum
2791 3163 3058 3211 mearum;
3098 3163 3161 3201 ac
3203 3147 3246 3200 si
3286 3146 3510 3206 diceret.
3544 3145 3708 3208 Vide,
3737 3146 3837 3198 Do-

2241 3238 2384 3292 mine
2407 3279 2421 3300 ,
2455 3238 2667 3292 munda:
2707 3248 2831 3297 sunt
2872 3253 3079 3293 manus.
3114 3235 3576 3306 Quemadmodum
3622 3253 3770 3292 enuu
3799 3239 3837 3290 is

2240 3330 2328 3396 qui
2364 3331 2602 3397 peccavit
2633 3331 2834 3383 vultum
2867 3331 3129 3385 extollere
3159 3346 3263 3384 non
3294 3340 3489 3393 notest,
3523 3330 3620 3383 sed
3662 3346 3692 3382 a
3718 3346 3840 3383 con-

2243 3419 2463 3473 scientia
2499 3421 2809 3474 incurvatnr
2834 3438 2846 3472 :
2877 3421 2954 3474 sic
2978 3435 3171 3474 manus
3193 3422 3413 3490 polluta,
3444 3437 3512 3474 ne.
3536 3422 3701 3475 audet
3728 3421 3840 3488 qui-

2241 3509 2362 3563 dem
2389 3525 2572 3564 eoram
2595 3512 2702 3564 Deo
2727 3511 3044 3565 consislcre.
3074 3510 3206 3565 Vide
3230 3528 3244 3564 :
3275 3511 3316 3564 si
3347 3525 3541 3564 manus
3562 3512 3673 3565 sint
3694 3527 3841 3564 mun-

2241 3603 2323 3656 dil'
2345 3604 2411 3656 ab
2434 3604 2730 3671 iniquitate,
2759 3604 3148 3672 expandantur.
3181 3603 3303 3656 Ideo
3330 3603 3644 3671 patriarcha
3679 3604 3839 3656 Abra-

2243 3696 2365 3750 ham
2397 3706 2550 3766 turpe
2576 3698 2780 3751 lucrum
2813 3697 3097 3760 recusavit,
3127 3710 3246 3750 cum
3275 3695 3483 3749 diceret
3523 3696 3573 3749 ei
3608 3711 3706 3749 rex
3748 3694 3840 3748 So-

2240 3787 2522 3842 domorum
2568 3805 2579 3840 :
2629 3788 2812 3857 Accipe
2862 3789 3072 3853 omnia,
3123 3787 3355 3840 mulieres
3398 3796 3602 3840 tantum
3653 3787 3841 3838 dimitte

2245 3879 2394 3951 (Gen.
2427 3881 2511 3935 H.
2543 3880 2633 3934 2|.
2665 3879 2779 3951 2‘2).
2814 3879 2882 3935 Ut
2922 3881 3098 3950 itaque
3137 3881 3378 3933 ﬁduciam
3408 3879 3640 3934 haberet
3667 3921 3681 3940 ,
3717 3879 3842 3932 nihil

2242 3974 2447 4041 accepit
2476 3991 2489 4035 ;
2524 3972 2615 4027 sed
2644 3988 2764 4026 cum
2799 3974 2942 4040 puris
2969 3972 3212 4027 manibus
3235 3981 3399 4034 esset,
3431 3971 3655 4025 dicebat
3694 3981 3708 4022 :
3742 3969 3839 4022 fix-

2243 4066 2446 4118 tendam
2479 4081 2658 4117 manus
2697 4081 2836 4118 meas
2867 4064 2937 4117 ad
2964 4063 3146 4127 Deum,
3175 4064 3260 4131 qui
3288 4063 3403 4130 fecit
3442 4063 3634 4114 ca'lum
3666 4073 3715 4114 ct
3747 4071 3838 4115 ter-

2241 4171 2352 4208 ram
2379 4169 2398 4208 :
2425 4162 2480 4208 et
2522 4153 2784 4218 extendit,
2816 4155 2936 4223 quia
2977 4168 3081 4208 non
3107 4161 3260 4207 erant
3290 4151 3506 4221 polluta:
3543 4151 3751 4220 injusto
3774 4152 3842 4205 lu-

2241 4263 2356 4302 cro.
2389 4246 2615 4301 Elcvatio
2634 4263 2874 4300 manuum
2895 4263 3144 4300 mearum.
3169 4245 3318 4309 Illud,
3347 4243 3583 4297 Elevatio
3599 4261 3841 4297 manuum

2243 4353 2491 4399 mearum,
2519 4336 2904 4405 interpretatur
2926 4337 3149 4390 Paulus:
3189 4333 3316 4389 Volo
3344 4336 3502 4405 igitur
3530 4335 3673 4387 viros
3702 4349 3842 4386 orare

2244 4430 2296 4478 in
2323 4428 2458 4478 omni
2505 4425 2613 4479 loco
2641 4427 2859 4480 levantes
2897 4436 3098 4480 sanctas
3139 4442 3319 4479 manus
3361 4426 3471 4478 sine
3497 4425 3580 4476 ira
3606 4435 3658 4479 et
3687 4426 3840 4477 disce-

2245 4517 2553 4587 ptationibus
2585 4517 2602 4586 (
2643 4518 2695 4570 1.
2730 4516 2862 4572 Tim.
2890 4516 2944 4570 2.
2991 4517 3024 4572 8
3054 4515 3094 4586 ).
3137 4515 3373 4585 Vespera
3412 4530 3442 4568 a
3476 4513 3635 4569 nobis
3685 4515 3838 4581 exigit

2243 4622 2484 4677 vesperi»
2506 4621 2688 4677 opera.
2723 4606 2998 4676 Expandis
3036 4621 3259 4670 manus,
3292 4613 3567 4660 scrutatur
3609 4603 3838 4657 Artifex.

2241 4700 2473 4755 Advenit
2498 4699 2816 4754 matutinum
2843 4707 3079 4769 tempus,
3117 4707 3170 4752 et
3197 4697 3242 4752 si
3275 4710 3459 4766 puram
3491 4709 3599 4748 non
3643 4695 3842 4748 habeas

2241 4802 2295 4847 et
2326 4806 2540 4845 manum
2559 4801 2613 4845 et
2630 4801 2882 4856 mentem,
2907 4789 3221 4844 matutinum
3247 4796 3453 4855 tempus
3476 4801 3542 4839 ne
3571 4787 3844 4854 respicere

2242 4882 2457 4951 quidem
2485 4880 2651 4936 audes
2676 4897 2690 4933 :
2715 4882 3045 4951 experientia
3077 4879 3331 4946 magistra
3358 4887 3460 4932 est.
3491 4876 3692 4945 Cogita
3726 4890 3841 4930 cum

2244 4982 2438 5042 quanta
2464 4972 2652 5026 ﬁducia
2687 4971 3014 5040 ingrediatur
3044 4971 3088 5024 is
3111 4970 3200 5040 qui
3228 4983 3390 5038 purus
3411 4975 3651 5029 maneat,
3693 4965 3844 5034 quasi

2244 5065 2296 5117 in
2329 5064 2542 5132 propria
2566 5062 2727 5116 domo
2751 5061 3008 5116 ambulet.
3039 5060 3310 5115 Fiduciam
3353 5059 3442 5114 dat
3491 5058 3566 5112 illi
3615 5059 3843 5110 matuti-

2244 5154 2328 5208 nis
2353 5155 2496 5208 horis
2527 5169 2628 5207 nox
2658 5154 2708 5207 in
2727 5154 3053 5208 continentia
3081 5165 3287 5209 exacta.
3320 5153 3443 5207 Ideo
3471 5148 3644 5205 David
3681 5149 3838 5204 dicit.

2247 5244 2308 5298 Si
2328 5260 2516 5297 memor
2541 5246 2617 5315 {ui
2647 5245 2719 5297 tui
2747 5260 2900 5313 super
2924 5255 3138 5298 stratum
3162 5261 3347 5308 meum,
3367 5244 3422 5296 in
3447 5239 3725 5293 matutinis
3749 5256 3837 5291 me-

2245 5335 2444 5387 ditabar
2468 5336 2519 5388 in
2551 5344 2594 5388 te
2625 5334 2643 5405 (
2678 5333 2821 5402 Psal.
2851 5334 2940 5389 62.
2972 5335 3004 5389 7
3033 5335 3074 5403 ).
3106 5333 3317 5390 Gratias
3345 5346 3446 5400 ago
3475 5330 3623 5384 Deo:
3663 5344 3824 5383 recor

2245 5428 2348 5482 dor
2381 5429 2711 5482 fatiscentem
2742 5442 2926 5482 vocem
2958 5443 2987 5484 a
3032 5428 3127 5484 Dei
3164 5427 3330 5483 verbo
3356 5433 3664 5493 reparatam
3689 5436 3814 5479 esse

2247 5535 2353 5572 non
2399 5535 2493 5587 pro
2525 5519 2724 5573 nostris
2769 5520 3010 5585 meritis,
3059 5520 3152 5575 sed
3200 5533 3302 5588 pro
3341 5524 3520 5570 vestro
3547 5514 3842 5569 desiderio.

2246 5611 2536 5665 Precemur
2583 5627 2710 5682 ergo
2741 5612 2792 5666 in
2824 5613 3048 5668 veritate
3085 5612 3287 5675 cordis,
3333 5618 3388 5664 ut
3416 5622 3548 5679 pace
3579 5607 3844 5670 fruamur,

2247 5712 2303 5756 et
2333 5702 2382 5754 in
2416 5703 2688 5758 matutinis
2716 5703 2960 5758 ﬁduciam
3005 5702 3319 5767 habeamus,
3354 5700 3743 5755 haereticorum
3773 5699 3844 5750 fu-

2249 5811 2425 5850 rorem
2483 5794 2787 5852 devitcmus
2822 5838 2837 5864 ,
2895 5797 3052 5852 ﬁdem
3105 5793 3460 5851 orthodoxam
3517 5807 3842 5863 sequamur,
