3982 6218
109 401 220 456 455
838 435 842 440 ν

111 494 298 564 φησὶν,
328 492 682 563 ὲντελοῦμαι
715 493 823 548 τοῦ
854 491 940 564 μὴ
964 493 1184 562 ,ϐρέξαι
1215 496 1414 550 ὑετόν.
1453 494 1548 560 Ὠς
1572 493 1692 561 ἐμε-

112 577 377 644 γαλύνθη
407 577 620 648 γάρ.τὰ
650 577 794 646 ἔργα
830 592 970 640 σου,
999 577 1178 644 Κύριε
1201 576 1222 629 !
1257 575 1461 631 Πάντα
1495 577 1564 629 ἐν
1598 591 1702 629 σου

113 677 221 728 φιςι
260 661 575 728 ἐποίησας.
614 655 770 725 Εἶδες
796 660 935 714 Θεοῦ
973 660 1373 732 δημιουργίαν;
1417 654 1556 723 εἶδες
1587 659 1704 723 πῶς

112 744 416 814 ἐμφράττει
436 743 546 797 τῶν
566 744 863 816 αίρετικῶν
887 744 956 797 τά
986 743 1250 814 στόματα,
1277 744 1386 798 τῶν
1405 744 1503 814 τὴν
1527 743 1704 795 κτίσιν

111 827 470 894 ἀγνοούντων,
516 829 613 881 καὶ
656 827 748 882 τὸν
798 827 1025 896 κτίστην
1065 824 1702 898 πολυπραγμονούντωνς

111 911 296 966 Πάντα
321 911 569 965 πείθεται
592 911 728 965 Θεοῦ
761 913 932 982 νόμῳ.
981 912 1038 964 '0
1067 911 1292 981 οὐρανὸς
1326 911 1576 980 ἕστηκεν.
1605 910 1704 963 οὐκ

112 993 218 1064 ἰδίᾳ
241 993 469 1064 δυνάμει
505 991 928 1064 βασταζόμενος,
959 993 1095 1048 ἀλλά
1127 994 1257 1064 θείῳ
1277 993 1428 1063 νόμῳ
1453 993 1706 1063 στερεοῦ-

111 1095 287 1149 μενος.
327 1078 494 1131 Ὅταν
532 1078 640 1151 γὰρ
674 1079 959 1150 ἀπορήσω,
1001 1078 1118 1142 πῶς
1157 1077 1217 1143 ἐξ
1249 1077 1457 1132 ὑδάτων
1486 1081 1514 1132 6
1541 1079 1704 1148 ούρα-

109 1161 199 1223 νὸς
250 1161 551 1232 πέπηκται,
603 1161 720 1214 λύει
756 1178 855 1230 μου
912 1162 1012 1233 τήν
1057 1160 1294 1230 ἀπορίαν
1342 1163 1370 1214 6
1435 1162 1704 1232 μακάριος

110 1243 272 1297 Δαυῒδ
313 1244 487 1313 λέγων
510 1261 525 1275 ·
579 1243 664 1310 Τῷ
693 1246 854 1313 λόγῳ
891 1245 1115 1312 Κυρίου
1159 1247 1210 1297 οὶ
1242 1245 1485 1312 οὐρανοὶ
1545 1245 1706 1298 ἐστε·

103 1329 437 1395 ρεώθησαν.
481 1327 632 1381 Διατί
669 1329 780 1398 γάρ
828 1325 1281 1398 ἐστερεώθησαν;
1340 1327 1555 1398 Ἐπειδὴ
1597 1328 1704 1380 ἀπὸ

109 1413 334 1466 ὑδάτων.
367 1412 635 1467 Οὐδέποτε
663 1411 772 1480 γὰρ
798 1410 859 1462 1:6
903 1409 1122 1482 στερεὸν
1152 1409 1390 1476 λέγεται,
1426 1412 1504 1464 ὅτι
1548 1413 1702 1463 ἐστε-

107 1493 308 1565 ρεώθη·
342 1495 461 1548 ούδέ
486 1513 569 1558 τις
593 1495 816 1547 δύναται
845 1494 1039 1545 εἰπεῖν·
1072 1494 1138 1546 Ἦ
1168 1494 1347 1564 πέτρα
1374 1495 1700 1565 ἐστερεώθη.

111 1578 272 1631 Ἀλλο
316 1577 708 1649 στερεωθῆναι,
746 1576 871 1630 ἄλλο
919 1575 1058 1630 εἶναι
1111 1577 1353 1648 στερεόν.
1401 1579 1705 1648 Στερεωθέν

107 1661 321 1730 λέγεται
355 1660 533 1734 [405],
557 1662 684 1715 ὅταν
706 1661 768 1714 τὸ
797 1660 1144 1732 ήραιωμένον
1174 1662 1268 1714 καὶ
1289 1663 1706 1732 κεχαυνωμένον

106 1749 277 1817 παγῇ.
316 1746 415 1798 Διά
444 1743 602 1796 τοῦτο
643 1743 672 1795 6
729 1743 958 1814 Ηέτρος,
988 1745 1078 1796 ὅτε
1123 1743 1214 1796 τὸν
1263 1735 1710 1816 παραλελυμένον

106 1833 315 1901 ἦγειρε,
340 1829 490 1897 λέγει
515 1845 528 1858 ·
571 1826 812 1895 Ἄνδρες
871 1825 1261 1896 Ἰσραηλῖται,
1290 1830 1346 1881 τί
1384 1827 1706 1897 θαυμάζετε

104 1913 422 1977 ἐπὶτοῦτο,
455 1913 493 1980 ἢ
527 1910 671 1981 ἡμῖν
700 1912 757 1963 τί
791 1910 1100 1971 ἀτενίζετε,
1136 1911 1217 1976 ὠς
1260 1910 1431 1980 ήμῶν
1473 1908 1545 1979 τῇ
1591 1910 1708 1978 ἰδίᾳ

103 1995 355 2065 δυνάμει
403 1994 504 2048 καί
550 1995 830 2061 εὐσεϐείᾳ
863 1994 1279 2060 πεποιηκότων
1324 1993 1430 2048 τοῦ
1467 2008 1710 2063 περιπα-

103 2078 228 2132 τεῖν
265 2079 487 2144 αὺτόν;
526 2079 581 2130 '0
611 2078 754 2144 Θεὸς
785 2075 903 2130 τῶν
934 2078 1206 2147 πατέρων
1249 2074 1442 2147 ἡμῶν,
1480 2080 1514 2131 ό
1564 2076 1708 2143 Θεὸς

118 2161 364 2231 Ἀϐραὰμ
384 2162 481 2215 καὶ
522 2160 722 2214 Ἰσαὰκ
753 2161 851 2214 καὶ
886 2159 1367 2225 Ἰακὼϐἐδόξασε
1393 2160 1498 2214 τὸν
1525 2159 1710 2213 παῖδα

102 2249 292 2304 αὑτοῦ
329 2247 600 2316 Ἰησοῦν·
649 2248 747 2302 καί
779 2247 878 2301 ἐπὶ
915 2247 990 2316 τῇ
1019 2249 1221 2302 πίστει
1267 2246 1374 2302 τοῦ
1417 2248 1710 2317 ὀνόματος

105 2339 301 2393 αὑτοῦ
323 2339 562 2402 τοῦτον,
603 2338 677 2392 ὃν
703 2337 973 2408 θεωρεῖτε
997 2337 1096 2390 καὶ
1127 2337 1349 2403 οῖδατε,
1379 2337 1710 2406 ἐστερέωσε

102 2427 170 2481 τὸ
216 2426 407 2495 ὄνομα
437 2425 656 2479 αὐτοῦ·
708 2425 802 2478 τὸν
855 2423 1301 2496 παραλελυμένον
1354 2424 1706 2496 ἐστερέωσεν.

104 2515 206 2567 Διά
239 2514 398 2568 τοῦτο
448 2512 533 2577 Τῷ
574 2515 735 2582 λόγῳ
772 2516 994 2582 Κυρίου
1031 2517 1085 2567 οι
1136 2515 1381 2582 οὐρανοὶ
1431 2512 1712 2582 ἐστερεώ-

103 2607 328 2669 θησαν.
391 2601 486 2654 Ἐκ
525 2600 635 2654 τῶν
680 2600 887 2670 ἀραιῶν
927 2601 1023 2652 καὶ
1057 2599 1456 2670 διαλελυμένων
1501 2601 1710 2654 ὑδάτων

103 2687 182 2757 τῷ
201 2687 346 2756 λόγῳ
375 2687 581 2756 Κυρίου
609 2688 664 2739 αἱ
694 2685 914 2753 νεφέλαι
947 2687 1027 2748 εἰς
1055 2686 1184 2754 ὕψος
1209 2688 1474 2757 αἴρονται.
1512 2687 1708 2751 Βλέπε,

107 2772 440 2844 παρακαλῶ·
479 2773 553 2824 T6
590 2773 736 2843 ὕδωρ
763 2773 825 2825 τὸ
869 2773 1068 2842 πικρὸν
1117 2775 1516 2842 μεταϐάλλεται
1541 2792 1554 2806 ·
1603 2775 1714 2828 ἀπὺ

105 2862 390 2930 θαλάσσης
415 2857 698 2912 άντλοῦσιν
722 2861 778 2912 αί
803 2859 1043 2928 νεφέλαι,
1075 2861 1171 2913 καὶ
1203 2860 1265 2914 τὸ
1295 2863 1358 2915 ἐκ
1390 2862 1588 2932 βάθους
1620 2863 1715 2914 ἀν-

104 2948 306 3020 τληθέν
351 2946 570 3018 πικρὸν,
619 2947 792 3015 γλυκὺ
844 2948 940 3000 καὶ
979 2947 1213 3017 πότιμον
1256 2948 1523 3004 ποιοῦσιν.
1581 2949 1716 3003 Ἀπὸ

108 3036 290 3106 βυθῶν
320 3036 468 3107 ἡμᾶς
502 3034 688 3109 ήγειρε
719 3034 974 3104 Χριστὸς,
1010 3035 1107 3087 καὶ
1145 3033 1244 3106 τὴν
1291 3034 1518 3105 πικρίαν
1558 3035 1714 3106 ήμῶν

105 3127 211 3179 οὐκ
243 3123 639 3196 άποτιθέμεθα.

180 3214 282 3278 Τίς
333 3215 482 3266 ἐστιν
514 3215 543 3266 ὁ
584 3212 820 3281 ποιήσας
869 3210 963 3264 τὸν
1009 3209 1242 3283 οὐρανὸν
1297 3209 1393 3265 καὶ
1431 3211 1530 3282 τήν
1570 3211 1713 3282 γῆν;

120 3301 268 3372 Ἐγὼ
297 3301 462 3370 λέγω,
500 3300 580 3352 ὅτι
630 3302 656 3352 6
703 3299 957 3370 Χριστός.
997 3299 1110 3352 Καὶ
1147 3297 1312 3352 πόθεν
1348 3297 1546 3365 τοῦτο;
1594 3299 1716 3352 Ὅτι

108 3394 159 3446 εί
191 3391 269 3462 μὴ
324 3385 394 3460 ἦν
450 3389 725 3458 Δεσπότης
776 3387 886 3440 τῶν
948 3386 1227 3450 ἁπάντων,
1273 3386 1374 3441 οὐκ
1422 3386 1488 3441 ἂν
1539 3389 1597 3440 ἐν
1638 3387 1717 3458 τῷ

109 3476 436 3547 Εὐαγγελίῳ
457 3476 631 3528 ἐποίει
646 3475 713 3527 τά
734 3474 989 3546 θαύματα
1012 3475 1077 3528 δι’
1098 3474 1236 3528 ὅλων
1251 3473 1360 3528 τῶν
1379 3475 1714 3546 κτισμάτων.

121 3563 382 3633 Ἐποίησε
413 3560 518 3632 γάρ
541 3559 606 3613 δι’
636 3559 772 3612 ὅλων
799 3559 1077 3628 στοιχείων
1097 3599 1110 3624 ,
1139 3558 1228 3611 διὰ
1261 3557 1386 3629 γῆς,
1405 3557 1494 3612 διὰ
1516 3558 1715 3612 θαλάσ-

111 3664 238 3718 σης,
289 3645 358 3699 δι’
405 3645 586 3716 ἀέρος,
637 3643 728 3697 διὰ
782 3642 993 3711 πυρὸς,
1047 3643 1134 3695 ἴνα
1168 3645 1311 3714 φανῇ
1355 3641 1576 3695 πάντων
1607 3641 1716 3695 τῶν

109 3729 434 3799 κτισμάτων
492 3726 790 3796 Δεσπότης.
856 3724 1177 3795 Ἐπεισῆλθε
1226 3724 1306 3796 τῷ
1355 3724 1456 3795 τῆς
1503 3724 1714 3796 ἡμέρας

110 3817 258 3886 φωτὶ
303 3816 366 3867 τὸ
412 3814 513 3884 τῆς
558 3814 819 3884 ἑσπέρας.
861 3812 1054 3874 Ἥλιος
1105 3811 1334 3884 λάμπει,
1379 3813 1475 3866 καὶ
1523 3813 1715 3882 λύχνος

108 3905 366 3976 δᾳδουχεῖ
385 3919 399 3933 ·
431 3901 644 3972 ἡμέρας
673 3901 848 3965 τέλος,
871 3901 966 3953 καὶ
987 3900 1185 3964 νυκτὸς
1211 3901 1522 3972 προοίμιον.
1559 3900 1719 3953 Ἀλλά

112 3994 204 4060 σὺ,
231 3993 363 4045 ὅταν
396 3989 510 4060 ίδῃς
543 3988 733 4057 λύχνον
783 3989 876 4040 καὶ
913 3987 1086 4057 ἣλιον,
1139 3988 1298 4041 εἰπέ·
1351 3988 1438 4058 Σή
1475 3988 1647 4042 ἐστιν
1674 3988 1712 4054 ἡ

101 4076 331 4148 ἡμέρα,
361 4078 458 4130 καὶ
494 4075 577 4143 σή
605 4076 775 4128 ἐστιν
805 4076 843 4142 ή
883 4075 1028 4140 νύε·
1077 4075 1158 4128 σὺ
1193 4075 1533 4143 κατηρτίσω
1568 4075 1720 4144 φαῦ-

109 4181 222 4217 σιν
253 4163 355 4217 καὶ
388 4163 589 4229 ἣλιον.
641 4160 779 4212 Ἀλλ’
815 4162 873 4212 o6
904 4161 1188 4214 διακόπτει
1222 4163 1313 4213 τὸν
1356 4162 1513 4230 λόγον
1552 4164 1586 4232 ή
1621 4163 1719 4232 6g.-

109 4251 330 4321 δουχία.
386 4252 480 4302 Δεῖ
527 4248 635 4318 γάρ
675 4248 768 4300 τὸν
805 4249 958 4317 ἥλιον
1011 4248 1236 4319 δραμεῖν
1282 4251 1375 4303 ἐπὶ
1409 4251 1508 4319 τὴν
1551 4249 1720 4302 αὑτοῦ

111 4339 370 4392 κέλευσιν
406 4337 503 4406 (Ὀ
536 4336 712 4401 ἣλιος
752 4335 858 4405 γὰρ
901 4335 1054 4404 ἔγνω
1102 4336 1217 4403 τὴν
1256 4336 1438 4390 δύσιν
1472 4336 1716 4406 αὑτοῦ),

113 4429 206 4480 ἶνα
237 4425 449 4495 δειχθῇ,
472 4425 554 4477 ὃτι
572 4422 806 4494 Χριστὸς
836 4424 1056 4476 πάντων
1085 4422 1197 4474 τῶν
1215 4423 1720 4493 δημιουργημάτων

110 4513 401 4580 Δεσπότης
446 4511 583 4564 ἐστί.
637 4508 908 4582 Κηρύττει
959 4509 1058 4579 μὲν
1113 4510 1368 4578 Ἰωάννης
1407 4510 1601 4577 τοῦτο,
1639 4513 1720 4564 ὄτι

113 4601 329 4654 Πάντα
360 4596 599 4666 ἐγένετο
628 4596 702 4648 δι’
745 4595 957 4656 αὑτοῦ,
1007 4595 1106 4648 καί
1139 4595 1316 4665 χωρίς
1346 4599 1535 4651 αὑτοῦ
1581 4598 1723 4652 οὐδὲ

109 4687 186 4741 ἓν
213 4685 466 4756 γέγονεν
495 4684 526 4737 ὃ
559 4683 828 4753 γέγονεν.
874 4682 1014 4735 Ἀλλ’
1039 4683 1143 4734 ἔδει
1177 4685 1250 4752 μὴ
1282 4684 1442 4753 μόνον
1470 4683 1548 4753 τῷ
1583 4683 1722 4755 λόγῳ

112 4775 356 4845 λάμψαι,
385 4772 525 4824 ἀλλά
560 4774 654 4824 καὶ
685 4771 854 4842 ἔργῳ.
891 4769 1054 4835 Λέγει
1083 4773 1150 4839 τῇ
1194 4769 1432 4840 θαλάττῃ
1454 4786 1467 4800 ·
1501 4771 1717 4834 Σιώπα,

114 4863 479 4931 πεφίμωσο·
520 4859 613 4912 καὶ
642 4857 917 4928 ἐφιμώθη,
967 4857 1060 4910 καὶ
1121 4857 1263 4923 ἐγνω
1309 4857 1370 4909 τὸ
1418 4859 1579 4928 ἔργον
1633 4858 1724 4909 τὸν

114 4952 397 5022 τεχνίτην.
455 4945 593 5002 Εἷπε
646 4947 756 5017 γὰρ
802 4949 868 5016 τῇ
920 4945 1181 5016 θαλάττῃ,
1236 4947 1329 4999 καὶ
1376 4946 1721 5016 ἐσιώπησεν·

114 5039 244 5094 εἷπε
277 5041 356 5108 τῷ
397 5038 608 5108 ἀνέμῳ,
645 5039 739 5088 καὶ
769 5033 1044 5106 ἐφιμώθη.
1082 5035 1142 5086 Εἰ
1177 5035 1251 5105 μὴ
1278 5035 1576 5104 ὑπήκουσε,
1625 5034 1725 5087 ούκ

115 5129 185 5178 ἂν
222 5125 484 5195 ἐποίησεν
513 5123 676 5176 αὐτόν
698 5139 711 5152 ·
758 5123 807 5174 εί
851 5120 926 5192 μὴ
957 5115 1024 5191 ἦν
1054 5119 1246 5184 ὕδατος
1280 5123 1576 5192 Δεσπότης,
1625 5123 1725 5174 οὐκ

113 5217 186 5269 ἂν
225 5212 493 5286 μετέϐαλε
531 5213 591 5264 τὸ
632 5211 775 5281 ὓδωρ
812 5211 892 5274 είς
919 5206 1094 5262 οἶνον·
1149 5211 1196 5263 εί
1245 5210 1318 5280 μὴ
1380 5206 1449 5280 ἦν
1495 5211 1723 5282 ούρανοῦ

115 5304 427 5374 Δεσπότης,
453 5303 553 5354 ούκ
584 5301 649 5355 ἂν
673 5301 835 5353 αὑτὸν
861 5300 1037 5371 ἀστὴρ
1061 5299 1117 5365 ἐξ
1140 5298 1370 5370 ούρανοῦ
1393 5301 1687 5370 ἐκήρυττεν
1708 5316 1720 5330 ·

117 5394 166 5444 εἰ
205 5390 284 5460 μὴ
323 5385 391 5460 ἦν
423 5389 574 5458 ἡλίου
608 5388 907 5457 Δεσπότης,
951 5387 1050 5438 ούκ
1085 5388 1150 5438 ἂν
1202 5388 1388 5451 σκότος
1439 5389 1725 5440 ἐνεδύσατο

117 5481 179 5530 ἐν
228 5479 310 5547 τῷ
355 5474 593 5546 σταυρῷ.
629 5476 862 5546 Χριστὸς
918 5476 1010 5527 ἐπὶ
1064 5476 1318 5546 σταυροῦ,
1373 5477 1463 5528 καὶ
1501 5479 1528 5528 ὁ
1576 5477 1726 5545 ἥλιος

119 5566 443 5636 ἐσκοτίσθη.
481 5568 542 5618 Ὢ
574 5565 666 5616 τοῦ
703 5565 1007 5635 θαύματοςί
1045 5565 1178 5617 Οὐδὲ
1225 5569 1256 5635 ή
1306 5567 1484 5630 κτίσις
1528 5568 1723 5637 ἤνεγκε

120 5657 226 5725 τὴν
279 5654 436 5724 ῦ6ριν
495 5653 589 5705 τοῦ
645 5653 934 5705 Δεσπότου.
982 5653 1299 5724 Ἐσκοτίσθη
1335 5656 1362 5706 6
1407 5656 1579 5722 ἥλιος,
1641 5656 1724 5708 ἵνα

125 5742 312 5812 μάθῃς
364 5745 455 5795 καὶ
511 5745 567 5795 ἐν
620 5741 766 5812 αύτῷ
821 5741 898 5809 τῷ
957 5741 1171 5812 σταυρῷ
1223 5743 1372 5812 ήλίου
1427 5745 1720 5812 Δεσπότην.

134 5829 396 5900 Ἐκίσθη
439 5833 472 5901 ἡ
517 5831 611 5901 γῆ,
651 5831 736 5884 ἶνα
771 5829 968 5901 μάθῃς,
1023 5831 1105 5883 ὅτι
1147 5831 1271 5900 περὶ
1307 5831 1474 5884 αὑτοῦ
1504 5835 1531 5885 6
1562 5833 1724 5885 Δαυῒδ

1113 375 1202 431 DE
1240 372 1457 431 MUNDI
1495 370 1894 429 CREATIONE
1934 375 2194 432 ORATIO
2225 375 2310 432 Ill.

3291 394 3406 449 456

1811 491 1992 549 εἶπεν·
2025 499 2088 549 '0
2115 496 2452 550 ἐπιϐλέπων
2471 497 2568 551 ἐπὶ
2594 498 2706 565 τὴν
2735 497 2850 568 γῆν
2873 497 2968 552 καί
3001 495 3186 551 ποιῶν
3205 497 3401 565 αὐτὴν

1807 579 2058 650 τρέμειν,
2119 581 2481 651 Ἐσχίσθησαν
2531 585 2588 636 αί
2628 584 2848 654 πέτραι,
2902 585 2988 637 ῖνα
3031 583 3209 653 μάθῃς
3271 582 3400 654 περὶ

1808 664 1950 727 τίνος
2009 659 2161 717 εἶπεν
2219 665 2247 716 6
2296 668 2617 737 προφήτης·
2666 667 2719 719 '0
2771 667 2957 736 θυμὸς
2997 667 3184 721 αὑτοῦ
3235 667 3398 733 τήκει

1807 747 2017 817 ἀρχὰς,
2041 747 2138 801 καὶ
2160 751 2220 801 αἰ
2239 748 2445 816 πέτραι
2463 749 2806 818 ἐθρύϐησαν
2825 753 2924 805 ἀπ’
2946 749 3154 806 αὐτοῦ.
3175 751 3396 823 Ἠνοέγη

1808 834 1875 885 τά
1912 834 2192 903 μνήματα,
2228 833 2314 885 ἵνα
2359 836 2498 904 φανῇ
2527 836 2561 905 ἡ
2603 836 2928 899 ἀνάστασις,
2975 837 3066 888 καὶ
3106 837 3133 889 6
3168 835 3400 906 ἐγείρων

1807 913 1940 979 Θεὸς
1967 915 2054 968 διὰ
2083 915 2192 969 τῶν
2220 916 2439 969 πάντων
2460 916 2668 990 λάμψῃ.

1880 998 1945 1063 ζ’.
2002 998 2160 1052 Ἀλλά
2190 999 2271 1052 δεῖ
2300 1000 2448 1071 ήμᾶς
2494 1002 2586 1053 καὶ
2631 1002 2822 1069 ἠθικὸν
2861 1001 3079 1072 κινῆσαι
3121 1001 3299 1068 λόγον.
3345 1002 3402 1054 Ὀ

1807 1080 1999 1150 λύχνος
2027 1083 2177 1151 ἡμᾶς
2208 1081 2364 1136 καλεῖ
2393 1085 2486 1136 ἐπὶ
2513 1084 2574 1136 τὸ
2597 1086 2771 1137 εἰπεῖν
2791 1102 2803 1114 ·
2841 1086 3082 1153 Λύχνος
3113 1084 3235 1150 τοῖς
3256 1084 3405 1138 ποτε

1803 1185 1923 1238 μου
1950 1170 1983 1221 ὁ
2003 1169 2188 1237 ,λόγος
2219 1183 2360 1231 σου,
2382 1167 2480 1220 καί
2511 1166 2638 1237 φῶς
2673 1168 2803 1234 ταῖς
2839 1171 3061 1236 τρίϐοις
3085 1185 3226 1238 μου.
3254 1170 3404 1221 Κατ-

1808 1249 2002 1304 έλαόεν
2017 1251 2226 1322 ἐσπέρα
2248 1251 2334 1304 ῖνα
2359 1251 2627 1322 λέγωμεν·
2655 1253 3119 1318 Κατευθυνθήτω
3143 1251 3180 1318 ἡ
3215 1265 3406 1320 προσ-

1806 1339 1958 1408 ευχή
1985 1358 2104 1410 μου
2133 1342 2215 1407 ὠς
2242 1341 2504 1410 θυμίαμα
2545 1340 2805 1395 ἐνώπιόν
2835 1356 2973 1401 σου,
3009 1341 3260 1407 ἔπαρσις
3289 1336 3407 1391 τῶν

1808 1427 2023 1496 χειρῶν
2038 1447 2156 1498 μου
2180 1432 2361 1484 θυσία
2381 1427 2693 1498 έσπερινή.
2722 1426 2872 1500 [464]
2891 1429 2999 1481 Καὶ
3033 1426 3172 1480 διατί
3201 1425 3276 1496 μὴ
3301 1427 3405 1478 ἐω-

1809 1518 1967 1589 θινή;
2003 1513 2126 1571 Ὧδε
2164 1519 2254 1574 τὸν
2285 1519 2428 1572 νοῦν·
2466 1521 2500 1573 ἃ
2539 1520 2647 1590 γάρ
2681 1519 2974 1589 ψάλλομεν,
3015 1517 3298 1586 ὀφείλομεν
3333 1516 3408 1567 εἰ.

1808 1607 1978 1660 δέναι.
2009 1607 2168 1675 Λέγει
2197 1609 2376 1660 Δαυῖδ·
2412 1608 2650 1662 Ψάλατε
2679 1606 3267 1673 συνετῶς.Ἕπαρσις
3292 1602 3410 1657 τῶν

1811 1695 2026 1765 χειρῶν
2047 1714 2167 1766 μου
2207 1699 2390 1752 θυσία
2419 1697 2728 1765 ἑσπερινή.
2779 1697 2882 1750 Δύο
2925 1696 3115 1760 θυσίας
3153 1695 3406 1749 ἐκέλευσε

1810 1783 2054 1853 Μωῦσῆς
2086 1783 2359 1852 γίνεσθαι,
2413 1785 2611 1855 μᾶλλον
2653 1785 2707 1839 δὲ
2750 1785 2919 1849 Θεὸς·
2975 1785 3103 1856 μίαν
3146 1783 3402 1853 ἑωθινὴν,

1816 1871 1945 1942 μίαν
1975 1873 2290 1944 ἐσπερινήν.
2330 1873 2394 1926 Ἦ
2423 1872 2649 1944 ὀρθρινή
2686 1873 3011 1946 εὐχαριστία
3045 1868 3112 1939 ἦν
3144 1872 3284 1940 ὑπὲρ
3306 1871 3408 1939 τῆς

1813 1960 2031 2023 νυκτός.
2086 1961 2144 2012 '0
2173 1960 2281 2030 γὰρ
2311 1959 2601 2024 διασωθεὶς
2627 1961 2727 2032 τὴν
2757 1961 2948 2026 νύκτα,
2991 1960 3308 2030 εὐχαριστεῖ
3349 1960 3408 2009 ἐν

1813 2051 1877 2122 τῇ
1913 2050 2116 2122 ἡμέρα.
2152 2050 2214 2103 'H
2238 2050 2501 2122 ἐσπερινή
2524 2049 2683 2104 θυσία
2710 2051 3029 2122 εὐχαριστία
3049 2045 3114 2121 ἦν
3141 2047 3281 2118 ὑπὲρ
3309 2045 3408 2115 τῆς

1811 2139 2047 2211 ἡμέρας.
2092 2138 2310 2210 Ἐπειδὴ
2339 2139 2669 2211 διετήρησάς
2700 2157 2788 2209 με,
2819 2141 3004 2210 φησὶν,
3025 2141 3082 2192 ἐν
3111 2141 3176 2208 τῇ
3199 2136 3405 2207 ήμέρᾳ.

1813 2227 2120 2298 εὐχαριστῶ
2179 2244 2260 2280 σοι
2310 2227 2452 2297 ὑπὲρ
2493 2229 2621 2297 ὅλης
2666 2228 2766 2297 τῆς
2814 2227 3052 2298 ἡμέρας.
3095 2225 3160 2278 Ἦ
3212 2223 3410 2294 ἐωθινὴ

1815 2314 1975 2369 θυσία
2021 2315 2081 2368 o6
2127 2314 2342 2387 δέχεται
2386 2316 2476 2370 τὸν
2518 2316 2919 2387 άμαρτήσαντα
2963 2316 3020 2367 ἐν
3069 2313 3252 2368 νυκτί.
3311 2313 3410 2366 Διά

1813 2402 1973 2456 τοῦτο
2021 2403 2205 2472 λέγει·
2263 2403 2563 2472 Ἔπαρσις
2616 2403 2736 2457 τῶν
2792 2401 3005 2472 χειρῶν
3063 2418 3180 2471 μου
3229 2402 3413 2456 θυσία

1815 2491 2128 2561 ἐσπερινή.
2158 2491 2398 2562 Εἰσέρχῃ
2439 2491 2701 2563 ἑσπέραν,
2743 2490 2934 2554 ἁπλοῖς
2967 2489 3064 2551 τὰς
3097 2490 3315 2560 χεῖρας·
3361 2488 3410 2539 εί.

1815 2580 1998 2650 ἔχουσι
2031 2581 2344 2652 παρρησίαν
2377 2579 2772 2634 ἀπλούσθωσαν
2795 2597 2808 2611 ·
2836 2581 2884 2631 εί
2914 2577 2988 2649 μὴ
3018 2577 3266 2647 ἔγραψαν
3299 2573 3412 2629 ἀδι-

1815 2669 1961 2731 κίαν,
2003 2670 2051 2722 εί
2078 2669 2152 2740 μή
2183 2672 2441 2741 ἥρπασαν
2479 2668 2741 2739 πένητας,
2782 2669 2828 2721 εί
2866 2667 2940 2737 μὴ
2975 2665 3412 2734 ἐπλεονέκτησαν

1816 2759 2109 2828 ὀρφανοὺς,
2140 2757 2214 2819 ὡς
2241 2757 2534 2825 πρόσωπον
2551 2757 2768 2827 ἔχουσαι
2796 2755 3169 2824 ὑψούσθωσαν.
3199 2753 3412 2819 Ἔπαρ-

1817 2861 1919 2908 σις
1948 2843 2068 2896 τῶν
2096 2843 2310 2911 χειρῶν
2325 2860 2445 2912 μου
2469 2859 2482 2873 ·
2513 2844 2634 2898 ἀντὶ
2661 2843 2776 2908 τοῦ,
2811 2843 3007 2906 Βλέπε,
3029 2841 3222 2912 Κύριε,
3244 2839 3412 2892 καθα-

1822 2931 1912 3002 pa‘.
1947 2932 2001 2984 αί
2036 2933 2233 3000 χεῖρες.
2276 2931 2486 3000 Ὥσπερ
2519 2931 2627 3001 γὰρ
2665 2933 2694 2985 6
2736 2931 3084 3002 ἁμαρτήσας,
3121 2927 3413 3000 πρόσωπον

1818 3020 2023 3091 ἐπᾶραι
2045 3018 2106 3072 o6
2136 3017 2380 3083 δύναται,
2404 3018 2516 3072 ἀλλ’
2542 3019 2647 3072 ὑπὸ
2679 3018 3035 3089 συνειδήσεως
3066 3017 3410 3086 κάμπτεται,

1817 3105 1962 3159 οὕτω
2011 3105 2132 3176 χεὶρ
2183 3105 2569 3177 μεμολυσμένη
2610 3106 2730 3160 ούδέ
2778 3105 2951 3176 τολμᾷ
2995 3103 3414 3174 ἀντιπρόσωπος

1820 3194 2076 3263 γενέσθαι
2105 3193 2241 3264 Θεῷ.
2273 3193 2447 3247 Βλέπε
2473 3213 2486 3227 ·
2515 3195 2564 3248 εί
2596 3193 2838 3266 καθαραὶ
2863 3194 2920 3245 αἱ
2950 3195 3129 3263 χεῖρες
3156 3191 3264 3244 ἀπὸ
3296 3190 3412 3242 ἀδι-

1821 3284 1967 3347 κίας,
1988 3283 2404 3338 άπλούσθωσαν.
2430 3283 2529 3337 Διά
2546 3283 2705 3338 τοῦτο
2732 3286 2760 3337 ό
2788 3284 3132 3354 πατριάρχης
3164 3281 3416 3353 Ἀϐραάμ

1821 3373 2178 3444 παρῃτήσατο
2235 3371 2419 3425 λαϐεῖν
2467 3373 2573 3425 ἀπὸ
2612 3371 3060 3442 αίσχρσκερδείας
3105 3369 3294 3440 κέρδη,
3328 3369 3417 3421 ὅτε

1821 3461 2008 3528 ἔλεγεν
2035 3461 2183 3531 αὐτῷ
2216 3461 2244 3512 6
2268 3460 2520 3530 βασιλεὺς
2551 3461 2800 3530 Σοδόμων
2819 3476 2832 3490 ·
2874 3459 3029 3513 Λάϐε
3052 3460 3266 3512 πάντα·
3307 3459 3414 3526 μό-

1822 3565 1936 3602 νον
1962 3549 2069 3614 τὰς
2099 3547 2391 3618 γυναῖκας
2438 3549 2775 3601 ἀπόλυσον.
2833 3548 2950 3601 ’Ὶνα
2978 3542 3070 3599 οὖν
3101 3546 3416 3616 παρρησίαν

1825 3636 1943 3709 ἔχῃ,
1973 3637 2126 3689 οὐδὲν
2169 3636 2391 3688 ἐλαϐεν·
2423 3634 2672 3706 καθαρὰς
2703 3634 2758 3687 δέ
2786 3634 2924 3704 ἔχων
2959 3635 3056 3697 τὰς
3083 3637 3271 3704 χεῖρας
3300 3632 3416 3685 ἐλε-

1823 3740 1946 3792 γεν·
1990 3721 2243 3776 Ἐκτενῶ
2279 3721 2387 3788 τὰς
2425 3721 2628 3791 χεῖράς
2665 3739 2783 3791 μου
2814 3722 2964 3789 πρὸς
2998 3723 3105 3775 τὸν
3135 3723 3303 3784 Θεὸν,
3350 3721 3417 3785 ὃς

1825 3811 2075 3878 ἐποίησε
2104 3809 2210 3862 τὸν
2242 3810 2505 3876 οὐρανὸν
2533 3809 2626 3862 καὶ
2655 3809 2767 3876 τὴν
2809 3807 2942 3878 γῆν.
2990 3808 3099 3862 Καὶ
3133 3809 3414 3874 ἐξέτεινεν.

1829 3898 2017 3969 ἐπειδὴ
2041 3900 2139 3951 ούκ
2168 3894 2308 3968 ἦσαν
2339 3897 2744 3968 μεμολυσμέναι
2779 3898 3162 3968 κέρδειάδίκῳ.
3197 3899 3418 3964 Ἔπαρ-

1826 4007 1927 4055 σις
1944 3987 2061 4041 τῶν
2086 3988 2301 4056 χειρῶν
2324 4007 2465 4057 μου.
2509 3988 2833 4059 Ἐρμηνεύει
2863 3989 2942 4051 τὸ,
2979 3990 3268 4055 Ἔπαρσις
3299 3987 3419 4040 τῶν

1827 4076 2041 4146 χειρῶν
2057 4094 2198 4144 μου,
2237 4075 2481 4138 Παῦλος·
2514 4077 2814 4142 Βούλομαι
2855 4072 2968 4130 οὖν
3012 4076 3152 4141 τοὺς
3192 4076 3416 4142 ἄνδρας

1826 4167 2268 4233 προσεύχεσθαι
2304 4164 2374 4217 ἑν
2394 4165 2570 4216 παντί
2598 4164 2778 4228 τόπῳ,
2822 4163 3178 4231 ἐπαίροντας
3207 4164 3418 4227 ὁσίους

1827 4251 2030 4318 χεῖρας
2060 4253 2238 4319 χωρίς
2275 4251 2459 4320 ὀργῆς
2493 4251 2590 4303 καί
2625 4251 3052 4319 διαλογισμῶν.
3099 4252 3160 4303 'll
3209 4251 3418 4320 ἑσπέρα

1830 4339 2052 4389 ἀπαιτεῖ
2101 4339 2246 4407 ἡμᾶς
2289 4339 2358 4389 τὰ
2398 4336 2497 4406 τῆς
2549 4338 2785 4406 ἑσπέρας
2839 4338 2994 4408 ἔργα.
3057 4337 3272 4400 Ἀπλοῖς
3320 4339 3420 4402 τὰς

1830 4428 2021 4495 χεῖρας
2043 4441 2055 4456 ·
2086 4425 2282 4496 ἐρευνᾷ
2303 4426 2332 4476 6
2353 4425 2616 4494 τεχνίτης.
2649 4425 2907 4494 Ἔρχεται
2923 4426 2949 4476 ὁ
2965 4424 3184 4487 ἑωθινὸς
3207 4426 3418 4496 καιρὸς,

1828 4513 1923 4566 καὶ
1955 4511 2049 4566 ἐὰν
2091 4512 2166 4582 μὴ
2200 4512 2329 4582 ἔχῃς
2355 4512 2600 4582 καθαρὰν
2630 4511 2726 4580 τὴν
2753 4515 2912 4583 χεῖρα
2952 4513 2984 4581 ἢ
3025 4511 3123 4582 τὴν
3158 4513 3420 4578 διάνοιαν,

1827 4599 2049 4652 ἑωθινὸν
2075 4599 2265 4670 καιρὸν
2286 4598 2407 4651 οὔτε
2429 4599 2556 4650 ἰδεῖν
2574 4599 2779 4669 τολμᾷς
2796 4617 2808 4628 ·
2843 4601 2875 4668 ή
2903 4603 3068 4668 πεῖρα
3083 4599 3417 4663 διδάσκαλος.

1839 4687 2128 4757 Ἐννόησον
2158 4688 2284 4739 ὅταν
2307 4703 2391 4748 τις
2411 4685 2648 4756 καθαρὸς
2668 4686 2941 4756 διαμείνῃ.
2973 4685 3091 4749 πῶς
3116 4687 3421 4756 εἰσέρχεται

1827 4777 1915 4830 διὰ
1953 4774 2291 4846 παρρησίας,
2332 4773 2409 4837 ὼς
2445 4772 2581 4826 ίδίαν
2624 4773 2794 4843 αὐλὴν
2833 4773 3041 4828 πατῶν.
3097 4775 3423 4845 Παρρησίαν

1826 4867 1935 4934 γάρ
1972 4863 2119 4932 αὐτῷ
2155 4861 2372 4915 δίδωσιν
2411 4863 2468 4915 ἐν
2503 4861 2583 4930 τῷ
2625 4861 2833 4932 ἐωθινῷ
2882 4862 3060 4932 καιρῷ
3102 4864 3136 4931 ή
3170 4863 3230 4916 ἐν
3267 4866 3425 4917 νυκτὶ

1831 4949 2176 5022 σωφροσύνη.
2211 4949 2312 5003 Διά
2331 4949 2493 5001 τοῦτο
2513 4947 2676 5001 Δαυῖδ
2705 4947 2852 5015 λέγει
2878 4965 2892 4978 ·
2921 4949 2987 5001 El
3008 4949 3424 5017 ἐμνημόνευόν

1831 5053 1944 5090 σου
1971 5037 2070 5090 ἐπὶ
2092 5036 2205 5106 τῆς
2220 5035 2538 5105 στρωμνῆς
2559 5053 2699 5103 μου,
2729 5035 2801 5088 ἐν
2825 5034 2948 5100 τοῖς
2966 5034 3197 5103 ὀρθροις
3215 5036 3424 5104 ὲμελέα

1830 5141 1947 5178 των
1999 5128 2086 5191 είς
2134 5124 2228 5178 σέ.
2286 5123 2610 5193 Εὑχαριστῶ
2651 5122 2729 5193 τῷ
2767 5123 2926 5192 Θεῷ·
2986 5123 3290 5192 μέμνημαι,
3342 5124 3424 5177 ὃτι

1829 5213 2146 5282 κάμνουσαν
2185 5215 2318 5282 ἡμῖν
2352 5211 2450 5282 τὴν
2491 5211 2675 5281 φωνὴν
2724 5212 2752 5262 6
2799 5209 2893 5262 τοῦ
2945 5209 3081 5262 Θεοῦ
3128 5210 3423 5280 ἀνώρθωσε

1833 5301 2008 5368 λόγος,
2036 5301 2095 5353 o6
2131 5302 2264 5370 πρὸς
2287 5301 2386 5370 τὴν
2414 5301 2692 5370 ἡμετέραν
2728 5299 2885 5363 ἀξίαν
2917 5299 3078 5370 ὀρῶν,
3115 5299 3248 5352 ἀλλὰ
3284 5298 3422 5372 πρὸς

1831 5390 1921 5442 τὸν
1958 5391 2222 5460 ὑμέτερον
2275 5389 2455 5443 πόθον.
2503 5388 2803 5458 Εύξώμεθα
2856 5389 3037 5440 τοίνυν
3081 5391 3138 5440 ἐν
3192 5389 3421 5460 ἀληθείᾳ

1832 5480 2080 5551 καρδίας.
2118 5478 2213 5532 καὶ
2241 5481 2465 5551 εἰρήνην
2493 5479 2659 5549 ἔχειν,
2698 5479 2792 5531 καὶ
2838 5480 2895 5532 ἐν
2937 5477 3155 5550 δρθροις
3183 5481 3414 5550 παῤῥηο

1835 5567 2135 5632 σιάζεσθαι,
2167 5569 2260 5621 καὶ
2290 5569 2570 5637 αίρετικην
2607 5569 2804 5636 μανίαν
2841 5566 3084 5634 φεύγειν,
3129 5567 3221 5619 καὶ
3262 5566 3418 5638 ὀρθό-

1832 5657 1983 5721 δοξον
2019 5658 2202 5709 πίστιν
2239 5656 2612 5726 μεταδιώκειν,
2667 5655 2757 5707 καὶ
2786 5654 2942 5718 δόξαν
2974 5655 3322 5724 ἀναπέμπειν
3345 5653 3422 5723 τῷ

1835 5746 2010 5816 Hath
2047 5746 2140 5797 καὶ
2172 5745 2249 5812 τῷ
2281 5743 2393 5812 Υἱῴ
2420 5745 2512 5796 καὶ
2541 5744 2617 5812 τῷ
2657 5742 2798 5812 ἁγίῳ
2843 5741 3144 5811 Πνεύματι,
3192 5741 3288 5795 νῦν
3329 5745 3417 5798 καὶ

1832 5835 1938 5899 ἀει,
1972 5835 2064 5886 καὶ
2095 5833 2174 5895 είς
2206 5832 2325 5895 τοὺς
2362 5830 2562 5894 αἰῶνας
2591 5832 2697 5884 τῶν
2729 5831 2957 5886 αίώνων.
3000 5831 3188 5901 Ἀμήν.
