3982 6218
533 399 642 454 457

530 500 685 578 [£65]
732 499 841 558 Τοῦ
874 496 1062 552 αὑτοῦ
1098 497 1184 562 είς
1234 493 1350 564 τὴν
1398 495 1688 565 τετάρτην
1743 487 1976 560 ἡμέραν
2013 484 2124 553 τῆς

1101 579 1517 648 κοσμοποιίας.

600 669 671 725 α’.
704 667 1037 738 Κάμνουσαν
1063 667 1197 736 ἡμῖν
1223 666 1322 737 τὴν
1345 664 1529 734 φωνὴν
1552 665 1616 733 τῇ
1643 659 1950 732 προτεραίᾳ
1971 660 2005 730 ὴ
2029 653 2126 708 τοῦ

529 754 666 810 Θεοῦ
701 754 862 826 χάρις
902 751 991 805 διὰ
1012 751 1110 814 τὰς
1137 750 1409 821 ὑμετέρας
1437 748 1602 818 εὐχὰς
1623 745 1829 800 καὶτὸν
1863 743 2128 815 ὑμέτερον

530 840 697 894 πόθον
726 837 1081 909 ἐστερέωσεν.
1106 836 1254 907 Λύτῇ
1279 834 1462 888 τοίνυν
1482 831 1830 903 χρησάμενος
1858 831 1924 900 τῇ
1962 826 2130 895 πείρᾳ

529 924 859 995 διδασκάλῳ,
895 924 1018 976 ὅσον
1067 921 1244 992 ίσχύει
1288 919 1450 982 πόθος
1489 920 1583 970 καὶ
1622 916 1785 986 ζῆλος
1829 911 2125 985 φιλοθεῖας,

531 1009 626 1062 ἐπὶ
647 1007 746 1079 τὴν
771 1007 943 1077 αὐτὴν
969 1003 1317 1075 παράκλησιν
1340 1003 1480 1073 ἥκω,
1507 999 1669 1054 πάλιν
1703 996 1856 1070 ὐμῶν
1876 995 2130 1079 δεόμενος

531 1093 630 1164 τὴν
653 1078 823 1162 αὐτὴν
856 1090 998 1161 ὑπὲρ
1030 1088 1184 1159 ὑμῶν
1217 1085 1546 1156 αἰτήσασθαι
1589 1086 1769 1154 χάριν.
1816 1083 1878 1136 Et
1908 1081 2018 1152 γάρ
2068 1078 2130 1130 16

532 1175 725 1238 σκεῦος
758 1173 860 1245 τῆς
902 1173 1135 1241 ἐκλογῆς
1169 1171 1197 1222 6
1232 1168 1464 1231 Παῦλος,
1513 1170 1543 1220 ὁ
1587 1165 1851 1219 λαλοῦντα
1883 1164 2024 1236 έχων
2070 1164 2129 1216 ἐν

531 1260 710 1332 ἐαυτῷ
733 1259 825 1313 τὸν
855 1256 1109 1328 Χριστὸν,
1132 1257 1160 1308 ό
1187 1254 1466 1324 Πνεύματι
1497 1253 1638 1322 ἀγίῳ
1671 1250 2126 1325 κυϐερνούμενος,

529 1350 628 1422 τὴν
685 1345 839 1418 παρά
880 1344 992 1398 τῶν
1034 1341 1323 1412 ἀκροατῶν
1367 1337 1783 1411 ὴρῤαϐωνίζετο
1818 1333 2129 1422 προσευχὴν

530 1419 740 1502 λέγων’
801 1427 1101 1497 Ἀδελφοί,
1156 1425 1579 1494 προσεύχεσθε
1635 1423 1769 1490 περὶ
1812 1419 1980 1489 ἐμοῦ,
2029 1419 2131 1472 ἵνα

524 1534 627 1589 μοι
663 1512 814 1581 δοοῇ
863 1514 1048 1582 λόγος
1083 1510 1153 1563 ἐν
1194 1507 1425 1572 ἀνοίξει
1470 1506 1576 1561 τοῦ
1634 1504 1934 1575 στόματός
1969 1517 2125 1589 μουο

533 1587 683 1669 πόσῳ
727 1598 928 1669 μᾶλλον
981 1596 1140 1666 ἡμεῖς
1189 1594 1239 1645 οί
1285 1592 1528 1645 ταπεινοῖ
1577 1591 1670 1644 καὶ
1715 1591 1775 1644 τὸ
1819 1589 2009 1661 μηδὲν,
2053 1587 2131 1651 ὡς

529 1686 729 1749 εἰπεῖν,
759 1682 912 1744 δντες
938 1679 1199 1749 αἰτοῦμεν
1224 1677 1324 1746 τὴν
1359 1677 1487 1746 παρ’
1513 1673 1668 1745 ὑμῶν
1701 1672 2021 1745 πρεσϐείαν,
2043 1671 2130 1725 ἵνα

531 1769 666 1839 λυθῇ
699 1767 798 1838 μέν
834 1767 862 1819 6
889 1763 1086 1834 δεσμὸς
1115 1761 1214 1832 τῆς
1253 1759 1521 1828 γλώττης,
1559 1759 1750 1828 ἀνοιγῇ
1778 1757 1836 1810 δὲ
1861 1756 1960 1827 τῆς
1983 1757 2129 1828 παρ-

535 1853 730 1922 ρησίας
773 1852 802 1904 6
853 1849 1013 1916 1670;
1040 1862 1052 1875 ⁶
1103 1847 1198 1899 καὶ
1246 1843 1386 1914 αὐτὴ
1414 1842 1471 1895 δὲ
1520 1845 1553 1912 ἡ
1598 1841 1717 1895 θεία
1750 1841 1910 1912 χάρις
1941 1841 2037 1894 καὶ
2069 1839 2130 1892 τὸ

530 1936 764 2007 δργανον
811 1930 1210 2004 ἀνεμπόδιστον
1257 1928 1493 1999 φυλάξῃ,
1540 1928 1634 1979 καὶ
1683 1925 1793 1979 τῶν
1840 1925 2131 1995 νοημάτων

527 2023 630 2091 τὴν
665 2015 931 2091 χορηγίαν
983 2014 1299 2086 ἀφθονήσῃ·
1352 2013 1452 2082 οὐχ
1489 2010 1577 2064 ἵνα
1621 2011 1651 2064 6
1693 2008 1868 2077 λέγων
1911 2008 1981 2062 τά
2010 2009 2132 2062 θεῖα

531 2104 768 2175 κερδάνῃ
824 2101 1007 2172 μόνος,
1054 2097 1171 2151 ἀλλ’
1227 2098 1311 2153 ῑνα
1368 2093 1489 2168 μεθ’
1535 2093 1690 2166 ὐμῶν
1735 2093 1828 2146 τὸν
1876 2092 2130 2164 οὐράνιον

530 2186 761 2240 πλοῦτον
791 2185 1056 2256 ἀντλήσῃ.
1094 2181 1232 2252 Φέρε
1259 2181 1465 2244 τοίνυν,
1500 2178 1599 2250 τῆς
1634 2176 1957 2240 ἀκολουθίας
1988 2176 2132 2248 ἁψώ-

534 2271 696 2343 μεθα.
729 2269 939 2340 Πρέπει
962 2268 1094 2337 γάρ,
1127 2260 1303 2336 οἶμαι,
1331 2263 1521 2334 ῶσπερ
1553 2262 1718 2325 αὐτὸς
1762 2263 1790 2314 6
1834 2261 2131 2331 νομοθέτης

531 2354 772 2423 Μωῦσῆς
815 2350 1110 2425 ἀκολουθίᾳ
1162 2349 1258 2400 καὶ
1300 2347 1452 2413 τάξει
1501 2346 1594 2399 τὸν
1641 2345 1742 2416 τῆς
1770 2343 2129 2416 δημιουργίας

533 2438 869 2508 συνεπέρανε
905 2434 1086 2502 λόγον,
1116 2431 1260 2488 οὕτω
1302 2433 1397 2485 καὶ
1441 2433 1587 2501 ἡμᾶς
1627 2431 1742 2492 τοῖς
1785 2425 2025 2499 πρώτοις
2062 2425 2132 2508 τά

528 2506 784 2594 δεύτερα,
819 2520 911 2573 καὶ
947 2521 1059 2585 τοῖς
1087 2517 1360 2589 δευτέροις
1390 2516 1457 2569 τά
1487 2513 1647 2586 τρίτα
1679 2512 2049 2573 συνάπτοντας
2070 2506 2130 2562 εὗ

533 2609 740 2678 κρῖναι,
763 2605 858 2658 καὶ
886 2603 1193 2673 ἀσύγχυτον
1216 2603 1345 2672 ὑμῖν
1368 2596 1709 2671 παραδοῦναι
1736 2595 1828 2648 τοῦ
1854 2595 2012 2664 λόγου
2034 2596 2133 2667 τὴν

533 2691 842 2760 εἰσήγησινο
877 2687 1137 2757 Πέπηκτο
1156 2686 1184 2739 6
1199 2683 1449 2755 οὐρανὸς,
1477 2680 1716 2753 ῆδραστο
1738 2679 1800 2733 16
1821 2678 2131 2751 στερέωμα,

532 2775 819 2844 ἀφώριστο
855 2774 890 2843 ὴ
935 2771 1200 2835 θάλασσα,
1231 2767 1562 2838 γεγύμνωτο
1609 2767 1641 2836 ἠ
1679 2765 1774 2839 γῆ,
1817 2763 2135 2817 πεποίκιλτο

533 2861 790 2931 καρποῖς,
815 2858 1023 2925 φυτοῖς,
1056 2854 1318 2920 δένδροις,
1357 2852 1586 2921 πηγαῖς,
1629 2849 1722 2901 καὶ
1763 2850 1928 2902 πᾶσιν
1956 2847 2134 2912 ἀπαξ-

534 2944 722 3007 απλῶς
746 2937 829 3006 οίς
850 2940 1017 3014 ἐχρῆν
1051 2936 1486 2991 κεκαλλώπιστο.
1538 2932 1675 2986 Οὔτε
1711 2931 1820 3002 γάρ
1867 2931 2014 3002 ἀπλῆ
2050 2948 2134 2995 τις

532 3024 603 3100 ἦν
626 3031 660 3100 ἡ
692 3030 756 3080 ἐκ
778 3025 982 3094 ταύτης
1004 3022 1256 3083 ἀνάδοσις
1281 3019 1581 3090 γεναμένη,
1600 3016 1737 3071 ἀλλά
1761 3018 2019 3088 διάφορος
2041 3019 2136 3071 καὶ

535 3111 780 3182 ποικίλη.
807 3111 888 3162 Τά
925 3109 1023 3178 μὲν
1059 3106 1168 3177 γὰρ
1195 3105 1365 3175 αὐτὴν
1393 3103 1618 3172 ἐκόσμει
1669 3101 1766 3171 τὴν
1797 3101 1920 3171 γῆν,
1966 3101 2036 3154 16
2078 3101 2136 3154 δέ

537 3199 616 3259 εἰ;
648 3193 947 3266 διατροφὴν
975 3194 1088 3252 τοῖς
1109 3188 1422 3259 ἀνθρώποις
1453 3184 1486 3254 ἢ
1522 3187 1636 3248 τοῖς
1658 3184 1873 3252 ἀλόγοις
1905 3185 2135 3253 ἐγίνετο,

535 3280 608 3334 16
652 3279 710 3332 δὲ
761 3279 927 3348 ἐτερα
965 3277 1193 3345 παρεῖχε
1221 3274 1318 3342 τῆν
1348 3271 1546 3341 χρῆσιν
1598 3272 1708 3332 τοῖς
1762 3269 2137 3339 προλεχθεῖσιν

537 3362 868 3435 ἀνθρώποις.
923 3361 997 3411 Οὐ
1030 3374 1139 3428 γαρ
1167 3355 1263 3408 τοῦ
1301 3354 1568 3425 παρόντος
1598 3352 1719 3404 ἐστὶ
1761 3353 1981 3423 καιροῦ,
2028 3352 2137 3404 τῶν

536 3447 811 3516 διαφόρων
843 3457 867 3484 ι
904 3442 1013 3496 τῶν
1044 3444 1108 3495 ἐκ
1149 3441 1248 3510 τῆς
1281 3440 1384 3508 γῆς
1431 3435 1802 3491 ἀναδοθέντων
1839 3435 2134 3500 ἐπεξιέναι,

539 3531 683 3599 ὑπὲρ
737 3527 828 3581 τοῦ
882 3526 959 3597 μὴ
1000 3525 1080 3595 τῷ
1127 3525 1294 3594 μήκει
1349 3520 1444 3574 τοῦ
1490 3519 1650 3587 λόγου
1712 3519 1811 3581 τὰς
1865 3518 2136 3591 ὑμετέρας

540 3616 711 3678 ἀκοὰς
731 3615 1011 3668 ἀποκνεῖν.
1061 3608 1377 3675 Ἀπειλήιρει
1413 3605 1507 3656 καὶ
1551 3605 1579 3655 ό
1612 3603 1842 3674 οὐρανὸς
1884 3604 1976 3656 τὸν
2009 3605 2138 3658 ἴδιον

542 3698 766 3767 κόσμον.
800 3697 982 3766 Χωρεί
1006 3691 1190 3745 λοιπὸν
1222 3693 1253 3743 6
1281 3689 1413 3754 Θεὸς
1443 3689 1535 3738 ἐπὶ
1559 3687 1628 3740 τά
1661 3686 1852 3751 ὕδατα,
1871 3687 1965 3742 καὶ
1997 3690 2141 3741 ποιεῖ

539 3781 716 3834 ταῦτα
746 3778 1112 3848 προσενέγκαι
1140 3773 1317 3843 ψυχὴν
1347 3772 1548 3834 ζῶσαν,
1590 3772 1618 3822 ό
1652 3770 1829 3839 μέγας
1867 3769 1960 3820 καὶ
2001 3770 2138 3822 πάν-

545 3879 709 3933 σοφος
738 3859 1102 3931 Δημιουργὸς,
1133 3857 1161 3907 6
1191 3856 1420 3925 νεύματι
1465 3852 1712 3923 ἀϐιάστῳ
1749 3853 1841 3904 καὶ
1880 3851 2040 3922 Λόγῳ
2063 3851 2140 3922 τῷ

541 3950 685 4018 ἁγίῳ
710 3948 778 4000 16
804 3946 978 3999 πάντα
1007 3941 1401 4014 ἐργασάμενος,
1431 3937 1505 4000 ὡς
1533 3936 1590 4001 ἐξ
1615 3937 1787 4006 αὐτῆς
1835 3935 1928 3988 τοῦ
1961 3939 2137 4006 Λόγου

541 4035 639 4104 τῆς
658 4031 913 4103 ἀληθείας
936 4028 1044 4082 τῶν
1069 4026 1409 4096 πραγμάτων
1434 4022 1531 4094 τὴν
1555 4022 1813 4092 ἀλήθειαν
1843 4021 2137 4090 ἐπέγνωτε,

542 4121 632 4173 ὅτε
672 4115 899 4186 ἠκούετε
928 4110 1095 4166 αὐτοῦ
1136 4111 1417 4177 λέγοντοςο
1446 4105 1810 4176 Συναχθήτω
1837 4108 1907 4159 τὰ
1929 4107 2138 4159 ὕδατα·

542 4203 636 4257 καὶ
665 4201 865 4262 εὐθέως
898 4194 1181 4267 ἠκολούθει
1206 4193 1268 4245 16
1299 4192 1460 4262 ἔργον
1489 4189 1566 4260 τῷ
1595 4191 1772 4260 λόγῳο
1812 4190 1906 4242 καὶ
1945 4191 2135 4244 πάλιν·

556 4283 927 4353 Ἐξαγατέτω
964 4282 1002 4349 ἡ
1060 4278 1168 4348 7-7"-
1218 4277 1333 4339 καὶ,
1393 4274 1761 4343 Ἐξαγαγέτω
1802 4275 1872 4325 τὰ
1911 4273 2139 4326 ὕδατα·

542 4372 661 4438 καὶ,
711 4364 1157 4432 Γενηθήτωσαν
1208 4357 1542 4429 φωστῆρες.
1584 4358 1692 4408 Καὶ
1741 4357 1908 4419 πολὺς
1950 4359 2017 4410 ἂν
2053 4358 2137 4428 εἴη

542 4455 639 4508 νῦν
663 4455 692 4506 6
713 4450 808 4504 τοῦ
839 4447 1102 4519 παρόντος
1132 4444 1319 4514 καιρὸς
1349 4442 1393 4500 ι’.
1428 4445 1561 4493 πᾶσι
1584 4443 1697 4502 τοῖς
1725 4440 1883 4509 Λόγῳ
1911 4442 2142 4510 γεναμέ-

543 4554 657 4602 νοις
696 4533 990 4597 ἐπεξιέναι.
1026 4530 1145 4582 ’Ίνα
1192 4529 1301 4597 γάρ
1335 4527 1404 4577 τά
1451 4525 1591 4578 κατά
1629 4525 1726 4593 τὴν
1776 4528 2012 4575 παλαιάν
2049 4524 2142 4593 δη-

553 4621 839 4692 μιουργίαν
861 4614 1302 4682 καταλείψωμεν,
1337 4610 1580 4678 ἔλθωμεν
1613 4609 1706 4658 ἐπὶ
1737 4607 1804 4658 16
1836 4609 1892 4658 ἐν
1925 4609 1990 4675 τῇ
2020 4608 2142 4692 _Néq.

546 4685 791 4775 διαθῆκῃ
827 4701 958 4771 παρ’
1002 4697 1167 4751 αὐτοῦ
1207 4697 1365 4764 Λόγῳ
1417 4693 1575 4764 μόνον
1621 4693 1914 4760 γενάμενα.
1974 4685 2140 4754 Οὗτος

549 4792 658 4860 γάρ
692 4790 844 4840 ἐστιν
883 4789 913 4838 6
955 4785 1024 4836 16
1070 4781 1278 4835 παλαιά
1328 4777 1762 4848 δημιουργήσας,
1794 4779 1904 4860 ,καὶ
1945 4777 2015 4827 τά
2047 4777 2142 4826 νέα

553 4859 807 4946 ποιήσας,
841 4870 984 4924 κατά
1022 4868 1275 4936 Ἰωάννην
1309 4863 1399 4916 τὸν
1426 4863 1687 4946 λέγονταί
1715 4859 1919 4914 Πάντα
1947 4862 2020 4913 δι’
2047 4863 2144 4914 αὐ-

553 4944 948 5026 τοῦτὲγένετο,
1005 4951 1102 5003 καὶ
1147 4949 1325 5016 χωρὶς
1371 4945 1559 4998 αὐτοῦ
1591 4944 1829 5014 ἐγένετο
1876 4945 2019 4998 οὐδὲ
2051 4946 2140 4999 ἓν.

552 5045 710 5103 Ποῖος
736 5041 844 5110 ἀρα
880 5034 1255 5105 ἐξηγήσασθαι
1284 5030 1455 5083 ταῦτα
1501 5031 1618 5080 κατ’
1659 5029 1941 5100 ἀκρίϐειαν
1984 5030 2143 5110 δυνή-

556 5140 710 5177 σεται
735 5122 922 5188 λόγος;
975 5118 1136 5171 Ἀλλά
1176 5117 1272 5186 τῆς
1313 5113 1633 5176 ἀκολουθίας
1673 5114 1943 5183 ἐχώμεθα.
1977 5109 2146 5176 Οὗτος

553 5207 732 5260 τοίνυν
761 5208 789 5259 6
824 5206 1097 5270 πάνσοφος
1127 5199 1488 5271 Δημιουργὸς,
1515 5196 1697 5258 καθὼς
1724 5197 1873 5267 μϋϋ]
1906 5198 2146 5262 φθάσαν-

554 5311 646 5357 τες
675 5294 928 5362 ετπαμεν,
958 5287 984 5338 ὃ
1018 5286 1233 5355 πρῶτον
1264 5287 1508 5351 ἐποίησε,
1539 5282 1698 5334 τοῦτο
1727 5282 1821 5332 καὶ
1847 5283 2142 5351 ἐκόσμησε’

556 5372 711 5441 οὗτος
744 5378 838 5429 καὶ
874 5374 952 5442 τῷ
995 5371 1234 5440 δευτέρῳ
1279 5370 1576 5437 γενομένῳ,
1629 5368 1867 5436 δευτέρῳ
1907 5370 1999 5418 καὶ
2054 5368 2144 5420 τὸν

558 5464 762 5532 κόσμον
817 5457 1129 5511 ἀπέδωκεν-
1178 5452 1374 5521 ὁμοίως
1426 5453 1519 5503 καὶ
1571 5452 1647 5521 τῷ
1708 5452 1894 5522 τρίτῳ,
1939 5453 2030 5504 καῖ
2069 5450 2147 5520 τῷ

623 5592 640 5612 ⁸
663 5589 812 5640 Savil.
841 5587 963 5649 conj.
991 5588 1073 5641 τὰς
1109 5583 1351 5649 διαφοράς,
1374 5581 1503 5649 (ιιιοᾴ
1537 5583 1730 5648 recepit
1753 5582 1948 5631 Combe
1973 5597 2012 5628 s.
2034 5582 2145 5649 Mox

559 5651 712 5703 δτι-ῆι.
741 5654 790 5700 in
813 5645 956 5698 ιειιῦ
984 5658 1038 5698 el.
1056 5645 1311 5698 εοωυιτιιε.
1335 5645 1580 5700 ἐπεξιέναι,
1603 5645 1652 5688 in
1683 5656 1829 5702 marg.
1849 5658 1878 5692 e
1904 5656 2002 5691 Var.
2030 5647 2148 5693 lect.

565 5718 690 5758 ὺπεξ.

653 5731 690 5758 ν.

559 5731 791 5822 1Mt"5:w.
819 5773 944 5844 conj:
987 5769 1153 5844 καιροῦ
1199 5770 1350 5829 λόγος.
1395 5764 1654 5820 Combclis.
1693 5767 1873 5817 omisso
1917 5765 1997 5815 νῦν
2043 5773 2151 5832 post

564 5842 828 5902 γενομένοις
852 5837 982 5884 add“
1010 5835 1245 5893 ἑλόμενος.

1993 362 2364 421 SEV’ERIANI

3712 395 3832 449 458

2228 493 2497 553 τετάρτῳ,
2551 481 2647 534 καὶ
2694 483 2810 546 τοῖς
2853 480 3060 545 λοιποῖς
3095 480 3292 551 ἐφεξῆς
3331 480 3505 535 άπασι
3548 483 3694 536 κατά
3740 484 3846 555 τὴν

2224 565 2378 632 τάξιν
2411 563 2776 636 δημιουργίας
2809 564 2907 618 καὶ
2943 565 3041 636 τὴν
3089 562 3389 634 εὐκοσμίαν
3429 566 3730 636 παρέσχεν.
3772 569 3843 620 Τί

2223 649 2280 702 δὲ
2311 648 2399 702 διὰ
2428 648 2620 702 τούτου
2654 651 3213 721 πραγματευόμενοςς
3254 649 3285 719 ἢ
3319 650 3461 720 τάχα
3509 650 3604 703 καὶ
3647 652 3844 706 αὐτῶν

2223 732 2334 785 τῶν
2391 731 2674 802 στοιχείων
2723 733 2872 803 ἡμᾶς
2937 731 3149 797 διδάξαι
3203 731 3526 804 βουλόμενος
3566 733 3734 804 ὄρους
3777 751 3845 790 τι

2223 817 2413 886 τιμᾷν,
2436 817 2530 868 καὶ
2552 814 2708 881 τάξιν
2729 815 3147 885 ὲπιγινώσκειν;
3173 815 3393 889 Πρῶτον
3413 816 3589 870 τοίνυν
3604 817 3840 888 ἐποίησε

2225 899 2316 952 τὸν
2341 898 2573 972 οὐρανὸν
2594 899 2685 952 16v
2723 899 2930 964 ἐπάνω,
2967 899 3219 968 δεύτερον
3253 899 3354 970 τὴν
3384 898 3510 969 γῆν,
3554 901 3742 969 τρίτον
3777 902 3842 954 16

2229 984 2540 1053 στερέωμα,
2576 983 2838 1054 τέταρτον
2867 982 3148 1054 ἀφώρισεν
3175 982 3244 1036 τά
3285 981 3476 1039 ὕδατα.
3507 984 3572 1036 ’0
3615 982 3840 1053 πρῶτον

2227 1068 2475 1138 ἐποίησε,
2512 1065 2673 1120 τοῦτο
2703 1066 2921 1135 πρῶτον
2965 1065 3263 1136 ἐκόσμησε.
3299 1064 3426 1130 Πῶς
3466 1060 3579 1130 οὖν,
3610 1068 3842 1129 πάντως

2228 1152 2345 1222 ἐρεῖ
2369 1169 2451 1214 τις
2478 1150 2587 1205 τῶν
2631 1148 3062 1221 ἀκριϐεστέρων,
3091 1150 3352 1220 δευτέραν
3392 1145 3560 1203 οὖσαν
3595 1149 3695 1220 τὴν
3729 1151 3841 1220 γῆν

2229 1236 2453 1307 πρώτην
2514 1235 2825 1305 ἐκόσμησε,
2880 1235 2975 1287 καὶ
3024 1235 3101 1296 ὡς
3145 1233 3457 1304 μαχομένου
3517 1234 3698 1304 ἐαυτῷ
3738 1233 3840 1288 τοῦ

2227 1319 2387 1388 λόγου
2442 1335 2543 1389 μου
2615 1316 2937 1389 βουλήσεται
3001 1315 3492 1387 ἐπιλαμϐάνεσθαι.
3557 1316 3704 1386 Πρὸς
3779 1317 3842 1369 ὃν

2227 1404 2470 1466 λεκτέον,
2493 1403 2569 1467 ὠς
2593 1402 2746 1456 οὐδὲν
2778 1400 3021 1456 ἐναντίον
3049 1403 3179 1472 παρ’
3202 1400 3361 1471 ἡμῶν
3392 1402 3484 1454 ἐπὶ
3506 1400 3600 1454 τοῦ
3631 1401 3842 1472 παρόν-

2227 1505 2321 1554 τος
2351 1486 2567 1559 ἐλέχθη,
2597 1485 2734 1540 ἀλλά
2773 1485 2870 1540 καὶ
2906 1485 3050 1538 πάνυ
3085 1483 3267 1555 ἑαυτῷ
3308 1485 3567 1555 ἁρμόζων
3605 1486 3634 1538 6
3675 1484 3839 1552 λόγος

2227 1573 2506 1642 τυγχάνει.
2559 1570 2673 1642 Πρὸ
2721 1570 2832 1641 γὰρ
2877 1568 2972 1621 τοῦ
3022 1568 3404 1640 στερεὼματος
3458 1567 3676 1634 τούτου,
3741 1569 3838 1622 τοῦ

2231 1656 2370 1726 μετά
2397 1654 2490 1706 τὸν
2520 1653 2751 1727 οὐρανὸν
2778 1653 2870 1706 16v
2899 1652 3012 1706 ἀνω
3033 1651 3349 1723 γενομένου,
3389 1651 3698 1723 ἐκοσμήθη,
3743 1651 3840 1705 τοῦ

2229 1742 2324 1792 καὶ
2363 1740 2423 1792 ἐν
2463 1741 2530 1811 τῇ
2575 1738 2807 1810 δευτέρᾳ
2858 1736 3046 1810 ἡμέρᾳ
3087 1737 3188 1808 τὴν
3220 1735 3476 1790 σύστασιν
3509 1736 3834 1808 ἐσχηκότος.

2232 1822 2382 1877 Ἔδει
2418 1822 2530 1895 γάρ
2567 1822 2638 1876 16
2677 1820 2948 1894 πρεσϐεῖα
2988 1831 3012 1860 ο
3047 1820 3386 1892 φυλαχθῆναι
3411 1823 3477 1890 τῇ
3520 1819 3834 1891 ἀκολουθίᾳ.

2231 1909 2360 1962 Ὅτε
2395 1906 2494 1979 τὴν
2530 1907 2635 1978 γῆν
2665 1906 2943 1977 ἐκόσμησε
2995 1907 3184 1975 φυτοῖς
3213 1906 3308 1959 καὶ
3337 1906 3594 1977 καρποῖς,
3627 1904 3720 1958 '615
3750 1904 3838 1956 τὸν

2228 1993 2460 2065 οὐρανὸν
2484 1991 2864 2047 ἐκαλλώπισεν
2895 1991 3034 2063 ἡλίῳ
3069 1992 3167 2044 καὶ
3206 1991 3407 2065 σελήνῃ
3437 1990 3530 2044 καὶ
3551 1991 3632 2060 τῷ
3665 1989 3838 2057 λοιπῷ

2226 2077 2338 2130 τῶν
2376 2075 2598 2148 ἄστρων
2641 2075 2808 2148 χορῷ,
2843 2070 3010 2147 ἢλθεν
3040 2075 3134 2129 ἐπὶ
3179 2074 3249 2129 τά
3301 2073 3494 2128 ὕδατα.
3547 2073 3663 2128 Καὶ
3713 2073 3766 2125 τί
3811 2074 3838 2125 6

2232 2160 2675 2231 ίστοριογράφος;
2702 2160 2810 2215 Kal
2835 2155 2988 2227 εἶπε,
3016 2157 3204 2230 φησιν,
3223 2159 3258 2212 ό
3283 2159 3447 2224 Θεός-
3466 2155 3839 2227 Ἐξαγαγέτω

2229 2246 2303 2297 τὰ
2329 2244 2519 2298 ὕδατα
2546 2244 2765 2312 ἑρπετὰ
2799 2242 3021 2312 ψυχῶν
3065 2242 3291 2307 ζωσῶν,
3330 2242 3429 2296 καὶ
3460 2241 3708 2295 πετεινὰ
3733 2254 3836 2291 ,τεο

2229 2323 2452 2391 τόμενα
2493 2320 2593 2374 ἐπὶ
2633 2319 2747 2388 τῆς
2787 2319 2906 2389 γῆς
2929 2321 3082 2374 κατὰ
3124 2320 3190 2374 τὸ
3236 2319 3548 2388 στερέωμα
3584 2317 3696 2372 τοῦ
3738 2318 3838 2370 οὐ·

2223 2406 2439 2475 ρανοῦ.
2483 2404 2659 2458 Βλέπε
2704 2403 2842 2458 Θεοῦ
2892 2403 3050 2474 λόγον
3097 2403 3239 2475 ἔργα
3285 2405 3398 2468 τοῖς
3441 2405 3692 2477 ῥήμασιν
3737 2403 3835 2454 ἐπ-

2233 2489 2523 2561 άγοντοςά,
2572 2489 2668 2543 καὶ
2703 2489 2773 2543 τά
2823 2489 3047 2561 ῥήματα
3092 2489 3460 2543 ἀποτελοῦντα
3505 2489 3833 2560 πράγματα.

2231 2576 2379 2647 Ὅρα
2430 2574 2567 2628 Θεοῦ
2603 2572 2877 2636 συλλαϐὰς
2911 2574 3008 2627 καὶ
3051 2574 3274 2644 ῥήματα
3314 2571 3488 2645 μικρά
3535 2572 3692 2634 θείας
3743 2587 3838 2622 πε-

2232 2657 2570 2732 πληρωμένα
2629 2658 2936 2728 δυνάμεως.
3005 2655 3370 2727 Ἑξαγαγέτω
3413 2656 3485 2710 τὰ
3534 2654 3731 2708 ὕδατα
3754 2670 3768 2682 ·
3809 2655 3840 2705 6

2230 2745 2387 2814 λόγος
2411 2747 2440 2799 6
2466 2745 2560 2798 τοῦ
2589 2741 2725 2796 Θεοῦ
2773 2743 2962 2806 κόπος.
3005 2740 3147 2810 Ἐγὼ
3177 2741 3403 2813 νομίζω,
3433 2741 3517 2793 ὅτι
3549 2737 3837 2810 προελάμ-

2232 2829 2363 2882 ϐανε
2393 2829 2462 2883 τὰ
2493 2829 2631 2900 ἔργα
2654 2826 2745 2880 τὸν
2771 2826 2929 2894 λόγον
2951 2841 2964 2856 ο
2989 2825 3222 2897 ὀξυτέρα
3248 2825 3357 2897 γὰρ
3382 2819 3451 2894 ἦν
3488 2823 3602 2876 τῶν
3639 2822 3838 2888 λέξεων

2232 2917 2265 2985 ἡ
2299 2913 2548 2985 δύναμις.
2585 2911 2816 2966 Οὐδέπω
2857 2904 3047 2983 εῐρητὸ
3084 2913 3114 2964 6
3143 2910 3322 2980 λόγος,
3352 2909 3447 2963 καὶ
3468 2910 3529 2962 16
3552 2908 3718 2979 ἔργον
3741 2907 3840 2976 τὴν

2237 2998 2373 3051 ἰδίαν
2394 2995 2697 3068 εὐκοσμίαν
2723 2995 2997 3065 ἐλάμϐανε
3013 3011 3027 3023 ·
3055 2994 3151 3048 καὶ
3172 2994 3234 3047 16
3253 2992 3588 3063 θαυμαστὸν,
3622 2992 3844 3061 ἑκάστῳ

2233 3082 2343 3135 τῶν
2380 3080 2660 3151 στοιχείων
2693 3079 2899 3133 τούτων
2921 3081 2950 3131 6
2977 3077 3110 3142 Θεὸς
3131 3077 3325 3148 διπλῆν
3360 3075 3663 3146 εὐκοσμίαν
3697 3091 3837 3146 1169-

2235 3165 2414 3234 έσχεν.
2454 3165 2664 3217 Ἔδωκε
2690 3161 2768 3233 τῷ
2790 3167 3133 3234 στερεώματι
3155 3162 3452 3232 φωστῆρας
3487 3159 3586 3213 καὶ
3624 3159 3836 3232 δρόσον.

2247 3249 2410 3302 ’Λλλά
2441 3249 2536 3302 καὶ
2580 3245 2790 3301 τούτων
2841 3247 3003 3302 πάλιν
3035 3246 3146 3300 τῶν
3198 3247 3505 3317 φωστήρων
3551 3245 3588 3314 ἡ
3638 3242 3840 3313 χρῆσις

2234 3333 2515 3404 διάφορος,
2559 3330 2637 3395 ῶς
2687 3331 2781 3384 καὶ
2811 3330 2870 3397 ἐξ
2917 3329 3099 3386 αὐτῶν
3137 3331 3297 3402 δῆλον
3318 3329 3420 3398 τῆς
3464 3329 3693 3399 Γραφῆς
3730 3326 3840 3378 τῶν

2238 3420 2504 3488 ῥημάτων
2545 3415 2876 3486 καθέστηκε,
2925 3415 3054 3486 περὶ
3082 3407 3157 3466 ῶν
3195 3413 3336 3468 κατά
3372 3411 3627 3482 δύναμιν,
3657 3411 3709 3462 εί
3749 3410 3843 3463 καὶ

2240 3500 2318 3571 μὴ
2347 3499 2468 3553 κατ’
2509 3498 2668 3569 ἀξίαν
2707 3497 3028 3566 διελάϐομεν
3059 3494 3272 3566 πρώην,
3307 3497 3392 3548 ὅτε
3417 3495 3548 3562 ὑμῖν
3589 3493 3684 3545 τὸν
3715 3495 3844 3563 περὶ

2238 3582 2446 3636 τούτων
2484 3579 2838 3649 ἐξετιθέμεθα
2868 3579 3045 3646 λόγον,
3076 3579 3206 3649 περὶ
3238 3571 3314 3632 ῶν
3343 3577 3506 3630 πάλιν
3535 3575 3722 3630 λαλεῖν
3751 3576 3843 3628 ἐπὶ

2238 3665 2332 3718 τοῦ
2362 3663 2632 3733 παρόντος
2663 3664 2724 3716 οὐ
2749 3664 3042 3733 χρήσιμον.

2312 3749 2375 3824 β’.
2419 3749 2499 3818 Τῇ
2528 3748 2604 3818 γῇ
2628 3746 2846 3820 σπαρτά
2869 3746 2964 3798 καὶ
2992 3743 3154 3814 φυτά,
3187 3745 3297 3808 τοῖς
3323 3742 3478 3798 ὕδασι
3499 3755 3520 3784 ο
3548 3745 3730 3814 νηκτά
3754 3744 3842 3796 καὶ

2240 3831 2486 3886 πετεινά.
2534 3828 2905 3900 Ἐξαγαγέτω
2932 3830 3004 3883 τὰ
3033 3828 3223 3882 ὕδατα
3249 3828 3467 3896 ἑρπετὰ
3491 3826 3720 3896 ψυχῶν
3748 3828 3842 3888 ζω-

2240 3915 2388 3981 σῶν,
2425 3916 2523 3969 καί
2569 3913 2812 3967 πετεινὰ
2859 3913 3176 3982 πετόμενα.
3222 3913 3459 3983 Ἐρπετά
3514 3912 3676 3964 καλεῖ
3721 3915 3843 3972 τοὺς

2243 3999 2466 4070 ίχθύας,
2515 3998 2705 4069 ἐπειδὴ
2762 3996 2964 4067 μᾶλλον
3009 3996 3191 4065 ἐρπει,
3236 3995 3268 4066 ἢ
3316 3998 3630 4064 περιπατεῖ.
3677 3995 3842 4046 Ὅθεν

2242 4085 2338 4137 καὶ
2371 4086 2400 4138 6
2429 4083 2698 4153 μακάριος
2724 4081 2886 4135 Δαυῖδ
2913 4080 3226 4134 ἀκολουθῶν
3253 4079 3330 4149 τῷ
3357 4079 3628 4148 νομοθέτῃ
3661 4079 3837 4145 λέγει·

2242 4167 2404 4235 Αὕτη
2447 4168 2486 4234 ἡ
2526 4163 2814 4221 θάλασσα
2842 4166 2880 4231 ἡ
2923 4162 3159 4232 μεγάλη
3194 4162 3291 4216 καὶ
3315 4163 3690 4230 εἰφύχωροςο
3723 4160 3845 4214 ἐκεῖ

2245 4255 2461 4323 ἑρπετὰ
2505 4247 2595 4306 ὧν
2635 4254 2748 4306 οὐκ
2800 4251 2971 4304 ἔστιν
3021 4251 3288 4320 ἀριθμός.
3343 4248 3505 4302 Ξένον
3563 4250 3835 4318 πρᾶγμα,

2249 4338 2372 4407 ξένη
2401 4337 2664 4402 διάταξις,
2689 4335 2838 4401 ξένον
2868 4334 2962 4387 τοῦ
2987 4334 3147 4402 λόγου
3176 4334 3237 4387 16
3256 4333 3612 4405 ἐπάγγελμαι
3646 4332 3838 4392 Διατί;

2249 4422 2369 4472 Ὅτι
2396 4423 2614 4474 πάντων
2653 4421 2881 4490 ποιητής
2901 4433 2914 4446 ⁸
2952 4417 3127 4481 οὕτως
3151 4417 3263 4488 ἔχει
3307 4417 3410 4488 πρὸ
3443 4415 3745 4492 ὀφθαλμῶν
3777 4418 3841 4467 τά

2245 4521 2304 4557 τε
2333 4503 2697 4575 προλαϐόντα,
2739 4504 2836 4556 καὶ
2876 4503 2946 4555 τά
2979 4503 3272 4568 ἐνεστῶτα,
3304 4504 3397 4554 καὶ
3438 4502 3508 4554 16
3551 4500 3842 4571 μέλλοντα,

2243 4589 2318 4650 ὼς
2340 4587 2463 4640 οὐτε
2486 4589 2647 4657 ἡμεῖς
2667 4589 2778 4649 τοῖς
2805 4585 3108 4656 ὀφθαλμοῖς
3131 4586 3309 4656 ἡμῶν.
3349 4586 3503 4639 Ἐπεὶ
3525 4582 3618 4638 05v
3643 4584 3840 4654 ἔμελλε

2243 4673 2343 4742 τὴν
2360 4671 2504 4742 ζωὴν
2527 4670 2750 4741 πρώτην
2777 4671 2865 4724 διά
2880 4670 2988 4726 τῶν
3017 4671 3227 4726 ὑδάτων
3245 4674 3501 4742 χορηγεῖν
3525 4670 3602 4739 τῷ
3622 4673 3838 4740 κόσμῳ,

2245 4755 2482 4826 πρώτοις
2523 4756 2809 4825 ἐπιτρέπει
2849 4758 2964 4818 τοῖς
3003 4756 3160 4810 ὕδασι
3207 4756 3472 4823 ζωογόνον
3506 4756 3845 4823 προενέγκει

2245 4839 2439 4908 φύσινο
2469 4839 2554 4892 ἵνα
2581 4839 2757 4910 μάθῃς
2785 4839 2952 4894 πόθεν
2987 4842 3021 4911 ἡ
3049 4841 3176 4910 ῥίζα
3204 4840 3302 4909 τῆς
3334 4839 3498 4907 ζωῆς.
3539 4837 3687 4904 Ἐγὼ
3718 4840 3847 4892 ὅταν

2249 4923 2343 4976 ἴδω
2373 4923 2501 4986 τοῦς
2545 4923 2949 4993 φωτιζομένους
2989 4922 3379 4993 ἐξερχομένους
3417 4923 3484 4973 ἐκ
3528 4922 3634 4975 τῶν
3668 4922 3843 4989 ἁγίων

2246 5008 2477 5072 ὐδάτων,
2504 5007 2845 5070 εἰσελθόντας
2886 5009 2985 5076 μὲν
3016 5009 3097 5072 είς
3131 5007 3190 5059 τὸ
3221 5007 3507 5076 βάπτισμα
3541 5006 3684 5076 μετά
3723 5005 3844 5057 πολ-

2246 5092 2353 5146 λῶν
2384 5092 2571 5145 κακῶν
2605 5092 2681 5155 ὼς
2728 5093 2956 5163 ἐρπετά,
2992 5091 3384 5162 ἐξερχομένους
3431 5090 3488 5143 δέ
3523 5089 3664 5160 μετά
3702 5089 3843 5156 ζωῆς

2246 5177 2490 5238 αίωνίου,
2530 5175 2640 5247 ὁρῶ
2670 5176 2761 5228 τὸν
2788 5177 3084 5247 νομοθέτην
3109 5176 3354 5242 λέγοντα·
3394 5172 3752 5242 Ἐξαγαγέτω
3782 5173 3844 5226 16

2250 5257 2401 5329 [467]
2431 5258 2599 5310 ὕδατα
2620 5257 2688 5310 τά
2718 5259 2848 5310 ποτὲ
2871 5259 3097 5329 ἐρπετά,
3122 5258 3218 5317 νῦν
3237 5257 3416 5328 ψυχὴν
3440 5258 3641 5322 ζῶσαν.
3673 5255 3843 5309 Πόθεν

2247 5340 2403 5392 τοῦτο
2453 5340 2610 5409 δῆλον
2655 5342 2787 5412 ἡμῖν
2833 5341 3095 5413 γένηται;
3147 5341 3272 5395 Ὅτι
3319 5343 3369 5395 οί
3413 5341 3843 5413 προσερχόμενοι

2248 5424 2325 5493 τῷ
2378 5423 2584 5495 λουτρῷ
2620 5423 2707 5476 διά
2752 5426 2852 5488 τὰς
2905 5425 3178 5497 προτέρας
3221 5425 3530 5496 ἁμαρτίας,
3581 5425 3683 5492 τῆν
3739 5422 3846 5476 τῶν

2253 5508 2499 5579 ἑρπετῶν
2529 5507 2866 5576 λαμϐάνουσι
2894 5509 3104 5580 κλῆσιν.
3146 5508 3395 5578 Ἐξῆλθον
3422 5508 3514 5559 ἐπὶ
3549 5506 3612 5559 τὸ
3644 5507 3843 5573 βάπτι-

2254 5609 2365 5661 σμα
2421 5591 2668 5644 Ἰωάννου
2711 5592 2923 5645 πολλοί’
2956 5593 3103 5661 λέγει
3144 5594 3255 5654 τοῖς
3283 5589 3559 5643 ἐλθοῦσιν
3613 5590 3847 5660 Ὀρεις,

2317 5712 2339 5785 ξ
2367 5712 2959 5785 ξυγκαταπαραπρέσϐεια.
2988 5713 3140 5762 Valle.
3169 5717 3226 5760 τά
3250 5712 3495 5773 πρέσϐεια.

2314 5771 2341 5810 τί
2364 5773 2623 5836 Combelis.
2647 5771 2900 5836 ἐπάγοντα.

2324 5839 2347 5867 θ
2375 5833 2487 5883 l’osl
2506 5836 2647 5885 ὕδασι
2670 5833 2779 5887 Sani.
2809 5851 2836 5887 ε
2856 5841 2978 5900 conj.
3007 5838 3203 5900 suppfel
3226 5836 3394 5884 ἔδωκε.
