3982 6218
139 377 249 430 457

150 477 486 550 gloriamque
545 473 841 529 referamus
879 469 1058 536 Patri,
1105 468 1242 523 Filio
1271 475 1325 524 et
1357 465 1577 536 Spiritui
1625 479 1753 518 sau-

151 579 243 624 cto
269 584 409 624 nunc
436 576 491 622 et
519 581 754 635 semper,
786 571 841 618 et
867 564 918 617 in
946 562 1142 617 sazcula
1170 561 1510 614 smcnlorum.
1555 559 1750 613 Amen.

322 660 568 730 Ejusdem
593 660 644 712 in
671 666 902 729 quartam
920 657 1051 710 diem
1079 654 1346 708 creatiom's
1367 652 1571 706 mundi.

231 756 284 810 l.
313 753 608 809 Labantem
657 767 844 806 vocem
894 758 1129 804 nostram
1164 748 1330 816 pridie
1361 762 1455 817 per
1481 745 1751 800 orationes

151 857 362 903 vestras
391 861 590 917 perque
619 853 857 900 vestrum
885 841 1211 898 desiderium
1247 841 1337 895 Dei
1366 840 1535 910 gratia
1568 839 1751 892 ﬁrma-

150 941 249 994 vit.
283 939 400 1010 Ipsa
441 939 601 1010 igitur
639 937 889 1006 magistra
924 949 1051 989 usus
1091 932 1422 1002 experientia
1447 973 1460 996 ,
1490 942 1749 1002 quantmn

151 1046 305 1085 amor
332 1029 635 1099 divinaeque
656 1029 870 1096 pietatis
895 1026 1132 1081 studium
1165 1032 1341 1094 potest
1360 1062 1375 1087 ,
1402 1023 1468 1078 ad
1504 1022 1748 1077 eamdem

150 1122 580 1176 obsecrationem
611 1120 829 1183 accedo,
860 1132 1046 1172 rursus
1066 1130 1262 1186 rogans
1285 1124 1345 1168 ut
1371 1113 1614 1170 eamdem
1655 1128 1752 1182 pro

152 1213 308 1267 nobis
337 1212 564 1282 gratiam
610 1212 823 1282 petatis.
864 1209 997 1264 Nam
1029 1209 1073 1262 si
1105 1222 1200 1262 vas
1233 1205 1512 1262 electionis
1529 1204 1746 1266 Paulus,

148 1307 240 1375 qui
262 1306 534 1361 Christum
587 1305 641 1360 in
684 1306 866 1373 seipso
909 1304 1214 1372 loquentem
1263 1300 1511 1364 habebat,
1543 1300 1665 1368 quia
1719 1314 1746 1350 a

145 1400 351 1471 Spiritu
376 1407 566 1455 sancto
592 1398 898 1468 regebatur,
919 1395 1222 1450 auditorum
1248 1393 1607 1464 precationem
1628 1407 1745 1444 mu-

145 1495 398 1549 tuabatur
437 1493 623 1548 dicens
655 1509 668 1546 :
701 1490 931 1556 Fratres,
965 1500 1111 1543 orate
1143 1505 1235 1558 pro
1261 1504 1340 1540 me
1364 1527 1379 1552 ,
1409 1496 1462 1539 ut
1505 1486 1626 1538 mihi
1656 1485 1746 1537 de-

147 1596 233 1637 tur
261 1586 463 1638 verbum
519 1584 572 1638 in
627 1584 888 1653 apertione
934 1583 1037 1635 oris
1094 1581 1192 1634 mei
1231 1580 1251 1648 (
1285 1579 1476 1648 Ephes.
1506 1578 1561 1633 6.
1605 1576 1744 1647 19):

145 1686 348 1746 quanto
379 1675 548 1744 magis
593 1689 693 1728 nos
725 1674 857 1729 viles
878 1715 892 1740 ,
925 1681 979 1727 et
1007 1672 1133 1742 qui,
1166 1681 1225 1725 ut
1273 1672 1342 1724 ita
1369 1670 1543 1724 dicam
1570 1711 1585 1734 ,
1619 1669 1747 1722 nihil

145 1783 362 1832 sumus,
401 1768 841 1822 intercessionem
892 1775 1127 1820 vestram
1176 1773 1439 1833 petemus,
1471 1771 1528 1815 ut
1556 1763 1749 1830 linguae

144 1859 419 1914 vinculum
462 1859 700 1912 solvatur
724 1897 739 1922 ,
765 1857 1038 1926 aperiatur
1067 1855 1308 1910 veritatis
1354 1868 1571 1917 sermo;
1603 1853 1748 1920 ipsa-

142 1972 249 2025 que
278 1955 456 2010 divina
481 1955 652 2025 gratia
685 1953 995 2023 expeditum
1019 1966 1278 2022 organum
1307 1948 1593 2010 custodiat,
1627 1964 1750 2000 sen-

143 2047 544 2116 tentiarumque
571 2047 779 2115 copiam
806 2043 1146 2113 suppeditet;
1181 2057 1284 2096 non
1314 2050 1372 2096 ut
1399 2041 1546 2095 solus
1568 2049 1750 2093 orator

141 2140 324 2192 divina
377 2139 646 2202 lucretur,
695 2137 790 2192 sed
820 2146 878 2192 ut
917 2137 1192 2191 vobiscum
1239 2135 1510 2189 czelestem
1540 2132 1750 2185 hauriat

143 2233 486 2288 thesaurum.
515 2233 626 2302 Age
656 2247 788 2301 ergo
814 2272 827 2294 ,
871 2230 1021 2300 prius
1051 2227 1316 2282 dictorum
1348 2225 1507 2280 seriei
1540 2225 1737 2278 lueren-

141 2339 284 2378 nius.
318 2325 418 2377 Par
450 2333 531 2377 est
555 2324 722 2386 enim,
755 2322 1009 2386 arbhror,
1046 2330 1104 2374 ut
1144 2317 1598 2389 quemadmodum
1636 2317 1748 2385 ipse

140 2418 420 2488 legislator
449 2417 657 2489 Moyses
695 2417 837 2471 serie
885 2423 1046 2483 atque
1092 2412 1282 2467 ordine
1311 2411 1597 2468 creationis
1637 2424 1750 2463 ser-

142 2527 361 2564 monem
393 2510 641 2571 absolvit,
671 2511 749 2562 sic.
795 2519 848 2562 et
877 2523 975 2560 nos
1005 2506 1193 2577 primis
1220 2503 1474 2567 secunda,
1499 2502 1749 2556 secundis

142 2606 298 2659 tertia
333 2602 646 2672 copulemus
667 2610 721 2654 et
747 2600 1159 2667 distinguamus,
1188 2596 1447 2663 vobisque
1477 2609 1581 2647 non
1608 2608 1742 2662 [ιι-ως

142 2706 415 2768 posteram
444 2694 711 2748 sermonis
751 2692 1148 2749 enarrationem
1183 2688 1474 2742 tradamus.
1513 2687 1746 2753 Compa-

141 2800 288 2844 etum
315 2799 433 2842 erat
461 2787 670 2850 ca-lum,
705 2785 877 2839 solide
903 2792 1164 2837 structum
1195 2782 1588 2835 lirmamentum
1615 2820 1630 2844 ,
1657 2793 1746 2832 se-

142 2889 420 2950 gregatum
455 2893 620 2938 mare,
663 2877 869 2929 detecta
901 2885 1062 2940 terra,
1091 2873 1370 2938 fructibus,
1416 2871 1628 2942 plantis,
1657 2887 1747 2924 ar-

143 2973 363 3027 boribus
390 3013 404 3033 ,
435 2970 666 3023 fontibus
711 2971 856 3022 varie
887 2979 1096 3029 ornata,
1131 2977 1184 3020 et
1227 2975 1285 3019 ut
1331 2965 1638 3018 summatim
1670 2963 1750 3016 di-

141 3082 279 3129 cam,
313 3066 560 3118 omnibus
604 3065 702 3117 sibi
743 3063 1162 3131 congruentibus
1190 3061 1438 3116 decorata
1472 3068 1606 3114 erat.
1647 3058 1747 3113 Ne-

143 3175 248 3228 que
277 3159 419 3211 enim
452 3159 675 3226 simplex
709 3158 951 3225 qua-dam
984 3155 1235 3209 teracitas
1267 3156 1358 3208 fuit
1385 3198 1398 3218 ,
1433 3155 1524 3209 sed
1554 3154 1746 3207 distin-

141 3261 228 3304 cta
257 3259 314 3305 et
353 3251 520 3302 varia.
566 3249 696 3301 Nam
725 3249 825 3300 alia
875 3249 1041 3316 ipsam
1070 3247 1334 3299 ornabant
1376 3256 1572 3300 terram
1602 3262 1615 3308 ;
1645 3246 1746 3297 alia

144 3347 198 3400 in
246 3360 424 3398 escam
459 3343 765 3396 horninibus
797 3353 850 3396 et
886 3342 1056 3394 brutis
1084 3340 1445 3392 animantibus
1489 3337 1745 3408 producta

142 3445 290 3498 sunt,
314 3444 506 3489 ea'lera
537 3433 842 3488 hominibus
863 3448 1018 3485 usum
1045 3430 1373 3499 prmbebant.
1405 3429 1586 3498 Neque
1605 3430 1744 3481 enim

138 3529 430 3598 pra-sentis
457 3539 538 3581 est
563 3528 843 3595 temporis,
869 3526 1077 3579 diversa
1102 3527 1184 3576 illa
1215 3541 1334 3593 qua:
1362 3541 1426 3576 ex
1465 3533 1602 3576 terra
1635 3538 1746 3590 pro-

144 3624 305 3675 ducta
337 3632 460 3674 sunt
493 3636 776 3676 recensere
803 3661 816 3682 ,
851 3636 915 3672 ne
939 3618 1205 3671 sermonis
1231 3615 1503 3682 longitudo
1531 3614 1747 3667 auribus

144 3715 340 3769 vestris
372 3712 593 3765 molesta
627 3713 714 3763 sit.
750 3712 1045 3778 Aeceperat
1066 3709 1225 3762 etiam
1258 3708 1444 3760 cadum
1474 3706 1744 3773 prominm

143 3807 250 3858 sibi
281 3814 549 3858 ornatum.
587 3804 835 3857 Procedit
862 3804 971 3870 jam
1008 3803 1145 3855 Dens
1170 3802 1239 3853 ad
1258 3814 1443 3868 aquas,
1473 3798 1745 3867 efﬁcitque

146 3908 204 3950 ut
232 3897 336 3950 illa:
361 3897 594 3949 animam
635 3897 901 3948 viventem
934 3895 1249 3962 producant,
1284 3907 1508 3960 magnus
1537 3894 1748 3957 sapien-

147 3990 498 4057 tissimusque
549 3988 774 4042 Creator
798 4029 810 4049 ,
843 3987 930 4054 qui
985 3986 1152 4038 libero
1183 3999 1280 4037 suo
1329 3994 1458 4036 nutu
1488 3991 1543 4035 et
1574 3981 1746 4036 Verbo

143 4091 337 4138 sancto
362 4097 461 4137 suo
483 4081 660 4134 omnia
692 4083 843 4143 fecit,
890 4090 948 4132 ut
972 4095 1033 4132 ex
1070 4080 1180 4146 ipsa
1219 4077 1379 4131 Verbi
1410 4078 1633 4130 veritate
1665 4093 1748 4128 re-

144 4191 265 4228 rum
295 4175 573 4227 veritatem
606 4175 793 4233 nostis,
827 4188 949 4225 cum
980 4171 1257 4225 audivistis
1286 4187 1408 4225 eum
1439 4170 1742 4227 dicentem:

144 4267 529 4338 Congreqentur
559 4283 704 4334 aqua:
733 4282 748 4328 ,'
777 4276 830 4318 et
861 4265 1040 4318 statim
1071 4279 1204 4332 opus
1231 4272 1513 4332 sequutum
1547 4272 1627 4315 est
1650 4280 1662 4321 ;
1687 4277 1748 4314 ac

145 4377 385 4422 rursum,
425 4357 624 4411 Educat
671 4369 845 4420 terra;
887 4367 958 4422 et,
990 4357 1225 4409 Educant
1265 4373 1443 4426 aquw;
1475 4366 1557 4414 et.
1595 4355 1748 4408 Fiant

146 4451 442 4503 lmninaria.
472 4449 726 4517 Multique
751 4450 907 4502 fuerit
940 4449 1214 4515 temporis,
1237 4448 1411 4500 omnia
1433 4463 1550 4517 quze
1574 4447 1747 4498 Verbo

148 4543 287 4594 facta
317 4550 440 4594 sunt
461 4556 601 4593 nunc
631 4555 878 4592 sermone
911 4541 1177 4607 prosequi.
1206 4537 1273 4592 Ut
1304 4540 1445 4590 enim
1478 4539 1746 4607 antiquam

148 4637 296 4688 illam
326 4635 653 4687 creationem
685 4635 974 4692 mittamus,
1004 4633 1113 4700 jam
1141 4633 1415 4685 veniamus
1447 4631 1511 4683 ad
1541 4647 1599 4683 ea
1630 4647 1747 4697 qu:e

150 4728 204 4780 in
236 4727 383 4779 Novo
417 4726 758 4778 Testamento
788 4726 902 4778 solo
934 4726 1111 4778 Verbo
1133 4725 1198 4776 ab
1221 4740 1285 4777 eo
1313 4736 1435 4777 sunt
1464 4725 1618 4777 facta.
1656 4725 1750 4776 llic

151 4832 383 4886 namque
407 4817 597 4885 estqui
623 4825 799 4868 vetera
827 4818 1045 4878 creavit,
1069 4825 1119 4867 et
1140 4831 1274 4866 nova
1308 4814 1430 4867 fecit
1456 4815 1746 4867 secundun'

149 4910 412 4964 Joannem
453 4906 716 4961 dicentem
753 4923 765 4957 :
817 4908 1002 4958 Unmia
1035 4924 1120 4974 per
1152 4907 1317 4974 ipsum
1361 4909 1496 4976 facta
1521 4917 1640 4959 sunt
1665 4947 1679 4970 ,
1709 4924 1736 4960 δ

147 5004 262 5056 sine
299 5001 411 5068 ipso
455 4999 644 5066 factum
689 5008 759 5050 est
808 5000 937 5050 nillil
985 4998 1184 5068 (Juan.
1217 5001 1263 5052 l.
1295 4998 1390 5066 5).
1424 4999 1550 5064 Qua:
1596 4999 1755 5067 igitur

152 5094 332 5148 oratio
361 5093 474 5145 hmc
506 5102 752 5145 accurate
785 5091 1034 5160 prosequi
1088 5092 1300 5160 possit?
1332 5092 1433 5145 Sed
1481 5093 1634 5145 seriei
1669 5094 1751 5144 in-

153 5187 432 5239 sistamus.
467 5183 561 5235 llic
607 5183 766 5250 igitur
808 5183 1234 5249 sapientissimus
1273 5182 1529 5242 Creator,
1558 5193 1612 5234 ut
1644 5182 1752 5249 jam

153 5280 412 5340 diximus,
442 5276 579 5346 quod
615 5279 841 5344 ptimum
890 5275 1122 5340 fecerat,
1157 5277 1257 5328 hoc
1299 5285 1352 5328 et
1380 5276 1627 5336 ornavit;
1670 5275 1754 5327 hic

154 5373 322 5425 etiam
356 5369 431 5432 id,
466 5369 606 5436 quod
651 5368 940 5421 secundum
987 5368 1178 5421 factum
1218 5368 1419 5432 fuerat,
1454 5367 1640 5420 ordine
1673 5383 1757 5419 se-

163 5464 403 5518 cundum
427 5466 742 5525 exornavit;
778 5463 1008 5527 itemque
1041 5462 1279 5524 tertium,
1316 5470 1558 5530 quartum
1588 5468 1639 5511 et
1668 5476 1754 5513 rc-

159 5557 307 5625 liqna
338 5555 593 5620 deinceps
621 5551 800 5605 omnia
845 5550 1137 5604 secundum
1180 5551 1421 5603 ordinem
1469 5551 1755 5603 creatiouis

160 5656 358 5699 ornatu
384 5660 483 5698 suo
513 5643 804 5697 decoravit.
828 5642 942 5709 Quo
969 5651 1145 5694 autem
1164 5641 1341 5694 animo
1366 5641 1414 5694 id
1448 5641 1567 5693 fecit
1585 5643 1607 5692 Ἰ
1630 5655 1754 5691 num

164 5737 402 5793 fortasse
428 5735 612 5789 volens
646 5735 842 5789 docere
874 5742 1061 5798 nos,ut
1085 5733 1469 5786 elementorum
1501 5732 1757 5785 terminos

165 5829 427 5896 mlanius,
477 5828 823 5897 ordinemque
868 5825 1254 5897 agnoscamus?
1283 5825 1460 5880 Primo
1500 5825 1654 5896 igitur
1682 5824 1756 5880 le-

1187 352 1278 409 DE
1308 349 1522 408 MUNDI
1562 347 1954 406 CREATIONE
1992 351 2248 409 οιιΑΤιυ
2286 351 2378 410 ιν.

3350 370 3462 423 458

1864 465 1936 518 cit
1963 465 2153 520 ca-lum
2205 466 2488 538 superius;
2521 468 2758 523 secundo
2808 479 3039 536 terram;
3093 471 3249 525 tertio
3276 471 3460 527 ﬁrma-

1862 568 2136 622 mentum;
2162 567 2355 626 quarto
2379 560 2678 628 segregavit
2702 575 2890 630 aquas.
2928 561 3081 629 Quod
3120 564 3351 631 primum
3378 566 3453 617 le-

1862 649 1954 712 cit,
1987 650 2218 717 primum
2247 651 2479 704 ornavit.
2512 652 2793 717 Quomodo
2821 668 2985 722 ergo,
3018 654 3164 709 dicet
3189 656 3454 725 quispiam

1858 756 1924 795 ex
1957 740 2393 807 studiosioribus,
2421 758 2541 796 cum
2571 744 2804 798 secunda
2834 756 2978 799 esset
3016 755 3187 811 terra,
3227 749 3450 816 primam

1861 833 2002 886 illam
2029 835 2274 888 ornavit?
2312 851 2374 889 ac
2399 838 2548 905 quasi
2591 852 2771 891 secum
2804 848 3070 908 pugnante
3108 841 3446 903 narratione,

1859 943 2150 998 coarguere
2182 929 2340 983 volet.
2371 928 2474 999 Ipsi
2505 931 2958 998 reSpondendum,
2984 933 3115 986 nihil
3147 947 3328 987 secum
3362 949 3458 1003 pn-

1856 1036 2026 1090 guans
2054 1037 2082 1073 a
2115 1022 2270 1076 nobis
2303 1022 2354 1076 in
2389 1025 2640 1091 przeseuti
2672 1024 2870 1078 dictum
2897 1025 3061 1080 fuisse
3081 1066 3097 1090 ,
3133 1026 3227 1081 sed
3250 1028 3452 1080 oratio-

1861 1130 1981 1166 nem
2026 1114 2125 1168 sibi
2157 1115 2379 1169 omnino
2406 1131 2527 1170 esse
2559 1119 3008 1172 consentientem.
3041 1119 3172 1173 Nam
3200 1128 3334 1174 ante
3354 1119 3456 1176 hoc

1863 1209 2284 1274 ﬁrmamentum,
2312 1207 2453 1279 quod
2484 1218 2606 1280 post
2629 1210 2816 1264 ezehun
2845 1212 3091 1281 superius
3119 1212 3311 1265 factum
3339 1221 3452 1278 est,

1857 1307 2019 1363 atque
2066 1299 2300 1354 secunda
2347 1301 2436 1355 die
2485 1303 2872 1366 constitutum,
2917 1313 3102 1358 ornata
3151 1313 3289 1360 terra
3335 1305 3454 1360 fuit.

1860 1391 2156 1458 Oportebat
2177 1393 2319 1446 enim
2347 1393 2552 1447 ordinis
2583 1396 2778 1450 Seriem
2809 1397 3036 1451 servari.
3081 1396 3214 1451 Cum
3256 1407 3455 1453 terram

1859 1483 2055 1550 plantis
2081 1493 2135 1537 et
2159 1484 2418 1539 fructibus
2444 1497 2715 1553 ornasset,
2749 1505 2872 1544 cum
2900 1491 3096 1544 caelum
3124 1494 3257 1556 sole,
3292 1494 3413 1546 luna
3443 1535 3458 1557 ,

1857 1593 1920 1630 ac
1949 1576 2156 1644 reliquo
2183 1577 2460 1632 stellarum
2486 1580 2652 1634 choro
2681 1581 3013 1649 decorasset,
3044 1585 3109 1638 ad
3133 1601 3296 1654 aquas
3329 1602 3455 1654 pro»

1857 1673 2042 1726 cessit.
2079 1673 2147 1726 Et
2173 1675 2298 1743 quid
2330 1675 2567 1730 historia:
2611 1678 2881 1746 scriptor?
2908 1677 2975 1731 Et
3005 1679 3134 1732 dixit
3164 1681 3303 1733 Deus
3326 1721 3340 1744 ,
3377 1682 3456 1734 in—

1855 1765 2003 1832 quit,
2040 1764 2272 1819 Educant
2323 1784 2468 1834 aqure
2512 1770 2715 1837 reptilia
2757 1770 3044 1824 animarum
3087 1773 3375 1837 viventium,
3409 1783 3462 1826 et-

1856 1870 1971 1907 aves
2011 1857 2235 1910 volantes
2280 1875 2431 1927 super
2479 1869 2700 1922 terram,
2754 1861 3030 1914 secundum
3077 1863 3456 1932 ﬁrmamentum

1855 1950 1969 2002 caeli
1997 1950 2015 2018 (
2047 1949 2173 2004 Cen.
2202 1951 2252 2004 l.
2285 1950 2356 2006 20
2386 1951 2426 2022 ).
2464 1952 2598 2006 Vide
2622 1953 2715 2007 Dei
2747 1967 3075 2018 sermonem,
3108 1971 3269 2025 opera
3299 1956 3456 2010 dicuis

1856 2043 2166 2109 addentem,
2220 2053 2275 2097 ct
2307 2044 2468 2098 verba
2526 2045 2576 2098 in
2615 2060 2776 2114 opera
2823 2055 3139 2102 vertentem.
3175 2047 3311 2102 Vide
3357 2049 3448 2101 Dei

1855 2136 2088 2205 syllabas
2117 2137 2388 2206 verbaque
2413 2138 2620 2203 brevia,
2654 2139 2833 2193 divina
2871 2141 3068 2196 virtute
3104 2142 3278 2210 plena.
3306 2140 3455 2196 Edu—

1856 2240 1972 2282 cant
1999 2247 2186 2300 aqure:
2214 2246 2394 2286 sermo
2423 2232 2574 2286 labor
2599 2243 2653 2286 et
2678 2249 2812 2302 opus
2832 2234 2925 2288 Dei
2957 2244 3057 2287 est.
3087 2234 3332 2288 Arbitror
3354 2251 3455 2304 ego

1855 2338 2015 2392 opera
2067 2339 2372 2378 sermonem
2402 2327 2754 2381 antevertisse
2785 2346 2796 2379 :
2846 2328 3082 2382 velocior
3125 2329 3268 2382 enim
3299 2329 3460 2382 dictis

1856 2419 2091 2486 potentia
2139 2417 2386 2472 Nondum
2417 2420 2654 2486 prolatus
2675 2436 2856 2475 sermo
2880 2421 3140 2487 l'uerat,ct
3170 2437 3304 2490 opus
3333 2437 3455 2490 pro-

1857 2509 2027 2576 prium
2061 2510 2358 2576 accipiebat
2386 2521 2633 2562 ornatum
2665 2528 2680 2564 :
2715 2511 2964 2581 quodque
2988 2511 3180 2565 mirum
3208 2522 3310 2573 est,
3343 2514 3456 2566 sin-

1852 2601 1989 2670 gulis
2016 2602 2162 2654 hisce
2189 2603 2468 2657 elementis
2505 2604 2640 2657 Deus
2679 2605 2946 2673 duplicem
2983 2607 3254 2676 prmbebat
3297 2626 3454 2662 orna-

1856 2703 1985 2746 tum.
2049 2694 2205 2746 Dedit
2253 2694 2589 2749 ﬁrmamento
2651 2697 2932 2752 luminaria
2981 2707 3036 2753 et
3091 2715 3288 2756 rorem.
3344 2701 3454 2755 lino

1855 2786 2016 2837 etiam
2068 2785 2257 2839 horum
2307 2787 2650 2842 luminarium
2685 2789 2930 2846 diversus
2971 2803 3088 2847 erat
3117 2810 3279 2860 usus;
3309 2805 3364 2849 nt
3388 2811 3453 2850 ex

1858 2877 1985 2944 ipsis
2014 2877 2305 2946 Scriptum
2353 2879 2510 2934 dictis
2557 2891 2807 2946 constat,
2836 2883 2903 2938 de
2934 2885 3125 2954 quibus
3155 2903 3251 2956 pro
3292 2889 3452 2955 virili,

1857 2967 1956 3020 etsi
2005 2984 2112 3021 non
2157 2985 2261 3038 pro
2300 2969 2591 3040 dignitate,
2637 2989 2808 3043 nuper
2842 2976 3006 3029 verba
3045 2976 3299 3045 fecimus,
3331 2995 3452 3034 cum

1861 3061 2014 3115 vobis
2041 3060 2232 3115 horum
2265 3063 2526 3118 rationem
2561 3067 2964 3134 exponebamus
2997 3083 3012 3121 :
3044 3069 3111 3124 de
3139 3071 3329 3138 quibus
3359 3074 3454 3127 ite-

1855 3170 1972 3207 rum
2007 3155 2057 3207 in
2082 3157 2334 3222 prmsenti
2382 3173 2687 3212 sermonem
2723 3160 2919 3216 habere
2951 3164 3139 3218 inutile
3166 3165 3320 3218 foret.

1924 3245 1978 3297 Ξ.
2022 3243 2158 3298 Deus
2187 3248 2443 3312 praterita
2468 3289 2481 3310 ,
2515 3252 2783 3316 prtesentia
2813 3260 2858 3303 et
2888 3256 3063 3323 futura
3092 3253 3239 3306 videt.
3271 3255 3453 3323 Bapti-

1853 3353 1990 3390 smus
2028 3338 2326 3391 emundata
2368 3341 2584 3407 peccatis
2622 3341 2872 3396 omnibus.
2915 3342 3165 3413 Baptismi
3207 3347 3371 3416 ﬁgura
3406 3357 3456 3401 et

1853 3433 1944 3484 vis.
1973 3461 2044 3470 ——
2075 3431 2256 3485 Terra:
2283 3434 2485 3487 semina
2517 3434 2666 3488 dedit
2693 3444 2747 3489 et
2777 3435 2984 3506 plantas
3011 3456 3022 3503 ;
3055 3439 3229 3508 aquis,
3257 3440 3453 3495 natati-

1855 3524 1924 3577 lia
1954 3534 2006 3577 et
2037 3525 2290 3578 volatilia.
2321 3525 2553 3580 Educaut
2573 3544 2718 3595 aqua:
2743 3530 2945 3598 reptilia
2971 3531 3257 3583 animarum
3285 3533 3452 3586 viven—

1857 3618 1979 3669 tiuut
2004 3658 2016 3678 ,
2050 3626 2094 3668 et
2122 3617 2349 3670 volatilia
2379 3618 2620 3671 volantia.
2655 3618 2882 3688 lleptilia
2915 3622 3088 3689 pisces
3112 3630 3302 3688 vocat,
3331 3625 3451 3693 quia

1857 3709 2030 3774 potius
2073 3718 2305 3777 repunt,
2346 3724 2502 3777 quam
2544 3710 2839 3764 ambulant.
2875 3712 3232 3776 Quamobrem
3265 3714 3454 3769 beatus

1856 3799 2020 3851 David
2064 3800 2423 3867 legislaturem
2461 3815 2690 3869 sequens
2733 3803 2808 3854 ait
2838 3820 2850 3856 :
2886 3802 2998 3856 lloc
3035 3821 3172 3858 mare
3213 3823 3455 3875 magnum

1856 3901 1900 3942 et
1947 3892 2227 3957 spatiosum
2262 3910 2280 3942 :
2309 3890 2417 3942 illic
2453 3891 2656 3960 reptilia
2700 3909 2914 3960 quorum
2960 3912 3061 3947 non
3103 3904 3177 3948 est
3218 3913 3466 3949 numerus.

1856 3987 1872 4052 (
1901 3985 2042 4036 I’sal.
2075 3984 2195 4037 105.
2226 3983 2297 4036 25
2320 3984 2359 4052 ).
2391 3984 2524 4038 Rem
2550 3985 2866 4052 stnpemlam
2899 3988 2911 4038 !
2956 3987 3278 4054 stupendum
3303 3989 3452 4041 ordi-

1856 4077 2019 4129 nem!
2070 4075 2315 4143 stupendi
2363 4075 2511 4128 verbi
2556 4077 3002 4144 promissionem!
3045 4079 3273 4144 Quare?
3320 4080 3451 4144 Quia

1855 4168 2094 4220 omnium
2127 4166 2314 4233 Opilex
2346 4176 2429 4220 est
2456 4184 2468 4231 ;
2499 4168 2576 4221 sic
2616 4183 2724 4236 pne
2756 4169 2924 4221 oculis
2957 4168 3116 4222 habet
3145 4171 3408 4239 pra’terita
3437 4213 3452 4233 ,

1857 4260 2137 4328 prtesentia
2172 4267 2226 4312 et
2271 4259 2440 4311 futura
2469 4301 2484 4324 ,
2527 4268 2584 4312 ut
2625 4275 2795 4328 neque
2831 4275 2928 4312 nos
2966 4276 3026 4315 ea
3060 4262 3170 4329 ipsa
3197 4279 3314 4333 qua:
3345 4280 3454 4333 pm

1856 4354 2025 4406 oculis
2048 4360 2187 4404 sunt.
2211 4351 2344 4417 Quia
2373 4352 2531 4420 igitur
2558 4367 2652 4421 per
2676 4367 2840 4422 aquas
2865 4353 3037 4421 primo
3065 4356 3224 4409 vitam
3257 4357 3456 4411 mundo

1858 4447 2076 4500 daturus
2108 4453 2241 4508 erat,
2273 4445 2446 4514 primo
2476 4445 2628 4514 aquis
2661 4447 2922 4516 praacipit,
2952 4457 3008 4500 ut
3037 4447 3325 4516 viviparam
3357 4464 3453 4500 na-

1861 4548 2032 4590 turam
2067 4537 2363 4606 producant
2394 4554 2405 4589 :
2439 4546 2497 4589 ut
2523 4537 2698 4591 discas
2730 4537 2869 4592 unde
2898 4538 3045 4591 radix
3075 4540 3193 4590 vita:
3224 4539 3311 4591 sit.
3345 4541 3452 4608 Ego

1859 4647 1978 4685 cum
2012 4631 2165 4683 video
2197 4645 2291 4684 eos
2335 4631 2422 4698 qui
2466 4629 2748 4683 illuminati
2783 4629 2931 4681 fuere
2975 4646 3040 4682 ex
3073 4631 3269 4684 sanctis
3301 4632 3451 4701 aquis

1859 4726 2024 4787 exire,
2051 4724 2138 4790 qui
2167 4722 2217 4774 in
2247 4721 2567 4789 baptismum
2590 4734 2710 4772 cum
2739 4719 2918 4771 multis
2940 4719 3094 4772 malis
3115 4722 3262 4789 quasi
3291 4724 3452 4791 repli-

1862 4815 1928 4867 lia
1957 4811 2179 4880 ingressi
2207 4819 2347 4874 sunt,
2381 4819 2432 4862 et
2460 4825 2577 4861 cum
2608 4809 2711 4861 vita
2743 4817 2942 4862 mterna
2971 4821 3094 4863 sunt
3131 4813 3351 4881 egressi,
3377 4814 3459 4867 vi-

1861 4906 1958 4958 deo
1992 4903 2369 4971 Legislatorem
2413 4899 2676 4952 dicentem
2709 4919 2720 4952 :
2756 4901 2996 4954 Educant
3030 4917 3181 4972 aqua:
3213 4920 3272 4958 ea
3295 4947 3308 4969 ,
3343 4922 3460 4975 qua:

1863 5008 1985 5052 tunc
2009 4995 2216 5062 reptilia
2239 5001 2410 5056 erant,
2443 5009 2582 5046 nunc
2612 4994 2787 5047 anima
2809 4995 2992 5050 vivens
3014 5007 3156 5050 sunt.
3185 4997 3459 5054 Undenant

1864 5092 1963 5144 hoc
1991 5087 2144 5142 nobis
2173 5086 2348 5155 palam
2382 5087 2519 5140 erit?
2552 5087 2685 5152 Quia
2732 5087 2763 5139 ii
2794 5087 2882 5156 qui
2914 5089 3176 5144 accedunt
3221 5091 3285 5142 ad
3320 5091 3464 5144 lava-

1862 5196 2009 5235 crum
2040 5179 2091 5232 in
2122 5179 2299 5247 priora
2342 5189 2555 5247 peccata
2583 5223 2595 5244 ,
2627 5179 2892 5248 reptilium
2937 5198 3128 5236 nomen
3162 5185 3457 5253 accipiunt.

1864 5273 2130 5325 Exierunt
2157 5272 2306 5324 multi
2339 5273 2401 5326 ad
2437 5274 2759 5341 baptismum
2785 5274 3007 5328 Joannis
3039 5293 3054 5327 ι
3085 5277 3464 5332 accedentibus

1861 5364 1990 5416 dicit
2022 5381 2034 5415 :
2070 5365 2377 5432 Serpentes,
2422 5367 2678 5436 gcnintiua
2721 5369 3006 5436 viperarum
3037 5411 3051 5435 ,
3089 5371 3199 5440 quis
3242 5369 3462 5424 ostendit

1862 5456 1997 5508 vobis
2025 5459 2197 5525 fugere
2219 5473 2250 5508 a
2272 5467 2480 5510 ventura
2511 5460 2589 5510 ira
2619 5462 2635 5526 (
2661 5460 2846 5514 Matth.
2875 5463 2926 5516 '5.
2954 5462 3021 5533 7)
3046 5463 3068 5514 ?
3097 5462 3227 5514 Cum
3261 5459 3458 5529 anima,

1863 5563 1980 5615 qum
1999 5549 2177 5601 multis
2203 5550 2358 5602 annis
2391 5550 2441 5602 in
2478 5552 2709 5619 nequitia
2739 5553 2906 5617 vixit,
2944 5554 2992 5606 in
3027 5554 3346 5621 baptismum
3380 5553 3464 5606 itt-

1868 5647 1973 5692 trat
1999 5681 2012 5702 ,
2054 5649 2107 5693 et
2147 5640 2487 5710 improbitate
2527 5640 2767 5712 deposita
2808 5644 3097 5714 egreditur,
3127 5644 3248 5698 vide
3286 5662 3465 5701 annon

1867 5731 2116 5799 operibus
2142 5733 2482 5801 reSplendcat
2505 5734 2594 5787 illa
2617 5751 2719 5788 vox
2743 5734 3028 5800 dominica,
3058 5751 3177 5804 qute
3203 5737 3297 5802 ait,
3325 5735 3468 5791 Edu-

1872 5831 1987 5876 cant
2013 5838 2159 5894 aqum
2189 5824 2391 5895 reptilia
2418 5827 2700 5880 animarum
2731 5828 3017 5895 viventium,
3051 5835 3097 5882 et
3125 5829 3350 5885 volatilia
3380 5845 3466 5885 vo-
