3982 6218
511 356 627 410 459

499 459 660 514 lentia
679 457 706 513 .’
735 455 1006 525 anlicem
1057 467 1286 523 namque
1327 451 1554 522 gratiam
1583 449 1781 522 accipit
1807 448 1854 504 is
1880 448 1968 520 qui
1998 462 2092 502 sa-

500 555 663 606 lutem
691 549 1060 620 consequitur,
1089 561 1280 616 nempe
1307 553 1364 602 et
1394 541 1691 600 viviﬁcatnr
1710 541 1908 608 anima,
1930 548 1986 596 et
2005 555 2100 596 vo—

498 643 657 700 latilis
683 642 932 708 efficitur,
963 649 1017 697 et
1041 639 1108 695 ad
1134 640 1391 694 caalornm
1423 637 1660 692 fornices
1687 635 1902 707 attingit
1927 676 1942 701 ,
1970 649 2096 690 cum

497 735 702 810 angelis
729 743 996 800 versatur,
1023 739 1080 788 et
1105 746 1228 788 cum
1254 729 1455 786 caelesti
1483 728 1677 785 ordine
1701 728 1882 784 locum
1913 725 2096 780 habet.

503 828 566 883 Et
595 829 822 884 volatilia
847 826 1072 881 volantia
1097 842 1252 893 super
1273 834 1460 878 terram
1488 821 1767 877 secundum
1795 820 2094 890 ﬁrmamen-

497 931 606 974 tum
630 921 762 974 cati.
794 916 966 988 Super
984 925 1170 971 terram
1194 955 1211 982 ,
1239 929 1488 985 corpore,
1519 914 1570 968 in
1596 912 1764 978 canis,
1797 911 1920 965 vita}
1945 907 2097 964 insli-

497 1022 629 1068 tuto.
663 1012 787 1067 Haec
816 1027 920 1067 non
953 1026 1051 1081 per
1078 1009 1387 1080 allegoriam
1419 1007 1723 1062 inducimus
1746 1046 1760 1070 ,
1796 1003 1891 1060 sed
1923 1005 1975 1060 in
2008 1002 2095 1057 lti-

494 1107 660 1161 storia
686 1105 1075 1176 conspicimus.
1099 1101 1257 1158 Aliud
1285 1110 1368 1157 est
1395 1101 1708 1172 allegoriam
1735 1099 1787 1154 in
1815 1097 2092 1155 historiam

497 1199 550 1252 vi
582 1198 874 1262 inducere;
908 1197 1051 1252 aliud
1093 1195 1313 1251 historia
1343 1204 1552 1251 servata
1581 1194 1895 1264 allegoriam
1925 1206 2095 1248 exco-

492 1289 682 1358 gitare.
723 1291 899 1358 Atque
936 1297 995 1343 ιιι
1031 1286 1283 1343 ostendat
1323 1299 1384 1342 se
1413 1284 1624 1356 reptilia
1650 1283 1830 1340 dicere
1857 1282 2095 1338 volatilia

495 1390 723 1449 pennata
750 1422 763 1444 ,
792 1396 913 1450 qua:
942 1389 1067 1434 sunt
1105 1380 1158 1434 in
1196 1378 1329 1434 mari
1353 1419 1367 1441 ,
1394 1376 1576 1432 subdit
1600 1392 1615 1442 ;
1656 1394 1674 1428 ι
1704 1375 1772 1432 Et
1798 1374 1925 1430 fecit
1954 1375 2095 1431 Dens

492 1482 613 1528 rete
637 1471 878 1544 grandia,
909 1481 964 1527 et
990 1487 1208 1527 omnem
1237 1470 1473 1524 animam
1500 1468 1768 1524 viventem
1799 1469 2091 1539 reptilium,

490 1579 608 1633 qure
631 1562 812 1620 eduxit
834 1578 970 1634 aqua
992 1580 1007 1628 ;
1030 1571 1084 1618 et
1109 1561 1323 1618 volatile
1353 1569 1644 1632 pennatum
1671 1579 1690 1613 ι
1726 1559 1880 1632 (Gen.
1903 1560 1955 1614 1.
1976 1559 2088 1630 21).

492 1653 658 1709 Estne
687 1670 816 1725 ergo
854 1652 1068 1709 volatile
1105 1667 1213 1708 non
1251 1653 1586 1723 pennatum?
1628 1651 1757 1723 quid
1799 1667 1934 1724 opus
1977 1663 2096 1709 erat

489 1744 691 1810 dicere,
725 1743 944 1798 Volatile
971 1743 1296 1815 pennatam?
1326 1743 1518 1799 Volare
1546 1743 1634 1800 hic
1652 1742 1848 1799 dicitur
1875 1743 1928 1798 id
1949 1743 2092 1816 quod

491 1845 575 1891 est
619 1835 925 1907 expandere
974 1851 1185 1892 manus.
1241 1836 1427 1891 Potest
1469 1836 1631 1892 etiam
1682 1835 1804 1907 quis
1846 1835 2095 1892 manibus

488 1938 741 1998 τητᾶσθαι,
773 1939 831 1984 ιιι
855 1929 931 1984 ait
957 1928 1219 2000 propheta
1243 1947 1257 1982 :
1291 1927 1418 1983 Tota
1445 1929 1526 1982 die
1545 1935 1839 1995 multum,
1869 1927 2092 1998 expandi

490 2037 670 2074 manus
699 2037 838 2075 meas
859 2021 928 2074 ad
950 2025 1197 2092 populum
1225 2037 1327 2074 non
1353 2020 1639 2075 credentem
1665 2029 1711 2075 et
1736 2021 2091 2076 contradicen-

490 2126 588 2168 tem
619 2111 774 2187 (Isai.
805 2114 894 2170 65.
919 2113 980 2187 2)
1014 2131 1028 2168 :
1058 2129 1166 2170 non
1193 2113 1335 2185 quod
1367 2127 1557 2169 manus
1586 2128 1795 2184 pennas
1820 2113 2053 2170 habeant
2074 2155 2091 2182 ,

489 2205 584 2262 sed
605 2206 730 2277 quia
752 2215 981 2261 sarisas“
1002 2206 1305 2276 expandere
1322 2205 1605 2276 significat.
1628 2205 1781 2275 Quod
1807 2206 1944 2277 repit
1965 2221 2093 2278 ergo

490 2297 704 2353 volatile
727 2298 830 2354 dici
862 2307 1056 2368 potest,
1080 2297 1221 2368 quod
1249 2307 1422 2368 repat,
1441 2311 1606 2367 seque
1626 2295 1925 2369 expandat:
1951 2297 2093 2355 unde
2124 2309 2134 2322 ‘

489 2401 545 2446 et
571 2391 735 2446 David
763 2393 839 2446 ait
867 2409 882 2450 :
915 2391 1186 2461 Serpentes
1212 2401 1262 2446 et
1279 2391 1507 2447 volatilia
1532 2401 1776 2463 pennata.
1803 2389 1949 2445 Fecit
1964 2405 2097 2462 ergo

490 2483 629 2538 Deus
667 2495 773 2538 cete
811 2485 1026 2555 grandia
1073 2484 1091 2554 (
1122 2483 1209 2537 Ps.
1242 2483 1367 2538 MS.
1399 2483 1506 2552 10)
1537 2499 1553 2550 ;
1587 2484 1638 2537 id
1669 2492 1753 2538 est
1780 2524 1797 2550 ,
1829 2482 2092 2540 dracones

490 2589 714 2644 magnos
754 2575 807 2628 in
857 2574 1010 2628 mari.
1064 2573 1273 2644 Reliqui
1321 2575 1463 2629 enim
1511 2574 1834 2642 interpretes
1859 2573 2089 2629 dicunt:

500 2668 637 2723 t-‘ecit
666 2667 803 2722 Deus
841 2667 1084 2721 dracones
1113 2682 1324 2737 magnos
1349 2665 1448 2736 (a).
1495 2665 1614 2720 Non
1641 2666 1919 2731 dixerunt,
1953 2663 2090 2731 Cete,

491 2760 607 2826 sed,
641 2761 917 2815 Dracones.
946 2758 1084 2814 Nihil
1118 2759 1168 2812 in
1200 2759 1331 2812 mari
1362 2757 1557 2812 factum
1585 2766 1669 2813 est
1695 2757 1835 2813 inter
1860 2757 2091 2813 viventia

494 2852 642 2920 prius
670 2866 830 2921 quam
861 2852 1044 2908 draco.
1077 2849 1201 2906 Ideo
1229 2849 1306 2904 ait
1335 2849 1500 2904 David
1531 2866 1545 2903 ε
1581 2867 1598 2898 ι
1637 2848 1873 2903 Laudate
1905 2848 2092 2902 Domi-

493 2961 617 3001 num
639 2944 708 3000 de
725 2952 886 3011 terra,
902 2943 1166 3000 dracones
1181 2953 1236 2998 et
1255 2956 1442 2998 omnes
1457 2942 1631 3014 abyssi
1656 2961 1673 2994 ι
1700 2939 1818 3015 (Ps.
1843 2941 1966 2998 148.
1997 2942 2053 3013 7)
2073 2959 2089 3009 ;

492 3049 547 3094 et
575 3040 701 3094 alibi
730 3057 743 3093 :
779 3057 798 3091 ι
827 3039 940 3094 [loc
973 3053 1123 3094 mare
1149 3053 1398 3108 magnum
1423 3047 1477 3092 et
1503 3038 1797 3106 spatiosum
1819 3079 1835 3104 ,
1865 3037 1972 3092 illic
2002 3053 2092 3092 re-

493 3129 641 3200 ptilia
665 3145 895 3200 quorum
925 3144 1030 3184 non
1056 3139 1139 3186 est
1160 3145 1412 3184 numerus
1435 3145 1448 3180 :
1479 3130 1728 3184 animalia
1758 3130 1948 3200 pusilla
1967 3145 2090 3185 cum

494 3223 698 3294 magnis
728 3240 741 3276 :
771 3223 879 3278 illic
905 3239 1066 3278 naves
1095 3221 1514 3291 pertransibunt.
1562 3221 1731 3275 Draco
1763 3220 1864 3276 iste
1884 3261 1898 3280 .
1928 3237 2087 3292 quem

488 3314 730 3370 formasti
780 3314 846 3369 ad
892 3313 1220 3369 illudendum
1262 3313 1310 3367 ei
1339 3331 1359 3364 ι
1407 3316 1422 3380 (
1450 3310 1544 3365 Ps.
1577 3309 1708 3369 103.
1734 3311 1826 3367 25.
1853 3311 1924 3368 26
1947 3312 1988 3379 ).
2024 3314 2092 3370 Et

490 3404 617 3459 alihi
645 3413 701 3459 ut
728 3403 980 3459 oetendat
1009 3419 1116 3457 non
1147 3417 1342 3467 unum,
1378 3402 1471 3456 sed
1504 3401 1701 3456 multos
1730 3401 1799 3457 ibi
1828 3401 2091 3460 dracones

488 3512 612 3554 esse
631 3540 646 3563 ,
675 3499 748 3552 ait
777 3513 792 3551 :
819 3495 902 3552 Tu
929 3496 1211 3551 contrivisti
1232 3496 1401 3565 capita
1422 3495 1700 3550 draconum
1730 3495 1783 3549 in
1807 3513 1939 3568 aqua
1969 3494 2088 3568 (Ps.

489 3590 586 3644 73.
611 3590 721 3660 1'5).
755 3587 899 3644 Fecit
925 3589 1083 3660 igitur
1112 3599 1218 3642 cete
1245 3587 1482 3658 grandia.
1513 3586 1579 3640 Et
1608 3587 1729 3641 vidit
1760 3586 1899 3644 Deus
1922 3629 1938 3653 ,
1969 3587 2091 3659 quia

488 3682 660 3735 omnia
689 3680 838 3734 bona.
869 3679 1048 3752 Quare
1078 3678 1242 3736 dixit.
1287 3677 1479 3733 Bona?
1505 3678 1763 3748 numquid
1793 3679 1931 3734 bona
1964 3693 2089 3749 pro-

489 3783 610 3844 pter
641 3771 1079 3828 multitudinem?
1107 3770 1266 3839 Atqui
1298 3771 1512 3841 quando
1541 3771 1726 3825 stellas
1759 3770 1886 3825 fecit
1912 3778 1970 3825 et
1997 3782 2088 3824 so-

489 3875 596 3922 tem
626 3875 681 3922 ct
711 3867 890 3920 lunam
917 3906 932 3930 ,
969 3864 1136 3918 multa
1179 3864 1306 3918 licet
1342 3871 1524 3918 essent
1555 3878 1679 3933 qua:
1709 3862 1845 3918 facta
1878 3862 2093 3917 fuerant

487 3959 649 4014 dicit:
687 3957 821 4012 Vidit
843 3957 982 4012 Deus
1002 3957 1137 4028 quod
1151 3967 1276 4011 esset
1304 3956 1489 4011 bonum
1512 3955 1667 4027 (Gen.
1699 3956 1885 4026 1.10).
1914 3955 2090 4012 Multae

487 4059 615 4106 sunt
638 4050 833 4116 stellis,
856 4063 1147 4118 earumque
1180 4048 1344 4103 millia
1374 4049 1653 4104 innumera
1673 4066 1686 4104 :
1709 4063 1882 4118 neque
1911 4056 2088 4105 tamen

487 4142 622 4196 dixit
645 4159 659 4196 :
685 4139 825 4195 Vidit
848 4141 988 4196 Deus
1012 4139 1155 4211 quod
1185 4138 1326 4195 bona
1347 4148 1566 4206 essent;
1600 4139 1695 4195 sed
1729 4139 1881 4207 Quod
1902 4141 2091 4195 bonum

488 4244 634 4290 esset.
660 4234 874 4302 Quare?
896 4233 1027 4302 Quia
1050 4235 1149 4290 etsi
1170 4233 1332 4289 multa
1359 4233 1666 4301 luminaria,
1690 4249 1759 4290 ex
1781 4249 1884 4290 una
1911 4244 2088 4290 tamen

485 4326 606 4380 luce
636 4335 782 4391 sunt,
815 4334 870 4380 et
893 4325 958 4380 ad
990 4329 1238 4380 eumdem
1271 4326 1450 4380 omnia
1478 4341 1633 4380 nsum
1665 4342 1678 4378 :
1712 4341 1839 4380 nam
1867 4326 1934 4382 ad
1961 4326 2089 4382 illu-

484 4418 799 4472 minandum
838 4418 1009 4486 posita
1050 4427 1192 4471 sunt.
1226 4416 1324 4472 Hic
1349 4432 1480 4472 vero
1506 4417 1631 4488 quia
1672 4417 1860 4485 ingens
1885 4426 1969 4474 est
1998 4434 2090 4474 re-

485 4509 694 4578 ptilium
724 4507 1021 4564 differentia
1046 4548 1063 4574 ,
1090 4517 1144 4564 et
1171 4508 1486 4573 volatilium,
1519 4509 1930 4579 natatiliumque
1965 4508 2086 4582 (alia

484 4601 682 4672 quippe
710 4600 848 4655 ratio
872 4609 958 4655 est
988 4600 1311 4666 natatilium,
1329 4601 1432 4655 alia
1456 4601 1773 4668 volatilium,
1793 4602 1897 4656 alia
1924 4603 2088 4673 repti-

483 4693 660 4763 lium),
685 4701 737 4746 ot
760 4693 811 4746 in
840 4692 1062 4763 singulis
1091 4692 1376 4762 generibus
1402 4691 1568 4745 multa
1589 4691 1909 4763 diversaque
1938 4702 2085 4760 sunt,

480 4786 644 4842 dicit:
686 4782 825 4838 Vidit
853 4782 992 4838 Deus
1013 4783 1148 4852 quod
1174 4792 1335 4838 essent
1360 4782 1512 4836 bona.
1539 4783 1645 4839 Pro
1671 4787 1928 4838 varietate
1957 4798 2086 4854 ope-

476 4894 598 4932 rum
639 4878 753 4932 laus
795 4878 1055 4948 sequitur.
1090 4875 1157 4930 Et
1185 4875 1436 4930 benedixit
1466 4892 1526 4930 ea
1552 4874 1691 4930 Deus
1717 4875 1888 4931 dicens
1912 4891 1931 4932 :
1957 4873 2084 4931 Cre-

478 4971 602 5024 scite
629 4979 676 5024 et
697 4969 1127 5038 multiplicamini,
1149 4977 1200 5022 et
1213 4969 1401 5040 replete
1422 4984 1608 5037 aquas,
1635 4976 1682 5023 et
1703 4967 1932 5022 volatilia
1954 4968 2072 5022 mul

481 5064 776 5132 tiplicentur
805 5060 956 5134 (Gen.
991 5063 1042 5118 1.
1068 5061 1184 5133 22).

553 5155 603 5208 5.
628 5153 802 5208 Stellis
818 5169 908 5208 cur
929 5170 1027 5206 non
1047 5152 1354 5206 benedixerit
1376 5150 1527 5205 Deus.
1541 5182 1614 5193 —
1633 5149 1742 5206 Cur
1761 5167 1881 5205 cum
1905 5152 2087 5208 stellas

479 5246 621 5307 fecit.
643 5260 746 5298 non
765 5244 1072 5300 benedixit?
1095 5259 1192 5298 cur
1207 5259 1327 5297 cum
1353 5244 1544 5298 herbas
1562 5253 1618 5297 et
1640 5243 1777 5313 ligna
1809 5243 1955 5310 fecit,
1981 5260 2085 5298 non

479 5337 911 5390 henmlixitMlia
930 5335 1224 5403 benedixit,
1239 5337 1339 5390 alia
1357 5352 1459 5390 non
1475 5335 1764 5391 benedicit.
1779 5335 1908 5403 Quzr
1926 5352 2086 5391 causa

477 5428 688 5482 virtutis
705 5426 861 5496 hujus
877 5437 1134 5482 creaturae
1153 5428 1284 5482 fuit?
1309 5427 1557 5482 Attende.
1575 5429 1752 5483 Stella:
1773 5437 1902 5496 quot
1930 5427 2085 5482 factae

476 5531 603 5577 sunt
623 5520 692 5576 ab
718 5520 904 5587 initio,
933 5528 1014 5576 tot
1040 5531 1300 5589 manent,
1331 5537 1394 5577 ac
1421 5537 1594 5592 neque
1621 5538 1847 5577 numero
1872 5565 1886 5588 ,
1912 5538 2087 5594 neque

477 5613 843 5686 magnitudine
881 5623 1103 5685 possunt
1139 5614 1322 5686 augeri
1352 5631 1366 5679 ;
1409 5629 1602 5684 nempe
1647 5629 1766 5669 cum
1803 5615 1856 5668 in
1887 5613 2083 5669 identi-

541 5746 617 5802 (ιι)
649 5753 762 5811 ttae
783 5747 1086 5811 reliquorum
1117 5756 1441 5811 interpretum
1480 5746 1627 5799 lectio
1665 5759 1760 5798 non
1799 5756 1992 5799 notatur
2034 5762 2087 5799 ιιι

484 5807 708 5872 hesaplis
733 5807 929 5861 nostris.

1945 333 2316 392 SEVERIANI

3692 375 3805 427 460

2210 456 2319 504 tate
2361 456 2566 506 natura:
2613 462 2979 516 permansura:
3019 463 3234 523 essent,
3273 455 3647 515 benedictione
3686 476 3803 530 qua

2205 539 2349 608 ipsas
2368 539 2752 612 multiplicaret
2777 557 2884 599 non
2907 543 3155 616 egebant.
3185 545 3316 615 ουκ
3342 563 3472 605 vero
3495 563 3564 605 ex
3586 567 3803 608 succes-

2203 631 2356 687 siune
2381 641 2667 704 augentur,
2699 648 2797 689 nec
2819 635 2922 690 alio
2953 645 3177 706 possunt
3204 642 3386 709 augeri
3414 640 3575 696 modo
3592 685 3612 710 ,
3639 642 3804 698 bene-

2203 721 2495 780 dictionem
2527 725 2836 780 necessario
2860 727 3215 797 accipiebant.
3246 727 3391 786 Idem
3420 749 3632 789 rursum
3659 733 3804 800 dico,

2204 824 2263 870 ut
2285 815 2491 872 dictum
2506 817 2684 888 magis
2710 818 2956 888 inligatur
2978 823 3161 875 menti.
3184 821 3370 893 Neque
3391 825 3559 891 enim,
3590 825 3803 889 fratres,

2205 907 2407 977 planta,
2429 923 2550 980 qua:
2571 917 2775 964 temere
2795 918 2850 965 et
2880 911 3238 980 perfunctorie
3267 913 3321 968 in
3350 922 3508 970 terra:
3541 917 3804 971 scissuras

2204 998 2493 1064 inducitur.
2521 1001 2730 1057 ﬁrmam
2762 1000 2922 1057 habet
2950 1003 3169 1065 sedem;
3214 1005 3310 1060 sed
3347 1021 3467 1077 qua:
3498 1006 3550 1062 in
3583 1008 3806 1076 profun-

2201 1090 2328 1146 dum
2361 1091 2481 1162 ejus
2507 1108 2634 1150 cum
2660 1093 2806 1149 omni
2836 1093 3111 1164 diligentia
3142 1096 3466 1153 immittitur.
3496 1097 3684 1154 Stellae
3711 1099 3808 1155 be-

2203 1182 2507 1240 nedictione
2530 1199 2665 1256 opus
2696 1201 2802 1242 non
2834 1185 3105 1241 habebant
3135 1204 3148 1242 :
3182 1203 3355 1258 neque
3379 1191 3522 1245 enim
3554 1191 3674 1247 haec
3705 1191 3810 1247 illis

2203 1275 2593 1347 multiplicandi
2625 1277 2732 1332 vim
2772 1278 3060 1334 tribuebat.
3087 1279 3333 1334 Volatilia
3365 1291 3545 1337 autem
3571 1291 3627 1338 et
3656 1294 3809 1338 nata-

2204 1369 2314 1424 tilia
2345 1377 2504 1439 atque
2541 1371 2704 1425 homo
2747 1369 2886 1426 hanc
2927 1371 3359 1429 benedictionem
3392 1374 3806 1441 desiderabant,

2201 1461 2564 1518 successionis
2581 1477 2762 1518 causa.
2789 1463 2964 1533 Atque
2988 1466 3077 1519 ubi
3105 1466 3263 1522 aliter
3290 1465 3667 1536 multiplicatio
3693 1467 3812 1526 fieri

2202 1554 2406 1625 nequit,
2434 1553 2505 1609 ibi
2533 1553 2711 1610 locum
2739 1553 2902 1610 habet
2931 1555 3271 1613 benedictio:
3301 1558 3388 1614 ubi
3417 1575 3613 1630 nempe
3642 1575 3814 1630 pauca

2201 1645 2649 1716 multiplicantur,
2681 1654 2737 1702 et
2771 1661 2933 1716 parva
2965 1656 3309 1719 augmentum
3337 1649 3645 1706 admittunt.
3676 1651 3814 1717 Quia

2201 1739 2360 1810 igitur
2381 1752 2597 1794 causam
2615 1739 2933 1809 agnovimus
2949 1754 3047 1795 cur
3067 1738 3183 1795 hmc
3199 1739 3575 1798 benedictione
3595 1743 3813 1813 dignata

2199 1831 2416 1899 fuerint,
2435 1845 2615 1902 opera:
2643 1831 2870 1901 pretium
2900 1829 3061 1887 fuerit
3082 1831 3152 1887 ad
3177 1832 3311 1887 alias
3332 1833 3547 1888 demum
3571 1833 3816 1903 δοτῆρι..-

2201 1939 2380 1980 rarum
2415 1923 2678 1981 dietiones
2729 1941 2828 1979 nos
2865 1925 3133 1980 conferre.
3163 1925 3380 1982 Crescite
3404 1966 3420 1994 ,
3449 1927 3571 1996 quia
3603 1941 3772 1997 parva
3800 1945 3818 1992 λ

2201 2014 2626 2088 Multiplicamini
2648 2055 2664 2084 ,
2696 2017 2820 2087 quia
2852 2032 3020 2088 pauca
3047 2033 3062 2083 ;
3096 2016 3317 2088 lmplete
3357 2034 3516 2089 aquas
3540 2059 3557 2084 ,
3591 2014 3721 2089 quia
3763 2018 3814 2074 in

2199 2121 2371 2180 parte.
2403 2109 2635 2167 Necesse
2660 2120 2842 2166 autem
2861 2122 2968 2178 est,
3002 2120 3062 2168 ut
3084 2111 3191 2166 alio
3211 2121 3452 2181 tempore
3477 2129 3812 2182 qumramus,

2198 2215 2295 2257 cur
2321 2203 2498 2273 pisces
2536 2212 2590 2258 et
2619 2201 2855 2259 volatilia
2895 2213 2950 2258 et
2980 2203 3251 2258 hominem
3281 2203 3563 2260 dumtaxat
3592 2206 3814 2260 benedi-

2197 2291 2377 2347 ctione
2399 2292 2650 2362 dignatns
2672 2292 2774 2358 sit;
2798 2294 3010 2350 cznleris
3030 2310 3160 2351 vero
3181 2309 3286 2350 non
3315 2310 3434 2351 eam
3463 2295 3809 2366 impertierit.

2198 2382 2415 2439 Interim
2442 2391 2622 2439 autem
2647 2424 2665 2449 ,
2697 2393 2756 2438 ut
2785 2383 3009 2454 polliciti
3039 2399 3225 2440 sumus
3244 2427 3259 2450 ,
3292 2387 3450 2441 seriei
3483 2387 3811 2442 hmreatnus.

2198 2474 2268 2532 Et
2289 2475 2417 2530 dixit
2442 2474 2583 2531 Deus
2611 2492 2628 2530 :
2657 2474 2859 2530 Educet
2891 2487 3025 2530 terra
3049 2478 3274 2530 animam
3299 2479 3540 2532 viventem
3571 2479 3729 2547 (Gen.
3759 2481 3806 2534 1.

2197 2565 2311 2637 24).
2328 2567 2548 2622 Terram
2573 2567 2714 2623 Deus
2733 2567 2930 2640 duplici
2949 2568 3113 2625 allicit
3126 2569 3351 2625 honore.
3371 2571 3548 2627 Primo
3565 2573 3710 2629 enim
3727 2572 3814 2627 illa

2200 2659 2405 2714 semina
2435 2660 2602 2731 gignit
2628 2669 2683 2715 et
2713 2660 2940 2730 plantas,
2973 2670 3028 2715 et
3057 2670 3240 2730 postea
3267 2663 3548 2729 animalia;
3575 2680 3679 2720 nec
3701 2667 3812 2722 sine

2199 2766 2382 2819 causa,
2412 2751 2507 2807 sed
2535 2751 2658 2822 quia
2684 2751 2922 2807 hominis
2949 2752 3278 2808 domicilium
3316 2752 3492 2810 futura
3522 2766 3641 2810 erat
3674 2773 3690 2812 :
3721 2772 3810 2813 ne-

2199 2859 2305 2914 que
2333 2843 2385 2898 id
2419 2851 2624 2899 tantum
2648 2861 2661 2909 ;
2685 2844 2780 2899 sed
2805 2845 2927 2915 quia
2952 2858 3018 2899 ex
3049 2843 3136 2898 illa
3164 2844 3279 2914 ipsa
3305 2843 3470 2902 homo
3493 2846 3808 2901 alimentum

2197 2948 2519 3008 accepturus
2543 2945 2659 2994 erat
2683 2980 2698 3005 ,
2732 2938 2873 2994 illam
2908 2947 2964 2993 ut
2989 2938 3251 2993 nutricem
3281 2947 3337 2993 et
3366 2950 3599 2994 matrem
3633 2941 3811 3010 magni

2199 3032 2361 3101 hujus
2390 3032 2641 3089 animalis
2671 3073 2686 3099 ,
2728 3031 2942 3088 honore
2971 3030 3156 3085 afficit.
3191 3031 3288 3087 Hic
3319 3030 3439 3087 vide
3469 3048 3574 3102 qua
3607 3033 3812 3087 ordinis

2197 3125 2337 3181 serie
2359 3126 2428 3180 sit
2449 3139 2594 3179 usus.
2628 3124 2808 3179 Primo
2833 3124 3086 3178 alimenta
3116 3133 3267 3193 parat
3292 3140 3306 3187 ;
3340 3124 3580 3179 secundo
3611 3125 3813 3180 inducit

2197 3231 2260 3272 ea
2301 3232 2421 3288 qua:
2460 3215 2729 3271 alimentis
2772 3214 3050 3281 fruantur,
3093 3224 3153 3269 ut
3193 3230 3320 3284 erga
3350 3215 3629 3271 hominem
3664 3216 3810 3271 fecit.

2198 3307 2379 3362 Primo
2397 3306 2614 3362 domum
2637 3304 2881 3377 perfecit,
2913 3315 2968 3360 et
2987 3305 3065 3361 sic
3093 3306 3533 3376 patremfamilias
3562 3308 3810 3362 introdu-

2197 3401 2292 3455 xit.
2322 3400 2517 3455 Educat
2538 3409 2674 3455 terra
2692 3399 2918 3452 animam
2938 3399 3197 3452 viventem.
3236 3396 3474 3453 inanima
3501 3407 3645 3455 terra
3675 3415 3811 3471 quo-

2197 3491 2357 3547 modo
2399 3492 2567 3561 gignit
2594 3490 2829 3545 animam
2862 3489 3129 3543 viventem
3149 3490 3174 3542 ?
3203 3488 3345 3544 unde
3371 3489 3572 3560 prodiit
3602 3490 3690 3545 leo
3723 3507 3812 3546 ru-

2195 3587 2367 3657 giens,
2396 3594 2490 3640 aut
2514 3599 2684 3655 equus
2707 3597 2950 3650 currens,
2979 3593 3070 3637 aut
3096 3583 3194 3638 bos
3225 3582 3544 3650 laboriosus,
3573 3593 3670 3638 aut
3695 3599 3814 3638 sar-

2194 3680 2332 3735 cinis
2356 3685 2513 3747 aptus
2541 3677 2762 3732 asinus?
2783 3674 2926 3730 unde
2947 3676 3259 3728 animalium
3285 3674 3603 3731 differentiae
3619 3678 3644 3730 ?
3673 3677 3812 3732 unde

2195 3785 2260 3825 ex
2287 3770 2521 3825 inanima
2550 3777 2629 3824 tot
2652 3767 2890 3823 animae?
2917 3766 3028 3822 Nec
3054 3766 3218 3837 pudet
3243 3767 3526 3822 liarreticos
3545 3767 3644 3839 (a),
3669 3771 3811 3838 quod

2197 3860 2430 3916 inanima
2449 3869 2590 3916 terra
2612 3875 2770 3930 quam
2790 3875 2895 3913 non
2914 3858 3075 3913 habet
3090 3859 3321 3913 animam
3346 3857 3619 3927 proferat;
3641 3860 3815 3916 Deum

2195 3969 2326 4009 vero
2349 3953 2394 4008 si
2421 3953 2674 4024 genuisse
2694 3952 2916 4008 audiant
2943 3966 3009 4006 ex
3041 3951 3254 4021 propria
3279 3951 3597 4016 substantia,
3625 3953 3807 4007 statim

2196 4048 2598 4104 ratioci-niorum
2623 4047 2785 4102 tricas
2811 4053 3099 4110 moveant,
3121 4053 3178 4100 et
3197 4044 3428 4099 inferant
3453 4056 3468 4094 :
3498 4043 3646 4115 Ergo
3674 4044 3809 4099 divi-

2196 4154 2290 4195 sus
2319 4148 2403 4196 est
2429 4181 2444 4205 ,
2488 4153 2617 4210 ergo
2659 4139 2959 4203 dissectus,
2987 4152 3120 4207 ergo
3147 4149 3337 4204 passus
3365 4144 3483 4202 est,
3525 4144 3582 4190 et
3612 4136 3812 4191 similia

2196 4247 2320 4303 qua:
2346 4232 2527 4288 dicere
2555 4229 2751 4286 solent.
2783 4229 2966 4299 Neque
2993 4228 3138 4283 enim
3167 4227 3446 4296 praesentis
3476 4236 3561 4282 est
3595 4238 3810 4298 tempo-

2197 4327 2271 4380 ris
2301 4323 2480 4378 omnia
2512 4338 2633 4394 quae
2661 4331 2849 4377 contra
2880 4320 3219 4391 Unigenitum
3245 4361 3262 4386 ,
3295 4319 3402 4373 imo
3432 4328 3623 4374 contra
3655 4335 3809 4374 suam

2195 4416 2424 4474 salutem
2476 4415 2699 4484 dicunt,
2731 4413 3031 4469 confutare.
3066 4412 3206 4466 Deus
3235 4411 3380 4466 enim
3413 4425 3514 4466 nec
3541 4411 3588 4464 si
3622 4411 3809 4465 laude-

2198 4516 2299 4574 tur,
2326 4507 2524 4577 aliquid
2547 4508 2678 4564 lucri
2706 4506 2952 4576 percipit,
2979 4521 3079 4560 nec
3107 4505 3150 4559 si
3175 4502 3471 4558 maledictis
3494 4506 3807 4574 impelatur,

2194 4598 2395 4670 aliquid
2417 4598 2600 4654 damni
2630 4617 2642 4652 :
2672 4598 2772 4654 nisi
2807 4598 3032 4653 fortasse
3060 4595 3280 4661 dixeris,
3310 4594 3536 4650 salutem
3564 4607 3808 4650 nostram

2194 4691 2403 4747 lucrum
2436 4706 2559 4747 esse
2591 4690 2706 4746 Dei.
2741 4687 2860 4758 lpse
2887 4703 3118 4758 namque
3143 4687 3332 4758 plenus
3357 4695 3441 4742 est
3458 4688 3610 4742 omni
3638 4688 3804 4750 bono,

2195 4785 2447 4855 nullaque
2478 4798 2537 4839 re
2564 4792 2684 4854 eget
2706 4798 2721 4839 :
2745 4780 2836 4854 qui
2863 4797 3053 4836 omnes
3079 4780 3234 4846 ditet,
3265 4779 3519 4851 nulloque
3545 4795 3683 4851 opus
3714 4781 3809 4834 ha-

2194 4877 2336 4934 beat.
2371 4877 2662 4933 Enimvero
2691 4876 2810 4946 quis
2836 4873 3043 4930 dederit
3063 4873 3331 4944 quidpiam
3356 4873 3427 4934 ei,
3451 4873 3543 4943 qui
3563 4873 3809 4929 omnium

2195 4979 2279 5026 est
2307 4969 2428 5024 fons
2456 4968 2718 5024 bonorum
2746 5008 2761 5032 ,
2793 4981 2860 5020 ex
2889 4967 3042 5034 cujus
3071 4964 3228 5018 unius
3264 4961 3595 5034 benignitate
3625 4965 3806 5018 omnia

2197 5061 2509 5136 pendeant?
2553 5057 3016 5127 Quemadmodum
3065 5057 3142 5110 ait
3191 5053 3400 5110 David:
3435 5052 3625 5108 Omnia
3662 5055 3732 5108 ad
3761 5066 3808 5110 te

2193 5166 2506 5230 exspectant,
2539 5155 2717 5225 Aperis
2738 5163 2792 5206 tu
2819 5167 3028 5205 manum
3055 5161 3215 5215 tuam,
3247 5157 3294 5203 et
3320 5147 3499 5218 imples
3522 5165 3673 5202 omne
3693 5150 3808 5202 ani-

2194 5253 2297 5305 mal
2324 5250 2663 5304 benedictione
2692 5244 2821 5316 (Ps.
2848 5245 2970 5300 105.
2993 5243 3083 5297 9.7.
3117 5253 3162 5296 et
3188 5242 3312 5296 144.
3337 5241 3462 5312 16).
3503 5240 3612 5297 Sed
3641 5256 3803 5313 quem

2192 5342 2430 5414 aggressi
2469 5355 2655 5397 sumus
2697 5351 3005 5394 sermonem
3051 5335 3116 5388 ad
3161 5333 3319 5388 finem
3363 5332 3645 5388 ducamus.
3689 5333 3807 5389 Hoc

2193 5436 2336 5491 cnim
2369 5445 2421 5489 et
2451 5432 2608 5488 nobis
2635 5441 2845 5503 gratum
2873 5438 2993 5493 est,
3025 5435 3081 5481 et
3107 5425 3240 5482 ordo
3268 5424 3524 5496 postulat.
3568 5424 3626 5479 Id
3659 5425 3805 5492 quod

2193 5541 2304 5581 non
2334 5525 2494 5580 habet
2523 5533 2663 5578 terra
2697 5520 2914 5591 profert,
2941 5515 3182 5587 jubentis
3211 5515 3437 5585 imperio
3460 5514 3803 5584 obsequens;

2191 5627 2247 5674 et
2275 5616 2326 5672 id
2364 5613 2507 5686 quod
2533 5613 2694 5669 habet
2719 5611 2899 5665 divina
2929 5619 2983 5663 et
3023 5608 3334 5662 intemerata
3365 5615 3552 5659 natura
3582 5619 3689 5658 non
3723 5605 3804 5675 gi-

2190 5708 2346 5783 gnit?
2374 5708 2571 5763 Verum
2605 5721 2672 5760 ne
2710 5703 2831 5772 quis
2874 5715 3084 5755 rursum
3118 5713 3302 5755 vocem
3335 5696 3534 5754 habere
3563 5694 3804 5753 humano

2260 5803 2334 5865 (a)
2369 5802 2574 5850 Arianos
2599 5794 2844 5858 intelligit.
