  <div class='ocr_page' id='page_1' title='image "/cluster/home/n/w/nwhite01/storage/ocr_20150623/56/nnc1.0114695758/448.png"; bbox 0 0 3982 6218; ppageno 0'>
   <div class='ocr_carea' id='block_1_1' title="bbox 148 359 268 412">
    <p class='ocr_par' dir='ltr' id='par_1_1' title="bbox 148 359 268 412">
     <span class='ocr_line' id='line_1_1' title="bbox 148 359 268 412; baseline 0.017 -2"><span class='ocrx_word' id='word_1_1' title='bbox 148 359 268 412; x_wconf 82' lang='lat'>459</span> 
     </span>
    </p>
   </div>
   <div class='ocr_carea' id='block_1_2' title="bbox 149 443 1745 522">
    <p class='ocr_par' dir='ltr' id='par_1_2' title="bbox 149 443 1745 522">
     <span class='ocr_line' id='line_1_2' title="bbox 149 443 1745 522; baseline 0.006 -24"><span class='ocrx_word' id='word_1_2' title='bbox 149 443 500 515; x_wconf 71' lang='grc' dir='ltr'>γεννήματα</span> <span class='ocrx_word' id='word_1_3' title='bbox 531 443 808 514; x_wconf 71' lang='grc' dir='ltr'>ἐχιδνῶν,</span> <span class='ocrx_word' id='word_1_4' title='bbox 858 446 952 513; x_wconf 82' lang='grc' dir='ltr'>τίς</span> <span class='ocrx_word' id='word_1_5' title='bbox 987 447 1304 514; x_wconf 76' lang='grc' dir='ltr'>ὑπέδειξεν</span> <span class='ocrx_word' id='word_1_6' title='bbox 1349 451 1492 521; x_wconf 81' lang='grc' dir='ltr'>ὑμῖν</span> <span class='ocrx_word' id='word_1_7' title='bbox 1528 452 1745 522; x_wconf 64' lang='grc' dir='ltr'>φυγεῖν</span> 
     </span>
    </p>
   </div>
   <div class='ocr_carea' id='block_1_3' title="bbox 149 526 1747 606">
    <p class='ocr_par' dir='ltr' id='par_1_3' title="bbox 149 526 1747 606">
     <span class='ocr_line' id='line_1_3' title="bbox 149 526 1747 606; baseline 0.003 -22"><span class='ocrx_word' id='word_1_8' title='bbox 149 529 274 585; x_wconf 74' lang='grc' dir='ltr'>ἀπὸ</span> <span class='ocrx_word' id='word_1_9' title='bbox 301 527 412 597; x_wconf 80' lang='grc' dir='ltr'>τῆς</span> <span class='ocrx_word' id='word_1_10' title='bbox 444 530 800 598; x_wconf 70' lang='grc' dir='ltr'>μελλούσης</span> <span class='ocrx_word' id='word_1_11' title='bbox 834 526 1048 597; x_wconf 69' lang='grc' dir='ltr'>ὀργῆςς</span> <span class='ocrx_word' id='word_1_12' title='bbox 1074 531 1241 584; x_wconf 84' lang='grc' dir='ltr'>Ὅταν</span> <span class='ocrx_word' id='word_1_13' title='bbox 1262 534 1342 596; x_wconf 85' lang='grc' dir='ltr'>είς</span> <span class='ocrx_word' id='word_1_14' title='bbox 1368 535 1430 586; x_wconf 84' lang='grc' dir='ltr'>τὸ</span> <span class='ocrx_word' id='word_1_15' title='bbox 1464 532 1747 606; x_wconf 80' lang='grc' dir='ltr'>βάπτισμα</span> 
     </span>
    </p>
   </div>
   <div class='ocr_carea' id='block_1_4' title="bbox 149 609 1746 687">
    <p class='ocr_par' dir='ltr' id='par_1_4' title="bbox 149 609 1746 687">
     <span class='ocr_line' id='line_1_4' title="bbox 149 609 1746 687; baseline 0.004 -21"><span class='ocrx_word' id='word_1_16' title='bbox 149 612 375 685; x_wconf 72' lang='grc' dir='ltr'>εἰσέλθῃ</span> <span class='ocrx_word' id='word_1_17' title='bbox 411 611 579 682; x_wconf 56' lang='grc' dir='ltr'>ψυχὴ,</span> <span class='ocrx_word' id='word_1_18' title='bbox 620 611 715 663; x_wconf 73' lang='grc' dir='ltr'>ἐπὶ</span> <span class='ocrx_word' id='word_1_19' title='bbox 747 609 924 663; x_wconf 89' lang='grc' dir='ltr'>πολλά</span> <span class='ocrx_word' id='word_1_20' title='bbox 966 611 1061 684; x_wconf 86' lang='grc' dir='ltr'>ἔτη</span> <span class='ocrx_word' id='word_1_21' title='bbox 1089 613 1260 686; x_wconf 79' lang='grc' dir='ltr'>κακίᾳ</span> <span class='ocrx_word' id='word_1_22' title='bbox 1298 615 1600 687; x_wconf 78' lang='grc' dir='ltr'>συζήσασα,</span> <span class='ocrx_word' id='word_1_23' title='bbox 1650 621 1746 674; x_wconf 73' lang='grc' dir='ltr'>καὶ</span> 
     </span>
    </p>
   </div>
   <div class='ocr_carea' id='block_1_5' title="bbox 149 693 1742 771">
    <p class='ocr_par' dir='ltr' id='par_1_5' title="bbox 149 693 1742 771">
     <span class='ocr_line' id='line_1_5' title="bbox 149 693 1742 771; baseline 0.004 -23"><span class='ocrx_word' id='word_1_24' title='bbox 149 695 348 768; x_wconf 78' lang='grc' dir='ltr'>ἐξέλθῃ</span> <span class='ocrx_word' id='word_1_25' title='bbox 379 693 583 764; x_wconf 90' lang='grc' dir='ltr'>ταύτην</span> <span class='ocrx_word' id='word_1_26' title='bbox 607 693 940 764; x_wconf 76' lang='grc' dir='ltr'>ἀποθεμένη,</span> <span class='ocrx_word' id='word_1_27' title='bbox 964 695 1064 765; x_wconf 81' lang='grc' dir='ltr'>ὅρα</span> <span class='ocrx_word' id='word_1_28' title='bbox 1086 698 1134 749; x_wconf 84' lang='grc' dir='ltr'>εί</span> <span class='ocrx_word' id='word_1_29' title='bbox 1156 697 1230 768; x_wconf 81' lang='grc' dir='ltr'>μὴ</span> <span class='ocrx_word' id='word_1_30' title='bbox 1251 697 1319 750; x_wconf 82' lang='grc' dir='ltr'>δι’</span> <span class='ocrx_word' id='word_1_31' title='bbox 1342 700 1408 752; x_wconf 87' lang='grc' dir='ltr'>αὐ</span> <span class='ocrx_word' id='word_1_32' title='bbox 1421 699 1522 752; x_wconf 86' lang='grc' dir='ltr'>τῶν</span> <span class='ocrx_word' id='word_1_33' title='bbox 1538 700 1742 771; x_wconf 82' lang='grc' dir='ltr'><strong>λάμπει</strong></span> 
     </span>
    </p>
   </div>
   <div class='ocr_carea' id='block_1_6' title="bbox 148 777 1744 854">
    <p class='ocr_par' dir='ltr' id='par_1_6' title="bbox 148 777 1744 854">
     <span class='ocr_line' id='line_1_6' title="bbox 148 777 1744 854; baseline -0.004 -21"><span class='ocrx_word' id='word_1_34' title='bbox 148 781 263 833; x_wconf 83' lang='grc' dir='ltr'>τῶν</span> <span class='ocrx_word' id='word_1_35' title='bbox 297 780 474 850; x_wconf 81' lang='grc' dir='ltr'>ἐργων</span> <span class='ocrx_word' id='word_1_36' title='bbox 500 780 537 848; x_wconf 78' lang='grc' dir='ltr'><strong>ἡ</strong></span> <span class='ocrx_word' id='word_1_37' title='bbox 575 777 882 847; x_wconf 73' lang='grc' dir='ltr'>Δεσποτικὴ</span> <span class='ocrx_word' id='word_1_38' title='bbox 923 779 1077 848; x_wconf 83' lang='grc' dir='ltr'>φωνὴ</span> <span class='ocrx_word' id='word_1_39' title='bbox 1101 783 1135 850; x_wconf 84' lang='grc' dir='ltr'>ή</span> <span class='ocrx_word' id='word_1_40' title='bbox 1180 781 1412 849; x_wconf 78' lang='grc' dir='ltr'>λέγουσα</span> <span class='ocrx_word' id='word_1_41' title='bbox 1435 799 1449 812; x_wconf 71' lang='grc' dir='ltr'><strong><em>υ</em></strong></span> <span class='ocrx_word' id='word_1_42' title='bbox 1496 785 1744 854; x_wconf 61' lang='grc' dir='ltr'>Ἐξαγπα-</span> 
     </span>
    </p>
   </div>
   <div class='ocr_carea' id='block_1_7' title="bbox 149 860 1742 930">
    <p class='ocr_par' dir='ltr' id='par_1_7' title="bbox 149 860 1742 930">
     <span class='ocr_line' id='line_1_7' title="bbox 149 860 1742 930; baseline 0.003 -14"><span class='ocrx_word' id='word_1_43' title='bbox 149 864 305 930; x_wconf 81' lang='grc' dir='ltr'>τέτω</span> <span class='ocrx_word' id='word_1_44' title='bbox 348 862 421 915; x_wconf 99' lang='lat' dir='ltr'>td</span> <span class='ocrx_word' id='word_1_45' title='bbox 460 860 652 914; x_wconf 78' lang='grc' dir='ltr'>ὕδατα</span> <span class='ocrx_word' id='word_1_46' title='bbox 685 860 902 927; x_wconf 74' lang='grc' dir='ltr'>ἑρπετά</span> <span class='ocrx_word' id='word_1_47' title='bbox 948 861 1165 930; x_wconf 73' lang='grc' dir='ltr'>ψυχῶν</span> <span class='ocrx_word' id='word_1_48' title='bbox 1209 863 1436 928; x_wconf 79' lang='grc' dir='ltr'>ζωσῶν,</span> <span class='ocrx_word' id='word_1_49' title='bbox 1485 867 1580 919; x_wconf 82' lang='grc' dir='ltr'>καί</span> <span class='ocrx_word' id='word_1_50' title='bbox 1638 884 1742 921; x_wconf 82' lang='grc' dir='ltr'>πε-</span> 
     </span>
    </p>
   </div>
   <div class='ocr_carea' id='block_1_8' title="bbox 147 943 1742 1020">
    <p class='ocr_par' dir='ltr' id='par_1_8' title="bbox 147 943 1742 1020">
     <span class='ocr_line' id='line_1_8' title="bbox 147 943 1742 1020; baseline 0.003 -22"><span class='ocrx_word' id='word_1_51' title='bbox 147 945 323 999; x_wconf 77' lang='grc' dir='ltr'>τεινὰ</span> <span class='ocrx_word' id='word_1_52' title='bbox 365 945 688 1013; x_wconf 76' lang='grc' dir='ltr'>πετόμενα.</span> <span class='ocrx_word' id='word_1_53' title='bbox 731 943 935 1014; x_wconf 81' lang='grc' dir='ltr'>Διπλῆν</span> <span class='ocrx_word' id='word_1_54' title='bbox 971 945 1078 1016; x_wconf 81' lang='grc' dir='ltr'>γὰρ</span> <span class='ocrx_word' id='word_1_55' title='bbox 1108 945 1372 1017; x_wconf 78' lang='grc' dir='ltr'>λαμσάνει</span> <span class='ocrx_word' id='word_1_56' title='bbox 1397 948 1494 1018; x_wconf 78' lang='grc' dir='ltr'>τὴν</span> <span class='ocrx_word' id='word_1_57' title='bbox 1523 950 1680 1020; x_wconf 83' lang='grc' dir='ltr'>χάριν</span> <span class='ocrx_word' id='word_1_58' title='bbox 1713 953 1742 1004; x_wconf 82' lang='grc'>6</span> 
     </span>
    </p>
   </div>
   <div class='ocr_carea' id='block_1_9' title="bbox 150 1021 1742 1097">
    <p class='ocr_par' dir='ltr' id='par_1_9' title="bbox 150 1021 1742 1097">
     <span class='ocr_line' id='line_1_9' title="bbox 150 1021 1742 1097; baseline 0.004 -20"><span class='ocrx_word' id='word_1_59' title='bbox 150 1022 483 1094; x_wconf 77' lang='grc' dir='ltr'>σωζόμενος,</span> <span class='ocrx_word' id='word_1_60' title='bbox 511 1022 606 1074; x_wconf 76' lang='grc' dir='ltr'>καὶ</span> <span class='ocrx_word' id='word_1_61' title='bbox 633 1021 980 1085; x_wconf 74' lang='grc' dir='ltr'>ζωοποιεῖται</span> <span class='ocrx_word' id='word_1_62' title='bbox 1008 1025 1107 1094; x_wconf 83' lang='grc' dir='ltr'>τὴν</span> <span class='ocrx_word' id='word_1_63' title='bbox 1142 1025 1343 1097; x_wconf 71' lang='grc' dir='ltr'>ψυχὴν,</span> <span class='ocrx_word' id='word_1_64' title='bbox 1377 1029 1472 1081; x_wconf 73' lang='grc' dir='ltr'>καὶ</span> <span class='ocrx_word' id='word_1_65' title='bbox 1501 1031 1742 1083; x_wconf 82' lang='grc' dir='ltr'>πετεινὸν</span> 
     </span>
    </p>
   </div>
   <div class='ocr_carea' id='block_1_10' title="bbox 147 1107 1743 1179">
    <p class='ocr_par' dir='ltr' id='par_1_10' title="bbox 147 1107 1743 1179">
     <span class='ocr_line' id='line_1_10' title="bbox 147 1107 1743 1179; baseline 0.004 -19"><span class='ocrx_word' id='word_1_66' title='bbox 147 1110 367 1178; x_wconf 88' lang='grc' dir='ltr'>γίνεται</span> <span class='ocrx_word' id='word_1_67' title='bbox 398 1107 603 1169; x_wconf 75' lang='grc' dir='ltr'>λοιπὸν,</span> <span class='ocrx_word' id='word_1_68' title='bbox 650 1107 842 1176; x_wconf 65' lang='grc' dir='ltr'>ἀψῖδας</span> <span class='ocrx_word' id='word_1_69' title='bbox 885 1108 1129 1178; x_wconf 84' lang='grc' dir='ltr'>οὐρανῶν</span> <span class='ocrx_word' id='word_1_70' title='bbox 1162 1111 1616 1179; x_wconf 79' lang='grc' dir='ltr'>καταλαμϐάνων,</span> <span class='ocrx_word' id='word_1_71' title='bbox 1649 1114 1743 1167; x_wconf 75' lang='grc' dir='ltr'>καὶ</span> 
     </span>
    </p>
   </div>
   <div class='ocr_carea' id='block_1_11' title="bbox 152 1189 1742 1266">
    <p class='ocr_par' dir='ltr' id='par_1_11' title="bbox 152 1189 1742 1266">
     <span class='ocr_line' id='line_1_11' title="bbox 152 1189 1742 1266; baseline 0.003 -21"><span class='ocrx_word' id='word_1_72' title='bbox 152 1190 299 1261; x_wconf 82' lang='grc' dir='ltr'>μετά</span> <span class='ocrx_word' id='word_1_73' title='bbox 349 1189 597 1257; x_wconf 85' lang='grc' dir='ltr'>ἀγγέλων</span> <span class='ocrx_word' id='word_1_74' title='bbox 654 1189 1087 1260; x_wconf 82' lang='grc' dir='ltr'>πολιτευόμενος,</span> <span class='ocrx_word' id='word_1_75' title='bbox 1144 1193 1238 1245; x_wconf 79' lang='grc' dir='ltr'>καὶ</span> <span class='ocrx_word' id='word_1_76' title='bbox 1285 1195 1423 1263; x_wconf 85' lang='grc' dir='ltr'>μετὰ</span> <span class='ocrx_word' id='word_1_77' title='bbox 1478 1195 1579 1266; x_wconf 77' lang='grc' dir='ltr'>τῆς</span> <span class='ocrx_word' id='word_1_78' title='bbox 1630 1196 1742 1251; x_wconf 77' lang='grc' dir='ltr'>ἀνω</span> 
     </span>
    </p>
   </div>
   <div class='ocr_carea' id='block_1_12' title="bbox 144 1270 1743 1344">
    <p class='ocr_par' dir='ltr' id='par_1_12' title="bbox 144 1270 1743 1344">
     <span class='ocr_line' id='line_1_12' title="bbox 144 1270 1743 1344; baseline 0.003 -17"><span class='ocrx_word' id='word_1_79' title='bbox 144 1272 359 1338; x_wconf 77' lang='grc' dir='ltr'>τάξεως</span> <span class='ocrx_word' id='word_1_80' title='bbox 405 1273 543 1344; x_wconf 85' lang='grc' dir='ltr'>ἔχων</span> <span class='ocrx_word' id='word_1_81' title='bbox 594 1270 695 1342; x_wconf 84' lang='grc' dir='ltr'>τὴν</span> <span class='ocrx_word' id='word_1_82' title='bbox 731 1272 923 1325; x_wconf 85' lang='grc' dir='ltr'>ἑαυτοῦ</span> <span class='ocrx_word' id='word_1_83' title='bbox 975 1274 1317 1330; x_wconf 80' lang='grc' dir='ltr'>ἀκολουθίαν.</span> <span class='ocrx_word' id='word_1_84' title='bbox 1353 1278 1458 1330; x_wconf 81' lang='grc' dir='ltr'>Καί</span> <span class='ocrx_word' id='word_1_85' title='bbox 1502 1277 1743 1332; x_wconf 80' lang='grc' dir='ltr'>πετεινὰ</span> 
     </span>
    </p>
   </div>
   <div class='ocr_carea' id='block_1_13' title="bbox 146 1353 1743 1428">
    <p class='ocr_par' dir='ltr' id='par_1_13' title="bbox 146 1353 1743 1428">
     <span class='ocr_line' id='line_1_13' title="bbox 146 1353 1743 1428; baseline 0.003 -18"><span class='ocrx_word' id='word_1_86' title='bbox 146 1357 454 1425; x_wconf 79' lang='grc' dir='ltr'>πετόμενα</span> <span class='ocrx_word' id='word_1_87' title='bbox 483 1353 580 1408; x_wconf 74' lang='grc' dir='ltr'>ἐπὶ</span> <span class='ocrx_word' id='word_1_88' title='bbox 607 1354 720 1422; x_wconf 82' lang='grc' dir='ltr'>τῆς</span> <span class='ocrx_word' id='word_1_89' title='bbox 751 1353 864 1422; x_wconf 69' lang='grc' dir='ltr'>γῆς</span> <span class='ocrx_word' id='word_1_90' title='bbox 895 1357 1045 1409; x_wconf 73' lang='grc' dir='ltr'>κατὰ</span> <span class='ocrx_word' id='word_1_91' title='bbox 1072 1356 1138 1409; x_wconf 87' lang='grc' dir='ltr'>τὸ</span> <span class='ocrx_word' id='word_1_92' title='bbox 1175 1357 1475 1428; x_wconf 82' lang='grc' dir='ltr'>στερέωμα</span> <span class='ocrx_word' id='word_1_93' title='bbox 1508 1359 1614 1414; x_wconf 88' lang='grc' dir='ltr'>τοῦ</span> <span class='ocrx_word' id='word_1_94' title='bbox 1643 1363 1743 1414; x_wconf 85' lang='grc' dir='ltr'>οὺ-</span> 
     </span>
    </p>
   </div>
   <div class='ocr_carea' id='block_1_14' title="bbox 139 1435 1739 1514">
    <p class='ocr_par' dir='ltr' id='par_1_14' title="bbox 139 1435 1739 1514">
     <span class='ocr_line' id='line_1_14' title="bbox 139 1435 1739 1514; baseline 0.014 -32"><span class='ocrx_word' id='word_1_95' title='bbox 139 1439 364 1509; x_wconf 76' lang='grc' dir='ltr'>ρανοῦ,</span> <span class='ocrx_word' id='word_1_96' title='bbox 409 1437 535 1490; x_wconf 77' lang='grc' dir='ltr'>Ἐπὶ</span> <span class='ocrx_word' id='word_1_97' title='bbox 585 1435 696 1506; x_wconf 76' lang='grc' dir='ltr'>τῆς</span> <span class='ocrx_word' id='word_1_98' title='bbox 734 1436 868 1508; x_wconf 72' lang='grc' dir='ltr'>γῆς,</span> <span class='ocrx_word' id='word_1_99' title='bbox 901 1437 992 1492; x_wconf 83' lang='grc' dir='ltr'>διά</span> <span class='ocrx_word' id='word_1_100' title='bbox 1037 1440 1098 1492; x_wconf 84' lang='grc' dir='ltr'>τὸ</span> <span class='ocrx_word' id='word_1_101' title='bbox 1129 1440 1323 1510; x_wconf 87' lang='grc' dir='ltr'>σῶμα·</span> <span class='ocrx_word' id='word_1_102' title='bbox 1369 1444 1426 1494; x_wconf 86' lang='grc' dir='ltr'>ἑν</span> <span class='ocrx_word' id='word_1_103' title='bbox 1472 1443 1739 1514; x_wconf 66' lang='grc' dir='ltr'>οὐρανοῖς,</span> 
     </span>
    </p>
   </div>
   <div class='ocr_carea' id='block_1_15' title="bbox 145 1520 1743 1596">
    <p class='ocr_par' dir='ltr' id='par_1_15' title="bbox 145 1520 1743 1596">
     <span class='ocr_line' id='line_1_15' title="bbox 145 1520 1743 1596; baseline 0.001 -18"><span class='ocrx_word' id='word_1_104' title='bbox 145 1524 242 1578; x_wconf 72' lang='grc' dir='ltr'>διὰ</span> <span class='ocrx_word' id='word_1_105' title='bbox 283 1523 344 1577; x_wconf 78' lang='grc' dir='ltr'>τὸ</span> <span class='ocrx_word' id='word_1_106' title='bbox 383 1522 703 1592; x_wconf 82' lang='grc' dir='ltr'>πολίτευμα.</span> <span class='ocrx_word' id='word_1_107' title='bbox 762 1520 946 1575; x_wconf 82' lang='grc' dir='ltr'>Ταῦτα</span> <span class='ocrx_word' id='word_1_108' title='bbox 1003 1524 1102 1576; x_wconf 88' lang='grc' dir='ltr'>οὐκ</span> <span class='ocrx_word' id='word_1_109' title='bbox 1157 1525 1581 1596; x_wconf 84' lang='grc' dir='ltr'>ἀλληγοροῦντες</span> <span class='ocrx_word' id='word_1_110' title='bbox 1632 1527 1743 1579; x_wconf 83' lang='grc' dir='ltr'>είσ-</span> 
     </span>
    </p>
   </div>
   <div class='ocr_carea' id='block_1_16' title="bbox 145 1605 1744 1680">
    <p class='ocr_par' dir='ltr' id='par_1_16' title="bbox 145 1605 1744 1680">
     <span class='ocr_line' id='line_1_16' title="bbox 145 1605 1744 1680; baseline 0.002 -19"><span class='ocrx_word' id='word_1_111' title='bbox 145 1608 459 1678; x_wconf 87' lang='grc' dir='ltr'>ηγάγομεν,</span> <span class='ocrx_word' id='word_1_112' title='bbox 493 1605 606 1658; x_wconf 85' lang='grc' dir='ltr'>ἀλλ’</span> <span class='ocrx_word' id='word_1_113' title='bbox 642 1605 1030 1677; x_wconf 76' lang='grc' dir='ltr'>ἐθεωρήσαμεν</span> <span class='ocrx_word' id='word_1_114' title='bbox 1071 1610 1138 1678; x_wconf 80' lang='grc' dir='ltr'>τῇ</span> <span class='ocrx_word' id='word_1_115' title='bbox 1187 1609 1421 1680; x_wconf 82' lang='grc' dir='ltr'>ῖστορίᾳ.</span> <span class='ocrx_word' id='word_1_116' title='bbox 1478 1611 1638 1663; x_wconf 75' lang='grc' dir='ltr'>’Άλλο</span> <span class='ocrx_word' id='word_1_117' title='bbox 1683 1611 1744 1664; x_wconf 78' lang='grc' dir='ltr'>τὸ</span> 
     </span>
    </p>
   </div>
   <div class='ocr_carea' id='block_1_17' title="bbox 145 1688 1745 1762">
    <p class='ocr_par' dir='ltr' id='par_1_17' title="bbox 145 1688 1745 1762">
     <span class='ocr_line' id='line_1_17' title="bbox 145 1688 1745 1762; baseline -0.001 -17"><span class='ocrx_word' id='word_1_118' title='bbox 145 1689 518 1746; x_wconf 72' lang='grc' dir='ltr'>ἆκδιάσασθαι</span> <span class='ocrx_word' id='word_1_119' title='bbox 547 1689 627 1752; x_wconf 87' lang='grc' dir='ltr'>είς</span> <span class='ocrx_word' id='word_1_120' title='bbox 647 1688 978 1760; x_wconf 84' lang='grc' dir='ltr'>ἀλληγορίαν</span> <span class='ocrx_word' id='word_1_121' title='bbox 1004 1689 1101 1760; x_wconf 82' lang='grc' dir='ltr'>τὴν</span> <span class='ocrx_word' id='word_1_122' title='bbox 1129 1691 1391 1762; x_wconf 85' lang='grc' dir='ltr'>ίστορίαν,</span> <span class='ocrx_word' id='word_1_123' title='bbox 1416 1691 1544 1745; x_wconf 82' lang='grc' dir='ltr'>ἄλλο</span> <span class='ocrx_word' id='word_1_124' title='bbox 1567 1693 1622 1745; x_wconf 72' lang='grc' dir='ltr'>δέ</span> <span class='ocrx_word' id='word_1_125' title='bbox 1651 1692 1745 1744; x_wconf 81' lang='grc' dir='ltr'>καὶ</span> 
     </span>
    </p>
   </div>
   <div class='ocr_carea' id='block_1_18' title="bbox 144 1772 1745 1847">
    <p class='ocr_par' dir='ltr' id='par_1_18' title="bbox 144 1772 1745 1847">
     <span class='ocr_line' id='line_1_18' title="bbox 144 1772 1745 1847; baseline 0.001 -20"><span class='ocrx_word' id='word_1_126' title='bbox 144 1777 252 1847; x_wconf 84' lang='grc' dir='ltr'>τὴν</span> <span class='ocrx_word' id='word_1_127' title='bbox 279 1776 524 1844; x_wconf 86' lang='grc' dir='ltr'>ίστορίαν</span> <span class='ocrx_word' id='word_1_128' title='bbox 553 1772 787 1840; x_wconf 79' lang='grc' dir='ltr'>φυλάξαι</span> <span class='ocrx_word' id='word_1_129' title='bbox 808 1774 903 1827; x_wconf 77' lang='grc' dir='ltr'>καὶ</span> <span class='ocrx_word' id='word_1_130' title='bbox 938 1772 1168 1844; x_wconf 80' lang='grc' dir='ltr'>θεωρίαν</span> <span class='ocrx_word' id='word_1_131' title='bbox 1192 1775 1496 1845; x_wconf 74' lang='grc' dir='ltr'>ἐπινοῆσαι.</span> <span class='ocrx_word' id='word_1_132' title='bbox 1525 1775 1634 1827; x_wconf 80' lang='grc' dir='ltr'>Καὶ</span> <span class='ocrx_word' id='word_1_133' title='bbox 1658 1775 1745 1828; x_wconf 83' lang='grc' dir='ltr'>ἵνα</span> 
     </span>
    </p>
   </div>
   <div class='ocr_carea' id='block_1_19' title="bbox 142 1848 1743 1928">
    <p class='ocr_par' dir='ltr' id='par_1_19' title="bbox 142 1848 1743 1928">
     <span class='ocr_line' id='line_1_19' title="bbox 142 1848 1743 1928; baseline -0.001 -16"><span class='ocrx_word' id='word_1_134' title='bbox 142 1859 324 1927; x_wconf 80' lang='grc' dir='ltr'>δείξῃ,</span> <span class='ocrx_word' id='word_1_135' title='bbox 354 1858 437 1910; x_wconf 84' lang='grc' dir='ltr'>ὅτι</span> <span class='ocrx_word' id='word_1_136' title='bbox 467 1855 673 1927; x_wconf 87' lang='grc' dir='ltr'>ἑρπετά</span> <span class='ocrx_word' id='word_1_137' title='bbox 698 1855 768 1908; x_wconf 68' lang='lat' dir='ltr'>td</span> <span class='ocrx_word' id='word_1_138' title='bbox 798 1857 1023 1910; x_wconf 85' lang='grc' dir='ltr'>πετεινά</span> <span class='ocrx_word' id='word_1_139' title='bbox 1043 1858 1303 1927; x_wconf 85' lang='grc' dir='ltr'>πτερωτά</span> <span class='ocrx_word' id='word_1_140' title='bbox 1330 1856 1479 1924; x_wconf 89' lang='grc' dir='ltr'>λέγει</span> <span class='ocrx_word' id='word_1_141' title='bbox 1511 1848 1580 1910; x_wconf 82' lang='grc' dir='ltr'>τά</span> <span class='ocrx_word' id='word_1_142' title='bbox 1599 1859 1656 1910; x_wconf 76' lang='grc' dir='ltr'>ἑν</span> <span class='ocrx_word' id='word_1_143' title='bbox 1677 1861 1743 1928; x_wconf 79' lang='grc' dir='ltr'>τῇ</span> 
     </span>
    </p>
   </div>
   <div class='ocr_carea' id='block_1_20' title="bbox 147 1936 1748 2010">
    <p class='ocr_par' dir='ltr' id='par_1_20' title="bbox 147 1936 1748 2010">
     <span class='ocr_line' id='line_1_20' title="bbox 147 1936 1748 2010; baseline -0.002 -15"><span class='ocrx_word' id='word_1_144' title='bbox 147 1941 420 2010; x_wconf 75' lang='grc' dir='ltr'>θαλάσσῃ,</span> <span class='ocrx_word' id='word_1_145' title='bbox 447 1940 716 2008; x_wconf 79' lang='grc' dir='ltr'>ἐπήγαγε·</span> <span class='ocrx_word' id='word_1_146' title='bbox 738 1936 849 1994; x_wconf 75' lang='grc' dir='ltr'>Καὶ</span> <span class='ocrx_word' id='word_1_147' title='bbox 871 1938 1166 2006; x_wconf 79' lang='grc' dir='ltr'>ἐποίησεν</span> <span class='ocrx_word' id='word_1_148' title='bbox 1189 1941 1222 1993; x_wconf 83' lang='grc' dir='ltr'><em>ὁ</em></span> <span class='ocrx_word' id='word_1_149' title='bbox 1246 1937 1390 2004; x_wconf 85' lang='grc' dir='ltr'>Θεὸς</span> <span class='ocrx_word' id='word_1_150' title='bbox 1413 1939 1483 1992; x_wconf 90' lang='grc' dir='ltr'>τὰ</span> <span class='ocrx_word' id='word_1_151' title='bbox 1504 1940 1652 2007; x_wconf 81' lang='grc' dir='ltr'>κήτη</span> <span class='ocrx_word' id='word_1_152' title='bbox 1675 1942 1748 1993; x_wconf 88' lang='lat' dir='ltr'>td</span> 
     </span>
    </p>
   </div>
   <div class='ocr_carea' id='block_1_21' title="bbox 140 2019 1748 2093">
    <p class='ocr_par' dir='ltr' id='par_1_21' title="bbox 140 2019 1748 2093">
     <span class='ocr_line' id='line_1_21' title="bbox 140 2019 1748 2093; baseline 0.002 -19"><span class='ocrx_word' id='word_1_153' title='bbox 140 2023 406 2093; x_wconf 75' lang='grc' dir='ltr'>μεγάλα,</span> <span class='ocrx_word' id='word_1_154' title='bbox 437 2023 536 2075; x_wconf 80' lang='grc' dir='ltr'>καί</span> <span class='ocrx_word' id='word_1_155' title='bbox 564 2019 772 2075; x_wconf 78' lang='grc' dir='ltr'>πᾶσαν</span> <span class='ocrx_word' id='word_1_156' title='bbox 789 2019 1002 2089; x_wconf 67' lang='grc' dir='ltr'>ψυχὴν</span> <span class='ocrx_word' id='word_1_157' title='bbox 1037 2019 1234 2081; x_wconf 79' lang='grc' dir='ltr'>ζῶσαν</span> <span class='ocrx_word' id='word_1_158' title='bbox 1269 2020 1554 2089; x_wconf 80' lang='grc' dir='ltr'>ἑρπετῶν,</span> <span class='ocrx_word' id='word_1_159' title='bbox 1580 2021 1618 2077; x_wconf 84' lang='lat' dir='ltr'>d</span> <span class='ocrx_word' id='word_1_160' title='bbox 1656 2023 1748 2087; x_wconf 78' lang='grc' dir='ltr'>ἐξ-</span> 
     </span>
    </p>
   </div>
   <div class='ocr_carea' id='block_1_22' title="bbox 145 2103 1748 2177">
    <p class='ocr_par' dir='ltr' id='par_1_22' title="bbox 145 2103 1748 2177">
     <span class='ocr_line' id='line_1_22' title="bbox 145 2103 1748 2177; baseline -0.002 -14"><span class='ocrx_word' id='word_1_161' title='bbox 145 2109 343 2177; x_wconf 75' lang='grc' dir='ltr'>ήγαγε</span> <span class='ocrx_word' id='word_1_162' title='bbox 363 2106 434 2160; x_wconf 79' lang='grc' dir='ltr'>τὰ</span> <span class='ocrx_word' id='word_1_163' title='bbox 464 2103 674 2169; x_wconf 80' lang='grc' dir='ltr'>ὕδατα,</span> <span class='ocrx_word' id='word_1_164' title='bbox 710 2106 807 2158; x_wconf 77' lang='grc' dir='ltr'>καί</span> <span class='ocrx_word' id='word_1_165' title='bbox 836 2105 1114 2159; x_wconf 78' lang='grc' dir='ltr'>πετεινὸν</span> <span class='ocrx_word' id='word_1_166' title='bbox 1145 2106 1462 2172; x_wconf 81' lang='grc' dir='ltr'>πτερωτόν.</span> <span class='ocrx_word' id='word_1_167' title='bbox 1501 2107 1621 2160; x_wconf 85' lang='grc' dir='ltr'>Ἐνι</span> <span class='ocrx_word' id='word_1_168' title='bbox 1640 2107 1748 2177; x_wconf 84' lang='grc' dir='ltr'>γάρ</span> 
     </span>
    </p>
   </div>
   <div class='ocr_carea' id='block_1_23' title="bbox 147 2183 1749 2259">
    <p class='ocr_par' dir='ltr' id='par_1_23' title="bbox 147 2183 1749 2259">
     <span class='ocr_line' id='line_1_23' title="bbox 147 2183 1749 2259; baseline -0.001 -15"><span class='ocrx_word' id='word_1_169' title='bbox 147 2190 403 2244; x_wconf 81' lang='grc' dir='ltr'>πετεινὺν</span> <span class='ocrx_word' id='word_1_170' title='bbox 441 2187 514 2259; x_wconf 68' lang='grc' dir='ltr'>μὴ</span> <span class='ocrx_word' id='word_1_171' title='bbox 555 2187 614 2240; x_wconf 69' lang='grc' dir='ltr'>ὃν</span> <span class='ocrx_word' id='word_1_172' title='bbox 646 2186 958 2258; x_wconf 83' lang='grc' dir='ltr'>πτερωτόν;</span> <span class='ocrx_word' id='word_1_173' title='bbox 998 2187 1083 2250; x_wconf 88' lang='grc' dir='ltr'>τίς</span> <span class='ocrx_word' id='word_1_174' title='bbox 1125 2189 1281 2259; x_wconf 82' lang='grc' dir='ltr'>χρεία</span> <span class='ocrx_word' id='word_1_175' title='bbox 1310 2183 1378 2258; x_wconf 82' lang='grc' dir='ltr'>ἦν</span> <span class='ocrx_word' id='word_1_176' title='bbox 1413 2191 1606 2252; x_wconf 74' lang='grc' dir='ltr'>εἰπεῖν,</span> <span class='ocrx_word' id='word_1_177' title='bbox 1640 2191 1749 2242; x_wconf 77' lang='grc' dir='ltr'>πᾶν</span> 
     </span>
    </p>
   </div>
   <div class='ocr_carea' id='block_1_24' title="bbox 150 2268 1748 2341">
    <p class='ocr_par' dir='ltr' id='par_1_24' title="bbox 150 2268 1748 2341">
     <span class='ocr_line' id='line_1_24' title="bbox 150 2268 1748 2341; baseline -0.002 -13"><span class='ocrx_word' id='word_1_178' title='bbox 150 2270 439 2330; x_wconf 80' lang='grc' dir='ltr'>Πετεινὸν</span> <span class='ocrx_word' id='word_1_179' title='bbox 455 2270 788 2338; x_wconf 84' lang='grc' dir='ltr'>πτερωτόν;</span> <span class='ocrx_word' id='word_1_180' title='bbox 806 2269 879 2321; x_wconf 79' lang='grc' dir='ltr'><strong>Τὸ</strong></span> <span class='ocrx_word' id='word_1_181' title='bbox 902 2268 1169 2323; x_wconf 85' lang='grc' dir='ltr'>πετᾶσθαι</span> <span class='ocrx_word' id='word_1_182' title='bbox 1187 2272 1338 2341; x_wconf 84' lang='grc' dir='ltr'>παρά</span> <span class='ocrx_word' id='word_1_183' title='bbox 1361 2272 1422 2324; x_wconf 77' lang='grc' dir='ltr'>τὸ</span> <span class='ocrx_word' id='word_1_184' title='bbox 1444 2271 1748 2326; x_wconf 80' lang='grc' dir='ltr'>ἀπλοῦσθαι</span> 
     </span>
    </p>
   </div>
   <div class='ocr_carea' id='block_1_25' title="bbox 147 2353 1752 2426">
    <p class='ocr_par' dir='ltr' id='par_1_25' title="bbox 147 2353 1752 2426">
     <span class='ocr_line' id='line_1_25' title="bbox 147 2353 1752 2426; baseline -0.001 -17"><span class='ocrx_word' id='word_1_185' title='bbox 147 2355 257 2419; x_wconf 81' lang='grc' dir='ltr'>τὰς</span> <span class='ocrx_word' id='word_1_186' title='bbox 277 2357 465 2424; x_wconf 88' lang='grc' dir='ltr'>χεῖρας</span> <span class='ocrx_word' id='word_1_187' title='bbox 490 2353 727 2421; x_wconf 87' lang='grc' dir='ltr'>λέγεται.</span> <span class='ocrx_word' id='word_1_188' title='bbox 748 2353 904 2404; x_wconf 89' lang='grc' dir='ltr'>Ἔστι</span> <span class='ocrx_word' id='word_1_189' title='bbox 931 2353 987 2406; x_wconf 81' lang='grc' dir='ltr'>δέ</span> <span class='ocrx_word' id='word_1_190' title='bbox 1016 2353 1282 2406; x_wconf 79' lang='grc' dir='ltr'>πετᾶσθαι</span> <span class='ocrx_word' id='word_1_191' title='bbox 1306 2356 1400 2408; x_wconf 72' lang='grc' dir='ltr'>καὶ</span> <span class='ocrx_word' id='word_1_192' title='bbox 1418 2358 1626 2426; x_wconf 77' lang='grc' dir='ltr'>χεῖρας,</span> <span class='ocrx_word' id='word_1_193' title='bbox 1652 2369 1752 2408; x_wconf 88' lang='grc' dir='ltr'>κα-</span> 
     </span>
    </p>
   </div>
   <div class='ocr_carea' id='block_1_26' title="bbox 147 2436 1750 2507">
    <p class='ocr_par' dir='ltr' id='par_1_26' title="bbox 147 2436 1750 2507">
     <span class='ocr_line' id='line_1_26' title="bbox 147 2436 1750 2507; baseline 0 -15"><span class='ocrx_word' id='word_1_194' title='bbox 147 2438 267 2501; x_wconf 82' lang='grc' dir='ltr'>θώς</span> <span class='ocrx_word' id='word_1_195' title='bbox 300 2453 463 2507; x_wconf 87' lang='grc' dir='ltr'>φησιν</span> <span class='ocrx_word' id='word_1_196' title='bbox 495 2437 523 2488; x_wconf 88' lang='grc' dir='ltr'>ὁ</span> <span class='ocrx_word' id='word_1_197' title='bbox 569 2437 887 2506; x_wconf 78' lang='grc' dir='ltr'>προφήτης·</span> <span class='ocrx_word' id='word_1_198' title='bbox 927 2436 1113 2502; x_wconf 69' lang='grc' dir='ltr'>Ὅλην</span> <span class='ocrx_word' id='word_1_199' title='bbox 1142 2436 1258 2503; x_wconf 77' lang='grc' dir='ltr'>τὴν</span> <span class='ocrx_word' id='word_1_200' title='bbox 1278 2438 1508 2506; x_wconf 72' lang='grc' dir='ltr'>ἡμέραν</span> <span class='ocrx_word' id='word_1_201' title='bbox 1547 2438 1750 2502; x_wconf 80' lang='grc' dir='ltr'>ἐξεπέ-</span> 
     </span>
    </p>
   </div>
   <div class='ocr_carea' id='block_1_27' title="bbox 152 2516 1752 2587">
    <p class='ocr_par' dir='ltr' id='par_1_27' title="bbox 152 2516 1752 2587">
     <span class='ocr_line' id='line_1_27' title="bbox 152 2516 1752 2587; baseline -0.001 -13"><span class='ocrx_word' id='word_1_202' title='bbox 152 2535 320 2574; x_wconf 86' lang='grc' dir='ltr'>τασα</span> <span class='ocrx_word' id='word_1_203' title='bbox 339 2520 447 2584; x_wconf 87' lang='grc' dir='ltr'>τὰς</span> <span class='ocrx_word' id='word_1_204' title='bbox 467 2516 670 2587; x_wconf 81' lang='grc' dir='ltr'>χεῖρας</span> <span class='ocrx_word' id='word_1_205' title='bbox 685 2535 804 2586; x_wconf 86' lang='grc' dir='ltr'>μου</span> <span class='ocrx_word' id='word_1_206' title='bbox 826 2519 975 2584; x_wconf 80' lang='grc' dir='ltr'>πρὸς</span> <span class='ocrx_word' id='word_1_207' title='bbox 994 2517 1149 2572; x_wconf 71' lang='grc' dir='ltr'>λαὸν</span> <span class='ocrx_word' id='word_1_208' title='bbox 1167 2519 1529 2573; x_wconf 78' lang='grc' dir='ltr'>ἀπειθοῦντα</span> <span class='ocrx_word' id='word_1_209' title='bbox 1542 2520 1638 2574; x_wconf 82' lang='grc' dir='ltr'>καὶ</span> <span class='ocrx_word' id='word_1_210' title='bbox 1655 2520 1752 2574; x_wconf 79' lang='grc' dir='ltr'>άν-</span> 
     </span>
    </p>
   </div>
   <div class='ocr_carea' id='block_1_28' title="bbox 153 2600 1750 2674">
    <p class='ocr_par' dir='ltr' id='par_1_28' title="bbox 153 2600 1750 2674">
     <span class='ocr_line' id='line_1_28' title="bbox 153 2600 1750 2674; baseline -0.001 -16"><span class='ocrx_word' id='word_1_211' title='bbox 153 2604 505 2672; x_wconf 64' lang='grc' dir='ltr'>τιλέοροντα·</span> <span class='ocrx_word' id='word_1_212' title='bbox 530 2602 628 2672; x_wconf 89' lang='grc' dir='ltr'>οὐχ</span> <span class='ocrx_word' id='word_1_213' title='bbox 665 2603 748 2655; x_wconf 84' lang='grc' dir='ltr'>ὃτι</span> <span class='ocrx_word' id='word_1_214' title='bbox 781 2601 957 2669; x_wconf 77' lang='grc' dir='ltr'>πτερά</span> <span class='ocrx_word' id='word_1_215' title='bbox 981 2600 1164 2670; x_wconf 84' lang='grc' dir='ltr'>ἔχουσι</span> <span class='ocrx_word' id='word_1_216' title='bbox 1190 2605 1390 2673; x_wconf 88' lang='grc' dir='ltr'>χεῖρες,</span> <span class='ocrx_word' id='word_1_217' title='bbox 1421 2601 1535 2654; x_wconf 85' lang='grc' dir='ltr'>ἀλλ’</span> <span class='ocrx_word' id='word_1_218' title='bbox 1561 2603 1750 2674; x_wconf 83' lang='grc' dir='ltr'>ἐπειδὴ</span> 
     </span>
    </p>
   </div>
   <div class='ocr_carea' id='block_1_29' title="bbox 153 2683 1751 2754">
    <p class='ocr_par' dir='ltr' id='par_1_29' title="bbox 153 2683 1751 2754">
     <span class='ocr_line' id='line_1_29' title="bbox 153 2683 1751 2754; baseline -0.003 -14"><span class='ocrx_word' id='word_1_219' title='bbox 153 2686 221 2740; x_wconf 82' lang='grc' dir='ltr'>τὺ</span> <span class='ocrx_word' id='word_1_220' title='bbox 249 2684 517 2739; x_wconf 75' lang='grc' dir='ltr'>πετᾶσθαί</span> <span class='ocrx_word' id='word_1_221' title='bbox 545 2685 661 2736; x_wconf 83' lang='grc' dir='ltr'>ἐστι</span> <span class='ocrx_word' id='word_1_222' title='bbox 693 2683 754 2735; x_wconf 79' lang='grc' dir='ltr'>τὸ</span> <span class='ocrx_word' id='word_1_223' title='bbox 775 2683 1097 2737; x_wconf 86' lang='grc' dir='ltr'>ἀπλοῦσθαι.</span> <span class='ocrx_word' id='word_1_224' title='bbox 1138 2685 1248 2737; x_wconf 74' lang='grc' dir='ltr'>Καὶ</span> <span class='ocrx_word' id='word_1_225' title='bbox 1288 2686 1350 2738; x_wconf 85' lang='grc' dir='ltr'>τὸ</span> <span class='ocrx_word' id='word_1_226' title='bbox 1375 2685 1542 2754; x_wconf 80' lang='grc' dir='ltr'>ἒρπον</span> <span class='ocrx_word' id='word_1_227' title='bbox 1572 2685 1751 2737; x_wconf 78' lang='grc' dir='ltr'>τοίνυν</span> 
     </span>
    </p>
   </div>
   <div class='ocr_carea' id='block_1_30' title="bbox 155 2764 1752 2836">
    <p class='ocr_par' dir='ltr' id='par_1_30' title="bbox 155 2764 1752 2836">
     <span class='ocr_line' id='line_1_30' title="bbox 155 2764 1752 2836; baseline -0.003 -15"><span class='ocrx_word' id='word_1_228' title='bbox 155 2768 410 2822; x_wconf 58' lang='grc' dir='ltr'>πτεινόν</span> <span class='ocrx_word' id='word_1_229' title='bbox 429 2768 576 2820; x_wconf 79' lang='grc' dir='ltr'>ἐστιν</span> <span class='ocrx_word' id='word_1_230' title='bbox 601 2766 709 2818; x_wconf 81' lang='grc' dir='ltr'>ἀπὸ</span> <span class='ocrx_word' id='word_1_231' title='bbox 735 2764 828 2819; x_wconf 88' lang='grc' dir='ltr'>τοῦ</span> <span class='ocrx_word' id='word_1_232' title='bbox 860 2765 1125 2836; x_wconf 81' lang='grc' dir='ltr'>ἐρπεσθαι</span> <span class='ocrx_word' id='word_1_233' title='bbox 1153 2767 1245 2818; x_wconf 79' lang='grc' dir='ltr'>καὶ</span> <span class='ocrx_word' id='word_1_234' title='bbox 1275 2765 1608 2820; x_wconf 85' lang='grc' dir='ltr'>ἀπλοῦσθαι·</span> <span class='ocrx_word' id='word_1_235' title='bbox 1630 2767 1752 2818; x_wconf 87' lang='grc' dir='ltr'>ὅθεν</span> 
     </span>
    </p>
   </div>
   <div class='ocr_carea' id='block_1_31' title="bbox 159 2846 1749 2919">
    <p class='ocr_par' dir='ltr' id='par_1_31' title="bbox 159 2846 1749 2919">
     <span class='ocr_line' id='line_1_31' title="bbox 159 2846 1749 2919; baseline -0.003 -13"><span class='ocrx_word' id='word_1_236' title='bbox 159 2853 264 2906; x_wconf 73' lang='grc' dir='ltr'>καὶ</span> <span class='ocrx_word' id='word_1_237' title='bbox 283 2849 449 2904; x_wconf 76' lang='grc' dir='ltr'>Δαυῖδ</span> <span class='ocrx_word' id='word_1_238' title='bbox 492 2863 689 2919; x_wconf 80' lang='grc' dir='ltr'>φησιν·</span> <span class='ocrx_word' id='word_1_239' title='bbox 745 2846 989 2914; x_wconf 81' lang='grc' dir='ltr'>Ἑρπετὰ</span> <span class='ocrx_word' id='word_1_240' title='bbox 1028 2847 1122 2900; x_wconf 77' lang='grc' dir='ltr'>καί</span> <span class='ocrx_word' id='word_1_241' title='bbox 1180 2849 1421 2902; x_wconf 81' lang='grc' dir='ltr'>πετεινὰ</span> <span class='ocrx_word' id='word_1_242' title='bbox 1466 2848 1749 2916; x_wconf 77' lang='grc' dir='ltr'>πτερωτά.</span> 
     </span>
    </p>
   </div>
   <div class='ocr_carea' id='block_1_32' title="bbox 175 2929 1756 3000">
    <p class='ocr_par' dir='ltr' id='par_1_32' title="bbox 175 2929 1756 3000">
     <span class='ocr_line' id='line_1_32' title="bbox 175 2929 1756 3000; baseline -0.002 -12"><span class='ocrx_word' id='word_1_243' title='bbox 175 2934 468 3000; x_wconf 73' lang='grc' dir='ltr'>Ἐποίησε</span> <span class='ocrx_word' id='word_1_244' title='bbox 500 2931 677 2983; x_wconf 84' lang='grc' dir='ltr'>τοίνυν</span> <span class='ocrx_word' id='word_1_245' title='bbox 708 2933 740 2984; x_wconf 85' lang='grc' dir='ltr'><strong><em>ό</em></strong></span> <span class='ocrx_word' id='word_1_246' title='bbox 772 2929 915 2996; x_wconf 84' lang='grc' dir='ltr'>Θεὸς</span> <span class='ocrx_word' id='word_1_247' title='bbox 943 2930 1015 2984; x_wconf 84' lang='grc' dir='ltr'>τὰ</span> <span class='ocrx_word' id='word_1_248' title='bbox 1033 2929 1186 2998; x_wconf 80' lang='grc' dir='ltr'>κήτη</span> <span class='ocrx_word' id='word_1_249' title='bbox 1212 2931 1283 2984; x_wconf 83' lang='lat' dir='ltr'>td</span> <span class='ocrx_word' id='word_1_250' title='bbox 1316 2931 1579 3000; x_wconf 72' lang='grc' dir='ltr'>μεγάλα·</span> <span class='ocrx_word' id='word_1_251' title='bbox 1604 2948 1756 2986; x_wconf 86' lang='grc' dir='ltr'>τουτ-</span> 
     </span>
    </p>
   </div>
   <div class='ocr_carea' id='block_1_33' title="bbox 161 3014 1752 3086">
    <p class='ocr_par' dir='ltr' id='par_1_33' title="bbox 161 3014 1752 3086">
     <span class='ocr_line' id='line_1_33' title="bbox 161 3014 1752 3086; baseline -0.004 -13"><span class='ocrx_word' id='word_1_252' title='bbox 161 3020 310 3077; x_wconf 66' lang='grc' dir='ltr'>έστι,</span> <span class='ocrx_word' id='word_1_253' title='bbox 353 3017 479 3080; x_wconf 84' lang='grc' dir='ltr'>τούς</span> <span class='ocrx_word' id='word_1_254' title='bbox 520 3014 821 3086; x_wconf 85' lang='grc' dir='ltr'>δράκοντας</span> <span class='ocrx_word' id='word_1_255' title='bbox 855 3015 981 3077; x_wconf 78' lang='grc' dir='ltr'>τοὺς</span> <span class='ocrx_word' id='word_1_256' title='bbox 1008 3014 1301 3084; x_wconf 77' lang='grc' dir='ltr'>μεγάλους,</span> <span class='ocrx_word' id='word_1_257' title='bbox 1329 3016 1456 3079; x_wconf 73' lang='grc' dir='ltr'>τούς</span> <span class='ocrx_word' id='word_1_258' title='bbox 1480 3018 1537 3068; x_wconf 79' lang='grc' dir='ltr'>ἐν</span> <span class='ocrx_word' id='word_1_259' title='bbox 1559 3017 1624 3085; x_wconf 80' lang='grc' dir='ltr'>τῇ</span> <span class='ocrx_word' id='word_1_260' title='bbox 1654 3015 1752 3068; x_wconf 85' lang='grc' dir='ltr'>θα-</span> 
     </span>
    </p>
   </div>
   <div class='ocr_carea' id='block_1_34' title="bbox 160 3096 1757 3171">
    <p class='ocr_par' dir='ltr' id='par_1_34' title="bbox 160 3096 1757 3171">
     <span class='ocr_line' id='line_1_34' title="bbox 160 3096 1757 3171; baseline -0.003 -17"><span class='ocrx_word' id='word_1_261' title='bbox 160 3100 362 3171; x_wconf 81' lang='grc' dir='ltr'>λάττῃ.</span> <span class='ocrx_word' id='word_1_262' title='bbox 401 3098 464 3151; x_wconf 77' lang='grc' dir='ltr'>υἱ</span> <span class='ocrx_word' id='word_1_263' title='bbox 500 3098 607 3168; x_wconf 84' lang='grc' dir='ltr'>γάρ</span> <span class='ocrx_word' id='word_1_264' title='bbox 639 3096 790 3152; x_wconf 81' lang='grc' dir='ltr'>ἄλλοι</span> <span class='ocrx_word' id='word_1_265' title='bbox 822 3097 1155 3168; x_wconf 82' lang='grc' dir='ltr'>ἑρμηνευταὶ</span> <span class='ocrx_word' id='word_1_266' title='bbox 1194 3097 1476 3165; x_wconf 77' lang='grc' dir='ltr'>λέγουσιν’</span> <span class='ocrx_word' id='word_1_267' title='bbox 1522 3099 1757 3165; x_wconf 83' lang='grc' dir='ltr'>Ἐποίη-</span> 
     </span>
    </p>
   </div>
   <div class='ocr_carea' id='block_1_35' title="bbox 162 3178 1759 3248">
    <p class='ocr_par' dir='ltr' id='par_1_35' title="bbox 162 3178 1759 3248">
     <span class='ocr_line' id='line_1_35' title="bbox 162 3178 1759 3248; baseline -0.003 -11"><span class='ocrx_word' id='word_1_268' title='bbox 162 3199 287 3237; x_wconf 83' lang='grc' dir='ltr'>σεν</span> <span class='ocrx_word' id='word_1_269' title='bbox 328 3181 361 3235; x_wconf 88' lang='grc' dir='ltr'>ὁ</span> <span class='ocrx_word' id='word_1_270' title='bbox 394 3180 539 3246; x_wconf 84' lang='grc' dir='ltr'>Θεὸς</span> <span class='ocrx_word' id='word_1_271' title='bbox 571 3180 713 3244; x_wconf 82' lang='grc' dir='ltr'>τοὺς</span> <span class='ocrx_word' id='word_1_272' title='bbox 732 3178 1067 3246; x_wconf 64' lang='grc' dir='ltr'>δράκοντας</span> <span class='ocrx_word' id='word_1_273' title='bbox 1100 3179 1245 3246; x_wconf 87' lang='grc' dir='ltr'>τοὺς</span> <span class='ocrx_word' id='word_1_274' title='bbox 1283 3180 1609 3248; x_wconf 60' lang='grc' dir='ltr'>μεγάλους.</span> <span class='ocrx_word' id='word_1_275' title='bbox 1643 3181 1759 3234; x_wconf 88' lang='grc' dir='ltr'>Οὐκ</span> 
     </span>
    </p>
   </div>
   <div class='ocr_carea' id='block_1_36' title="bbox 163 3261 1758 3334">
    <p class='ocr_par' dir='ltr' id='par_1_36' title="bbox 163 3261 1758 3334">
     <span class='ocr_line' id='line_1_36' title="bbox 163 3261 1758 3334; baseline -0.001 -15"><span class='ocrx_word' id='word_1_276' title='bbox 163 3263 327 3320; x_wconf 83' lang='grc' dir='ltr'>εἶπον</span> <span class='ocrx_word' id='word_1_277' title='bbox 350 3277 398 3329; x_wconf 80' lang='grc' dir='ltr'>ι,</span> <span class='ocrx_word' id='word_1_278' title='bbox 434 3265 510 3318; x_wconf 87' lang='lat' dir='ltr'><strong><em>Td</em></strong></span> <span class='ocrx_word' id='word_1_279' title='bbox 541 3261 715 3330; x_wconf 77' lang='grc' dir='ltr'>κήτη,</span> <span class='ocrx_word' id='word_1_280' title='bbox 758 3261 913 3326; x_wconf 87' lang='grc' dir='ltr'>ἀλλά,</span> <span class='ocrx_word' id='word_1_281' title='bbox 960 3262 1109 3328; x_wconf 87' lang='grc' dir='ltr'>Τοὺς</span> <span class='ocrx_word' id='word_1_282' title='bbox 1146 3262 1498 3330; x_wconf 73' lang='grc' dir='ltr'>δράκοντας.</span> <span class='ocrx_word' id='word_1_283' title='bbox 1537 3263 1758 3334; x_wconf 86' lang='grc' dir='ltr'>Πρῶτον</span> 
     </span>
    </p>
   </div>
   <div class='ocr_carea' id='block_1_37' title="bbox 162 3345 1757 3420">
    <p class='ocr_par' dir='ltr' id='par_1_37' title="bbox 162 3345 1757 3420">
     <span class='ocr_line' id='line_1_37' title="bbox 162 3345 1757 3420; baseline -0.003 -15"><span class='ocrx_word' id='word_1_284' title='bbox 162 3350 326 3404; x_wconf 72' lang='grc' dir='ltr'>οὐδέν</span> <span class='ocrx_word' id='word_1_285' title='bbox 362 3353 420 3401; x_wconf 87' lang='grc' dir='ltr'>ἐν</span> <span class='ocrx_word' id='word_1_286' title='bbox 447 3349 514 3418; x_wconf 79' lang='grc' dir='ltr'>τῇ</span> <span class='ocrx_word' id='word_1_287' title='bbox 544 3347 790 3419; x_wconf 78' lang='grc' dir='ltr'>Θαλάσσῃ</span> <span class='ocrx_word' id='word_1_288' title='bbox 810 3347 868 3398; x_wconf 87' lang='grc' dir='ltr'>ἐν</span> <span class='ocrx_word' id='word_1_289' title='bbox 891 3348 1004 3410; x_wconf 90' lang='grc' dir='ltr'>τοῖς</span> <span class='ocrx_word' id='word_1_290' title='bbox 1024 3345 1286 3416; x_wconf 73' lang='grc' dir='ltr'>ἐμψύχοις</span> <span class='ocrx_word' id='word_1_291' title='bbox 1305 3347 1541 3414; x_wconf 86' lang='grc' dir='ltr'>ἐγένετο,</span> <span class='ocrx_word' id='word_1_292' title='bbox 1563 3348 1596 3419; x_wconf 81' lang='grc' dir='ltr'><strong>ἢ</strong></span> <span class='ocrx_word' id='word_1_293' title='bbox 1626 3347 1757 3420; x_wconf 84' lang='grc' dir='ltr'>δρά-</span> 
     </span>
    </p>
   </div>
   <div class='ocr_carea' id='block_1_38' title="bbox 164 3427 1760 3497">
    <p class='ocr_par' dir='ltr' id='par_1_38' title="bbox 164 3427 1760 3497">
     <span class='ocr_line' id='line_1_38' title="bbox 164 3427 1760 3497; baseline -0.003 -10"><span class='ocrx_word' id='word_1_294' title='bbox 164 3448 309 3487; x_wconf 75' lang='grc' dir='ltr'>κων.</span> <span class='ocrx_word' id='word_1_295' title='bbox 351 3430 450 3483; x_wconf 85' lang='grc' dir='ltr'>Διά</span> <span class='ocrx_word' id='word_1_296' title='bbox 477 3428 635 3481; x_wconf 90' lang='grc' dir='ltr'>τοῦτο</span> <span class='ocrx_word' id='word_1_297' title='bbox 668 3431 696 3482; x_wconf 90' lang='lat'>6</span> <span class='ocrx_word' id='word_1_298' title='bbox 730 3427 894 3481; x_wconf 80' lang='grc' dir='ltr'>Δαυῖδ</span> <span class='ocrx_word' id='word_1_299' title='bbox 927 3428 1112 3496; x_wconf 86' lang='grc' dir='ltr'>λέγει·</span> <span class='ocrx_word' id='word_1_300' title='bbox 1149 3429 1378 3483; x_wconf 70' lang='grc' dir='ltr'>Αἰνεῖτε</span> <span class='ocrx_word' id='word_1_301' title='bbox 1403 3429 1510 3482; x_wconf 83' lang='grc' dir='ltr'>τὸν</span> <span class='ocrx_word' id='word_1_302' title='bbox 1541 3430 1760 3497; x_wconf 77' lang='grc' dir='ltr'>Κύριον</span> 
     </span>
    </p>
   </div>
   <div class='ocr_carea' id='block_1_39' title="bbox 162 3507 1760 3582">
    <p class='ocr_par' dir='ltr' id='par_1_39' title="bbox 162 3507 1760 3582">
     <span class='ocr_line' id='line_1_39' title="bbox 162 3507 1760 3582; baseline -0.003 -14"><span class='ocrx_word' id='word_1_303' title='bbox 162 3516 242 3568; x_wconf 70' lang='grc' dir='ltr'>ἐκ</span> <span class='ocrx_word' id='word_1_304' title='bbox 282 3511 394 3582; x_wconf 82' lang='grc' dir='ltr'>τῆς</span> <span class='ocrx_word' id='word_1_305' title='bbox 425 3507 563 3582; x_wconf 74' lang='grc' dir='ltr'>τῆς,</span> <span class='ocrx_word' id='word_1_306' title='bbox 600 3509 924 3579; x_wconf 71' lang='grc' dir='ltr'>δράκοντες</span> <span class='ocrx_word' id='word_1_307' title='bbox 956 3511 1054 3564; x_wconf 81' lang='grc' dir='ltr'>καί</span> <span class='ocrx_word' id='word_1_308' title='bbox 1097 3509 1287 3565; x_wconf 80' lang='grc' dir='ltr'>πᾶσαι</span> <span class='ocrx_word' id='word_1_309' title='bbox 1321 3510 1613 3565; x_wconf 77' lang='grc' dir='ltr'>ἄϐυσσοι·</span> <span class='ocrx_word' id='word_1_310' title='bbox 1665 3513 1760 3566; x_wconf 67' lang='grc' dir='ltr'>καὶ</span> 
     </span>
    </p>
   </div>
   <div class='ocr_carea' id='block_1_40' title="bbox 164 3593 1760 3666">
    <p class='ocr_par' dir='ltr' id='par_1_40' title="bbox 164 3593 1760 3666">
     <span class='ocr_line' id='line_1_40' title="bbox 164 3593 1760 3666; baseline -0.009 -13"><span class='ocrx_word' id='word_1_311' title='bbox 164 3595 447 3666; x_wconf 79' lang='grc' dir='ltr'>ἀλλαχοῦ·</span> <span class='ocrx_word' id='word_1_312' title='bbox 490 3595 650 3661; x_wconf 80' lang='grc' dir='ltr'>Αὕτη</span> <span class='ocrx_word' id='word_1_313' title='bbox 683 3594 724 3660; x_wconf 74' lang='grc' dir='ltr'>ἡ</span> <span class='ocrx_word' id='word_1_314' title='bbox 768 3593 1053 3648; x_wconf 72' lang='grc' dir='ltr'>θάλασσα</span> <span class='ocrx_word' id='word_1_315' title='bbox 1097 3595 1135 3660; x_wconf 80' lang='grc' dir='ltr'>η</span> <span class='ocrx_word' id='word_1_316' title='bbox 1179 3593 1410 3662; x_wconf 63' lang='grc' dir='ltr'>μεγάλη</span> <span class='ocrx_word' id='word_1_317' title='bbox 1454 3593 1553 3647; x_wconf 78' lang='grc' dir='ltr'>καὶ</span> <span class='ocrx_word' id='word_1_318' title='bbox 1585 3595 1760 3662; x_wconf 67' lang='grc' dir='ltr'>εὴρύ-</span> 
     </span>
    </p>
   </div>
   <div class='ocr_carea' id='block_1_41' title="bbox 167 3671 1762 3752">
    <p class='ocr_par' dir='ltr' id='par_1_41' title="bbox 167 3671 1762 3752">
     <span class='ocr_line' id='line_1_41' title="bbox 167 3671 1762 3752; baseline -0.001 -18"><span class='ocrx_word' id='word_1_319' title='bbox 167 3696 391 3752; x_wconf 80' lang='grc' dir='ltr'>χωρος,</span> <span class='ocrx_word' id='word_1_320' title='bbox 429 3677 553 3732; x_wconf 79' lang='grc' dir='ltr'>ἐκεῖ</span> <span class='ocrx_word' id='word_1_321' title='bbox 583 3676 800 3745; x_wconf 77' lang='grc' dir='ltr'>ἑρπετὰ</span> <span class='ocrx_word' id='word_1_322' title='bbox 846 3671 934 3729; x_wconf 80' lang='grc' dir='ltr'>ὧν</span> <span class='ocrx_word' id='word_1_323' title='bbox 965 3678 1077 3732; x_wconf 87' lang='grc' dir='ltr'>οὐκ</span> <span class='ocrx_word' id='word_1_324' title='bbox 1118 3677 1289 3730; x_wconf 78' lang='grc' dir='ltr'>ἐστιν</span> <span class='ocrx_word' id='word_1_325' title='bbox 1332 3677 1607 3746; x_wconf 80' lang='grc' dir='ltr'>ἀριθμός·</span> <span class='ocrx_word' id='word_1_326' title='bbox 1651 3677 1762 3738; x_wconf 80' lang='grc' dir='ltr'>ζῶα</span> 
     </span>
    </p>
   </div>
   <div class='ocr_carea' id='block_1_42' title="bbox 161 3757 1755 3833">
    <p class='ocr_par' dir='ltr' id='par_1_42' title="bbox 161 3757 1755 3833">
     <span class='ocr_line' id='line_1_42' title="bbox 161 3757 1755 3833; baseline 0 -18"><span class='ocrx_word' id='word_1_327' title='bbox 161 3761 358 3833; x_wconf 70' lang='grc' dir='ltr'>μικρὰ</span> <span class='ocrx_word' id='word_1_328' title='bbox 381 3760 532 3830; x_wconf 82' lang='grc' dir='ltr'>μετά</span> <span class='ocrx_word' id='word_1_329' title='bbox 572 3759 872 3828; x_wconf 74' lang='grc' dir='ltr'>μεγάλων,</span> <span class='ocrx_word' id='word_1_330' title='bbox 903 3758 1026 3813; x_wconf 81' lang='grc' dir='ltr'>ἐκεῖ</span> <span class='ocrx_word' id='word_1_331' title='bbox 1060 3758 1242 3812; x_wconf 66' lang='grc' dir='ltr'>πλοῖα</span> <span class='ocrx_word' id='word_1_332' title='bbox 1280 3757 1755 3828; x_wconf 77' lang='grc' dir='ltr'>διαπορεύονται.</span> 
     </span>
    </p>
   </div>
   <div class='ocr_carea' id='block_1_43' title="bbox 166 3840 1760 3914">
    <p class='ocr_par' dir='ltr' id='par_1_43' title="bbox 166 3840 1760 3914">
     <span class='ocr_line' id='line_1_43' title="bbox 166 3840 1760 3914; baseline 0.001 -16"><span class='ocrx_word' id='word_1_333' title='bbox 166 3846 419 3914; x_wconf 74' lang='grc' dir='ltr'>Δράκων</span> <span class='ocrx_word' id='word_1_334' title='bbox 445 3840 616 3909; x_wconf 83' lang='grc' dir='ltr'>οὗτος</span> <span class='ocrx_word' id='word_1_335' title='bbox 638 3883 654 3907; x_wconf 90' lang='grc'>,</span> <span class='ocrx_word' id='word_1_336' title='bbox 696 3843 768 3896; x_wconf 76' lang='grc' dir='ltr'>ὃν</span> <span class='ocrx_word' id='word_1_337' title='bbox 806 3843 1082 3909; x_wconf 62' lang='grc' dir='ltr'>ἔπλασας</span> <span class='ocrx_word' id='word_1_338' title='bbox 1109 3842 1414 3912; x_wconf 76' lang='grc' dir='ltr'>ἐμπαίζειν</span> <span class='ocrx_word' id='word_1_339' title='bbox 1439 3845 1618 3910; x_wconf 83' lang='grc' dir='ltr'>αὐτῷ.</span> <span class='ocrx_word' id='word_1_340' title='bbox 1653 3848 1760 3900; x_wconf 82' lang='grc' dir='ltr'>Καὶ</span> 
     </span>
    </p>
   </div>
   <div class='ocr_carea' id='block_1_44' title="bbox 167 3921 1760 3997">
    <p class='ocr_par' dir='ltr' id='par_1_44' title="bbox 167 3921 1760 3997">
     <span class='ocr_line' id='line_1_44' title="bbox 167 3921 1760 3997; baseline -0.002 -12"><span class='ocrx_word' id='word_1_341' title='bbox 167 3925 414 3997; x_wconf 80' lang='grc' dir='ltr'>ἀλλαχοῦ</span> <span class='ocrx_word' id='word_1_342' title='bbox 455 3925 775 3996; x_wconf 79' lang='grc' dir='ltr'>βουλόμενος</span> <span class='ocrx_word' id='word_1_343' title='bbox 815 3925 986 3989; x_wconf 79' lang='grc' dir='ltr'>δεῖξαι</span> <span class='ocrx_word' id='word_1_344' title='bbox 1026 3927 1109 3978; x_wconf 82' lang='grc' dir='ltr'>ὅτι</span> <span class='ocrx_word' id='word_1_345' title='bbox 1138 3927 1236 3996; x_wconf 86' lang='grc' dir='ltr'>οὐχ</span> <span class='ocrx_word' id='word_1_346' title='bbox 1262 3921 1373 3990; x_wconf 78' lang='grc' dir='ltr'>είς,</span> <span class='ocrx_word' id='word_1_347' title='bbox 1413 3922 1546 3980; x_wconf 87' lang='grc' dir='ltr'>ἀλλά</span> <span class='ocrx_word' id='word_1_348' title='bbox 1577 3928 1760 3983; x_wconf 73' lang='grc' dir='ltr'>πολλοὶ</span> 
     </span>
    </p>
   </div>
   <div class='ocr_carea' id='block_1_45' title="bbox 165 4008 1760 4084">
    <p class='ocr_par' dir='ltr' id='par_1_45' title="bbox 165 4008 1760 4084">
     <span class='ocr_line' id='line_1_45' title="bbox 165 4008 1760 4084; baseline 0.001 -18"><span class='ocrx_word' id='word_1_349' title='bbox 165 4010 467 4084; x_wconf 79' lang='grc' dir='ltr'>δράκοντές</span> <span class='ocrx_word' id='word_1_350' title='bbox 496 4010 600 4064; x_wconf 84' lang='grc' dir='ltr'>είσι</span> <span class='ocrx_word' id='word_1_351' title='bbox 617 4049 631 4069; x_wconf 92' lang='grc'>,</span> <span class='ocrx_word' id='word_1_352' title='bbox 652 4008 834 4075; x_wconf 89' lang='grc' dir='ltr'>λέγει·</span> <span class='ocrx_word' id='word_1_353' title='bbox 859 4009 943 4061; x_wconf 87' lang='grc' dir='ltr'>Σὺ</span> <span class='ocrx_word' id='word_1_354' title='bbox 969 4008 1337 4077; x_wconf 74' lang='grc' dir='ltr'>συνέτριψας</span> <span class='ocrx_word' id='word_1_355' title='bbox 1363 4011 1470 4076; x_wconf 85' lang='grc' dir='ltr'>τὰς</span> <span class='ocrx_word' id='word_1_356' title='bbox 1496 4013 1760 4080; x_wconf 63' lang='grc' dir='ltr'>κεφαλὰς</span> 
     </span>
    </p>
   </div>
   <div class='ocr_carea' id='block_1_46' title="bbox 167 4089 1762 4163">
    <p class='ocr_par' dir='ltr' id='par_1_46' title="bbox 167 4089 1762 4163">
     <span class='ocr_line' id='line_1_46' title="bbox 167 4089 1762 4163; baseline -0.001 -14"><span class='ocrx_word' id='word_1_357' title='bbox 167 4095 300 4149; x_wconf 82' lang='grc' dir='ltr'>τῶν</span> <span class='ocrx_word' id='word_1_358' title='bbox 327 4092 669 4163; x_wconf 67' lang='grc' dir='ltr'>δρακόντων</span> <span class='ocrx_word' id='word_1_359' title='bbox 707 4090 806 4145; x_wconf 76' lang='grc' dir='ltr'>ἐπὶ</span> <span class='ocrx_word' id='word_1_360' title='bbox 844 4090 952 4145; x_wconf 87' lang='grc' dir='ltr'>τοῦ</span> <span class='ocrx_word' id='word_1_361' title='bbox 994 4089 1232 4158; x_wconf 82' lang='grc' dir='ltr'>ὕδατος.</span> <span class='ocrx_word' id='word_1_362' title='bbox 1282 4093 1563 4159; x_wconf 80' lang='grc' dir='ltr'>Ἐποίησε</span> <span class='ocrx_word' id='word_1_363' title='bbox 1587 4095 1762 4148; x_wconf 87' lang='grc' dir='ltr'>τοίνυν</span> 
     </span>
    </p>
   </div>
   <div class='ocr_carea' id='block_1_47' title="bbox 169 4169 1765 4244">
    <p class='ocr_par' dir='ltr' id='par_1_47' title="bbox 169 4169 1765 4244">
     <span class='ocr_line' id='line_1_47' title="bbox 169 4169 1765 4244; baseline 0 -12"><span class='ocrx_word' id='word_1_364' title='bbox 169 4181 252 4232; x_wconf 85' lang='grc' dir='ltr'>τὰ</span> <span class='ocrx_word' id='word_1_365' title='bbox 282 4177 433 4242; x_wconf 77' lang='grc' dir='ltr'>κήτη</span> <span class='ocrx_word' id='word_1_366' title='bbox 463 4173 537 4227; x_wconf 90' lang='lat' dir='ltr'>td</span> <span class='ocrx_word' id='word_1_367' title='bbox 555 4173 812 4244; x_wconf 70' lang='grc' dir='ltr'>μεγάλα.</span> <span class='ocrx_word' id='word_1_368' title='bbox 851 4173 960 4227; x_wconf 74' lang='grc' dir='ltr'>Καὶ</span> <span class='ocrx_word' id='word_1_369' title='bbox 990 4169 1151 4226; x_wconf 75' lang='grc' dir='ltr'>εἶδεν</span> <span class='ocrx_word' id='word_1_370' title='bbox 1186 4178 1218 4228; x_wconf 90' lang='lat' dir='ltr'>o&#39;</span> <span class='ocrx_word' id='word_1_371' title='bbox 1246 4176 1416 4241; x_wconf 87' lang='grc' dir='ltr'>Θεὸς,</span> <span class='ocrx_word' id='word_1_372' title='bbox 1452 4175 1540 4229; x_wconf 82' lang='grc' dir='ltr'>ὅτι</span> <span class='ocrx_word' id='word_1_373' title='bbox 1567 4176 1765 4232; x_wconf 77' lang='grc' dir='ltr'>πάντα</span> 
     </span>
    </p>
   </div>
   <div class='ocr_carea' id='block_1_48' title="bbox 167 4252 1764 4330">
    <p class='ocr_par' dir='ltr' id='par_1_48' title="bbox 167 4252 1764 4330">
     <span class='ocr_line' id='line_1_48' title="bbox 167 4252 1764 4330; baseline -0.002 -16"><span class='ocrx_word' id='word_1_374' title='bbox 167 4258 359 4314; x_wconf 70' lang='grc' dir='ltr'>καλά.</span> <span class='ocrx_word' id='word_1_375' title='bbox 388 4255 538 4310; x_wconf 87' lang='grc' dir='ltr'>Διατί</span> <span class='ocrx_word' id='word_1_376' title='bbox 570 4252 690 4308; x_wconf 87' lang='grc' dir='ltr'>εἷπε</span> <span class='ocrx_word' id='word_1_377' title='bbox 711 4294 725 4318; x_wconf 87' lang='grc'>,</span> <span class='ocrx_word' id='word_1_378' title='bbox 759 4254 964 4318; x_wconf 72' lang='grc' dir='ltr'>Καλάς</span> <span class='ocrx_word' id='word_1_379' title='bbox 1003 4256 1124 4327; x_wconf 71' lang='grc' dir='ltr'>οὐχὶ</span> <span class='ocrx_word' id='word_1_380' title='bbox 1171 4257 1333 4310; x_wconf 81' lang='grc' dir='ltr'>καλὸν</span> <span class='ocrx_word' id='word_1_381' title='bbox 1356 4259 1382 4298; x_wconf 79' lang='lat' dir='ltr'><strong>b</strong></span> <span class='ocrx_word' id='word_1_382' title='bbox 1418 4257 1503 4310; x_wconf 80' lang='grc' dir='ltr'>διά</span> <span class='ocrx_word' id='word_1_383' title='bbox 1540 4259 1600 4312; x_wconf 83' lang='grc' dir='ltr'>τὸ</span> <span class='ocrx_word' id='word_1_384' title='bbox 1630 4260 1764 4330; x_wconf 82' lang='grc' dir='ltr'>πλῆ-</span> 
     </span>
    </p>
   </div>
   <div class='ocr_carea' id='block_1_49' title="bbox 169 4337 1764 4412">
    <p class='ocr_par' dir='ltr' id='par_1_49' title="bbox 169 4337 1764 4412">
     <span class='ocr_line' id='line_1_49' title="bbox 169 4337 1764 4412; baseline -0.001 -16"><span class='ocrx_word' id='word_1_385' title='bbox 169 4343 301 4405; x_wconf 78' lang='grc' dir='ltr'>θοςς</span> <span class='ocrx_word' id='word_1_386' title='bbox 354 4339 493 4393; x_wconf 78' lang='grc' dir='ltr'>Ἀλλ’</span> <span class='ocrx_word' id='word_1_387' title='bbox 528 4339 616 4392; x_wconf 78' lang='grc' dir='ltr'>ὅτε</span> <span class='ocrx_word' id='word_1_388' title='bbox 660 4337 882 4407; x_wconf 82' lang='grc' dir='ltr'>ἐποίησε</span> <span class='ocrx_word' id='word_1_389' title='bbox 922 4339 1045 4401; x_wconf 78' lang='grc' dir='ltr'>τοὺς</span> <span class='ocrx_word' id='word_1_390' title='bbox 1081 4339 1315 4409; x_wconf 78' lang='grc' dir='ltr'>ἀστέρας</span> <span class='ocrx_word' id='word_1_391' title='bbox 1360 4341 1453 4394; x_wconf 59' lang='grc' dir='ltr'>καί¹</span> <span class='ocrx_word' id='word_1_392' title='bbox 1495 4342 1642 4412; x_wconf 78' lang='grc' dir='ltr'>ἣλιον</span> <span class='ocrx_word' id='word_1_393' title='bbox 1669 4343 1764 4395; x_wconf 76' lang='grc' dir='ltr'>καὶ</span> 
     </span>
    </p>
   </div>
   <div class='ocr_carea' id='block_1_50' title="bbox 169 4416 1766 4491">
    <p class='ocr_par' dir='ltr' id='par_1_50' title="bbox 169 4416 1766 4491">
     <span class='ocr_line' id='line_1_50' title="bbox 169 4416 1766 4491; baseline 0 -17"><span class='ocrx_word' id='word_1_394' title='bbox 169 4420 430 4491; x_wconf 81' lang='grc' dir='ltr'>σελήνην,</span> <span class='ocrx_word' id='word_1_395' title='bbox 467 4417 674 4472; x_wconf 84' lang='grc' dir='ltr'>πολλῶν</span> <span class='ocrx_word' id='word_1_396' title='bbox 699 4417 868 4471; x_wconf 75' lang='grc' dir='ltr'>ὅντων</span> <span class='ocrx_word' id='word_1_397' title='bbox 895 4416 1004 4470; x_wconf 88' lang='grc' dir='ltr'>τῶν</span> <span class='ocrx_word' id='word_1_398' title='bbox 1026 4419 1354 4488; x_wconf 81' lang='grc' dir='ltr'>γενομένων,</span> <span class='ocrx_word' id='word_1_399' title='bbox 1385 4418 1553 4487; x_wconf 83' lang='grc' dir='ltr'>λέγει·</span> <span class='ocrx_word' id='word_1_400' title='bbox 1587 4417 1766 4474; x_wconf 75' lang='grc' dir='ltr'>Εἶδεν</span> 
     </span>
    </p>
   </div>
   <div class='ocr_carea' id='block_1_51' title="bbox 168 4499 1765 4574">
    <p class='ocr_par' dir='ltr' id='par_1_51' title="bbox 168 4499 1765 4574">
     <span class='ocr_line' id='line_1_51' title="bbox 168 4499 1765 4574; baseline -0.002 -15"><span class='ocrx_word' id='word_1_401' title='bbox 168 4508 206 4559; x_wconf 87' lang='grc' dir='ltr'><strong><em>ό</em></strong></span> <span class='ocrx_word' id='word_1_402' title='bbox 233 4501 383 4567; x_wconf 74' lang='grc' dir='ltr'>Θεὸς</span> <span class='ocrx_word' id='word_1_403' title='bbox 409 4501 500 4554; x_wconf 86' lang='grc' dir='ltr'>ὅτι</span> <span class='ocrx_word' id='word_1_404' title='bbox 535 4502 748 4556; x_wconf 72' lang='grc' dir='ltr'>καλόν.</span> <span class='ocrx_word' id='word_1_405' title='bbox 775 4499 964 4552; x_wconf 83' lang='grc' dir='ltr'>Πολλοὶ</span> <span class='ocrx_word' id='word_1_406' title='bbox 991 4500 1219 4569; x_wconf 82' lang='grc' dir='ltr'>ἀστέρες</span> <span class='ocrx_word' id='word_1_407' title='bbox 1239 4540 1253 4564; x_wconf 91' lang='grc'>,</span> <span class='ocrx_word' id='word_1_408' title='bbox 1281 4502 1373 4554; x_wconf 78' lang='grc' dir='ltr'>καὶ</span> <span class='ocrx_word' id='word_1_409' title='bbox 1403 4501 1765 4574; x_wconf 78' lang='grc' dir='ltr'>ἀναρίθμητοι</span> 
     </span>
    </p>
   </div>
   <div class='ocr_carea' id='block_1_52' title="bbox 166 4577 1765 4653">
    <p class='ocr_par' dir='ltr' id='par_1_52' title="bbox 166 4577 1765 4653">
     <span class='ocr_line' id='line_1_52' title="bbox 166 4577 1765 4653; baseline 0 -15"><span class='ocrx_word' id='word_1_410' title='bbox 166 4584 387 4639; x_wconf 89' lang='grc' dir='ltr'>τούτων</span> <span class='ocrx_word' id='word_1_411' title='bbox 417 4584 472 4635; x_wconf 87' lang='grc' dir='ltr'>αἱ</span> <span class='ocrx_word' id='word_1_412' title='bbox 499 4583 786 4653; x_wconf 84' lang='grc' dir='ltr'>μυριάδες·</span> <span class='ocrx_word' id='word_1_413' title='bbox 813 4582 907 4634; x_wconf 80' lang='grc' dir='ltr'>καὶ</span> <span class='ocrx_word' id='word_1_414' title='bbox 930 4583 1031 4634; x_wconf 88' lang='grc' dir='ltr'>οὐκ</span> <span class='ocrx_word' id='word_1_415' title='bbox 1070 4578 1241 4648; x_wconf 84' lang='grc' dir='ltr'>εἶπεν,</span> <span class='ocrx_word' id='word_1_416' title='bbox 1275 4577 1428 4636; x_wconf 85' lang='grc' dir='ltr'>Εἷδεν</span> <span class='ocrx_word' id='word_1_417' title='bbox 1459 4588 1486 4637; x_wconf 88' lang='lat'>6</span> <span class='ocrx_word' id='word_1_418' title='bbox 1513 4585 1645 4647; x_wconf 81' lang='grc' dir='ltr'>Θεὸς</span> <span class='ocrx_word' id='word_1_419' title='bbox 1683 4587 1765 4638; x_wconf 84' lang='grc' dir='ltr'>ὅτι</span> 
     </span>
    </p>
   </div>
   <div class='ocr_carea' id='block_1_53' title="bbox 168 4659 1766 4733">
    <p class='ocr_par' dir='ltr' id='par_1_53' title="bbox 168 4659 1766 4733">
     <span class='ocr_line' id='line_1_53' title="bbox 168 4659 1766 4733; baseline -0.004 -13"><span class='ocrx_word' id='word_1_420' title='bbox 168 4663 354 4725; x_wconf 69' lang='grc' dir='ltr'>καλὰ,</span> <span class='ocrx_word' id='word_1_421' title='bbox 397 4661 535 4725; x_wconf 84' lang='grc' dir='ltr'>ἀλλ’,</span> <span class='ocrx_word' id='word_1_422' title='bbox 579 4661 700 4715; x_wconf 86' lang='grc' dir='ltr'>Ὅτι</span> <span class='ocrx_word' id='word_1_423' title='bbox 740 4661 950 4714; x_wconf 69' lang='grc' dir='ltr'>καλόν.</span> <span class='ocrx_word' id='word_1_424' title='bbox 997 4659 1148 4733; x_wconf 69' lang='grc'>[468]</span> <span class='ocrx_word' id='word_1_425' title='bbox 1191 4662 1375 4727; x_wconf 86' lang='grc' dir='ltr'>Διατί;</span> <span class='ocrx_word' id='word_1_426' title='bbox 1411 4662 1532 4715; x_wconf 71' lang='grc' dir='ltr'>Ὀτι</span> <span class='ocrx_word' id='word_1_427' title='bbox 1583 4665 1632 4716; x_wconf 82' lang='grc' dir='ltr'>εὶ</span> <span class='ocrx_word' id='word_1_428' title='bbox 1672 4663 1766 4716; x_wconf 80' lang='grc' dir='ltr'>καὶ</span> 
     </span>
    </p>
   </div>
   <div class='ocr_carea' id='block_1_54' title="bbox 167 4744 1767 4816">
    <p class='ocr_par' dir='ltr' id='par_1_54' title="bbox 167 4744 1767 4816">
     <span class='ocr_line' id='line_1_54' title="bbox 167 4744 1767 4816; baseline -0.003 -14"><span class='ocrx_word' id='word_1_429' title='bbox 167 4746 369 4802; x_wconf 77' lang='grc' dir='ltr'>πολλοὶ</span> <span class='ocrx_word' id='word_1_430' title='bbox 391 4744 703 4816; x_wconf 79' lang='grc' dir='ltr'>φωστῆρες,</span> <span class='ocrx_word' id='word_1_431' title='bbox 736 4744 849 4797; x_wconf 88' lang='grc' dir='ltr'>ἀλλ’</span> <span class='ocrx_word' id='word_1_432' title='bbox 881 4744 940 4809; x_wconf 79' lang='grc' dir='ltr'>ἐξ</span> <span class='ocrx_word' id='word_1_433' title='bbox 969 4744 1087 4808; x_wconf 81' lang='grc' dir='ltr'>ἑνὸς</span> <span class='ocrx_word' id='word_1_434' title='bbox 1118 4745 1312 4813; x_wconf 85' lang='grc' dir='ltr'>φωτὸς,</span> <span class='ocrx_word' id='word_1_435' title='bbox 1344 4746 1436 4798; x_wconf 80' lang='grc' dir='ltr'>καὶ</span> <span class='ocrx_word' id='word_1_436' title='bbox 1469 4746 1565 4815; x_wconf 85' lang='grc' dir='ltr'>τῆς</span> <span class='ocrx_word' id='word_1_437' title='bbox 1599 4746 1767 4816; x_wconf 81' lang='grc' dir='ltr'>αὐτῆς</span> 
     </span>
    </p>
   </div>
   <div class='ocr_carea' id='block_1_55' title="bbox 166 4826 1768 4901">
    <p class='ocr_par' dir='ltr' id='par_1_55' title="bbox 166 4826 1768 4901">
     <span class='ocr_line' id='line_1_55' title="bbox 166 4826 1768 4901; baseline -0.002 -17"><span class='ocrx_word' id='word_1_438' title='bbox 166 4832 421 4892; x_wconf 69' lang='grc' dir='ltr'>ἅπαντες</span> <span class='ocrx_word' id='word_1_439' title='bbox 449 4830 666 4901; x_wconf 83' lang='grc' dir='ltr'>χρείας·</span> <span class='ocrx_word' id='word_1_440' title='bbox 705 4826 959 4896; x_wconf 80' lang='grc' dir='ltr'>φωτίζειν</span> <span class='ocrx_word' id='word_1_441' title='bbox 989 4827 1097 4899; x_wconf 89' lang='grc' dir='ltr'>γάρ</span> <span class='ocrx_word' id='word_1_442' title='bbox 1132 4827 1457 4898; x_wconf 73' lang='grc' dir='ltr'>ἐτάχθησαν.</span> <span class='ocrx_word' id='word_1_443' title='bbox 1507 4828 1768 4883; x_wconf 87' lang='grc' dir='ltr'>Ἐνταῦθα</span> 
     </span>
    </p>
   </div>
   <div class='ocr_carea' id='block_1_56' title="bbox 167 4910 1768 4982">
    <p class='ocr_par' dir='ltr' id='par_1_56' title="bbox 167 4910 1768 4982">
     <span class='ocr_line' id='line_1_56' title="bbox 167 4910 1768 4982; baseline -0.001 -14"><span class='ocrx_word' id='word_1_444' title='bbox 167 4915 235 4968; x_wconf 79' lang='grc' dir='ltr'>δὲ</span> <span class='ocrx_word' id='word_1_445' title='bbox 273 4911 464 4982; x_wconf 80' lang='grc' dir='ltr'>ἐπειδὴ</span> <span class='ocrx_word' id='word_1_446' title='bbox 511 4910 682 4982; x_wconf 81' lang='grc' dir='ltr'>πολλὴ</span> <span class='ocrx_word' id='word_1_447' title='bbox 718 4910 824 4964; x_wconf 85' lang='grc' dir='ltr'>τῶν</span> <span class='ocrx_word' id='word_1_448' title='bbox 859 4911 1106 4982; x_wconf 85' lang='grc' dir='ltr'>ἑρπετῶν</span> <span class='ocrx_word' id='word_1_449' title='bbox 1139 4913 1172 4981; x_wconf 87' lang='grc' dir='ltr'>ή</span> <span class='ocrx_word' id='word_1_450' title='bbox 1217 4912 1481 4982; x_wconf 76' lang='grc' dir='ltr'>διαφορά,</span> <span class='ocrx_word' id='word_1_451' title='bbox 1527 4913 1621 4965; x_wconf 79' lang='grc' dir='ltr'>καὶ</span> <span class='ocrx_word' id='word_1_452' title='bbox 1658 4913 1768 4967; x_wconf 87' lang='grc' dir='ltr'>τῶν</span> 
     </span>
    </p>
   </div>
   <div class='ocr_carea' id='block_1_57' title="bbox 169 4989 1764 5062">
    <p class='ocr_par' dir='ltr' id='par_1_57' title="bbox 169 4989 1764 5062">
     <span class='ocr_line' id='line_1_57' title="bbox 169 4989 1764 5062; baseline 0.001 -19"><span class='ocrx_word' id='word_1_453' title='bbox 169 4989 447 5044; x_wconf 86' lang='grc' dir='ltr'>πετεινῶν</span> <span class='ocrx_word' id='word_1_454' title='bbox 477 4991 573 5042; x_wconf 75' lang='grc' dir='ltr'>καὶ</span> <span class='ocrx_word' id='word_1_455' title='bbox 600 4989 708 5042; x_wconf 89' lang='grc' dir='ltr'>τῶν</span> <span class='ocrx_word' id='word_1_456' title='bbox 745 4990 960 5060; x_wconf 85' lang='grc' dir='ltr'>νηκτῶν</span> <span class='ocrx_word' id='word_1_457' title='bbox 991 4989 1184 5056; x_wconf 75' lang='grc' dir='ltr'>(ἀλλος</span> <span class='ocrx_word' id='word_1_458' title='bbox 1211 4992 1320 5060; x_wconf 89' lang='grc' dir='ltr'>γάρ</span> <span class='ocrx_word' id='word_1_459' title='bbox 1346 4991 1500 5057; x_wconf 81' lang='grc' dir='ltr'>λόγος</span> <span class='ocrx_word' id='word_1_460' title='bbox 1533 4992 1764 5062; x_wconf 82' lang='grc' dir='ltr'>νηκτῶν,</span> 
     </span>
    </p>
   </div>
   <div class='ocr_carea' id='block_1_58' title="bbox 167 5072 1768 5146">
    <p class='ocr_par' dir='ltr' id='par_1_58' title="bbox 167 5072 1768 5146">
     <span class='ocr_line' id='line_1_58' title="bbox 167 5072 1768 5146; baseline 0.001 -21"><span class='ocrx_word' id='word_1_461' title='bbox 167 5074 340 5137; x_wconf 76' lang='grc' dir='ltr'>ἄλλος</span> <span class='ocrx_word' id='word_1_462' title='bbox 371 5072 655 5137; x_wconf 76' lang='grc' dir='ltr'>πετεινῶν,</span> <span class='ocrx_word' id='word_1_463' title='bbox 678 5072 833 5135; x_wconf 84' lang='grc' dir='ltr'>ἀλλος</span> <span class='ocrx_word' id='word_1_464' title='bbox 859 5072 1163 5144; x_wconf 85' lang='grc' dir='ltr'>ἑρπετῶν),</span> <span class='ocrx_word' id='word_1_465' title='bbox 1188 5075 1282 5128; x_wconf 81' lang='grc' dir='ltr'>καὶ</span> <span class='ocrx_word' id='word_1_466' title='bbox 1306 5076 1359 5126; x_wconf 84' lang='grc' dir='ltr'>ἐν</span> <span class='ocrx_word' id='word_1_467' title='bbox 1388 5075 1602 5146; x_wconf 79' lang='grc' dir='ltr'>ἑκάστῳ</span> <span class='ocrx_word' id='word_1_468' title='bbox 1622 5075 1768 5144; x_wconf 83' lang='grc' dir='ltr'>γένει</span> 
     </span>
    </p>
   </div>
   <div class='ocr_carea' id='block_1_59' title="bbox 170 5150 1764 5224">
    <p class='ocr_par' dir='ltr' id='par_1_59' title="bbox 170 5150 1764 5224">
     <span class='ocr_line' id='line_1_59' title="bbox 170 5150 1764 5224; baseline 0.001 -16"><span class='ocrx_word' id='word_1_469' title='bbox 170 5154 358 5208; x_wconf 75' lang='grc' dir='ltr'>πολλὰ</span> <span class='ocrx_word' id='word_1_470' title='bbox 376 5155 467 5208; x_wconf 78' lang='grc' dir='ltr'>καὶ</span> <span class='ocrx_word' id='word_1_471' title='bbox 495 5154 728 5224; x_wconf 83' lang='grc' dir='ltr'>διάφορα</span> <span class='ocrx_word' id='word_1_472' title='bbox 747 5193 762 5217; x_wconf 88' lang='grc'>,</span> <span class='ocrx_word' id='word_1_473' title='bbox 793 5154 972 5222; x_wconf 87' lang='grc' dir='ltr'>λέγει·</span> <span class='ocrx_word' id='word_1_474' title='bbox 1012 5150 1191 5210; x_wconf 77' lang='grc' dir='ltr'>Εἷδεν</span> <span class='ocrx_word' id='word_1_475' title='bbox 1232 5158 1264 5208; x_wconf 84' lang='grc' dir='ltr'><strong><em>ό</em></strong></span> <span class='ocrx_word' id='word_1_476' title='bbox 1299 5155 1443 5221; x_wconf 86' lang='grc' dir='ltr'>Θεὸς</span> <span class='ocrx_word' id='word_1_477' title='bbox 1468 5155 1556 5208; x_wconf 85' lang='grc' dir='ltr'>ὅτι</span> <span class='ocrx_word' id='word_1_478' title='bbox 1589 5157 1764 5211; x_wconf 68' lang='grc' dir='ltr'>καλά.</span> 
     </span>
    </p>
   </div>
   <div class='ocr_carea' id='block_1_60' title="bbox 169 5236 1769 5308">
    <p class='ocr_par' dir='ltr' id='par_1_60' title="bbox 169 5236 1769 5308">
     <span class='ocr_line' id='line_1_60' title="bbox 169 5236 1769 5308; baseline 0.004 -21"><span class='ocrx_word' id='word_1_479' title='bbox 169 5237 328 5308; x_wconf 81' lang='grc' dir='ltr'>Πρὸς</span> <span class='ocrx_word' id='word_1_480' title='bbox 357 5236 456 5308; x_wconf 78' lang='grc' dir='ltr'>τὴν</span> <span class='ocrx_word' id='word_1_481' title='bbox 475 5237 743 5290; x_wconf 86' lang='grc' dir='ltr'>ποικιλίαν</span> <span class='ocrx_word' id='word_1_482' title='bbox 769 5237 879 5291; x_wconf 86' lang='grc' dir='ltr'>τῶν</span> <span class='ocrx_word' id='word_1_483' title='bbox 904 5237 1081 5308; x_wconf 60' lang='grc' dir='ltr'>ἔργων</span> <span class='ocrx_word' id='word_1_484' title='bbox 1111 5239 1205 5289; x_wconf 83' lang='grc' dir='ltr'>καὶ</span> <span class='ocrx_word' id='word_1_485' title='bbox 1228 5241 1255 5290; x_wconf 87' lang='grc' dir='ltr'>ὁ</span> <span class='ocrx_word' id='word_1_486' title='bbox 1279 5239 1512 5301; x_wconf 87' lang='grc' dir='ltr'>ἔπαινος.</span> <span class='ocrx_word' id='word_1_487' title='bbox 1537 5241 1643 5294; x_wconf 74' lang='grc' dir='ltr'>Καὶ</span> <span class='ocrx_word' id='word_1_488' title='bbox 1661 5244 1769 5308; x_wconf 89' lang='grc' dir='ltr'>ηὑ-</span> 
     </span>
    </p>
   </div>
   <div class='ocr_carea' id='block_1_61' title="bbox 167 5319 1772 5392">
    <p class='ocr_par' dir='ltr' id='par_1_61' title="bbox 167 5319 1772 5392">
     <span class='ocr_line' id='line_1_61' title="bbox 167 5319 1772 5392; baseline 0.001 -17"><span class='ocrx_word' id='word_1_489' title='bbox 167 5322 452 5388; x_wconf 75' lang='grc' dir='ltr'>..ιότησεν</span> <span class='ocrx_word' id='word_1_490' title='bbox 472 5320 624 5373; x_wconf 84' lang='grc' dir='ltr'>αὐτὰ</span> <span class='ocrx_word' id='word_1_491' title='bbox 649 5323 682 5373; x_wconf 85' lang='grc' dir='ltr'>ό</span> <span class='ocrx_word' id='word_1_492' title='bbox 717 5320 861 5386; x_wconf 87' lang='grc' dir='ltr'>Θεὸς</span> <span class='ocrx_word' id='word_1_493' title='bbox 883 5320 1097 5388; x_wconf 69' lang='grc' dir='ltr'>λέγων’</span> <span class='ocrx_word' id='word_1_494' title='bbox 1122 5319 1470 5384; x_wconf 78' lang='grc' dir='ltr'>Αὺξὰνεσθε</span> <span class='ocrx_word' id='word_1_495' title='bbox 1501 5324 1595 5376; x_wconf 77' lang='grc' dir='ltr'>καί</span> <span class='ocrx_word' id='word_1_496' title='bbox 1623 5329 1772 5392; x_wconf 65' lang='grc' dir='ltr'>πλη-</span> 
     </span>
    </p>
   </div>
   <div class='ocr_carea' id='block_1_62' title="bbox 165 5401 1771 5472">
    <p class='ocr_par' dir='ltr' id='par_1_62' title="bbox 165 5401 1771 5472">
     <span class='ocr_line' id='line_1_62' title="bbox 165 5401 1771 5472; baseline 0.001 -12"><span class='ocrx_word' id='word_1_497' title='bbox 165 5405 460 5463; x_wconf 77' lang='grc' dir='ltr'>θύνεσθε,</span> <span class='ocrx_word' id='word_1_498' title='bbox 492 5401 590 5454; x_wconf 80' lang='grc' dir='ltr'>καί</span> <span class='ocrx_word' id='word_1_499' title='bbox 611 5402 966 5472; x_wconf 70' lang='grc' dir='ltr'>πλτῳώσατε</span> <span class='ocrx_word' id='word_1_500' title='bbox 995 5404 1064 5458; x_wconf 84' lang='grc' dir='ltr'>τὰ</span> <span class='ocrx_word' id='word_1_501' title='bbox 1082 5403 1290 5468; x_wconf 80' lang='grc' dir='ltr'>ὕδατα,</span> <span class='ocrx_word' id='word_1_502' title='bbox 1314 5405 1410 5458; x_wconf 78' lang='grc' dir='ltr'>καί</span> <span class='ocrx_word' id='word_1_503' title='bbox 1434 5406 1503 5458; x_wconf 82' lang='grc' dir='ltr'>τὰ</span> <span class='ocrx_word' id='word_1_504' title='bbox 1531 5411 1771 5462; x_wconf 84' lang='grc' dir='ltr'>πετεινὰ</span> 
     </span>
    </p>
   </div>
   <div class='ocr_carea' id='block_1_63' title="bbox 171 5481 729 5551">
    <p class='ocr_par' dir='ltr' id='par_1_63' title="bbox 171 5481 729 5551">
     <span class='ocr_line' id='line_1_63' title="bbox 171 5481 729 5551; baseline -0.005 -9"><span class='ocrx_word' id='word_1_505' title='bbox 171 5488 264 5542; x_wconf 66' lang='lat' dir='ltr'>au</span> <span class='ocrx_word' id='word_1_506' title='bbox 275 5481 729 5551; x_wconf 72' lang='grc' dir='ltr'>ηθυνέσθωσαν.</span> 
     </span>
    </p>
   </div>
   <div class='ocr_carea' id='block_1_64' title="bbox 254 5565 1766 5640">
    <p class='ocr_par' dir='ltr' id='par_1_64' title="bbox 254 5565 1766 5640">
     <span class='ocr_line' id='line_1_64' title="bbox 254 5565 1766 5640; baseline 0.001 -21"><span class='ocrx_word' id='word_1_507' title='bbox 254 5572 325 5634; x_wconf 83' lang='grc' dir='ltr'>γ¹.</span> <span class='ocrx_word' id='word_1_508' title='bbox 353 5565 503 5618; x_wconf 86' lang='grc' dir='ltr'>Διατί</span> <span class='ocrx_word' id='word_1_509' title='bbox 519 5568 607 5619; x_wconf 84' lang='grc' dir='ltr'>ὅτε</span> <span class='ocrx_word' id='word_1_510' title='bbox 625 5569 747 5631; x_wconf 84' lang='grc' dir='ltr'>τοὺς</span> <span class='ocrx_word' id='word_1_511' title='bbox 771 5567 1000 5639; x_wconf 80' lang='grc' dir='ltr'>ἀστέρας</span> <span class='ocrx_word' id='word_1_512' title='bbox 1019 5567 1294 5638; x_wconf 84' lang='grc' dir='ltr'>ἐποίησεν,</span> <span class='ocrx_word' id='word_1_513' title='bbox 1319 5569 1416 5622; x_wconf 83' lang='grc' dir='ltr'>οὐκ</span> <span class='ocrx_word' id='word_1_514' title='bbox 1438 5568 1766 5640; x_wconf 81' lang='grc' dir='ltr'>ηὐλόγησεν;</span> 
     </span>
    </p>
   </div>
   <div class='ocr_carea' id='block_1_65' title="bbox 244 5705 1761 5772">
    <p class='ocr_par' dir='ltr' id='par_1_65' title="bbox 244 5705 1761 5772">
     <span class='ocr_line' id='line_1_65' title="bbox 244 5705 1761 5772; baseline 0.008 -19"><span class='ocrx_word' id='word_1_515' title='bbox 244 5711 268 5772; x_wconf 63' lang='grc' dir='ltr'>ξι</span> <span class='ocrx_word' id='word_1_516' title='bbox 298 5705 556 5772; x_wconf 34' lang='grc' dir='ltr'>θῦνε-εἶπον</span> <span class='ocrx_word' id='word_1_517' title='bbox 577 5710 871 5772; x_wconf 64' lang='lat' dir='ltr'>rescriptum</span> <span class='ocrx_word' id='word_1_518' title='bbox 906 5721 935 5760; x_wconf 83' lang='lat' dir='ltr'><strong>e</strong></span> <span class='ocrx_word' id='word_1_519' title='bbox 965 5707 1113 5760; x_wconf 74' lang='lat' dir='ltr'>Savil.</span> <span class='ocrx_word' id='word_1_520' title='bbox 1145 5708 1311 5760; x_wconf 76' lang='lat' dir='ltr'>Monlf.</span> <span class='ocrx_word' id='word_1_521' title='bbox 1358 5711 1461 5759; x_wconf 79' lang='grc' dir='ltr'>Οὐκ</span> <span class='ocrx_word' id='word_1_522' title='bbox 1483 5712 1597 5761; x_wconf 80' lang='grc' dir='ltr'>εἷπε.</span> <span class='ocrx_word' id='word_1_523' title='bbox 1626 5711 1761 5765; x_wconf 73' lang='lat' dir='ltr'>Enn.</span> 
     </span>
    </p>
   </div>
   <div class='ocr_carea' id='block_1_66' title="bbox 241 5767 726 5820">
    <p class='ocr_par' dir='ltr' id='par_1_66' title="bbox 241 5767 726 5820">
     <span class='ocr_line' id='line_1_66' title="bbox 241 5767 726 5820; baseline -0.004 -1"><span class='ocrx_word' id='word_1_524' title='bbox 241 5767 274 5811; x_wconf 76' lang='lat' dir='ltr'>l-</span> <span class='ocrx_word' id='word_1_525' title='bbox 295 5767 556 5820; x_wconf 74' lang='lat' dir='ltr'>Combeﬁs.</span> <span class='ocrx_word' id='word_1_526' title='bbox 584 5771 726 5819; x_wconf 80' lang='grc' dir='ltr'>καλά.</span> 
     </span>
    </p>
   </div>
   <div class='ocr_carea' id='block_1_67' title="bbox 1143 336 2338 404">
    <p class='ocr_par' dir='ltr' id='par_1_67' title="bbox 1143 336 2338 404">
     <span class='ocr_line' id='line_1_67' title="bbox 1143 336 2338 404; baseline 0.012 -14"><span class='ocrx_word' id='word_1_527' title='bbox 1143 337 1232 392; x_wconf 83' lang='lat' dir='ltr'>DE</span> <span class='ocrx_word' id='word_1_528' title='bbox 1266 336 1486 396; x_wconf 78' lang='lat' dir='ltr'>MUNDI</span> <span class='ocrx_word' id='word_1_529' title='bbox 1525 338 1921 400; x_wconf 73' lang='lat' dir='ltr'>CREATIONE</span> <span class='ocrx_word' id='word_1_530' title='bbox 1954 341 2217 401; x_wconf 79' lang='lat' dir='ltr'>ORATIO</span> <span class='ocrx_word' id='word_1_531' title='bbox 2255 347 2338 404; x_wconf 82' lang='lat' dir='ltr'>IV.</span> 
     </span>
    </p>
   </div>
   <div class='ocr_carea' id='block_1_68' title="bbox 3298 380 3412 436">
    <p class='ocr_par' dir='ltr' id='par_1_68' title="bbox 3298 380 3412 436">
     <span class='ocr_line' id='line_1_68' title="bbox 3298 380 3412 436; baseline 0.053 -5"><span class='ocrx_word' id='word_1_532' title='bbox 3298 380 3412 436; x_wconf 79' lang='lat'>460</span> 
     </span>
    </p>
   </div>
   <div class='ocr_carea' id='block_1_69' title="bbox 1843 455 3423 546">
    <p class='ocr_par' dir='ltr' id='par_1_69' title="bbox 1843 455 3423 546">
     <span class='ocr_line' id='line_1_69' title="bbox 1843 455 3423 546; baseline 0.015 -38"><span class='ocrx_word' id='word_1_533' title='bbox 1843 455 1985 546; x_wconf 71' lang='grc' dir='ltr'>διατί</span> <span class='ocrx_word' id='word_1_534' title='bbox 2015 457 2248 546; x_wconf 76' lang='grc' dir='ltr'>βοτάνας</span> <span class='ocrx_word' id='word_1_535' title='bbox 2276 463 2520 546; x_wconf 80' lang='grc' dir='ltr'>καὶξύλα</span> <span class='ocrx_word' id='word_1_536' title='bbox 2553 469 2814 540; x_wconf 84' lang='grc' dir='ltr'>ποιήσας,</span> <span class='ocrx_word' id='word_1_537' title='bbox 2853 472 2952 525; x_wconf 88' lang='grc' dir='ltr'>οὐκ</span> <span class='ocrx_word' id='word_1_538' title='bbox 2979 473 3310 546; x_wconf 84' lang='grc' dir='ltr'>ηὐλόγησεν;</span> <span class='ocrx_word' id='word_1_539' title='bbox 3341 479 3423 534; x_wconf 64' lang='grc' dir='ltr'>Τά</span> 
     </span>
    </p>
   </div>
   <div class='ocr_carea' id='block_1_70' title="bbox 1844 539 3422 630">
    <p class='ocr_par' dir='ltr' id='par_1_70' title="bbox 1844 539 3422 630">
     <span class='ocr_line' id='line_1_70' title="bbox 1844 539 3422 630; baseline 0.014 -39"><span class='ocrx_word' id='word_1_540' title='bbox 1844 539 1944 630; x_wconf 73' lang='grc' dir='ltr'>μὲν</span> <span class='ocrx_word' id='word_1_541' title='bbox 1975 542 2208 630; x_wconf 68' lang='grc' dir='ltr'>εὐλογεῖ.</span> <span class='ocrx_word' id='word_1_542' title='bbox 2227 545 2298 598; x_wconf 86' lang='grc' dir='ltr'>τά</span> <span class='ocrx_word' id='word_1_543' title='bbox 2316 546 2374 598; x_wconf 83' lang='grc' dir='ltr'>δὲ</span> <span class='ocrx_word' id='word_1_544' title='bbox 2401 547 2501 600; x_wconf 85' lang='grc' dir='ltr'>οὐκ</span> <span class='ocrx_word' id='word_1_545' title='bbox 2522 539 2749 619; x_wconf 86' lang='grc' dir='ltr'>εὐλογεῖ.</span> <span class='ocrx_word' id='word_1_546' title='bbox 2774 553 2839 607; x_wconf 85' lang='grc' dir='ltr'>Τί</span> <span class='ocrx_word' id='word_1_547' title='bbox 2855 555 2914 608; x_wconf 79' lang='grc' dir='ltr'>τὸ</span> <span class='ocrx_word' id='word_1_548' title='bbox 2934 539 3198 630; x_wconf 77' lang='grc' dir='ltr'>αἴτιον</span> <span class='ocrx_word' id='word_1_549' title='bbox 3229 539 3422 613; x_wconf 76' lang='grc' dir='ltr'>τούτου</span> 
     </span>
    </p>
   </div>
   <div class='ocr_carea' id='block_1_71' title="bbox 1841 623 3424 708">
    <p class='ocr_par' dir='ltr' id='par_1_71' title="bbox 1841 623 3424 708">
     <span class='ocr_line' id='line_1_71' title="bbox 1841 623 3424 708; baseline 0.015 -34"><span class='ocrx_word' id='word_1_550' title='bbox 1841 623 2007 708; x_wconf 78' lang='grc' dir='ltr'>ἀρετῇ</span> <span class='ocrx_word' id='word_1_551' title='bbox 2028 625 2394 698; x_wconf 71' lang='grc' dir='ltr'>καθέστηκεν,</span> <span class='ocrx_word' id='word_1_552' title='bbox 2421 632 2684 703; x_wconf 81' lang='grc' dir='ltr'>Πρόσεχε·</span> <span class='ocrx_word' id='word_1_553' title='bbox 2708 637 2768 688; x_wconf 91' lang='grc' dir='ltr'>Οί</span> <span class='ocrx_word' id='word_1_554' title='bbox 2787 637 3013 708; x_wconf 76' lang='grc' dir='ltr'>ἀστέρες</span> <span class='ocrx_word' id='word_1_555' title='bbox 3036 640 3149 692; x_wconf 85' lang='grc' dir='ltr'>ὅσοι</span> <span class='ocrx_word' id='word_1_556' title='bbox 3173 623 3424 708; x_wconf 72' lang='grc' dir='ltr'>ἐγένοντο</span> 
     </span>
    </p>
   </div>
   <div class='ocr_carea' id='block_1_72' title="bbox 1841 706 3422 794">
    <p class='ocr_par' dir='ltr' id='par_1_72' title="bbox 1841 706 3422 794">
     <span class='ocr_line' id='line_1_72' title="bbox 1841 706 3422 794; baseline 0.011 -35"><span class='ocrx_word' id='word_1_557' title='bbox 1841 706 1937 794; x_wconf 80' lang='grc' dir='ltr'>ἀπ’</span> <span class='ocrx_word' id='word_1_558' title='bbox 1951 707 2142 794; x_wconf 71' lang='grc' dir='ltr'>ἀρχῆς,</span> <span class='ocrx_word' id='word_1_559' title='bbox 2155 709 2399 794; x_wconf 88' lang='grc' dir='ltr'>τοσοῦτοι</span> <span class='ocrx_word' id='word_1_560' title='bbox 2414 717 2504 767; x_wconf 74' lang='grc' dir='ltr'>καὶ</span> <span class='ocrx_word' id='word_1_561' title='bbox 2524 716 2856 786; x_wconf 83' lang='grc' dir='ltr'>διαμένουσι,</span> <span class='ocrx_word' id='word_1_562' title='bbox 2873 706 2965 774; x_wconf 72' lang='grc' dir='ltr'>καὶ</span> <span class='ocrx_word' id='word_1_563' title='bbox 2978 721 3100 774; x_wconf 82' lang='grc' dir='ltr'>οὐτε</span> <span class='ocrx_word' id='word_1_564' title='bbox 3118 723 3193 791; x_wconf 82' lang='grc' dir='ltr'>τῷ</span> <span class='ocrx_word' id='word_1_565' title='bbox 3205 706 3422 794; x_wconf 83' lang='grc' dir='ltr'>ἀριθμῷ</span> 
     </span>
    </p>
   </div>
   <div class='ocr_carea' id='block_1_73' title="bbox 1841 789 3421 874">
    <p class='ocr_par' dir='ltr' id='par_1_73' title="bbox 1841 789 3421 874">
     <span class='ocr_line' id='line_1_73' title="bbox 1841 789 3421 874; baseline 0.012 -33"><span class='ocrx_word' id='word_1_566' title='bbox 1841 789 2042 853; x_wconf 87' lang='grc' dir='ltr'>αὐτῶν,</span> <span class='ocrx_word' id='word_1_567' title='bbox 2074 791 2197 844; x_wconf 83' lang='grc' dir='ltr'>οὐτε</span> <span class='ocrx_word' id='word_1_568' title='bbox 2238 793 2315 864; x_wconf 79' lang='grc' dir='ltr'>τῷ</span> <span class='ocrx_word' id='word_1_569' title='bbox 2351 798 2567 865; x_wconf 83' lang='grc' dir='ltr'>μεγέθει</span> <span class='ocrx_word' id='word_1_570' title='bbox 2610 801 2834 854; x_wconf 77' lang='grc' dir='ltr'>δυνατὸν</span> <span class='ocrx_word' id='word_1_571' title='bbox 2870 789 3268 874; x_wconf 39' lang='grc' dir='ltr'>προστεθῆναι-ο</span> <span class='ocrx_word' id='word_1_572' title='bbox 3311 789 3421 860; x_wconf 63' lang='grc' dir='ltr'>οἷον</span> 
     </span>
    </p>
   </div>
   <div class='ocr_carea' id='block_1_74' title="bbox 1843 875 3419 959">
    <p class='ocr_par' dir='ltr' id='par_1_74' title="bbox 1843 875 3419 959">
     <span class='ocr_line' id='line_1_74' title="bbox 1843 875 3419 959; baseline 0.009 -33"><span class='ocrx_word' id='word_1_573' title='bbox 1843 876 1901 959; x_wconf 81' lang='grc' dir='ltr'>ἐν</span> <span class='ocrx_word' id='word_1_574' title='bbox 1920 877 1987 946; x_wconf 73' lang='grc' dir='ltr'>τῇ</span> <span class='ocrx_word' id='word_1_575' title='bbox 2015 875 2270 959; x_wconf 82' lang='grc' dir='ltr'>αὐτὸτητι</span> <span class='ocrx_word' id='word_1_576' title='bbox 2311 879 2411 948; x_wconf 82' lang='grc' dir='ltr'>τῆς</span> <span class='ocrx_word' id='word_1_577' title='bbox 2457 881 2671 950; x_wconf 87' lang='grc' dir='ltr'>φύσεως</span> <span class='ocrx_word' id='word_1_578' title='bbox 2714 886 2996 955; x_wconf 85' lang='grc' dir='ltr'>μέλλοντες</span> <span class='ocrx_word' id='word_1_579' title='bbox 3046 887 3419 959; x_wconf 82' lang='grc' dir='ltr'>παραμένειν,</span> 
     </span>
    </p>
   </div>
   <div class='ocr_carea' id='block_1_75' title="bbox 1841 957 3424 1042">
    <p class='ocr_par' dir='ltr' id='par_1_75' title="bbox 1841 957 3424 1042">
     <span class='ocr_line' id='line_1_75' title="bbox 1841 957 3424 1042; baseline 0.011 -33"><span class='ocrx_word' id='word_1_580' title='bbox 1841 958 1941 1042; x_wconf 81' lang='grc' dir='ltr'>τῆς</span> <span class='ocrx_word' id='word_1_581' title='bbox 1971 957 2348 1042; x_wconf 86' lang='grc' dir='ltr'>πληθυνούσης</span> <span class='ocrx_word' id='word_1_582' title='bbox 2384 964 2579 1028; x_wconf 81' lang='grc' dir='ltr'>αὐτοὺς</span> <span class='ocrx_word' id='word_1_583' title='bbox 2623 968 2722 1020; x_wconf 90' lang='grc' dir='ltr'>οὐκ</span> <span class='ocrx_word' id='word_1_584' title='bbox 2757 969 2989 1042; x_wconf 81' lang='grc' dir='ltr'>ἔχρῃζον</span> <span class='ocrx_word' id='word_1_585' title='bbox 3027 957 3292 1039; x_wconf 81' lang='grc' dir='ltr'>εὐλογίας.</span> <span class='ocrx_word' id='word_1_586' title='bbox 3341 975 3424 1028; x_wconf 79' lang='lat' dir='ltr'><strong><em>Td</em></strong></span> 
     </span>
    </p>
   </div>
   <div class='ocr_carea' id='block_1_76' title="bbox 1838 1041 3424 1125">
    <p class='ocr_par' dir='ltr' id='par_1_76' title="bbox 1838 1041 3424 1125">
     <span class='ocr_line' id='line_1_76' title="bbox 1838 1041 3424 1125; baseline 0.011 -32"><span class='ocrx_word' id='word_1_587' title='bbox 1838 1041 1898 1095; x_wconf 80' lang='grc' dir='ltr'>δὲ</span> <span class='ocrx_word' id='word_1_588' title='bbox 1933 1041 2309 1114; x_wconf 80' lang='grc' dir='ltr'>πληθυνόμενα</span> <span class='ocrx_word' id='word_1_589' title='bbox 2349 1050 2466 1111; x_wconf 83' lang='grc' dir='ltr'>ταῖς</span> <span class='ocrx_word' id='word_1_590' title='bbox 2493 1049 2782 1120; x_wconf 86' lang='grc' dir='ltr'>διαδοχαῖς,</span> <span class='ocrx_word' id='word_1_591' title='bbox 2807 1041 2902 1106; x_wconf 77' lang='grc' dir='ltr'>καὶ</span> <span class='ocrx_word' id='word_1_592' title='bbox 2934 1056 3030 1125; x_wconf 92' lang='grc' dir='ltr'>οὐχ</span> <span class='ocrx_word' id='word_1_593' title='bbox 3067 1057 3265 1125; x_wconf 83' lang='grc' dir='ltr'>ἑτέρως</span> <span class='ocrx_word' id='word_1_594' title='bbox 3287 1057 3424 1125; x_wconf 85' lang='grc' dir='ltr'>λαμ-</span> 
     </span>
    </p>
   </div>
   <div class='ocr_carea' id='block_1_77' title="bbox 1841 1126 3424 1208">
    <p class='ocr_par' dir='ltr' id='par_1_77' title="bbox 1841 1126 3424 1208">
     <span class='ocr_line' id='line_1_77' title="bbox 1841 1126 3424 1208; baseline 0.009 -29"><span class='ocrx_word' id='word_1_595' title='bbox 1841 1126 2073 1181; x_wconf 73' lang='grc' dir='ltr'>ϐάνοντα</span> <span class='ocrx_word' id='word_1_596' title='bbox 2127 1130 2463 1201; x_wconf 85' lang='grc' dir='ltr'>προσθήκην,</span> <span class='ocrx_word' id='word_1_597' title='bbox 2517 1134 2826 1201; x_wconf 82' lang='grc' dir='ltr'>ἀναγκαίως</span> <span class='ocrx_word' id='word_1_598' title='bbox 2877 1139 2969 1190; x_wconf 75' lang='grc' dir='ltr'>καὶ</span> <span class='ocrx_word' id='word_1_599' title='bbox 3016 1137 3113 1208; x_wconf 81' lang='grc' dir='ltr'>τὴν</span> <span class='ocrx_word' id='word_1_600' title='bbox 3168 1139 3424 1207; x_wconf 82' lang='grc' dir='ltr'>εὐλογίαν</span> 
     </span>
    </p>
   </div>
   <div class='ocr_carea' id='block_1_78' title="bbox 1841 1209 3425 1289">
    <p class='ocr_par' dir='ltr' id='par_1_78' title="bbox 1841 1209 3425 1289">
     <span class='ocr_line' id='line_1_78' title="bbox 1841 1209 3425 1289; baseline 0.009 -28"><span class='ocrx_word' id='word_1_601' title='bbox 1841 1209 2104 1280; x_wconf 81' lang='grc' dir='ltr'>ἐδέχοντο.</span> <span class='ocrx_word' id='word_1_602' title='bbox 2129 1211 2295 1266; x_wconf 89' lang='grc' dir='ltr'>Πάλιν</span> <span class='ocrx_word' id='word_1_603' title='bbox 2332 1213 2464 1266; x_wconf 77' lang='grc' dir='ltr'>αὐτὸ</span> <span class='ocrx_word' id='word_1_604' title='bbox 2492 1215 2654 1283; x_wconf 89' lang='grc' dir='ltr'>λέγω,</span> <span class='ocrx_word' id='word_1_605' title='bbox 2684 1217 2823 1289; x_wconf 79' lang='grc' dir='ltr'>ὑπὲρ</span> <span class='ocrx_word' id='word_1_606' title='bbox 2858 1219 2951 1272; x_wconf 84' lang='grc' dir='ltr'>τοῦ</span> <span class='ocrx_word' id='word_1_607' title='bbox 2980 1223 3178 1288; x_wconf 80' lang='grc' dir='ltr'>μᾶλλον</span> <span class='ocrx_word' id='word_1_608' title='bbox 3208 1223 3339 1276; x_wconf 76' lang='grc' dir='ltr'>αὐτὸ</span> <span class='ocrx_word' id='word_1_609' title='bbox 3363 1225 3425 1276; x_wconf 79' lang='grc' dir='ltr'>τὸ</span> 
     </span>
    </p>
   </div>
   <div class='ocr_carea' id='block_1_79' title="bbox 1840 1291 3424 1373">
    <p class='ocr_par' dir='ltr' id='par_1_79' title="bbox 1840 1291 3424 1373">
     <span class='ocr_line' id='line_1_79' title="bbox 1840 1291 3424 1373; baseline 0.01 -29"><span class='ocrx_word' id='word_1_610' title='bbox 1840 1291 2028 1362; x_wconf 81' lang='grc' dir='ltr'>λεχθὲν</span> <span class='ocrx_word' id='word_1_611' title='bbox 2054 1296 2368 1367; x_wconf 79' lang='grc' dir='ltr'>ἐμπαγῆναι</span> <span class='ocrx_word' id='word_1_612' title='bbox 2406 1300 2471 1368; x_wconf 82' lang='grc' dir='ltr'>τῇ</span> <span class='ocrx_word' id='word_1_613' title='bbox 2509 1298 2735 1370; x_wconf 78' lang='grc' dir='ltr'>διανοίᾳ.</span> <span class='ocrx_word' id='word_1_614' title='bbox 2767 1301 2904 1354; x_wconf 85' lang='grc' dir='ltr'>Οὐτε</span> <span class='ocrx_word' id='word_1_615' title='bbox 2935 1304 3043 1373; x_wconf 86' lang='grc' dir='ltr'>γάρ</span> <span class='ocrx_word' id='word_1_616' title='bbox 3075 1306 3135 1357; x_wconf 82' lang='grc' dir='ltr'>τὸ</span> <span class='ocrx_word' id='word_1_617' title='bbox 3162 1307 3324 1373; x_wconf 82' lang='grc' dir='ltr'>φυτὸν</span> <span class='ocrx_word' id='word_1_618' title='bbox 3363 1309 3424 1359; x_wconf 88' lang='grc' dir='ltr'>τὸ</span> 
     </span>
    </p>
   </div>
   <div class='ocr_carea' id='block_1_80' title="bbox 1842 1375 3425 1457">
    <p class='ocr_par' dir='ltr' id='par_1_80' title="bbox 1842 1375 3425 1457">
     <span class='ocr_line' id='line_1_80' title="bbox 1842 1375 3425 1457; baseline 0.009 -29"><span class='ocrx_word' id='word_1_619' title='bbox 1842 1375 2029 1440; x_wconf 91' lang='grc' dir='ltr'>ἀπλῶς</span> <span class='ocrx_word' id='word_1_620' title='bbox 2064 1378 2158 1430; x_wconf 83' lang='grc' dir='ltr'>καὶ</span> <span class='ocrx_word' id='word_1_621' title='bbox 2187 1377 2245 1442; x_wconf 77' lang='grc' dir='ltr'>ἐξ</span> <span class='ocrx_word' id='word_1_622' title='bbox 2269 1379 2525 1450; x_wconf 79' lang='grc' dir='ltr'>ἐπισολῆς</span> <span class='ocrx_word' id='word_1_623' title='bbox 2553 1384 2674 1444; x_wconf 88' lang='grc' dir='ltr'>ταῖς</span> <span class='ocrx_word' id='word_1_624' title='bbox 2702 1383 2802 1452; x_wconf 85' lang='grc' dir='ltr'>τῆς</span> <span class='ocrx_word' id='word_1_625' title='bbox 2830 1384 2934 1455; x_wconf 85' lang='grc' dir='ltr'>γῆς</span> <span class='ocrx_word' id='word_1_626' title='bbox 2958 1385 3148 1454; x_wconf 78' lang='grc' dir='ltr'>λαγόσι</span> <span class='ocrx_word' id='word_1_627' title='bbox 3194 1405 3425 1457; x_wconf 84' lang='grc' dir='ltr'>παρατι-</span> 
     </span>
    </p>
   </div>
   <div class='ocr_carea' id='block_1_81' title="bbox 1842 1457 3418 1541">
    <p class='ocr_par' dir='ltr' id='par_1_81' title="bbox 1842 1457 3418 1541">
     <span class='ocr_line' id='line_1_81' title="bbox 1842 1457 3418 1541; baseline 0.008 -31"><span class='ocrx_word' id='word_1_628' title='bbox 1842 1457 2088 1541; x_wconf 77' lang='grc' dir='ltr'>θέμενον,</span> <span class='ocrx_word' id='word_1_629' title='bbox 2123 1461 2363 1531; x_wconf 73' lang='grc' dir='ltr'>ἀδελφοὶ,</span> <span class='ocrx_word' id='word_1_630' title='bbox 2406 1461 2625 1533; x_wconf 75' lang='grc' dir='ltr'>βεῦαίαν</span> <span class='ocrx_word' id='word_1_631' title='bbox 2655 1466 2765 1537; x_wconf 87' lang='grc' dir='ltr'>ἔχει</span> <span class='ocrx_word' id='word_1_632' title='bbox 2790 1467 2888 1538; x_wconf 86' lang='grc' dir='ltr'>τὴν</span> <span class='ocrx_word' id='word_1_633' title='bbox 2923 1471 3140 1533; x_wconf 80' lang='grc' dir='ltr'>στάσιν,</span> <span class='ocrx_word' id='word_1_634' title='bbox 3171 1471 3303 1527; x_wconf 83' lang='grc' dir='ltr'>ἀλλά</span> <span class='ocrx_word' id='word_1_635' title='bbox 3339 1463 3418 1541; x_wconf 73' lang='grc' dir='ltr'>τῷ</span> 
     </span>
    </p>
   </div>
   <div class='ocr_carea' id='block_1_82' title="bbox 1838 1539 3406 1623">
    <p class='ocr_par' dir='ltr' id='par_1_82' title="bbox 1838 1539 3406 1623">
     <span class='ocr_line' id='line_1_82' title="bbox 1838 1539 3406 1623; baseline 0.009 -30"><span class='ocrx_word' id='word_1_636' title='bbox 1838 1539 1996 1610; x_wconf 81' lang='grc' dir='ltr'>βάθει</span> <span class='ocrx_word' id='word_1_637' title='bbox 2022 1541 2228 1623; x_wconf 86' lang='grc' dir='ltr'>ταύτης</span> <span class='ocrx_word' id='word_1_638' title='bbox 2259 1545 2394 1613; x_wconf 83' lang='grc' dir='ltr'>μετά</span> <span class='ocrx_word' id='word_1_639' title='bbox 2427 1547 2606 1618; x_wconf 85' lang='grc' dir='ltr'>πάσης</span> <span class='ocrx_word' id='word_1_640' title='bbox 2629 1550 2931 1620; x_wconf 81' lang='grc' dir='ltr'>παρατεθὲν</span> <span class='ocrx_word' id='word_1_641' title='bbox 2965 1554 3063 1623; x_wconf 85' lang='grc' dir='ltr'>τῆς</span> <span class='ocrx_word' id='word_1_642' title='bbox 3091 1539 3406 1622; x_wconf 56' lang='grc' dir='ltr'>ἀσφαλείαςξ</span> 
     </span>
    </p>
   </div>
   <div class='ocr_carea' id='block_1_83' title="bbox 1843 1622 3409 1706">
    <p class='ocr_par' dir='ltr' id='par_1_83' title="bbox 1843 1622 3409 1706">
     <span class='ocr_line' id='line_1_83' title="bbox 1843 1622 3409 1706; baseline 0.01 -32"><span class='ocrx_word' id='word_1_643' title='bbox 1843 1623 1910 1706; x_wconf 80' lang='grc' dir='ltr'>υῖ</span> <span class='ocrx_word' id='word_1_644' title='bbox 1937 1622 2166 1693; x_wconf 87' lang='grc' dir='ltr'>ἀστέρες</span> <span class='ocrx_word' id='word_1_645' title='bbox 2197 1625 2445 1694; x_wconf 80' lang='grc' dir='ltr'>εὐλογίας</span> <span class='ocrx_word' id='word_1_646' title='bbox 2476 1629 2575 1683; x_wconf 85' lang='grc' dir='ltr'>οὐκ</span> <span class='ocrx_word' id='word_1_647' title='bbox 2624 1630 2880 1703; x_wconf 74' lang='grc' dir='ltr'>ἔχρῃζον·</span> <span class='ocrx_word' id='word_1_648' title='bbox 2922 1622 3043 1689; x_wconf 79' lang='grc' dir='ltr'>οὐτε</span> <span class='ocrx_word' id='word_1_649' title='bbox 3090 1636 3196 1706; x_wconf 75' lang='grc' dir='ltr'>γάρ</span> <span class='ocrx_word' id='word_1_650' title='bbox 3229 1637 3409 1699; x_wconf 80' lang='grc' dir='ltr'>αὐτοῖς</span> 
     </span>
    </p>
   </div>
   <div class='ocr_carea' id='block_1_84' title="bbox 1843 1705 3416 1790">
    <p class='ocr_par' dir='ltr' id='par_1_84' title="bbox 1843 1705 3416 1790">
     <span class='ocr_line' id='line_1_84' title="bbox 1843 1705 3416 1790; baseline 0.01 -32"><span class='ocrx_word' id='word_1_651' title='bbox 1843 1705 1980 1778; x_wconf 87' lang='grc' dir='ltr'>αῦτη</span> <span class='ocrx_word' id='word_1_652' title='bbox 2001 1706 2092 1760; x_wconf 83' lang='grc' dir='ltr'>τὸν</span> <span class='ocrx_word' id='word_1_653' title='bbox 2121 1707 2436 1780; x_wconf 78' lang='grc' dir='ltr'>πληθυσμὺν</span> <span class='ocrx_word' id='word_1_654' title='bbox 2468 1713 2766 1782; x_wconf 76' lang='grc' dir='ltr'>ἐχαρίζετο.</span> <span class='ocrx_word' id='word_1_655' title='bbox 2793 1718 3017 1772; x_wconf 75' lang='grc' dir='ltr'>ῐῐετεινά</span> <span class='ocrx_word' id='word_1_656' title='bbox 3044 1719 3098 1771; x_wconf 86' lang='grc' dir='ltr'>δὲ</span> <span class='ocrx_word' id='word_1_657' title='bbox 3133 1705 3226 1774; x_wconf 72' lang='grc' dir='ltr'>καὶ</span> <span class='ocrx_word' id='word_1_658' title='bbox 3245 1722 3416 1790; x_wconf 82' lang='grc' dir='ltr'>νηκτὰ</span> 
     </span>
    </p>
   </div>
   <div class='ocr_carea' id='block_1_85' title="bbox 1843 1790 3420 1869">
    <p class='ocr_par' dir='ltr' id='par_1_85' title="bbox 1843 1790 3420 1869">
     <span class='ocr_line' id='line_1_85' title="bbox 1843 1790 3420 1869; baseline 0.009 -27"><span class='ocrx_word' id='word_1_659' title='bbox 1843 1791 1938 1843; x_wconf 71' lang='grc' dir='ltr'>καὶ</span> <span class='ocrx_word' id='word_1_660' title='bbox 1977 1790 2263 1861; x_wconf 75' lang='grc' dir='ltr'>ἅνθρωπος</span> <span class='ocrx_word' id='word_1_661' title='bbox 2307 1794 2404 1865; x_wconf 82' lang='grc' dir='ltr'>τῆς</span> <span class='ocrx_word' id='word_1_662' title='bbox 2458 1795 2706 1864; x_wconf 82' lang='grc' dir='ltr'>εὐλογίας</span> <span class='ocrx_word' id='word_1_663' title='bbox 2739 1799 2941 1868; x_wconf 83' lang='grc' dir='ltr'>ταύτης</span> <span class='ocrx_word' id='word_1_664' title='bbox 2985 1801 3163 1869; x_wconf 84' lang='grc' dir='ltr'>ἐφίετο</span> <span class='ocrx_word' id='word_1_665' title='bbox 3206 1802 3293 1855; x_wconf 76' lang='grc' dir='ltr'>διὰ</span> <span class='ocrx_word' id='word_1_666' title='bbox 3323 1804 3420 1866; x_wconf 77' lang='grc' dir='ltr'>τὰς</span> 
     </span>
    </p>
   </div>
   <div class='ocr_carea' id='block_1_86' title="bbox 1842 1873 3421 1952">
    <p class='ocr_par' dir='ltr' id='par_1_86' title="bbox 1842 1873 3421 1952">
     <span class='ocr_line' id='line_1_86' title="bbox 1842 1873 3421 1952; baseline 0.007 -26"><span class='ocrx_word' id='word_1_667' title='bbox 1842 1873 2108 1944; x_wconf 85' lang='grc' dir='ltr'>διαδοχάς.</span> <span class='ocrx_word' id='word_1_668' title='bbox 2139 1876 2247 1928; x_wconf 76' lang='grc' dir='ltr'>Καὶ</span> <span class='ocrx_word' id='word_1_669' title='bbox 2271 1876 2404 1930; x_wconf 85' lang='grc' dir='ltr'>ὅπου</span> <span class='ocrx_word' id='word_1_670' title='bbox 2451 1878 2656 1949; x_wconf 87' lang='grc' dir='ltr'>ἑτέρως</span> <span class='ocrx_word' id='word_1_671' title='bbox 2687 1879 3051 1952; x_wconf 80' lang='grc' dir='ltr'>πληθυνθῆναι</span> <span class='ocrx_word' id='word_1_672' title='bbox 3085 1885 3143 1936; x_wconf 80' lang='grc' dir='ltr'>οὐ</span> <span class='ocrx_word' id='word_1_673' title='bbox 3172 1883 3421 1948; x_wconf 86' lang='grc' dir='ltr'>δύναται,</span> 
     </span>
    </p>
   </div>
   <div class='ocr_carea' id='block_1_87' title="bbox 1847 1956 3426 2038">
    <p class='ocr_par' dir='ltr' id='par_1_87' title="bbox 1847 1956 3426 2038">
     <span class='ocr_line' id='line_1_87' title="bbox 1847 1956 3426 2038; baseline 0.007 -29"><span class='ocrx_word' id='word_1_674' title='bbox 1847 1956 1965 2010; x_wconf 86' lang='grc' dir='ltr'>ἐκεῖ</span> <span class='ocrx_word' id='word_1_675' title='bbox 1983 1956 2164 2028; x_wconf 84' lang='grc' dir='ltr'>χώραν</span> <span class='ocrx_word' id='word_1_676' title='bbox 2194 1957 2306 2026; x_wconf 88' lang='grc' dir='ltr'>ἔχει</span> <span class='ocrx_word' id='word_1_677' title='bbox 2333 1959 2401 2012; x_wconf 70' lang='lat' dir='ltr'>td</span> <span class='ocrx_word' id='word_1_678' title='bbox 2425 1961 2525 2029; x_wconf 83' lang='grc' dir='ltr'>τῆς</span> <span class='ocrx_word' id='word_1_679' title='bbox 2549 1961 2796 2030; x_wconf 82' lang='grc' dir='ltr'>εὐλογίας</span> <span class='ocrx_word' id='word_1_680' title='bbox 2815 1981 2830 1995; x_wconf 76' lang='grc' dir='ltr'><strong>ο</strong></span> <span class='ocrx_word' id='word_1_681' title='bbox 2856 1965 2988 2017; x_wconf 85' lang='grc' dir='ltr'>ὅπου</span> <span class='ocrx_word' id='word_1_682' title='bbox 3015 1967 3082 2020; x_wconf 77' lang='grc' dir='ltr'>τὰ</span> <span class='ocrx_word' id='word_1_683' title='bbox 3111 1967 3264 2032; x_wconf 83' lang='grc' dir='ltr'>ὀλίγα</span> <span class='ocrx_word' id='word_1_684' title='bbox 3292 1967 3426 2038; x_wconf 84' lang='grc' dir='ltr'>πλη-</span> 
     </span>
    </p>
   </div>
   <div class='ocr_carea' id='block_1_88' title="bbox 1845 2039 3425 2122">
    <p class='ocr_par' dir='ltr' id='par_1_88' title="bbox 1845 2039 3425 2122">
     <span class='ocr_line' id='line_1_88' title="bbox 1845 2039 3425 2122; baseline 0.007 -29"><span class='ocrx_word' id='word_1_685' title='bbox 1845 2039 2097 2104; x_wconf 86' lang='grc' dir='ltr'>θύνεται,</span> <span class='ocrx_word' id='word_1_686' title='bbox 2136 2042 2320 2096; x_wconf 75' lang='grc' dir='ltr'>καὶτὰ</span> <span class='ocrx_word' id='word_1_687' title='bbox 2367 2043 2542 2114; x_wconf 83' lang='grc' dir='ltr'>μικρά</span> <span class='ocrx_word' id='word_1_688' title='bbox 2573 2043 2798 2114; x_wconf 78' lang='grc' dir='ltr'>αὔξησιν</span> <span class='ocrx_word' id='word_1_689' title='bbox 2831 2047 3157 2118; x_wconf 87' lang='grc' dir='ltr'>ἐπιδέχεται.</span> <span class='ocrx_word' id='word_1_690' title='bbox 3208 2051 3425 2122; x_wconf 81' lang='grc' dir='ltr'>Ἐπειδὴ</span> 
     </span>
    </p>
   </div>
   <div class='ocr_carea' id='block_1_89' title="bbox 1843 2123 3427 2202">
    <p class='ocr_par' dir='ltr' id='par_1_89' title="bbox 1843 2123 3427 2202">
     <span class='ocr_line' id='line_1_89' title="bbox 1843 2123 3427 2202; baseline 0.006 -26"><span class='ocrx_word' id='word_1_691' title='bbox 1843 2123 2023 2178; x_wconf 89' lang='grc' dir='ltr'>τοίνυν</span> <span class='ocrx_word' id='word_1_692' title='bbox 2055 2123 2304 2195; x_wconf 81' lang='grc' dir='ltr'>ἔγνωμεν</span> <span class='ocrx_word' id='word_1_693' title='bbox 2330 2127 2429 2196; x_wconf 85' lang='grc' dir='ltr'>τὴν</span> <span class='ocrx_word' id='word_1_694' title='bbox 2454 2127 2633 2180; x_wconf 76' lang='grc' dir='ltr'>αἰτίαν</span> <span class='ocrx_word' id='word_1_695' title='bbox 2661 2128 2725 2181; x_wconf 78' lang='grc' dir='ltr'>δι’</span> <span class='ocrx_word' id='word_1_696' title='bbox 2750 2130 2816 2200; x_wconf 74' lang='grc' dir='ltr'>ἢν</span> <span class='ocrx_word' id='word_1_697' title='bbox 2848 2131 3018 2184; x_wconf 89' lang='grc' dir='ltr'>ταῦτα</span> <span class='ocrx_word' id='word_1_698' title='bbox 3052 2132 3152 2202; x_wconf 83' lang='grc' dir='ltr'>τῆς</span> <span class='ocrx_word' id='word_1_699' title='bbox 3176 2134 3427 2201; x_wconf 78' lang='grc' dir='ltr'>εὐλογίας</span> 
     </span>
    </p>
   </div>
   <div class='ocr_carea' id='block_1_90' title="bbox 1845 2207 3427 2286">
    <p class='ocr_par' dir='ltr' id='par_1_90' title="bbox 1845 2207 3427 2286">
     <span class='ocr_line' id='line_1_90' title="bbox 1845 2207 3427 2286; baseline 0.008 -29"><span class='ocrx_word' id='word_1_700' title='bbox 1845 2207 2094 2276; x_wconf 63' lang='grc' dir='ltr'>Ιἠξίωται,</span> <span class='ocrx_word' id='word_1_701' title='bbox 2119 2208 2416 2276; x_wconf 86' lang='grc' dir='ltr'>ἀναγκαῖον</span> <span class='ocrx_word' id='word_1_702' title='bbox 2447 2208 2631 2262; x_wconf 84' lang='grc' dir='ltr'>λοιπὸν</span> <span class='ocrx_word' id='word_1_703' title='bbox 2667 2213 2759 2264; x_wconf 75' lang='grc' dir='ltr'>καὶ</span> <span class='ocrx_word' id='word_1_704' title='bbox 2797 2216 2918 2275; x_wconf 87' lang='grc' dir='ltr'>ταῖς</span> <span class='ocrx_word' id='word_1_705' title='bbox 2963 2215 3177 2286; x_wconf 75' lang='grc' dir='ltr'>ἑτέραις</span> <span class='ocrx_word' id='word_1_706' title='bbox 3203 2217 3427 2280; x_wconf 70' lang='grc' dir='ltr'>ἑαυτοὺς</span> 
     </span>
    </p>
   </div>
   <div class='ocr_carea' id='block_1_91' title="bbox 1846 2290 3425 2370">
    <p class='ocr_par' dir='ltr' id='par_1_91' title="bbox 1846 2290 3425 2370">
     <span class='ocr_line' id='line_1_91' title="bbox 1846 2290 3425 2370; baseline 0.004 -25"><span class='ocrx_word' id='word_1_707' title='bbox 1846 2293 1954 2346; x_wconf 89' lang='grc' dir='ltr'>τῶν</span> <span class='ocrx_word' id='word_1_708' title='bbox 2001 2290 2236 2365; x_wconf 83' lang='grc' dir='ltr'>Γραφῶν</span> <span class='ocrx_word' id='word_1_709' title='bbox 2268 2291 2479 2358; x_wconf 79' lang='grc' dir='ltr'>λέξεσιν</span> <span class='ocrx_word' id='word_1_710' title='bbox 2512 2294 2807 2348; x_wconf 82' lang='grc' dir='ltr'>ἐπιδοῦναι.</span> <span class='ocrx_word' id='word_1_711' title='bbox 2844 2296 3208 2363; x_wconf 78' lang='grc' dir='ltr'>Αὺξὰνεσθε,</span> <span class='ocrx_word' id='word_1_712' title='bbox 3242 2300 3425 2370; x_wconf 79' lang='grc' dir='ltr'>ἐπειδὴ</span> 
     </span>
    </p>
   </div>
   <div class='ocr_carea' id='block_1_92' title="bbox 1849 2375 3428 2448">
    <p class='ocr_par' dir='ltr' id='par_1_92' title="bbox 1849 2375 3428 2448">
     <span class='ocr_line' id='line_1_92' title="bbox 1849 2375 3428 2448; baseline 0.004 -18"><span class='ocrx_word' id='word_1_713' title='bbox 1849 2375 2051 2448; x_wconf 87' lang='grc' dir='ltr'>μικρά·</span> <span class='ocrx_word' id='word_1_714' title='bbox 2079 2375 2490 2441; x_wconf 72' lang='grc' dir='ltr'>Πληθύνεσθε,</span> <span class='ocrx_word' id='word_1_715' title='bbox 2525 2377 2710 2446; x_wconf 81' lang='grc' dir='ltr'>ἐπειδὴ</span> <span class='ocrx_word' id='word_1_716' title='bbox 2749 2378 2930 2448; x_wconf 67' lang='grc' dir='ltr'>ὀλίγαν</span> <span class='ocrx_word' id='word_1_717' title='bbox 2963 2382 3319 2448; x_wconf 73' lang='grc' dir='ltr'>Πληρώσατε</span> <span class='ocrx_word' id='word_1_718' title='bbox 3355 2385 3428 2436; x_wconf 83' lang='grc' dir='ltr'>τά</span> 
     </span>
    </p>
   </div>
   <div class='ocr_carea' id='block_1_93' title="bbox 1846 2458 3427 2535">
    <p class='ocr_par' dir='ltr' id='par_1_93' title="bbox 1846 2458 3427 2535">
     <span class='ocr_line' id='line_1_93' title="bbox 1846 2458 3427 2535; baseline 0.002 -22"><span class='ocrx_word' id='word_1_719' title='bbox 1846 2459 2066 2524; x_wconf 80' lang='grc' dir='ltr'>ὕδατα,</span> <span class='ocrx_word' id='word_1_720' title='bbox 2113 2458 2300 2529; x_wconf 83' lang='grc' dir='ltr'>ἐπειδὴ</span> <span class='ocrx_word' id='word_1_721' title='bbox 2349 2461 2405 2511; x_wconf 91' lang='grc' dir='ltr'>ἐν</span> <span class='ocrx_word' id='word_1_722' title='bbox 2445 2460 2618 2529; x_wconf 91' lang='grc' dir='ltr'>μέρει.</span> <span class='ocrx_word' id='word_1_723' title='bbox 2675 2462 2991 2529; x_wconf 82' lang='grc' dir='ltr'>Ἀναγκαῖον</span> <span class='ocrx_word' id='word_1_724' title='bbox 3043 2464 3099 2515; x_wconf 87' lang='grc' dir='ltr'>δὲ</span> <span class='ocrx_word' id='word_1_725' title='bbox 3147 2467 3205 2517; x_wconf 86' lang='grc' dir='ltr'>ἐν</span> <span class='ocrx_word' id='word_1_726' title='bbox 3257 2465 3427 2535; x_wconf 83' lang='grc' dir='ltr'>ἑτέρῳ</span> 
     </span>
    </p>
   </div>
   <div class='ocr_carea' id='block_1_94' title="bbox 1851 2541 3429 2615">
    <p class='ocr_par' dir='ltr' id='par_1_94' title="bbox 1851 2541 3429 2615">
     <span class='ocr_line' id='line_1_94' title="bbox 1851 2541 3429 2615; baseline 0.003 -18"><span class='ocrx_word' id='word_1_727' title='bbox 1851 2543 2027 2615; x_wconf 84' lang='grc' dir='ltr'>καιρῷ</span> <span class='ocrx_word' id='word_1_728' title='bbox 2063 2541 2225 2598; x_wconf 86' lang='grc' dir='ltr'>πάλιν</span> <span class='ocrx_word' id='word_1_729' title='bbox 2253 2541 2506 2612; x_wconf 77' lang='grc' dir='ltr'>ζητῆσαι,</span> <span class='ocrx_word' id='word_1_730' title='bbox 2554 2543 2697 2597; x_wconf 86' lang='grc' dir='ltr'>ὃιατί</span> <span class='ocrx_word' id='word_1_731' title='bbox 2726 2546 2850 2608; x_wconf 82' lang='grc' dir='ltr'>τοὺς</span> <span class='ocrx_word' id='word_1_732' title='bbox 2888 2546 3073 2614; x_wconf 80' lang='grc' dir='ltr'>ἰχθύας</span> <span class='ocrx_word' id='word_1_733' title='bbox 3101 2551 3194 2601; x_wconf 78' lang='grc' dir='ltr'>καὶ</span> <span class='ocrx_word' id='word_1_734' title='bbox 3232 2550 3300 2601; x_wconf 73' lang='grc' dir='ltr'>τά</span> <span class='ocrx_word' id='word_1_735' title='bbox 3335 2567 3429 2602; x_wconf 85' lang='grc' dir='ltr'>πε-</span> 
     </span>
    </p>
   </div>
   <div class='ocr_carea' id='block_1_95' title="bbox 1846 2625 3429 2698">
    <p class='ocr_par' dir='ltr' id='par_1_95' title="bbox 1846 2625 3429 2698">
     <span class='ocr_line' id='line_1_95' title="bbox 1846 2625 3429 2698; baseline 0.005 -22"><span class='ocrx_word' id='word_1_736' title='bbox 1846 2625 1999 2679; x_wconf 88' lang='grc' dir='ltr'>τεινά</span> <span class='ocrx_word' id='word_1_737' title='bbox 2033 2625 2128 2680; x_wconf 75' lang='grc' dir='ltr'>καὶ</span> <span class='ocrx_word' id='word_1_738' title='bbox 2171 2625 2264 2678; x_wconf 84' lang='grc' dir='ltr'>τὸν</span> <span class='ocrx_word' id='word_1_739' title='bbox 2311 2625 2593 2694; x_wconf 84' lang='grc' dir='ltr'>ἄνθρωπον</span> <span class='ocrx_word' id='word_1_740' title='bbox 2649 2628 2809 2696; x_wconf 85' lang='grc' dir='ltr'>μόνον</span> <span class='ocrx_word' id='word_1_741' title='bbox 2860 2628 2960 2698; x_wconf 80' lang='grc' dir='ltr'>τῆς</span> <span class='ocrx_word' id='word_1_742' title='bbox 2995 2630 3244 2698; x_wconf 86' lang='grc' dir='ltr'>εὐλογίας</span> <span class='ocrx_word' id='word_1_743' title='bbox 3295 2649 3429 2684; x_wconf 85' lang='grc' dir='ltr'>κατ-</span> 
     </span>
    </p>
   </div>
   <div class='ocr_carea' id='block_1_96' title="bbox 1849 2706 3429 2778">
    <p class='ocr_par' dir='ltr' id='par_1_96' title="bbox 1849 2706 3429 2778">
     <span class='ocr_line' id='line_1_96' title="bbox 1849 2706 3429 2778; baseline 0.004 -20"><span class='ocrx_word' id='word_1_744' title='bbox 1849 2708 2070 2778; x_wconf 81' lang='grc' dir='ltr'>ηξίωσε,</span> <span class='ocrx_word' id='word_1_745' title='bbox 2100 2709 2215 2769; x_wconf 83' lang='grc' dir='ltr'>τοῖς</span> <span class='ocrx_word' id='word_1_746' title='bbox 2239 2707 2296 2760; x_wconf 87' lang='grc' dir='ltr'>δέ</span> <span class='ocrx_word' id='word_1_747' title='bbox 2329 2706 2535 2768; x_wconf 82' lang='grc' dir='ltr'>λοιποῖς</span> <span class='ocrx_word' id='word_1_748' title='bbox 2558 2709 2616 2759; x_wconf 93' lang='grc' dir='ltr'>οὐ</span> <span class='ocrx_word' id='word_1_749' title='bbox 2654 2709 2924 2777; x_wconf 86' lang='grc' dir='ltr'>μετέδωκε</span> <span class='ocrx_word' id='word_1_750' title='bbox 2947 2710 3166 2778; x_wconf 88' lang='grc' dir='ltr'>ταύτης.</span> <span class='ocrx_word' id='word_1_751' title='bbox 3199 2712 3346 2773; x_wconf 89' lang='grc' dir='ltr'>Τέως</span> <span class='ocrx_word' id='word_1_752' title='bbox 3373 2713 3429 2765; x_wconf 81' lang='grc' dir='ltr'>δὲ</span> 
     </span>
    </p>
   </div>
   <div class='ocr_carea' id='block_1_97' title="bbox 1851 2786 3429 2862">
    <p class='ocr_par' dir='ltr' id='par_1_97' title="bbox 1851 2786 3429 2862">
     <span class='ocr_line' id='line_1_97' title="bbox 1851 2786 3429 2862; baseline 0.003 -21"><span class='ocrx_word' id='word_1_753' title='bbox 1851 2788 2034 2851; x_wconf 86' lang='grc' dir='ltr'>καθὼς</span> <span class='ocrx_word' id='word_1_754' title='bbox 2064 2786 2511 2857; x_wconf 87' lang='grc' dir='ltr'>ἐπηγγειλάμεθα</span> <span class='ocrx_word' id='word_1_755' title='bbox 2540 2787 2638 2858; x_wconf 80' lang='grc' dir='ltr'>τῆς</span> <span class='ocrx_word' id='word_1_756' title='bbox 2663 2788 2983 2853; x_wconf 82' lang='grc' dir='ltr'>ἀκολουθίας</span> <span class='ocrx_word' id='word_1_757' title='bbox 3012 2791 3286 2862; x_wconf 85' lang='grc' dir='ltr'>ἐχώμεθα.</span> <span class='ocrx_word' id='word_1_758' title='bbox 3320 2795 3429 2846; x_wconf 80' lang='grc' dir='ltr'>Καὶ</span> 
     </span>
    </p>
   </div>
   <div class='ocr_carea' id='block_1_98' title="bbox 1850 2867 3427 2942">
    <p class='ocr_par' dir='ltr' id='par_1_98' title="bbox 1850 2867 3427 2942">
     <span class='ocr_line' id='line_1_98' title="bbox 1850 2867 3427 2942; baseline 0.001 -17"><span class='ocrx_word' id='word_1_759' title='bbox 1850 2867 2020 2925; x_wconf 79' lang='grc' dir='ltr'>εἶπεν</span> <span class='ocrx_word' id='word_1_760' title='bbox 2063 2873 2096 2925; x_wconf 85' lang='grc' dir='ltr'><em>ὁ</em></span> <span class='ocrx_word' id='word_1_761' title='bbox 2131 2871 2296 2935; x_wconf 85' lang='grc' dir='ltr'>Θεός·</span> <span class='ocrx_word' id='word_1_762' title='bbox 2358 2871 2724 2940; x_wconf 78' lang='grc' dir='ltr'>Ἐξαγαγέτω</span> <span class='ocrx_word' id='word_1_763' title='bbox 2762 2873 2799 2938; x_wconf 78' lang='grc' dir='ltr'>η</span> <span class='ocrx_word' id='word_1_764' title='bbox 2848 2871 2924 2941; x_wconf 79' lang='grc' dir='ltr'>γῆ</span> <span class='ocrx_word' id='word_1_765' title='bbox 2959 2873 3168 2942; x_wconf 69' lang='grc' dir='ltr'>ψυχὴν</span> <span class='ocrx_word' id='word_1_766' title='bbox 3213 2872 3427 2934; x_wconf 72' lang='grc' dir='ltr'>ζῶσαν.</span> 
     </span>
    </p>
   </div>
   <div class='ocr_carea' id='block_1_99' title="bbox 1853 2952 3430 3029">
    <p class='ocr_par' dir='ltr' id='par_1_99' title="bbox 1853 2952 3430 3029">
     <span class='ocr_line' id='line_1_99' title="bbox 1853 2952 3430 3029; baseline 0.002 -22"><span class='ocrx_word' id='word_1_767' title='bbox 1853 2953 1964 3023; x_wconf 83' lang='grc' dir='ltr'>Τὴν</span> <span class='ocrx_word' id='word_1_768' title='bbox 1995 2953 2098 3024; x_wconf 82' lang='grc' dir='ltr'>γῆν</span> <span class='ocrx_word' id='word_1_769' title='bbox 2124 2955 2152 3006; x_wconf 90' lang='grc' dir='ltr'><strong>ὀ</strong></span> <span class='ocrx_word' id='word_1_770' title='bbox 2183 2952 2314 3015; x_wconf 84' lang='grc' dir='ltr'>Θεὸς</span> <span class='ocrx_word' id='word_1_771' title='bbox 2346 2952 2503 3023; x_wconf 80' lang='grc' dir='ltr'>διπλῇ</span> <span class='ocrx_word' id='word_1_772' title='bbox 2536 2953 2847 3024; x_wconf 78' lang='grc' dir='ltr'>περιϐάλλει</span> <span class='ocrx_word' id='word_1_773' title='bbox 2891 2960 3043 3028; x_wconf 80' lang='grc' dir='ltr'>τιμῇ.</span> <span class='ocrx_word' id='word_1_774' title='bbox 3075 2956 3294 3028; x_wconf 87' lang='grc' dir='ltr'>Πρῶτον</span> <span class='ocrx_word' id='word_1_775' title='bbox 3323 2958 3430 3029; x_wconf 83' lang='grc' dir='ltr'>γάρ</span> 
     </span>
    </p>
   </div>
   <div class='ocr_carea' id='block_1_100' title="bbox 1853 3035 3432 3110">
    <p class='ocr_par' dir='ltr' id='par_1_100' title="bbox 1853 3035 3432 3110">
     <span class='ocr_line' id='line_1_100' title="bbox 1853 3035 3432 3110; baseline 0.003 -20"><span class='ocrx_word' id='word_1_776' title='bbox 1853 3035 1990 3107; x_wconf 77' lang='grc' dir='ltr'>αῦτη</span> <span class='ocrx_word' id='word_1_777' title='bbox 2033 3037 2194 3106; x_wconf 80' lang='grc' dir='ltr'>γεννᾷ</span> <span class='ocrx_word' id='word_1_778' title='bbox 2223 3035 2290 3088; x_wconf 83' lang='lat' dir='ltr'>td</span> <span class='ocrx_word' id='word_1_779' title='bbox 2318 3036 2609 3106; x_wconf 86' lang='grc' dir='ltr'>σπέρματα</span> <span class='ocrx_word' id='word_1_780' title='bbox 2651 3037 2744 3090; x_wconf 65' lang='grc' dir='ltr'>καὶ¹</span> <span class='ocrx_word' id='word_1_781' title='bbox 2771 3039 2941 3106; x_wconf 87' lang='grc' dir='ltr'>φυτά,</span> <span class='ocrx_word' id='word_1_782' title='bbox 2972 3040 3064 3093; x_wconf 72' lang='grc' dir='ltr'>καὶ</span> <span class='ocrx_word' id='word_1_783' title='bbox 3095 3041 3232 3110; x_wconf 88' lang='grc' dir='ltr'>μετά</span> <span class='ocrx_word' id='word_1_784' title='bbox 3260 3041 3432 3094; x_wconf 83' lang='grc' dir='ltr'>ταῦτα</span> 
     </span>
    </p>
   </div>
   <div class='ocr_carea' id='block_1_101' title="bbox 1853 3118 3430 3194">
    <p class='ocr_par' dir='ltr' id='par_1_101' title="bbox 1853 3118 3430 3194">
     <span class='ocr_line' id='line_1_101' title="bbox 1853 3118 3430 3194; baseline 0.003 -22"><span class='ocrx_word' id='word_1_785' title='bbox 1853 3121 1921 3173; x_wconf 78' lang='grc' dir='ltr'>τά</span> <span class='ocrx_word' id='word_1_786' title='bbox 1967 3119 2109 3184; x_wconf 76' lang='grc' dir='ltr'>ζῶα,</span> <span class='ocrx_word' id='word_1_787' title='bbox 2144 3119 2246 3172; x_wconf 86' lang='grc' dir='ltr'>οὐκ</span> <span class='ocrx_word' id='word_1_788' title='bbox 2287 3118 2530 3187; x_wconf 88' lang='grc' dir='ltr'>ἀλόγως,</span> <span class='ocrx_word' id='word_1_789' title='bbox 2580 3119 2692 3172; x_wconf 87' lang='grc' dir='ltr'>ἀλλ’</span> <span class='ocrx_word' id='word_1_790' title='bbox 2743 3120 2929 3193; x_wconf 79' lang='grc' dir='ltr'>ἐπειδὴ</span> <span class='ocrx_word' id='word_1_791' title='bbox 2985 3125 3295 3194; x_wconf 86' lang='grc' dir='ltr'>οίκητήριον</span> <span class='ocrx_word' id='word_1_792' title='bbox 3334 3126 3430 3176; x_wconf 83' lang='grc' dir='ltr'>ἀν-</span> 
     </span>
    </p>
   </div>
   <div class='ocr_carea' id='block_1_102' title="bbox 1856 3200 3431 3273">
    <p class='ocr_par' dir='ltr' id='par_1_102' title="bbox 1856 3200 3431 3273">
     <span class='ocr_line' id='line_1_102' title="bbox 1856 3200 3431 3273; baseline 0.002 -17"><span class='ocrx_word' id='word_1_793' title='bbox 1856 3202 2074 3272; x_wconf 84' lang='grc' dir='ltr'>θρώπου</span> <span class='ocrx_word' id='word_1_794' title='bbox 2124 3200 2313 3272; x_wconf 79' lang='grc' dir='ltr'>ἔμελλε</span> <span class='ocrx_word' id='word_1_795' title='bbox 2358 3202 2636 3270; x_wconf 78' lang='grc' dir='ltr'>γίνεσθαι·</span> <span class='ocrx_word' id='word_1_796' title='bbox 2690 3204 2751 3256; x_wconf 92' lang='grc' dir='ltr'>οὐ</span> <span class='ocrx_word' id='word_1_797' title='bbox 2797 3205 2956 3273; x_wconf 88' lang='grc' dir='ltr'>μόνον</span> <span class='ocrx_word' id='word_1_798' title='bbox 2991 3205 3046 3258; x_wconf 83' lang='grc' dir='ltr'>δὲ</span> <span class='ocrx_word' id='word_1_799' title='bbox 3095 3206 3270 3272; x_wconf 77' lang='grc' dir='ltr'>τοῦτο,</span> <span class='ocrx_word' id='word_1_800' title='bbox 3317 3207 3431 3259; x_wconf 82' lang='grc' dir='ltr'>ἀλλ’</span> 
     </span>
    </p>
   </div>
   <div class='ocr_carea' id='block_1_103' title="bbox 1857 3285 3434 3360">
    <p class='ocr_par' dir='ltr' id='par_1_103' title="bbox 1857 3285 3434 3360">
     <span class='ocr_line' id='line_1_103' title="bbox 1857 3285 3434 3360; baseline 0.003 -21"><span class='ocrx_word' id='word_1_801' title='bbox 1857 3286 2042 3351; x_wconf 84' lang='grc' dir='ltr'>ἐπειδὴ</span> <span class='ocrx_word' id='word_1_802' title='bbox 2072 3285 2166 3337; x_wconf 75' lang='grc' dir='ltr'>καὶ</span> <span class='ocrx_word' id='word_1_803' title='bbox 2189 3285 2247 3349; x_wconf 82' lang='grc' dir='ltr'>ἐξ</span> <span class='ocrx_word' id='word_1_804' title='bbox 2273 3285 2440 3354; x_wconf 80' lang='grc' dir='ltr'>αὐτῆς</span> <span class='ocrx_word' id='word_1_805' title='bbox 2462 3285 2664 3356; x_wconf 89' lang='grc' dir='ltr'>ταύτης</span> <span class='ocrx_word' id='word_1_806' title='bbox 2690 3287 2718 3338; x_wconf 79' lang='grc' dir='ltr'><strong>ὁ</strong></span> <span class='ocrx_word' id='word_1_807' title='bbox 2745 3287 2905 3351; x_wconf 84' lang='grc' dir='ltr'>αὐτὸς</span> <span class='ocrx_word' id='word_1_808' title='bbox 2928 3288 3210 3360; x_wconf 74' lang='grc' dir='ltr'>ἄνθρωπος</span> <span class='ocrx_word' id='word_1_809' title='bbox 3243 3290 3434 3360; x_wconf 82' lang='grc' dir='ltr'>ἔμελλε</span> 
     </span>
    </p>
   </div>
   <div class='ocr_carea' id='block_1_104' title="bbox 1856 3365 3433 3440">
    <p class='ocr_par' dir='ltr' id='par_1_104' title="bbox 1856 3365 3433 3440">
     <span class='ocr_line' id='line_1_104' title="bbox 1856 3365 3433 3440; baseline 0.003 -18"><span class='ocrx_word' id='word_1_810' title='bbox 1856 3367 2168 3439; x_wconf 79' lang='grc' dir='ltr'>τρέφεσθαι,</span> <span class='ocrx_word' id='word_1_811' title='bbox 2201 3367 2276 3430; x_wconf 88' lang='grc' dir='ltr'>ὼς</span> <span class='ocrx_word' id='word_1_812' title='bbox 2314 3365 2510 3437; x_wconf 77' lang='grc' dir='ltr'>τροφὸν</span> <span class='ocrx_word' id='word_1_813' title='bbox 2548 3367 2716 3437; x_wconf 81' lang='grc' dir='ltr'>αὐτὴν</span> <span class='ocrx_word' id='word_1_814' title='bbox 2748 3370 2841 3422; x_wconf 80' lang='grc' dir='ltr'>καὶ</span> <span class='ocrx_word' id='word_1_815' title='bbox 2877 3371 3088 3440; x_wconf 84' lang='grc' dir='ltr'>μητέρα</span> <span class='ocrx_word' id='word_1_816' title='bbox 3121 3370 3312 3424; x_wconf 89' lang='grc' dir='ltr'>τούτου</span> <span class='ocrx_word' id='word_1_817' title='bbox 3341 3375 3433 3426; x_wconf 83' lang='grc' dir='ltr'>τοῦ</span> 
     </span>
    </p>
   </div>
   <div class='ocr_carea' id='block_1_105' title="bbox 1860 3447 3433 3526">
    <p class='ocr_par' dir='ltr' id='par_1_105' title="bbox 1860 3447 3433 3526">
     <span class='ocr_line' id='line_1_105' title="bbox 1860 3447 3433 3526; baseline 0.002 -22"><span class='ocrx_word' id='word_1_818' title='bbox 1860 3450 2095 3522; x_wconf 84' lang='grc' dir='ltr'>μεγάλου</span> <span class='ocrx_word' id='word_1_819' title='bbox 2134 3447 2276 3514; x_wconf 76' lang='grc' dir='ltr'>ζὼου</span> <span class='ocrx_word' id='word_1_820' title='bbox 2321 3450 2474 3520; x_wconf 77' lang='grc' dir='ltr'>τιμᾷ.</span> <span class='ocrx_word' id='word_1_821' title='bbox 2504 3448 2647 3519; x_wconf 84' lang='grc' dir='ltr'>Ὅρα</span> <span class='ocrx_word' id='word_1_822' title='bbox 2678 3449 2733 3502; x_wconf 79' lang='grc' dir='ltr'>δὲ</span> <span class='ocrx_word' id='word_1_823' title='bbox 2779 3451 2872 3504; x_wconf 72' lang='grc' dir='ltr'>καὶ</span> <span class='ocrx_word' id='word_1_824' title='bbox 2903 3452 3169 3514; x_wconf 79' lang='grc' dir='ltr'>ἐνταῦθα,</span> <span class='ocrx_word' id='word_1_825' title='bbox 3208 3455 3324 3516; x_wconf 90' lang='grc' dir='ltr'>πῶς</span> <span class='ocrx_word' id='word_1_826' title='bbox 3366 3458 3433 3526; x_wconf 81' lang='grc' dir='ltr'>τῇ</span> 
     </span>
    </p>
   </div>
   <div class='ocr_carea' id='block_1_106' title="bbox 1859 3533 3437 3606">
    <p class='ocr_par' dir='ltr' id='par_1_106' title="bbox 1859 3533 3437 3606">
     <span class='ocr_line' id='line_1_106' title="bbox 1859 3533 3437 3606; baseline 0.002 -18"><span class='ocrx_word' id='word_1_827' title='bbox 1859 3535 2149 3605; x_wconf 77' lang='grc' dir='ltr'>ἀκολουθίᾳ</span> <span class='ocrx_word' id='word_1_828' title='bbox 2190 3533 2478 3603; x_wconf 73' lang='grc' dir='ltr'>ἐχρήσατο.</span> <span class='ocrx_word' id='word_1_829' title='bbox 2525 3533 2745 3602; x_wconf 86' lang='grc' dir='ltr'>Πρῶτον</span> <span class='ocrx_word' id='word_1_830' title='bbox 2777 3535 2883 3604; x_wconf 90' lang='grc' dir='ltr'>γάρ</span> <span class='ocrx_word' id='word_1_831' title='bbox 2910 3538 3314 3606; x_wconf 76' lang='grc' dir='ltr'>παρασκευάζει</span> <span class='ocrx_word' id='word_1_832' title='bbox 3340 3539 3437 3599; x_wconf 72' lang='grc' dir='ltr'>τὰς</span> 
     </span>
    </p>
   </div>
   <div class='ocr_carea' id='block_1_107' title="bbox 1858 3613 3436 3689">
    <p class='ocr_par' dir='ltr' id='par_1_107' title="bbox 1858 3613 3436 3689">
     <span class='ocr_line' id='line_1_107' title="bbox 1858 3613 3436 3689; baseline 0.016 -19"><span class='ocrx_word' id='word_1_833' title='bbox 1858 3621 2093 3688; x_wconf 71' lang='grc' dir='ltr'>τροφάς·</span> <span class='ocrx_word' id='word_1_834' title='bbox 2135 3613 2235 3670; x_wconf 77' lang='grc' dir='ltr'>εἷθ’</span> <span class='ocrx_word' id='word_1_835' title='bbox 2270 3615 2440 3680; x_wconf 76' lang='grc' dir='ltr'>οὕτως</span> <span class='ocrx_word' id='word_1_836' title='bbox 2474 3616 2681 3683; x_wconf 72' lang='grc' dir='ltr'>εἰσάγει</span> <span class='ocrx_word' id='word_1_837' title='bbox 2733 3619 2797 3670; x_wconf 71' lang='grc' dir='ltr'>τὰ</span> <span class='ocrx_word' id='word_1_838' title='bbox 2826 3618 2923 3688; x_wconf 79' lang='grc' dir='ltr'>τῆς</span> <span class='ocrx_word' id='word_1_839' title='bbox 2954 3619 3158 3689; x_wconf 74' lang='grc' dir='ltr'>τροφῆς</span> <span class='ocrx_word' id='word_1_840' title='bbox 3195 3621 3436 3674; x_wconf 68' lang='grc' dir='ltr'>ἀπολαύ-</span> 
     </span>
    </p>
   </div>
   <div class='ocr_carea' id='block_1_108' title="bbox 1861 3700 3433 3775">
    <p class='ocr_par' dir='ltr' id='par_1_108' title="bbox 1861 3700 3433 3775">
     <span class='ocr_line' id='line_1_108' title="bbox 1861 3700 3433 3775; baseline 0.001 -19"><span class='ocrx_word' id='word_1_841' title='bbox 1861 3720 2057 3767; x_wconf 89' lang='grc' dir='ltr'>σοντα,</span> <span class='ocrx_word' id='word_1_842' title='bbox 2104 3701 2352 3771; x_wconf 87' lang='grc' dir='ltr'>καθάπερ</span> <span class='ocrx_word' id='word_1_843' title='bbox 2399 3700 2493 3754; x_wconf 75' lang='grc' dir='ltr'>καὶ</span> <span class='ocrx_word' id='word_1_844' title='bbox 2535 3702 2624 3753; x_wconf 79' lang='grc' dir='ltr'>ἐπὶ</span> <span class='ocrx_word' id='word_1_845' title='bbox 2676 3700 2768 3753; x_wconf 90' lang='grc' dir='ltr'>τοῦ</span> <span class='ocrx_word' id='word_1_846' title='bbox 2819 3701 3106 3772; x_wconf 84' lang='grc' dir='ltr'>ἀνθρώπου</span> <span class='ocrx_word' id='word_1_847' title='bbox 3160 3705 3433 3775; x_wconf 87' lang='grc' dir='ltr'>ἐποίησεν.</span> 
     </span>
    </p>
   </div>
   <div class='ocr_carea' id='block_1_109' title="bbox 1859 3781 3438 3858">
    <p class='ocr_par' dir='ltr' id='par_1_109' title="bbox 1859 3781 3438 3858">
     <span class='ocr_line' id='line_1_109' title="bbox 1859 3781 3438 3858; baseline 0 -18"><span class='ocrx_word' id='word_1_848' title='bbox 1859 3787 2082 3858; x_wconf 85' lang='grc' dir='ltr'>Πρῶτον</span> <span class='ocrx_word' id='word_1_849' title='bbox 2110 3787 2200 3837; x_wconf 78' lang='grc' dir='ltr'>τὸν</span> <span class='ocrx_word' id='word_1_850' title='bbox 2227 3781 2372 3837; x_wconf 84' lang='grc' dir='ltr'>οἶκον</span> <span class='ocrx_word' id='word_1_851' title='bbox 2397 3785 2508 3852; x_wconf 86' lang='grc' dir='ltr'>ἀπὴ</span> <span class='ocrx_word' id='word_1_852' title='bbox 2521 3801 2688 3854; x_wconf 84' lang='grc' dir='ltr'>ρτισε,</span> <span class='ocrx_word' id='word_1_853' title='bbox 2726 3786 2820 3838; x_wconf 77' lang='grc' dir='ltr'>καὶ</span> <span class='ocrx_word' id='word_1_854' title='bbox 2847 3787 2987 3839; x_wconf 79' lang='grc' dir='ltr'>οὕτω</span> <span class='ocrx_word' id='word_1_855' title='bbox 3006 3788 3096 3839; x_wconf 84' lang='grc' dir='ltr'>τὸν</span> <span class='ocrx_word' id='word_1_856' title='bbox 3129 3789 3438 3842; x_wconf 83' lang='grc' dir='ltr'>οἰκοδεσπό-</span> 
     </span>
    </p>
   </div>
   <div class='ocr_carea' id='block_1_110' title="bbox 1858 3867 3434 3940">
    <p class='ocr_par' dir='ltr' id='par_1_110' title="bbox 1858 3867 3434 3940">
     <span class='ocr_line' id='line_1_110' title="bbox 1858 3867 3434 3940; baseline 0.002 -18"><span class='ocrx_word' id='word_1_857' title='bbox 1858 3887 1958 3940; x_wconf 89' lang='grc' dir='ltr'>την</span> <span class='ocrx_word' id='word_1_858' title='bbox 2007 3871 2321 3936; x_wconf 82' lang='grc' dir='ltr'>είσήγαγεν.</span> <span class='ocrx_word' id='word_1_859' title='bbox 2371 3867 2728 3936; x_wconf 80' lang='grc' dir='ltr'>Ἐξαγαγέτω</span> <span class='ocrx_word' id='word_1_860' title='bbox 2775 3870 2811 3935; x_wconf 75' lang='grc' dir='ltr'>ἡ</span> <span class='ocrx_word' id='word_1_861' title='bbox 2852 3868 2928 3937; x_wconf 77' lang='grc' dir='ltr'>γῆ</span> <span class='ocrx_word' id='word_1_862' title='bbox 2969 3872 3181 3939; x_wconf 68' lang='grc' dir='ltr'>ψυχὴν</span> <span class='ocrx_word' id='word_1_863' title='bbox 3219 3871 3434 3931; x_wconf 77' lang='grc' dir='ltr'>ζῶσαν.</span> 
     </span>
    </p>
   </div>
   <div class='ocr_carea' id='block_1_111' title="bbox 1870 3949 3438 4022">
    <p class='ocr_par' dir='ltr' id='par_1_111' title="bbox 1870 3949 3438 4022">
     <span class='ocr_line' id='line_1_111' title="bbox 1870 3949 3438 4022; baseline 0.002 -18"><span class='ocrx_word' id='word_1_864' title='bbox 1870 3953 1933 4004; x_wconf 87' lang='grc' dir='ltr'><em>Ἥ</em></span> <span class='ocrx_word' id='word_1_865' title='bbox 1983 3951 2188 4022; x_wconf 79' lang='grc' dir='ltr'>ἄψυχος</span> <span class='ocrx_word' id='word_1_866' title='bbox 2244 3951 2318 4019; x_wconf 82' lang='grc' dir='ltr'>γῆ</span> <span class='ocrx_word' id='word_1_867' title='bbox 2367 3949 2530 4002; x_wconf 86' lang='grc' dir='ltr'>πόθεν</span> <span class='ocrx_word' id='word_1_868' title='bbox 2573 3952 2735 4020; x_wconf 77' lang='grc' dir='ltr'>γεννᾷ</span> <span class='ocrx_word' id='word_1_869' title='bbox 2783 3951 2956 4021; x_wconf 71' lang='grc' dir='ltr'>ψυχὴν</span> <span class='ocrx_word' id='word_1_870' title='bbox 3017 3950 3226 4018; x_wconf 80' lang='grc' dir='ltr'>ζῶσαν;</span> <span class='ocrx_word' id='word_1_871' title='bbox 3275 3954 3438 4007; x_wconf 86' lang='grc' dir='ltr'>πόθεν</span> 
     </span>
    </p>
   </div>
   <div class='ocr_carea' id='block_1_112' title="bbox 1861 4032 3441 4106">
    <p class='ocr_par' dir='ltr' id='par_1_112' title="bbox 1861 4032 3441 4106">
     <span class='ocr_line' id='line_1_112' title="bbox 1861 4032 3441 4106; baseline 0.001 -19"><span class='ocrx_word' id='word_1_872' title='bbox 1861 4033 2095 4103; x_wconf 82' lang='grc' dir='ltr'>προῆλθε</span> <span class='ocrx_word' id='word_1_873' title='bbox 2121 4033 2257 4085; x_wconf 88' lang='grc' dir='ltr'>λέων</span> <span class='ocrx_word' id='word_1_874' title='bbox 2289 4032 2724 4102; x_wconf 79' lang='grc' dir='ltr'>βρυχώμενος,ἥ</span> <span class='ocrx_word' id='word_1_875' title='bbox 2763 4034 2925 4096; x_wconf 83' lang='grc' dir='ltr'>ἵππος</span> <span class='ocrx_word' id='word_1_876' title='bbox 2965 4036 3195 4105; x_wconf 82' lang='grc' dir='ltr'>τρέχων,</span> <span class='ocrx_word' id='word_1_877' title='bbox 3239 4037 3272 4105; x_wconf 80' lang='grc' dir='ltr'><strong>ἢ</strong></span> <span class='ocrx_word' id='word_1_878' title='bbox 3310 4037 3441 4106; x_wconf 72' lang='grc' dir='ltr'>βοῦς</span> 
     </span>
    </p>
   </div>
   <div class='ocr_carea' id='block_1_113' title="bbox 1863 4113 3442 4187">
    <p class='ocr_par' dir='ltr' id='par_1_113' title="bbox 1863 4113 3442 4187">
     <span class='ocr_line' id='line_1_113' title="bbox 1863 4113 3442 4187; baseline 0.001 -18"><span class='ocrx_word' id='word_1_879' title='bbox 1863 4117 2124 4186; x_wconf 87' lang='grc' dir='ltr'>ἐργάτης,</span> <span class='ocrx_word' id='word_1_880' title='bbox 2164 4114 2197 4182; x_wconf 79' lang='grc' dir='ltr'>ἢ</span> <span class='ocrx_word' id='word_1_881' title='bbox 2240 4113 2538 4184; x_wconf 81' lang='grc' dir='ltr'>ἀχθοφόρος</span> <span class='ocrx_word' id='word_1_882' title='bbox 2567 4113 2713 4178; x_wconf 77' lang='grc' dir='ltr'>δνοςς</span> <span class='ocrx_word' id='word_1_883' title='bbox 2755 4115 2917 4166; x_wconf 86' lang='grc' dir='ltr'>πόθεν</span> <span class='ocrx_word' id='word_1_884' title='bbox 2959 4118 3016 4167; x_wconf 85' lang='grc' dir='ltr'>αί</span> <span class='ocrx_word' id='word_1_885' title='bbox 3043 4117 3294 4187; x_wconf 72' lang='grc' dir='ltr'>διαφοραὶ</span> <span class='ocrx_word' id='word_1_886' title='bbox 3332 4120 3442 4171; x_wconf 82' lang='grc' dir='ltr'>τῶν</span> 
     </span>
    </p>
   </div>
   <div class='ocr_carea' id='block_1_114' title="bbox 1862 4194 3440 4268">
    <p class='ocr_par' dir='ltr' id='par_1_114' title="bbox 1862 4194 3440 4268">
     <span class='ocr_line' id='line_1_114' title="bbox 1862 4194 3440 4268; baseline 0 -17"><span class='ocrx_word' id='word_1_887' title='bbox 1862 4197 2045 4262; x_wconf 72' lang='grc' dir='ltr'>ζώωνς</span> <span class='ocrx_word' id='word_1_888' title='bbox 2083 4196 2245 4248; x_wconf 88' lang='grc' dir='ltr'>πόθεν</span> <span class='ocrx_word' id='word_1_889' title='bbox 2293 4195 2356 4248; x_wconf 82' lang='grc' dir='ltr'>ἐκ</span> <span class='ocrx_word' id='word_1_890' title='bbox 2404 4195 2503 4265; x_wconf 83' lang='grc' dir='ltr'>τῆς</span> <span class='ocrx_word' id='word_1_891' title='bbox 2543 4194 2750 4266; x_wconf 74' lang='grc' dir='ltr'>ἀψύχου</span> <span class='ocrx_word' id='word_1_892' title='bbox 2779 4197 3036 4250; x_wconf 88' lang='grc' dir='ltr'>τοσαῦται</span> <span class='ocrx_word' id='word_1_893' title='bbox 3078 4199 3282 4268; x_wconf 63' lang='grc' dir='ltr'>ψυχαί;</span> <span class='ocrx_word' id='word_1_894' title='bbox 3333 4201 3440 4258; x_wconf 74' lang='grc' dir='ltr'>Καὶ</span> 
     </span>
    </p>
   </div>
   <div class='ocr_carea' id='block_1_115' title="bbox 1862 4278 3448 4353">
    <p class='ocr_par' dir='ltr' id='par_1_115' title="bbox 1862 4278 3448 4353">
     <span class='ocr_line' id='line_1_115' title="bbox 1862 4278 3448 4353; baseline 0 -18"><span class='ocrx_word' id='word_1_895' title='bbox 1862 4281 1961 4336; x_wconf 90' lang='grc' dir='ltr'>οὐκ</span> <span class='ocrx_word' id='word_1_896' title='bbox 1992 4279 2337 4349; x_wconf 77' lang='grc' dir='ltr'>αἰσχύνονται</span> <span class='ocrx_word' id='word_1_897' title='bbox 2364 4278 2656 4347; x_wconf 77' lang='grc' dir='ltr'>αἱρετικῶν</span> <span class='ocrx_word' id='word_1_898' title='bbox 2689 4279 2874 4341; x_wconf 89' lang='grc' dir='ltr'>παῖδες</span> <span class='ocrx_word' id='word_1_899' title='bbox 2893 4319 2907 4345; x_wconf 92' lang='grc'>,</span> <span class='ocrx_word' id='word_1_900' title='bbox 2941 4281 3020 4333; x_wconf 80' lang='grc' dir='ltr'>ὅτι</span> <span class='ocrx_word' id='word_1_901' title='bbox 3050 4283 3081 4352; x_wconf 88' lang='grc' dir='ltr'>ή</span> <span class='ocrx_word' id='word_1_902' title='bbox 3113 4283 3209 4350; x_wconf 82' lang='grc' dir='ltr'>μὲν</span> <span class='ocrx_word' id='word_1_903' title='bbox 3236 4283 3448 4353; x_wconf 74' lang='grc' dir='ltr'>ἄψυχος</span> 
     </span>
    </p>
   </div>
   <div class='ocr_carea' id='block_1_116' title="bbox 1865 4358 3441 4434">
    <p class='ocr_par' dir='ltr' id='par_1_116' title="bbox 1865 4358 3441 4434">
     <span class='ocr_line' id='line_1_116' title="bbox 1865 4358 3441 4434; baseline 0.003 -19"><span class='ocrx_word' id='word_1_904' title='bbox 1865 4364 1936 4432; x_wconf 82' lang='grc' dir='ltr'>γῆ</span> <span class='ocrx_word' id='word_1_905' title='bbox 1981 4363 2047 4434; x_wconf 75' lang='grc' dir='ltr'>ἣν</span> <span class='ocrx_word' id='word_1_906' title='bbox 2080 4363 2180 4415; x_wconf 84' lang='grc' dir='ltr'>οὐκ</span> <span class='ocrx_word' id='word_1_907' title='bbox 2215 4358 2366 4432; x_wconf 67' lang='grc'>[469]</span> <span class='ocrx_word' id='word_1_908' title='bbox 2400 4361 2510 4431; x_wconf 78' lang='grc' dir='ltr'>ἔχει</span> <span class='ocrx_word' id='word_1_909' title='bbox 2554 4362 2813 4433; x_wconf 84' lang='grc' dir='ltr'>προφέρει</span> <span class='ocrx_word' id='word_1_910' title='bbox 2848 4363 3054 4433; x_wconf 75' lang='grc' dir='ltr'>ψυχήν·</span> <span class='ocrx_word' id='word_1_911' title='bbox 3103 4365 3232 4418; x_wconf 76' lang='grc' dir='ltr'>Θεὸν</span> <span class='ocrx_word' id='word_1_912' title='bbox 3261 4366 3316 4418; x_wconf 79' lang='grc' dir='ltr'>δὲ</span> <span class='ocrx_word' id='word_1_913' title='bbox 3347 4368 3441 4418; x_wconf 79' lang='grc' dir='ltr'>ἐὰν</span> 
     </span>
    </p>
   </div>
   <div class='ocr_carea' id='block_1_117' title="bbox 1863 4443 3442 4514">
    <p class='ocr_par' dir='ltr' id='par_1_117' title="bbox 1863 4443 3442 4514">
     <span class='ocr_line' id='line_1_117' title="bbox 1863 4443 3442 4514; baseline 0.001 -14"><span class='ocrx_word' id='word_1_914' title='bbox 1863 4446 2185 4503; x_wconf 82' lang='grc' dir='ltr'>ἀκούσωσιν.</span> <span class='ocrx_word' id='word_1_915' title='bbox 2217 4446 2298 4496; x_wconf 83' lang='grc' dir='ltr'>ὅτι</span> <span class='ocrx_word' id='word_1_916' title='bbox 2325 4443 2612 4514; x_wconf 85' lang='grc' dir='ltr'>ἐγέννησεν</span> <span class='ocrx_word' id='word_1_917' title='bbox 2637 4446 2699 4497; x_wconf 85' lang='grc' dir='ltr'>ἐκ</span> <span class='ocrx_word' id='word_1_918' title='bbox 2718 4445 2816 4514; x_wconf 80' lang='grc' dir='ltr'>τῆς</span> <span class='ocrx_word' id='word_1_919' title='bbox 2841 4446 2975 4510; x_wconf 76' lang='grc' dir='ltr'>ἰδίας</span> <span class='ocrx_word' id='word_1_920' title='bbox 3004 4447 3213 4511; x_wconf 87' lang='grc' dir='ltr'>οὐσίας,</span> <span class='ocrx_word' id='word_1_921' title='bbox 3242 4448 3442 4510; x_wconf 87' lang='grc' dir='ltr'>εὐθέως</span> 
     </span>
    </p>
   </div>
   <div class='ocr_carea' id='block_1_118' title="bbox 1861 4521 3439 4595">
    <p class='ocr_par' dir='ltr' id='par_1_118' title="bbox 1861 4521 3439 4595">
     <span class='ocr_line' id='line_1_118' title="bbox 1861 4521 3439 4595; baseline 0.002 -17"><span class='ocrx_word' id='word_1_922' title='bbox 1861 4525 1970 4578; x_wconf 84' lang='grc' dir='ltr'>τῶν</span> <span class='ocrx_word' id='word_1_923' title='bbox 1995 4521 2270 4593; x_wconf 90' lang='grc' dir='ltr'>λογισμῶν</span> <span class='ocrx_word' id='word_1_924' title='bbox 2301 4521 2400 4584; x_wconf 88' lang='grc' dir='ltr'>τάς</span> <span class='ocrx_word' id='word_1_925' title='bbox 2425 4521 2629 4584; x_wconf 89' lang='grc' dir='ltr'>πλοκάς</span> <span class='ocrx_word' id='word_1_926' title='bbox 2655 4523 2883 4588; x_wconf 85' lang='grc' dir='ltr'>κινοῦσι,</span> <span class='ocrx_word' id='word_1_927' title='bbox 2913 4528 3005 4578; x_wconf 64' lang='grc' dir='ltr'>καὶ¹</span> <span class='ocrx_word' id='word_1_928' title='bbox 3034 4528 3439 4595; x_wconf 70' lang='grc' dir='ltr'>ἐπεισάγουσιν·</span> 
     </span>
    </p>
   </div>
   <div class='ocr_carea' id='block_1_119' title="bbox 1864 4604 3443 4677">
    <p class='ocr_par' dir='ltr' id='par_1_119' title="bbox 1864 4604 3443 4677">
     <span class='ocr_line' id='line_1_119' title="bbox 1864 4604 3443 4677; baseline -0.006 -16"><span class='ocrx_word' id='word_1_929' title='bbox 1864 4607 2073 4660; x_wconf 89' lang='grc' dir='ltr'>Οὐκοῦν</span> <span class='ocrx_word' id='word_1_930' title='bbox 2102 4604 2337 4676; x_wconf 82' lang='grc' dir='ltr'>ἐτμήθη,</span> <span class='ocrx_word' id='word_1_931' title='bbox 2385 4604 2577 4656; x_wconf 83' lang='grc' dir='ltr'>οὐκοῦν</span> <span class='ocrx_word' id='word_1_932' title='bbox 2607 4604 2857 4677; x_wconf 84' lang='grc' dir='ltr'>διῃρέθη,</span> <span class='ocrx_word' id='word_1_933' title='bbox 2893 4607 3088 4660; x_wconf 72' lang='grc' dir='ltr'>οὐκοῦν</span> <span class='ocrx_word' id='word_1_934' title='bbox 3117 4609 3283 4662; x_wconf 72' lang='grc' dir='ltr'>ἔπαθε</span> <span class='ocrx_word' id='word_1_935' title='bbox 3306 4652 3318 4672; x_wconf 64' lang='grc'><em>,</em></span> <span class='ocrx_word' id='word_1_936' title='bbox 3349 4613 3443 4664; x_wconf 60' lang='grc' dir='ltr'>καὶ</span> 
     </span>
    </p>
   </div>
   <div class='ocr_carea' id='block_1_120' title="bbox 1863 4687 3443 4764">
    <p class='ocr_par' dir='ltr' id='par_1_120' title="bbox 1863 4687 3443 4764">
     <span class='ocr_line' id='line_1_120' title="bbox 1863 4687 3443 4764; baseline 0.001 -21"><span class='ocrx_word' id='word_1_937' title='bbox 1863 4691 2088 4744; x_wconf 87' lang='grc' dir='ltr'>τοιαῦτα</span> <span class='ocrx_word' id='word_1_938' title='bbox 2115 4690 2213 4742; x_wconf 81' lang='grc' dir='ltr'>ὅσα</span> <span class='ocrx_word' id='word_1_939' title='bbox 2241 4687 2360 4750; x_wconf 88' lang='grc' dir='ltr'>ἔθος</span> <span class='ocrx_word' id='word_1_940' title='bbox 2384 4687 2564 4749; x_wconf 86' lang='grc' dir='ltr'>αὐτοῖς</span> <span class='ocrx_word' id='word_1_941' title='bbox 2593 4687 2791 4753; x_wconf 86' lang='grc' dir='ltr'>λέγειν.</span> <span class='ocrx_word' id='word_1_942' title='bbox 2819 4690 2891 4740; x_wconf 81' lang='grc' dir='ltr'>Οὐ</span> <span class='ocrx_word' id='word_1_943' title='bbox 2914 4690 3021 4761; x_wconf 78' lang='grc' dir='ltr'>γὰρ</span> <span class='ocrx_word' id='word_1_944' title='bbox 3054 4691 3146 4743; x_wconf 85' lang='grc' dir='ltr'>τοῦ</span> <span class='ocrx_word' id='word_1_945' title='bbox 3178 4694 3443 4764; x_wconf 87' lang='grc' dir='ltr'>παρόντος</span> 
     </span>
    </p>
   </div>
   <div class='ocr_carea' id='block_1_121' title="bbox 1865 4770 3446 4843">
    <p class='ocr_par' dir='ltr' id='par_1_121' title="bbox 1865 4770 3446 4843">
     <span class='ocr_line' id='line_1_121' title="bbox 1865 4770 3446 4843; baseline 0.001 -16"><span class='ocrx_word' id='word_1_946' title='bbox 1865 4774 1981 4827; x_wconf 71' lang='grc' dir='ltr'>ἐστὶ</span> <span class='ocrx_word' id='word_1_947' title='bbox 2007 4771 2198 4843; x_wconf 83' lang='grc' dir='ltr'>καιροῦ</span> <span class='ocrx_word' id='word_1_948' title='bbox 2239 4772 2369 4823; x_wconf 75' lang='grc' dir='ltr'>πᾶσι</span> <span class='ocrx_word' id='word_1_949' title='bbox 2410 4772 2520 4832; x_wconf 89' lang='grc' dir='ltr'>τοῖς</span> <span class='ocrx_word' id='word_1_950' title='bbox 2552 4770 2681 4840; x_wconf 82' lang='grc' dir='ltr'>παρ’</span> <span class='ocrx_word' id='word_1_951' title='bbox 2727 4770 2904 4822; x_wconf 89' lang='grc' dir='ltr'>αὐτῶν</span> <span class='ocrx_word' id='word_1_952' title='bbox 2951 4771 3258 4842; x_wconf 78' lang='grc' dir='ltr'>λεγομένοις</span> <span class='ocrx_word' id='word_1_953' title='bbox 3305 4777 3446 4828; x_wconf 69' lang='grc' dir='ltr'>κατὰ</span> 
     </span>
    </p>
   </div>
   <div class='ocr_carea' id='block_1_122' title="bbox 1865 4853 3445 4928">
    <p class='ocr_par' dir='ltr' id='par_1_122' title="bbox 1865 4853 3445 4928">
     <span class='ocr_line' id='line_1_122' title="bbox 1865 4853 3445 4928; baseline -0.001 -17"><span class='ocrx_word' id='word_1_954' title='bbox 1865 4857 1956 4911; x_wconf 87' lang='grc' dir='ltr'>τοῦ</span> <span class='ocrx_word' id='word_1_955' title='bbox 1992 4855 2325 4924; x_wconf 83' lang='grc' dir='ltr'>Μονσγενοῦς</span> <span class='ocrx_word' id='word_1_956' title='bbox 2364 4854 2655 4920; x_wconf 84' lang='grc' dir='ltr'>ἐπεξιέναι,</span> <span class='ocrx_word' id='word_1_957' title='bbox 2708 4853 2906 4923; x_wconf 83' lang='grc' dir='ltr'>μᾶλλον</span> <span class='ocrx_word' id='word_1_958' title='bbox 2945 4854 3000 4906; x_wconf 78' lang='grc' dir='ltr'>δὲ</span> <span class='ocrx_word' id='word_1_959' title='bbox 3025 4857 3162 4909; x_wconf 82' lang='grc' dir='ltr'>κατά</span> <span class='ocrx_word' id='word_1_960' title='bbox 3194 4859 3290 4928; x_wconf 76' lang='grc' dir='ltr'>τῆς</span> <span class='ocrx_word' id='word_1_961' title='bbox 3321 4861 3445 4910; x_wconf 84' lang='grc' dir='ltr'>ἐαυ-</span> 
     </span>
    </p>
   </div>
   <div class='ocr_carea' id='block_1_123' title="bbox 1864 4935 3447 5012">
    <p class='ocr_par' dir='ltr' id='par_1_123' title="bbox 1864 4935 3447 5012">
     <span class='ocr_line' id='line_1_123' title="bbox 1864 4935 3447 5012; baseline 0.001 -19"><span class='ocrx_word' id='word_1_962' title='bbox 1864 4940 1972 4993; x_wconf 89' lang='grc' dir='ltr'>τῶν</span> <span class='ocrx_word' id='word_1_963' title='bbox 2032 4939 2324 5010; x_wconf 89' lang='grc' dir='ltr'>σωτηρίας.</span> <span class='ocrx_word' id='word_1_964' title='bbox 2379 4935 2516 4990; x_wconf 81' lang='grc' dir='ltr'>Οὐτε</span> <span class='ocrx_word' id='word_1_965' title='bbox 2561 4936 2668 5006; x_wconf 82' lang='grc' dir='ltr'>γάρ</span> <span class='ocrx_word' id='word_1_966' title='bbox 2709 4936 3123 5007; x_wconf 81' lang='grc' dir='ltr'>εὐφημούμενος</span> <span class='ocrx_word' id='word_1_967' title='bbox 3175 4941 3447 5012; x_wconf 85' lang='grc' dir='ltr'>κερδαίνει</span> 
     </span>
    </p>
   </div>
   <div class='ocr_carea' id='block_1_124' title="bbox 1865 5019 3448 5090">
    <p class='ocr_par' dir='ltr' id='par_1_124' title="bbox 1865 5019 3448 5090">
     <span class='ocr_line' id='line_1_124' title="bbox 1865 5019 3448 5090; baseline 0 -14"><span class='ocrx_word' id='word_1_968' title='bbox 1865 5022 2017 5087; x_wconf 84' lang='grc' dir='ltr'>Θεὸς,</span> <span class='ocrx_word' id='word_1_969' title='bbox 2077 5022 2198 5076; x_wconf 84' lang='grc' dir='ltr'>οὐτε</span> <span class='ocrx_word' id='word_1_970' title='bbox 2253 5019 2736 5090; x_wconf 81' lang='grc' dir='ltr'>βλασφημούμενος</span> <span class='ocrx_word' id='word_1_971' title='bbox 2785 5019 3079 5088; x_wconf 85' lang='grc' dir='ltr'>βλάπτεται</span> <span class='ocrx_word' id='word_1_972' title='bbox 3111 5023 3355 5087; x_wconf 85' lang='grc' dir='ltr'>πάντως·</span> <span class='ocrx_word' id='word_1_973' title='bbox 3395 5027 3448 5076; x_wconf 81' lang='grc' dir='ltr'>εί</span> 
     </span>
    </p>
   </div>
   <div class='ocr_carea' id='block_1_125' title="bbox 1871 5102 3447 5178">
    <p class='ocr_par' dir='ltr' id='par_1_125' title="bbox 1871 5102 3447 5178">
     <span class='ocr_line' id='line_1_125' title="bbox 1871 5102 3447 5178; baseline -0.008 -19"><span class='ocrx_word' id='word_1_974' title='bbox 1871 5107 1945 5178; x_wconf 80' lang='grc' dir='ltr'>μὴ</span> <span class='ocrx_word' id='word_1_975' title='bbox 1968 5108 2031 5161; x_wconf 81' lang='grc' dir='ltr'>ἀν</span> <span class='ocrx_word' id='word_1_976' title='bbox 2061 5123 2142 5167; x_wconf 89' lang='grc' dir='ltr'>τις</span> <span class='ocrx_word' id='word_1_977' title='bbox 2167 5105 2302 5173; x_wconf 91' lang='grc' dir='ltr'>τάχα</span> <span class='ocrx_word' id='word_1_978' title='bbox 2331 5102 2519 5173; x_wconf 85' lang='grc' dir='ltr'>κέρδος</span> <span class='ocrx_word' id='word_1_979' title='bbox 2546 5102 2840 5169; x_wconf 85' lang='grc' dir='ltr'>λέγοιΘεοῦ</span> <span class='ocrx_word' id='word_1_980' title='bbox 2865 5104 2962 5173; x_wconf 83' lang='grc' dir='ltr'>τὴν</span> <span class='ocrx_word' id='word_1_981' title='bbox 2979 5103 3247 5175; x_wconf 76' lang='grc' dir='ltr'>ἡμετέραν</span> <span class='ocrx_word' id='word_1_982' title='bbox 3275 5124 3447 5177; x_wconf 75' lang='grc' dir='ltr'>σωτη-</span> 
     </span>
    </p>
   </div>
   <div class='ocr_carea' id='block_1_126' title="bbox 1872 5185 3449 5262">
    <p class='ocr_par' dir='ltr' id='par_1_126' title="bbox 1872 5185 3449 5262">
     <span class='ocr_line' id='line_1_126' title="bbox 1872 5185 3449 5262; baseline -0.001 -19"><span class='ocrx_word' id='word_1_983' title='bbox 1872 5192 2010 5262; x_wconf 87' lang='grc' dir='ltr'>ρίαν.</span> <span class='ocrx_word' id='word_1_984' title='bbox 2048 5188 2216 5250; x_wconf 82' lang='grc' dir='ltr'>Αὐτὸς</span> <span class='ocrx_word' id='word_1_985' title='bbox 2255 5186 2360 5257; x_wconf 81' lang='grc' dir='ltr'>γὰρ</span> <span class='ocrx_word' id='word_1_986' title='bbox 2392 5185 2606 5256; x_wconf 83' lang='grc' dir='ltr'>πλήρης</span> <span class='ocrx_word' id='word_1_987' title='bbox 2646 5187 2762 5238; x_wconf 77' lang='grc' dir='ltr'>ἐστὶ</span> <span class='ocrx_word' id='word_1_988' title='bbox 2792 5186 2992 5250; x_wconf 77' lang='grc' dir='ltr'>παντὸς</span> <span class='ocrx_word' id='word_1_989' title='bbox 3027 5187 3252 5255; x_wconf 89' lang='grc' dir='ltr'>ἀγαθοῦ,</span> <span class='ocrx_word' id='word_1_990' title='bbox 3296 5191 3449 5243; x_wconf 88' lang='grc' dir='ltr'>ἀνεν-</span> 
     </span>
    </p>
   </div>
   <div class='ocr_carea' id='block_1_127' title="bbox 1867 5270 3448 5345">
    <p class='ocr_par' dir='ltr' id='par_1_127' title="bbox 1867 5270 3448 5345">
     <span class='ocr_line' id='line_1_127' title="bbox 1867 5270 3448 5345; baseline -0.001 -19"><span class='ocrx_word' id='word_1_991' title='bbox 1867 5275 1989 5345; x_wconf 76' lang='grc' dir='ltr'>δεὴς</span> <span class='ocrx_word' id='word_1_992' title='bbox 2021 5272 2278 5342; x_wconf 75' lang='grc' dir='ltr'>ὑπάρχων</span> <span class='ocrx_word' id='word_1_993' title='bbox 2313 5272 2368 5322; x_wconf 89' lang='grc' dir='ltr'>ἐν</span> <span class='ocrx_word' id='word_1_994' title='bbox 2415 5271 2651 5323; x_wconf 72' lang='grc' dir='ltr'>ἃπασινο</span> <span class='ocrx_word' id='word_1_995' title='bbox 2701 5270 2861 5333; x_wconf 85' lang='grc' dir='ltr'>αὐτὸς</span> <span class='ocrx_word' id='word_1_996' title='bbox 2895 5272 2992 5340; x_wconf 81' lang='grc' dir='ltr'>μὲν</span> <span class='ocrx_word' id='word_1_997' title='bbox 3035 5273 3239 5336; x_wconf 87' lang='grc' dir='ltr'>πάντας</span> <span class='ocrx_word' id='word_1_998' title='bbox 3287 5274 3448 5327; x_wconf 81' lang='grc' dir='ltr'>πλου-</span> 
     </span>
    </p>
   </div>
   <div class='ocr_carea' id='block_1_128' title="bbox 1866 5353 3449 5425">
    <p class='ocr_par' dir='ltr' id='par_1_128' title="bbox 1866 5353 3449 5425">
     <span class='ocr_line' id='line_1_128' title="bbox 1866 5353 3449 5425; baseline 0 -17"><span class='ocrx_word' id='word_1_999' title='bbox 1866 5357 2048 5420; x_wconf 73' lang='grc' dir='ltr'>τίζων,</span> <span class='ocrx_word' id='word_1_1000' title='bbox 2077 5354 2300 5425; x_wconf 75' lang='grc' dir='ltr'>μηδενὸς</span> <span class='ocrx_word' id='word_1_1001' title='bbox 2323 5353 2380 5405; x_wconf 80' lang='grc' dir='ltr'>δέ</span> <span class='ocrx_word' id='word_1_1002' title='bbox 2400 5353 2813 5423; x_wconf 83' lang='grc' dir='ltr'>προσδεόμενος.</span> <span class='ocrx_word' id='word_1_1003' title='bbox 2842 5354 3030 5423; x_wconf 83' lang='grc' dir='ltr'>Ὅμως</span> <span class='ocrx_word' id='word_1_1004' title='bbox 3057 5355 3105 5407; x_wconf 89' lang='grc' dir='ltr'>τί</span> <span class='ocrx_word' id='word_1_1005' title='bbox 3131 5355 3238 5425; x_wconf 78' lang='grc' dir='ltr'>γὰρ</span> <span class='ocrx_word' id='word_1_1006' title='bbox 3277 5355 3342 5408; x_wconf 84' lang='grc' dir='ltr'>ἀν</span> <span class='ocrx_word' id='word_1_1007' title='bbox 3366 5374 3449 5418; x_wconf 90' lang='grc' dir='ltr'>τις</span> 
     </span>
    </p>
   </div>
   <div class='ocr_carea' id='block_1_129' title="bbox 1868 5433 3452 5507">
    <p class='ocr_par' dir='ltr' id='par_1_129' title="bbox 1868 5433 3452 5507">
     <span class='ocr_line' id='line_1_129' title="bbox 1868 5433 3452 5507; baseline 0.001 -16"><span class='ocrx_word' id='word_1_1008' title='bbox 1868 5440 1960 5492; x_wconf 68' lang='grc' dir='ltr'>καὶ</span> <span class='ocrx_word' id='word_1_1009' title='bbox 2001 5439 2114 5507; x_wconf 86' lang='grc' dir='ltr'>δοίη</span> <span class='ocrx_word' id='word_1_1010' title='bbox 2141 5437 2215 5506; x_wconf 83' lang='grc' dir='ltr'>τῷ</span> <span class='ocrx_word' id='word_1_1011' title='bbox 2236 5438 2453 5489; x_wconf 88' lang='grc' dir='ltr'>πάντων</span> <span class='ocrx_word' id='word_1_1012' title='bbox 2480 5434 2586 5488; x_wconf 88' lang='grc' dir='ltr'>τῶν</span> <span class='ocrx_word' id='word_1_1013' title='bbox 2612 5436 2831 5503; x_wconf 88' lang='grc' dir='ltr'>ἀγαθῶν</span> <span class='ocrx_word' id='word_1_1014' title='bbox 2857 5440 3006 5507; x_wconf 79' lang='grc' dir='ltr'>πηγῇ</span> <span class='ocrx_word' id='word_1_1015' title='bbox 3039 5438 3358 5500; x_wconf 84' lang='grc' dir='ltr'>καθεστῶτι,</span> <span class='ocrx_word' id='word_1_1016' title='bbox 3389 5433 3452 5493; x_wconf 76' lang='grc' dir='ltr'>οῦ</span> 
     </span>
    </p>
   </div>
   <div class='ocr_carea' id='block_1_130' title="bbox 1871 5518 3449 5593">
    <p class='ocr_par' dir='ltr' id='par_1_130' title="bbox 1871 5518 3449 5593">
     <span class='ocr_line' id='line_1_130' title="bbox 1871 5518 3449 5593; baseline 0.001 -20"><span class='ocrx_word' id='word_1_1017' title='bbox 1871 5523 2028 5592; x_wconf 75' lang='grc' dir='ltr'>μόνον</span> <span class='ocrx_word' id='word_1_1018' title='bbox 2061 5521 2237 5574; x_wconf 88' lang='grc' dir='ltr'>πάντα</span> <span class='ocrx_word' id='word_1_1019' title='bbox 2283 5519 2382 5588; x_wconf 82' lang='grc' dir='ltr'>τῆς</span> <span class='ocrx_word' id='word_1_1020' title='bbox 2431 5518 2840 5590; x_wconf 83' lang='grc' dir='ltr'>φιλανθρωπίας</span> <span class='ocrx_word' id='word_1_1021' title='bbox 2895 5520 3218 5593; x_wconf 73' lang='grc' dir='ltr'>ὲξήρτηται;</span> <span class='ocrx_word' id='word_1_1022' title='bbox 3254 5521 3449 5585; x_wconf 76' lang='grc' dir='ltr'>Καθὼς</span> 
     </span>
    </p>
   </div>
   <div class='ocr_carea' id='block_1_131' title="bbox 1870 5601 3444 5672">
    <p class='ocr_par' dir='ltr' id='par_1_131' title="bbox 1870 5601 3444 5672">
     <span class='ocr_line' id='line_1_131' title="bbox 1870 5601 3444 5672; baseline 0.001 -18"><span class='ocrx_word' id='word_1_1023' title='bbox 1870 5620 2031 5672; x_wconf 83' lang='grc' dir='ltr'>φησιν</span> <span class='ocrx_word' id='word_1_1024' title='bbox 2079 5602 2107 5655; x_wconf 86' lang='grc' dir='ltr'>ὁ</span> <span class='ocrx_word' id='word_1_1025' title='bbox 2159 5601 2360 5654; x_wconf 81' lang='grc' dir='ltr'>Δαυῖδ·</span> <span class='ocrx_word' id='word_1_1026' title='bbox 2427 5601 2628 5654; x_wconf 74' lang='grc' dir='ltr'>Πάντα</span> <span class='ocrx_word' id='word_1_1027' title='bbox 2677 5602 2827 5670; x_wconf 75' lang='grc' dir='ltr'>πρὸς</span> <span class='ocrx_word' id='word_1_1028' title='bbox 2874 5602 2948 5655; x_wconf 87' lang='grc' dir='ltr'>σὲ</span> <span class='ocrx_word' id='word_1_1029' title='bbox 3007 5602 3444 5671; x_wconf 77' lang='grc' dir='ltr'>προσδοκῶσιν.</span> 
     </span>
    </p>
   </div>
   <div class='ocr_carea' id='block_1_132' title="bbox 1880 5683 3453 5754">
    <p class='ocr_par' dir='ltr' id='par_1_132' title="bbox 1880 5683 3453 5754">
     <span class='ocr_line' id='line_1_132' title="bbox 1880 5683 3453 5754; baseline 0 -14"><span class='ocrx_word' id='word_1_1030' title='bbox 1880 5687 2154 5754; x_wconf 77' lang='grc' dir='ltr'>Ἀνοίγεις</span> <span class='ocrx_word' id='word_1_1031' title='bbox 2192 5684 2274 5739; x_wconf 88' lang='grc' dir='ltr'>σὺ</span> <span class='ocrx_word' id='word_1_1032' title='bbox 2322 5685 2435 5753; x_wconf 79' lang='grc' dir='ltr'>τὴν</span> <span class='ocrx_word' id='word_1_1033' title='bbox 2467 5683 2632 5753; x_wconf 81' lang='grc' dir='ltr'>χεῖρά</span> <span class='ocrx_word' id='word_1_1034' title='bbox 2678 5703 2818 5749; x_wconf 81' lang='grc' dir='ltr'>σου,</span> <span class='ocrx_word' id='word_1_1035' title='bbox 2855 5685 2954 5739; x_wconf 81' lang='grc' dir='ltr'>καὶ</span> <span class='ocrx_word' id='word_1_1036' title='bbox 2995 5686 3298 5754; x_wconf 68' lang='grc' dir='ltr'>ἐμπιπλᾷς</span> <span class='ocrx_word' id='word_1_1037' title='bbox 3329 5687 3453 5743; x_wconf 75' lang='grc' dir='ltr'>πᾶν</span> 
     </span>
    </p>
   </div>
   <div class='ocr_carea' id='block_1_133' title="bbox 1873 5769 3451 5844">
    <p class='ocr_par' dir='ltr' id='par_1_133' title="bbox 1873 5769 3451 5844">
     <span class='ocr_line' id='line_1_133' title="bbox 1873 5769 3451 5844; baseline 0.004 -22"><span class='ocrx_word' id='word_1_1038' title='bbox 1873 5769 2019 5830; x_wconf 67' lang='grc' dir='ltr'>ζῶον</span> <span class='ocrx_word' id='word_1_1039' title='bbox 2051 5769 2345 5837; x_wconf 73' lang='grc' dir='ltr'>εὐδοκίας.</span> <span class='ocrx_word' id='word_1_1040' title='bbox 2410 5769 2569 5823; x_wconf 83' lang='grc' dir='ltr'>Ἀλλά</span> <span class='ocrx_word' id='word_1_1041' title='bbox 2604 5770 2694 5824; x_wconf 74' lang='grc' dir='ltr'>τὸν</span> <span class='ocrx_word' id='word_1_1042' title='bbox 2730 5771 2884 5840; x_wconf 80' lang='grc' dir='ltr'>λόγον</span> <span class='ocrx_word' id='word_1_1043' title='bbox 2923 5771 3010 5825; x_wconf 77' lang='grc' dir='ltr'>τὸν</span> <span class='ocrx_word' id='word_1_1044' title='bbox 3041 5772 3098 5824; x_wconf 83' lang='grc' dir='ltr'>ἐν</span> <span class='ocrx_word' id='word_1_1045' title='bbox 3143 5774 3328 5844; x_wconf 65' lang='grc' dir='ltr'>χερσὶν</span> <span class='ocrx_word' id='word_1_1046' title='bbox 3373 5775 3451 5838; x_wconf 79' lang='grc' dir='ltr'>είς</span> 
     </span>
    </p>
   </div>
  </div>
