1991 3109
252 197 307 224 461

253 247 341 283 ⁴ιιέρας
359 245 518 280 ἀγάγωμεν.
542 242 628 270 Τοῦτο
643 243 698 281 γάρ
714 242 762 270 καὶ
776 242 843 277 ἡμῖν
857 240 934 276 φίλον
950 239 999 267 καὶ
1014 241 1047 283 τῇ

251 289 328 322 τάξει
349 287 531 322 καθέστηκεν.
554 287 587 312 '0
605 286 656 313 οὐκ
678 286 734 322 ἔχει
751 286 767 320 ἡ
788 284 824 319 γῆ
846 282 995 319 προφέρει,
1010 282 1051 316 τῷ

252 330 445 367 προστάγματι
460 328 609 363 πειθομένη
622 336 629 343 ·
645 327 660 354 ὃ
674 327 731 362 ἔχει
747 327 765 362 ή
781 325 841 353 θεία
857 325 905 352 καὶ
916 324 1051 367 ἄχραντος

252 365 304 399 ούκ
325 371 463 406 ἀπογεννᾷ
488 369 586 404 φύσιες
613 369 695 396 Ἀλλά
718 367 800 395 πάλιν
825 368 863 402 μή
879 375 922 399 τις
935 366 966 393 τὸ
977 365 1050 402 ἐχειν

251 412 496 449 ἀνθρωπινώτερον
505 411 667 447 λαμϐανέτω
686 411 790 445 λέγων·
818 409 901 445 Ὁρᾷς
921 408 980 440 πῶς
1002 408 1050 435 καὶ

251 455 334 486 αὐτὸς
354 454 369 481 0'
391 454 552 485 διδάσκαλος
575 453 660 480 ἔδωκε
679 451 896 489 προγενέστερον
916 450 1050 486 ὑπάρχειν

250 497 299 524 τοῦ
317 497 384 524 Υίοῦ
397 497 444 523 τὸν
459 496 585 531 Πατέρα;
604 494 672 522 ἀλλά
688 494 788 530 μᾶλλον
803 492 970 528 συγγνώμην
983 491 1050 519 ἀπό-

251 547 343 574 νειμαι
355 537 394 573 τῷ
414 537 494 572 λόγῳ,
509 537 664 572 ἀνθρώποις
680 534 740 563 οὖσι
755 536 803 562 καὶ
820 535 937 570 πηλίνην
950 543 1050 570 κεκτη-

252 580 346 615 μένοις
365 579 507 614 γλῶσσαν,
529 579 577 605 καὶ
597 578 666 613 πρὸς
688 576 850 613 ἀνθρώπους
877 576 1050 611 ποιουμένοις

250 621 329 657 λόγον
355 623 421 657 περὶ
441 621 517 652 θείας
539 620 587 647 καὶ
615 620 704 647 πάντα
722 619 802 654 λόγον
828 617 1050 653 ὑπερϐαινούσης

250 663 368 698 φύσεως.
383 662 539 698 Ἄνθρωποι
558 662 613 697 γὰρ
632 661 720 693 ὄντες,
742 660 780 692 ὡς
800 660 940 696 ἀνθρωττοι
957 659 1049 686 λαλεῖν

249 705 441 741 ἐδιδάχθημεν.
459 704 505 740 Μὴ
521 704 575 739 γὰρ
596 703 686 730 ῐσασιν
699 704 723 729 οί
734 702 832 735 ἀθλιοι,
847 702 888 729 ὅτι
903 702 968 737 περὶ
980 700 1048 728 Θεοῦ

248 747 433 782 διαλέγονται,
456 746 642 783 προφέροντες
664 745 761 779 λόγους
780 745 844 776 τοὺς
864 743 911 770 ἐπὶ
927 743 995 770 Θεοῦ
1010 743 1048 778 μὴ

249 789 420 825 ἁρμόζοντας
439 787 577 823 λέγεσθαι.
594 786 650 814 Kal
667 787 719 822 ὅρα
740 785 919 821 κακουργίαν.
934 785 1000 812 Ὀτε
1015 784 1049 811 τά

250 830 396 867 ζητήματα
418 830 623 865 προτείνουσιν,
646 828 701 856 ἀπὸ
727 827 784 855 τῶν
799 826 980 863 ἀνθρωπίνων
1002 825 1048 853 λο-

249 872 358 907 γισμῶν
373 871 517 899 λαλοῦσιν·
538 868 610 897 οῖον·
634 870 703 902 Πᾶν,
728 869 806 905 φησὶ,
831 869 862 895 τὸ
878 867 1049 904 γεννώμενον

249 914 338 949 ἀρχὴν
355 914 412 949 έχει
427 913 475 940 τοῦ
492 911 573 940 εἶναι.
590 911 646 938 Καὶ
668 911 770 944 πόθεν;
787 910 872 938 Τοῦτο
888 910 991 942 εὐθέως
1004 909 1048 937 λέ-

250 963 329 990 γουσι
342 963 349 970 '
366 956 403 982 Σὺ
416 954 557 990 γεννηθεὶς
569 954 620 980 οὐκ
640 953 729 989 ἀρχὴν
743 952 839 988 ἐσχες;
854 952 869 978 ὸ
884 952 975 988 πατήρ
989 960 1047 984 σου,

249 998 265 1024 6
280 997 392 1029 πάππος
404 1006 468 1028 σούς
491 996 554 1023 Ἐὰν
566 995 749 1031 παραστήσῃς
762 994 837 1029 αὐτῷ
850 994 880 1026 ἐξ
893 993 984 1021 αὐτῶν
994 994 1049 1020 τῶν

249 1038 388 1075 λογισμῶν
401 1038 530 1074 λογισμὸν
543 1037 638 1072 ἐτερον
650 1035 775 1063 διαλῦσαι
788 1035 871 1062 αὐτοῦ
881 1035 930 1072 τὴν
950 1035 1049 1072 μανίαν

248 1081 411 1116 δυνάμενον,
431 1079 513 1111 εὐθὺς
534 1078 690 1114 σοφίζεται·
718 1077 787 1113 Περὶ
808 1077 876 1104 Θεοῦ
897 1077 986 1111 λόγος,
1002 1077 1050 1104 καὶ

248 1122 440 1159 ἀνθρωπίνους
463 1130 508 1157 μοι
531 1120 681 1155 λογισμοὺς
708 1118 905 1154 παρεισάγεις;
928 1119 976 1146 καὶ
1000 1118 1050 1155 τὴν

251 1164 302 1199 μέν
317 1164 396 1199 ῥίζαν
413 1163 468 1190 τῶν
490 1162 583 1189 κακῶν
597 1161 652 1189 ἀπὸ
675 1160 773 1188 κοινῶν
791 1161 958 1196 προφέρουσι
974 1161 1050 1195 λογι-

250 1205 328 1241 σμῶν
338 1213 345 1220 ·
365 1205 415 1240 τὴν
428 1204 458 1231 δὲ
481 1204 602 1231 διάλυσιν
622 1202 677 1230 τῶν
689 1202 784 1229 κακῶν
796 1202 827 1229 οὐ
841 1202 982 1238 βούλονται
994 1203 1049 1230 ἀπὸ

249 1247 305 1274 τῶν
315 1247 405 1274 αὐτῶν
419 1245 545 1283 δέχεσθαι
558 1244 707 1281 λογισμῶν.

284 1326 316 1353 δ’.
329 1325 411 1360 Λέγει
421 1325 561 1357 πολλάκις⁸
570 1324 689 1352 Δύναταί
699 1333 741 1357 τις
749 1324 820 1352 εἶναι
829 1324 878 1352 καὶ
885 1323 1030 1359 γεννᾶσθαι
1040 1332 1048 1358 ;

255 1367 319 1393 Ἐἀν
333 1365 390 1398 οὖν,
402 1367 482 1400 δείξω
499 1367 549 1402 τὴν
566 1367 678 1403 Γραφὴν
690 1367 731 1393 ὅτι
745 1367 796 1393 οὐκ
818 1366 865 1393 ἐπὶ
873 1365 941 1393 Θεοῦ
958 1366 1048 1402 μόνον,

249 1408 319 1436 ἀλλά
339 1409 386 1435 καὶ
411 1409 459 1435 ἐπὶ
482 1408 634 1443 ἀνθρώπων
657 1409 789 1444 εισήγαγε
815 1407 846 1434 τὸ
870 1408 1008 1441 τοιοῦτον,
1023 1409 1050 1434 τί

249 1452 353 1483 ποιεῖς;
371 1451 441 1482 Τοὺς
456 1450 504 1476 τοῦ
526 1450 663 1486 μακαρίου
687 1450 815 1486 ’Λϐραάμ
831 1450 930 1481 παῖδας
945 1451 993 1485 οὐχ
1011 1450 1050 1482 ὡς

250 1493 290 1529 μὴ
302 1493 380 1525 ὂντας
393 1493 410 1528 ή
428 1491 524 1527 Γραφὴ
543 1491 617 1526 λέγει
640 1491 807 1526 γεννᾶσθαι,
824 1490 882 1518 ἀλλ’
897 1491 936 1524 ὡς
952 1492 1051 1527 προόν-

248 1543 309 1567 τας.
327 1535 356 1562 '0
371 1535 425 1570 γὰρ
445 1533 571 1569 ’Δὸραάμ
592 1533 722 1569 ἐγέννησε
735 1533 781 1560 τὸν
800 1533 938 1560 Ἰσαάκνό
956 1533 1050 1560 Ὶσαάκ

249 1576 379 1612 ἐγέννησε
405 1576 452 1603 τὸν
479 1575 576 1602 Ἰακώϐ
587 1584 594 1591 ·
617 1575 715 1602 Ἰακὼϐ
730 1574 777 1602 τὸν
792 1576 867 1608 Λευὶ,
883 1575 914 1609 ἐξ
934 1572 965 1603 οὗ
981 1576 998 1611 ή
1014 1575 1050 1602 ίε-

250 1619 350 1655 ρατική
361 1618 443 1654 φυλή.
457 1617 568 1653 Ἐπειδὴ
586 1617 676 1644 τοίνυν
691 1617 731 1653 τῷ
745 1617 914 1653 Μελχισεδὲκ
929 1618 1051 1654 ἀπήντη-

250 1669 297 1688 σεν
312 1659 388 1693 οὗτος
399 1681 407 1692 .
422 1659 494 1694 λέγω
515 1660 547 1695 δὴ
573 1659 700 1695 Ἀϐραὰμ
711 1680 718 1691 ,
737 1659 844 1691 Παῦλος
866 1661 881 1687 ό
900 1659 1049 1692 ἀπόστολος

248 1702 408 1739 ἑρμηνεύων
433 1701 482 1737 τὴν
507 1701 572 1728 ποτέ
590 1701 710 1737 ίστορίαν
731 1702 771 1733 είς
793 1701 931 1736 θεολογίαν
950 1701 1048 1737 λέγει’

248 1744 428 1778 Συνήντησε
455 1743 490 1770 δὲ
515 1744 532 1770 ὁ
557 1742 747 1777 Μελχισεδὲκ
770 1742 811 1776 τῷ
838 1744 961 1778 Ἀϐραὰμ
976 1764 984 1777 ,
998 1743 1049 1771 καί

247 1787 422 1821 ηὺλόγησεν
447 1785 552 1812 αὐτόν.
579 1785 634 1811 Καὶ
659 1785 757 1818 ἐπάγει
781 1785 883 1817 εὐθέως
900 1793 907 1800 ·
923 1786 979 1813 Καί
1008 1786 1048 1818 ὡς

247 1827 321 1860 ἔπος
334 1827 430 1854 εἰπεῖν
438 1825 525 1862 [470],
539 1826 576 1852 δι’
591 1825 720 1860 Ἀϐραὰμ
733 1826 783 1853 καί
798 1827 870 1853 Λευὶ
887 1828 904 1854 d
920 1827 1048 1859 δεκάτας

247 1868 410 1904 λαμϐάνων
424 1867 619 1894 δεδεκάτωται
629 1875 636 1882 ’
659 1867 703 1894 ἔτι
720 1867 775 1902 γπάρ
785 1867 820 1894 ἐν
834 1867 871 1903 τῇ
891 1868 988 1903 ὀσφύϊ
994 1869 1047 1896 τοῦ

248 1911 360 1946 πατρὸς
375 1908 415 1945 ἧν
437 1909 571 1944 Ἁϐραάμ.
585 1910 641 1936 Καὶ
654 1910 668 1936 6
682 1909 779 1945 θνητὸς
796 1910 861 1945 πρὶν
885 1911 1047 1946 γεννηθῆναι

247 1951 292 1989 ἦν.
312 1951 423 1988 Ἐπειδὴ
434 1952 502 1983 ὅλως
518 1953 535 1987 ή
554 1951 617 1987 ῥίζα
638 1951 699 1987 ἔζη,
714 1951 760 1978 τὸν
783 1952 890 1987 καρπὸν
906 1953 976 1988 μετὰ
997 1953 1047 1988 τῆς

248 1994 341 2030 ζώσης
354 1993 433 2030 ῥίζης
445 1994 602 2028 εἰσήγαγεν.
619 1992 753 2019 Ἐνταῦθα
770 1993 884 2026 δέ,ὂπου
903 1996 935 2021 ού
950 1994 1046 2028 πάθος,

249 2037 281 2064 οὑ
307 2036 433 2071 διαδοχῆς
452 2035 563 2071 τρόπος,
579 2035 610 2061 οὺ
635 2036 768 2070 κυοφορία
779 2055 786 2067 ,
802 2035 853 2062 οὐκ
867 2035 1047 2071 ἀνθρωπίνων

250 2078 344 2106 παθῶν
356 2077 512 2109 ἀκολουθία,
528 2077 560 2103 οὐ
575 2076 647 2103 θέλει
664 2077 752 2104 εἰπεῖν
766 2077 832 2104 ὂντα
851 2078 880 2111 ἐξ
895 2078 970 2110 όντος
985 2087 1047 2110 γεν-

248 2121 374 2156 νηθέντα,
389 2120 503 2155 μένοντα
517 2119 546 2145 δὲ
562 2118 665 2150 ἀῖδίως.
688 2118 758 2145 Ἀλλ’
771 2120 795 2146 εί
810 2119 953 2155 ἐγεννήθη.
967 2120 1045 2156 φησὶ,

248 2162 308 2193 πῶς
323 2163 367 2189 ἀεὶ
381 2160 416 2197 ἦν
432 2170 439 2193 ;
452 2162 510 2192 Πᾶς
520 2161 575 2196 γὰρ
586 2161 600 2186 ό
615 2159 785 2195 γεννώμενος
799 2161 887 2197 ἀρχὴν
900 2161 1044 2197 λαμϐάνει.

248 2204 286 2231 Τὸ
299 2204 384 2239 δνομα
399 2203 447 2230 τοῦ
463 2203 564 2238 πατρὸς
582 2202 647 2237 παρ’
662 2201 743 2237 ήμῶν
756 2202 801 2229 διά
815 2202 921 2229 πολλῶν
936 2203 1045 2238 ἔρχεται

247 2246 392 2282 περιόδων.
413 2242 493 2272 Οίοψ
516 2245 618 2271 ὑπόθου
636 2246 776 2272 νεανίσκον
793 2244 979 2280 ἐπιθυμοῦντα
994 2245 1045 2280 γά-

248 2297 311 2324 μου.
334 2287 446 2324 Πρῶτον
472 2287 576 2322 γίνεται
594 2288 738 2323 μνηστήρ,
762 2285 823 2314 εἶτα
842 2286 968 2322 νυμφίος,
985 2285 1045 2314 εἶτα

246 2331 316 2366 ἀνήρ
325 2339 332 2345 ·
346 2330 398 2357 κᾶν
408 2329 488 2365 τέκῃ,
505 2329 565 2355 τότε
576 2328 685 2363 λέγεται
695 2329 789 2364 πατήρ
800 2337 806 2344 ·
824 2328 875 2355 κάν
892 2329 930 2365 μή
942 2328 972 2356 τὸ
983 2337 1044 2363 γεν-

245 2373 368 2407 νώμενον
384 2371 496 2405 αὐτῷτὸ
510 2371 596 2406 δνομα
619 2372 778 2407 χαρίσηται,
795 2371 881 2406 μυρία
904 2371 952 2406 ἐτη
975 2371 1044 2406 μετά

246 2414 296 2449 τῆς
308 2413 437 2448 γυναικὸς
448 2412 496 2440 ἐὰν
507 2413 619 2449 ποιήσῃ,
635 2414 665 2440 οὐ
678 2414 801 2441 καλεῖται
816 2414 918 2449 πατήρ.
927 2414 1044 2449 Ὁμοίως

247 2456 263 2491 ἡ
276 2456 378 2490 μήτηρ,
388 2455 496 2490 πρῶτον
510 2455 653 2490 παρθένος,
664 2453 724 2482 εἷτα
739 2455 857 2491 μνηστὴ,
866 2453 925 2482 είτα
937 2456 1042 2491 νύμφη,

246 2495 305 2522 εἷτα
319 2498 387 2532 γυνή
397 2505 405 2512 ·
423 2498 570 2532 κυοφορεῖ,
584 2496 715 2531 βαστάζει
735 2496 781 2523 τὸν
799 2497 906 2533 καρπόν
916 2505 923 2512 ο
942 2497 994 2523 κᾶν
1005 2497 1043 2532 μὴ

245 2537 316 2564 οὕτω
340 2538 470 2574 προέλθῃ,
495 2539 586 2574 μήτηρ
610 2539 641 2565 οὐ
666 2538 786 2573 λέγεται,
804 2539 864 2566 Κᾶν
886 2539 1042 2575 βαστάσῃή

246 2579 309 2615 ῥίζα
323 2581 369 2605 τὸν
385 2579 502 2615 καρπὸν,
514 2580 563 2606 ἐὰν
579 2581 617 2616 μὴ
628 2580 768 2616 προελθὼν
782 2581 797 2606 6
815 2581 879 2612 παῖς
896 2581 1042 2617 χαρίσηται

245 2622 314 2657 αὐτῇ
332 2621 448 2657 ἀμοιϐὴν
466 2621 520 2647 τῶν
538 2621 626 2648 πόνων
654 2623 704 2657 τὴν
722 2623 926 2658 προσηγορίαν,
944 2623 974 2649 οὑ
999 2623 1043 2649 λέ-

244 2671 322 2696 γεται
340 2664 442 2699 μήτηρ.
457 2663 511 2689 Καὶ
527 2662 607 2689 τοῦτο
621 2663 750 2697 ἐποίησεν
774 2664 813 2695 ὼς
837 2664 919 2698 σοφὸς
934 2665 949 2690 6
964 2664 1040 2696 Θεὸς,

245 2705 287 2731 ἵνα
303 2705 341 2740 μὴ
355 2706 378 2731 οἱ
395 2705 512 2739 πατέρες
526 2704 596 2731 κατά
615 2704 669 2731 τῶν
692 2705 796 2731 παίδων
813 2706 967 2740 καυχῶνται
979 2715 986 2721 ·
999 2707 1041 2733 ἵνα

244 2746 282 2782 μή
293 2746 359 2783 λέγῃ
370 2748 384 2774 ὀ
399 2747 490 2782 πατὴρ
506 2746 544 2782 τῷ
557 2746 641 2778 παιδὶ,
666 2746 736 2781 Ἐγώ
750 2755 791 2773 σοι
803 2747 833 2773 τὸ
850 2747 900 2782 ζῇν
910 2748 1041 2784 ἐχαρισά-

244 2797 315 2823 μην·
331 2789 364 2815 δι’
380 2789 431 2824 ἐμὲ
450 2789 596 2824 ἐγεννήθης
613 2797 620 2803 ·
643 2788 677 2815 δι’
695 2787 762 2823 ἐμοῦ
778 2790 819 2820 είς
834 2789 865 2815 τὸ
881 2787 951 2816 εἶναι
968 2799 1040 2825 παρ-

242 2830 339 2865 ήχθης·
355 2831 412 2858 ἀλλ’
424 2832 467 2858 ἵνα
481 2831 532 2858 κᾶν
548 2832 613 2867 εἴπῃ
623 2831 720 2863 ταῦτα,
731 2831 832 2862 εὐθέως
846 2831 960 2866 ἀκούσῃ·
971 2831 1042 2866 Ἐγὼ

240 2871 285 2898 διὰ
302 2873 331 2900 σὲ
354 2873 503 2909 ἐγεννήθην
517 2893 524 2905 ,
539 2873 573 2899 δι’
590 2873 640 2908 ἐμὲ
664 2873 711 2900 καὶ
733 2873 766 2900 σὺ
793 2873 896 2908 πατήρ.
925 2873 1040 2908 Ὁμοίως

242 2914 290 2941 καὶ
300 2915 345 2943 ἐπὶ
359 2916 408 2952 τῆς
424 2916 537 2952 μητρός·
554 2915 690 2952 Ἐχσρίοω
707 2925 753 2952 μοι
767 2915 798 2943 τὸ
814 2914 885 2943 εἶναι
897 2915 965 2950 υίὸς,
976 2916 1041 2951 ἐχα-

987 176 1175 207 δενειιιΑΝΙ

1108 240 1231 277 ρισάμην
1252 250 1293 268 σοι
1316 242 1347 269 τὸ
1368 251 1437 270 ειναι
1463 244 1566 280 μήτηρ.
1586 245 1645 279 Ἐφ’
1665 245 1745 281 ήμῶν
1767 245 1913 281 λαμϐάνει

1104 282 1193 310 ταῦτα
1213 284 1295 320 χάριν
1309 284 1372 312 τινά
1386 286 1434 312 καὶ
1448 286 1593 314 ἀντίδοσιν.
1616 287 1731 323 Ὁμοίως
1743 289 1789 314 καὶ
1804 289 1818 315 6
1829 288 1900 320 υίὸς

1102 327 1153 352 οὐκ
1164 325 1265 359 εὐθέως
1280 327 1348 358 υίὸς,
1363 328 1431 354 ἀλλὰ
1444 328 1554 363 πρῶτον
1566 330 1688 365 σπέρμα,
1701 327 1760 363 εἶτα
1769 329 1908 366 ἔμϐρυον,

1102 368 1150 395 καὶ
1164 368 1208 395 ἤτε
1222 369 1340 405 γεννηθῇ
1351 389 1358 401 ,
1373 370 1433 397 τότε
1450 371 1518 402 υἱός.
1537 371 1631 398 Ταῦτα
1647 371 1751 407 χρόνων
1766 372 1911 407 ἀνάγκαις

1101 409 1222 437 δουλεύει
1241 419 1250 426 ο
1264 411 1351 438 ταῦτα
1371 411 1486 438 πάθεσιν
1509 412 1659 440 ὑποπίπτει
1675 421 1683 429 ·
1701 413 1785 440 ταῦτα
1809 422 1913 449 σωμαο

1101 452 1182 487 τικῆς
1211 453 1270 479 ἐστι
1306 453 1509 485 καταστάσεως.
1536 453 1623 481 Ὅπου
1657 454 1687 482 δέ
1712 454 1859 490 ἀσώματος
1890 457 1910 491 ή

1102 492 1183 527 φύσις
1199 494 1215 529 ἡ
1241 494 1379 527 γεννῶσα,
1393 494 1460 521 ὅπου
1479 493 1626 530 ἀσώματος
1648 498 1663 523 6
1679 497 1784 531 καρπὸς
1804 498 1818 523 ὁ
1836 505 1910 530 γενο

1100 534 1231 571 νὼμενος,
1249 537 1325 562 ποῖον
1339 536 1493 571 ἐπιδέχεται
1508 537 1600 571 λόγον,
1613 538 1654 564 δτι
1668 536 1701 574 ἦν
1716 547 1780 564 ποτε
1790 539 1833 565 ὅτε
1849 539 1909 565 οὐκ

1099 574 1150 612 ἦν.
1167 577 1214 604 καὶ
1239 577 1352 614 ὕστερον
1374 578 1526 615 ἐγεννήθη;
1545 579 1600 606 Καί
1619 588 1710 615 φαμεν
1724 580 1825 611 οὕτως·
1841 586 1859 600 ι
1872 581 1909 607 EE

1100 618 1145 645 ἀεὶ
1160 617 1248 651 οὕτως
1263 619 1319 655 ἔχει
1334 620 1411 653 Θεὸς,
1427 621 1451 647 εί
1469 621 1553 656 μηδὲν
1568 622 1738 657 προσκτᾶταί
1758 631 1832 653 ποτε.
1858 623 1908 649 ἀεί

1101 660 1160 687 ἐστι
1186 661 1233 688 καὶ
1254 662 1360 698 Πατήρ.
1380 661 1411 689 Εἰ
1427 662 1456 689 δὲ
1470 663 1513 690 ἀεί
1528 664 1586 690 ἐστι
1601 664 1713 699 Πατὴρ,
1729 664 1773 691 ἀεὶ
1791 663 1908 699 δέχεταε

1100 702 1147 729 τὸν
1160 702 1225 730 Υίόν
1238 710 1245 719 ⁸
1260 704 1393 737 συνατδιος
1414 705 1468 741 ἀρα
1480 706 1495 732 6
1510 705 1576 737 Υίδς
1597 705 1637 741 τῷ
1653 705 1750 741 Πατρί.
1777 705 1840 732 Υἰὸν
1858 706 1907 732 λέ-

1100 752 1186 779 γομεν
1197 746 1362 781 γεννηθέντα
1378 746 1428 782 μὲν
1443 746 1570 781 ἀπαθῶς,
1587 748 1633 774 τὸν
1644 748 1673 775 δέ
1685 748 1734 783 τῆς
1746 748 1907 783 γεννήσεως

1099 786 1201 822 τρόπον
1215 788 1379 824 ἑρμηνεύειν
1395 789 1446 816 οὐκ
1458 789 1642 825 ἐπιστάμεθα.
1664 789 1697 817 'H
1711 789 1817 825 ἀληθής
1830 789 1906 824 γνῶ⁹

1100 836 1144 859 σις
1162 827 1234 865 αὕτη
1248 829 1335 863 ἐστὶν,
1355 830 1387 857 τὸ
1405 830 1442 857 τὰ
1456 831 1655 867 ὑπερϐαίνοντα
1664 831 1715 867 τήν
1724 831 1806 866 φύσιν
1821 831 1906 867 ἡμῶν

1098 871 1242 907 ὁμολογεῖν
1251 874 1289 910 μὴ
1299 874 1410 903 ειδέναι.
1421 876 1459 902 Τὸ
1471 877 1520 911 μὲν
1534 874 1582 903 οὖν
1597 874 1720 911 γέννημα
1733 875 1905 911 προσκυνοῦ-

1101 923 1164 949 μεν,
1176 915 1225 952 τήν
1241 916 1270 943 δέ
1283 916 1365 951 φύσιν
1382 919 1415 945 οὐ
1427 918 1722 954 πολυπραγμονοῦμεν.
1740 918 1773 945 Εἰ
1789 918 1841 954 μὲν
1854 916 1904 945 οὖν

1099 956 1134 994 ἧν
1150 959 1314 995 ἀνθρωποςό
1324 962 1468 998 γεννήσας,
1480 962 1655 998 ἀνθρωπίνην
1668 962 1781 998 ἐποίησε
1794 962 1843 989 καὶ
1852 963 1906 997 τὴν

1099 1001 1277 1037 γέννησιν.Εί
1294 1003 1375 1038 σῶμα
1388 1002 1471 1039 εἶχεν,
1483 1005 1632 1039 ἐγέννησεν
1650 1004 1688 1035 ὡς
1711 1004 1802 1039 σῶμα.
1827 1004 1858 1031 Εἰ
1874 1005 1903 1030 δι

1101 1042 1227 1078 σώματος
1241 1045 1426 1080 ἀπήλλακται,
1437 1046 1474 1081 μὴ
1490 1047 1623 1081 περίαπτε
1637 1046 1761 1081 σώματος
1778 1046 1852 1081 πάθη
1864 1046 1903 1081 τῷ

1100 1085 1251 1122 ἀσωμάτῳ,
1272 1087 1343 1114 Ἀλλ’
1354 1087 1492 1123 ἐγέννησε,
1511 1089 1645 1123 φησὶν,ὲκ
1667 1088 1716 1123 τῆς
1734 1088 1814 1120 ἰδίας,
1831 1088 1902 1115 κατὰ

1099 1127 1186 1160 πάθος
1201 1128 1341 1164 ἐγέννησε,
1352 1129 1423 1156 κατά
1438 1130 1535 1165 τομὴν,
1544 1130 1613 1156 κατὰ
1626 1130 1726 1165 ρεῦσιν.
1740 1130 1833 1156 Πείσω
1847 1130 1903 1157 ἀπὸ

1099 1169 1154 1196 τῶν
1171 1171 1284 1205 γηΐνων.
1299 1171 1384 1207 Γεννᾷ
1394 1172 1412 1207 ή
1424 1171 1547 1207 ἄμπελος
1560 1192 1567 1204 ,
1581 1173 1663 1207 γεννᾷ
1680 1173 1695 1208 ἡ
1710 1172 1800 1203 ὲλαία.
1819 1173 1903 1206 γεννᾷ

1100 1212 1148 1239 καὶ
1169 1212 1200 1240 τὸ
1223 1213 1311 1249 ὕδωρ,
1333 1213 1363 1240 ού
1381 1213 1453 1240 κατὰ
1473 1213 1523 1249 τὴν
1549 1213 1687 1249 ἡμετέραν
1717 1213 1815 1248 φύσιν,
1832 1214 1902 1240 ἀλλά

1100 1254 1172 1281 κατά
1182 1254 1231 1290 τὴν
1246 1254 1315 1281 ίδίαν
1325 1255 1412 1288 τάξιν.
1425 1254 1501 1292 [47η
1515 1255 1594 1282 Πᾶσα
1607 1255 1686 1290 γυνὴ,
1696 1254 1809 1281 ἐπειδὰν
1825 1254 1902 1290 παρά

1099 1295 1168 1323 Θεοῦ
1184 1296 1255 1333 λάϐῃ
1265 1296 1295 1323 τὸ
1305 1296 1432 1329 γενέσθαι
1446 1297 1548 1333 μήτηρ,
1558 1296 1732 1332 κυοφοροῦσα
1746 1296 1796 1332 μὲν
1807 1295 1902 1331 ὠγκω-

1099 1345 1163 1364 ται·
1181 1338 1339 1373 ἀποθεμένη
1361 1338 1390 1365 δὲ
1410 1339 1456 1366 τὸν
1472 1339 1578 1375 καρπὸν
1595 1338 1778 1366 συστέλλεται.
1796 1339 1860 1365 Ἐπὶ
1872 1339 1902 1366 δέ

1099 1380 1155 1406 τῶν
1165 1380 1283 1416 δένδρων
1292 1381 1327 1407 τά
1344 1380 1455 1408 ἐναντία
1467 1381 1542 1408 ἐστιν
1561 1382 1662 1418 εὑρεῖν.
1687 1382 1756 1416 Πρὶν
1778 1380 1898 1416 γεννηθῇ

1099 1422 1151 1448 οὐκ
1168 1422 1313 1456 ῶγκωται·
1330 1423 1396 1449 ὅταν
1404 1423 1533 1458 γεννήσῃ,
1549 1426 1610 1450 τότε
1627 1423 1787 1458 παχύνεται.
1801 1424 1816 1449 6
1834 1431 1900 1457 καρ-

1100 1462 1152 1494 πὸς
1167 1463 1288 1495 αὒξεται.
1307 1464 1355 1490 καὶ
1373 1464 1389 1499 ή
1404 1463 1467 1498 ῥίζα
1489 1464 1667 1500 πληθύνεται,
1682 1470 1730 1491 και
1741 1464 1804 1491 οὗτε
1817 1464 1901 1500 μείω-

1101 1512 1143 1536 σις
1161 1506 1194 1540 τῇ
1209 1505 1333 1540 γεννώσῃ
1351 1506 1424 1541 ῥίζῃ,
1439 1505 1501 1532 οὕτε
1520 1506 1668 1538 ἐλάττωσις
1684 1506 1724 1541 τῷ
1739 1506 1900 1541 γεννηθέντι

1100 1547 1291 1582 προσγίνεται.
1310 1548 1341 1573 'H
1356 1547 1478 1583 ἄμπελος
1493 1548 1575 1583 γεννᾷ
1588 1548 1619 1575 οὐ
1643 1547 1703 1574 καθ’
1724 1548 1815 1582 ἡμᾶς·
1833 1547 1900 1574 Θεὸν

1101 1587 1150 1615 ἐὰν
1175 1589 1294 1624 ἀκούσῃς
1309 1590 1349 1616 ὅτι
1365 1588 1511 1624 ἐγέννησεν
1523 1610 1530 1621 ,
1542 1589 1700 1625 ἀνθρώπινα
1719 1589 1796 1625 πάθη
1819 1597 1899 1624 περι-

1100 1630 1198 1663 ἀπτεις
1210 1630 1249 1666 τῷ
1265 1632 1355 1658 πᾶσαν
1368 1631 1542 1668 ἀνθρωπίνην
1556 1631 1749 1668 ὑπερϐαίνοντι
1763 1631 1862 1666 φύσινς

1136 1710 1167 1737 ε’.
1189 1710 1243 1738 Καὶ
1259 1711 1345 1738 εἶπεν
1362 1712 1379 1738 ὁ
1399 1711 1488 1744 Θεός·
1504 1711 1689 1747 Ἑξαγατέτω
1703 1712 1723 1746 ἠ
1739 1711 1778 1747 τῆ
1791 1712 1900 1746 ⁴ψυχήν

1099 1752 1199 1784 ὦσαν
1213 1753 1289 1779 κατὰ
1308 1752 1407 1787 γένος,
1422 1752 1598 1787 τετράποδα,
1614 1754 1733 1787 ἑρπετὰ,
1746 1755 1846 1787 θηρία.
1859 1755 1898 1781 Τά

1098 1794 1253 1830 τετράποδα
1276 1795 1361 1829 κτήνη
1384 1794 1476 1820 ἐστίν’
1498 1795 1612 1830 ἑρπετὰ,
1629 1794 1722 1830 θηρία,
1742 1795 1824 1830 όφις,
1839 1796 1900 1831 δρά.

1098 1845 1155 1863 κων
1168 1844 1175 1850 ⁸
1193 1837 1224 1863 οὑ
1245 1835 1301 1871 γὰρ
1316 1835 1397 1871 μόνον
1407 1836 1441 1862 τά
1458 1836 1538 1871 θηρία
1557 1837 1592 1863 τὰ
1606 1837 1797 1865 ὑποπίπτοντα
1812 1840 1897 1873 κτήνη

1099 1877 1218 1912 λέγεται,
1238 1877 1306 1904 ἀλλὰ
1332 1877 1381 1904 καὶ
1403 1877 1437 1904 τὰ
1453 1878 1603 1914 ἀχθοφόρα.
1621 1878 1678 1904 Πᾶν
1704 1881 1877 1914 χορτοφάγον
1889 1901 1896 1912 ,

1098 1920 1155 1947 εἴτε
1181 1920 1254 1955 βοῦς,
1277 1920 1333 1946 είτε
1350 1919 1486 1955 πρόϐατον
1500 1940 1506 1951 ,
1525 1920 1624 1954 κτῆνος
1647 1920 1789 1951 καλεῖται,
1801 1922 1898 1956 κτῆνος

1098 1961 1176 1997 παρά
1189 1961 1220 1989 τὸ
1244 1961 1338 1996 κτῆμα
1353 1959 1423 1988 εἷναι
1442 1961 1490 1988 τοῦ
1512 1961 1667 1997 ἀνθρώπου.
1689 1962 1751 1988 Ὀτι
1768 1963 1796 1989 δὲ
1813 1965 1898 1998 κτήνη

1098 2003 1221 2030 καλεῖται
1238 2004 1287 2030 καὶ
1301 2003 1423 2039 πρόϐατα
1443 2003 1490 2029 καὶ
1513 2002 1583 2038 βόες,
1600 2005 1736 2038 μαρτυρεῖ
1747 2005 1764 2038 ἡ
1781 2004 1877 2039 Γραφή
1889 2013 1896 2019 ν

1097 2045 1153 2072 Καὶ
1175 2044 1315 2079 ἐγένοντο
1331 2044 1411 2078 αὺτῷ
1438 2044 1534 2079 κτήνη
1546 2045 1702 2079 προϐάτων
1725 2046 1777 2072 καὶ
1802 2047 1896 2079 κτήνη

1094 2086 1190 2119 βοῶν.
1214 2086 1375 2122 Ἐπληρώθη
1393 2087 1409 2122 ή
1425 2087 1475 2122 γῆ,
1488 2087 1576 2122 ἐκόμα
1594 2088 1648 2118 τοῖς
1666 2087 1797 2121 καρποῖς,
1814 2089 1896 2123 προή-

1097 2137 1179 2162 νεγκε
1193 2129 1227 2155 τὰ
1241 2128 1299 2161 ζῶα
1311 2137 1318 2144 ·
1332 2128 1423 2155 ἔλειπε
1441 2128 1532 2155 λοιπὸν
1555 2129 1569 2155 6
1588 2129 1786 2163 οἰκοδεσπότης
1796 2136 1805 2144 ·
1820 2130 1836 2155 6
1854 2130 1896 2156 οὐο

1099 2170 1180 2206 ρανὸς
1197 2170 1427 2202 ἐκεκαλλώπιστο,
1442 2172 1458 2205 ἠ
1477 2171 1512 2205 γῆ
1528 2170 1701 2197 ἐπεποίκιλτο
1714 2171 1750 2205 ,ἡ
1773 2171 1895 2197 θάλασσα

1096 2212 1288 2248 ἐπεπλήρωτο,
1315 2213 1330 2238 6
1357 2212 1412 2247 ἀὴρ
1439 2212 1554 2247 ὀρνίθων
1583 2212 1756 2247 ἐκεκόσμητο
1786 2213 1893 2249 πλήθει.

1096 2254 1189 2280 Πάντα
1201 2252 1235 2289 ἦν
1249 2254 1413 2288 ἱτοιμα,καὶ
1428 2254 1533 2280 ἔλειπεν
1547 2255 1561 2280 6
1577 2254 1731 2289 ἄνθρωπος.
1747 2255 1807 2290 Οὐχ
1822 2255 1895 2288 ὑδρί-

1095 2294 1171 2328 ζεται
1189 2295 1218 2322 δὲ
1241 2295 1280 2330 τῷ
1296 2293 1367 2321 εῐναι
1382 2294 1544 2327 τελευταῖος,
1566 2294 1635 2322 ἀλλά
1657 2297 1790 2330 τιμᾶταν
1812 2306 1894 2332 παρα-

1095 2337 1258 2368 σκευάζεται
1269 2337 1324 2372 γὰρ
1337 2337 1350 2362 6
1360 2334 1444 2368 οἶκος,
1454 2337 1501 2363 καὶ
1514 2337 1653 2371 είσάγεται
1663 2339 1678 2363 6
1688 2337 1892 2373 οἰκοδεσπότης.

1095 2378 1178 2405 Οὐδὲν
1196 2379 1251 2414 γὰρ
1266 2379 1353 2410 όΘεὸς
1369 2378 1432 2405 οὕτε
1445 2379 1578 2415 ἀκαίρως,
1591 2378 1653 2405 οὔτε
1667 2379 1801 2413 ἀμέτρως
1814 2382 1891 2410 ποιεῖ,

1094 2419 1163 2446 ἀλλά
1186 2421 1275 2447 πάντα
1298 2421 1342 2447 διά
1364 2420 1415 2455 τὴν
1434 2420 1538 2456 χρείαν.
1557 2420 1613 2447 Καὶ
1637 2420 1720 2455 βλέπε
1740 2421 1792 2457 τήν
1807 2422 1890 2455 τάξιν.

1094 2462 1207 2499 Πρῶτον
1233 2462 1362 2498 ἐποίησεν
1376 2463 1390 2488 ὁ
1409 2462 1476 2493 Θεὸς
1503 2462 1619 2497 βοτάνην
1641 2462 1688 2489 καὶ
1713 2463 1832 2498 χόρτον,
1848 2464 1891 2489 καὶ

1093 2504 1154 2530 τότε
1171 2503 1206 2530 τὰ
1217 2503 1299 2539 θηρία
1310 2503 1474 2538 τρεφόμενα.
1485 2504 1539 2530 Kal
1552 2505 1576 2530 εί
1591 2504 1642 2530 οὐκ
1650 2501 1684 2539 ἦν
1694 2505 1729 2530 τά
1745 2505 1890 2539 τρέφοντα,

1094 2547 1207 2581 ἄκαιρος
1218 2544 1252 2581 ἦν
1267 2548 1283 2580 ἡ
1299 2545 1464 2581 δημιουργία
1474 2544 1530 2571 τῶν
1544 2545 1632 2578 ζώων,
1647 2546 1824 2582 ζημιουμένη
1840 2547 1890 2573 τῶν

1094 2588 1209 2623 καρπῶν
1221 2588 1271 2623 τὴν
1286 2587 1398 2613 ἔνδειαν.
1421 2586 1549 2622 Ἐποίησε
1559 2587 1595 2613 τὰ
1611 2590 1756 2622 τρέφοντα,
1772 2589 1823 2615 καὶ
1834 2589 1889 2614 τότε

1093 2630 1127 2656 τά
1138 2630 1292 2665 τρεφόμενα
1305 2628 1581 2664 προπαρασκευάζει·
1593 2630 1702 2665 πρῶτον
1718 2631 1771 2662 τὰς
1785 2631 1888 2665 χρείας,

1094 2673 1141 2699 καὶ
1160 2673 1245 2704 οὕτως
1265 2672 1368 2704 εἰσάγει
1388 2671 1423 2697 τὰ
1443 2671 1494 2706 τῆς
1516 2671 1611 2707 χρείας
1634 2671 1795 2706 μεθέξοντα.
1812 2672 1889 2698 Οὕτω

1093 2714 1140 2740 καὶ
1152 2714 1198 2739 ἐπὶ
1210 2714 1264 2739 τῶν
1275 2713 1390 2748 Γραφῶν
1399 2713 1521 2748 ἐποίησε.
1538 2714 1693 2748 Προέλαϐον
1708 2713 1754 2739 τὸν
1771 2713 1889 2748 Χριστὸν

1093 2756 1122 2781 αι
1141 2756 1248 2790 Γραφαὶ
1271 2755 1379 2789 πρῶτον
1404 2755 1589 2790 κηρύττουσαι
1603 2775 1611 2787 ,
1627 2755 1675 2781 καὶ
1697 2753 1759 2781 τότε
1785 2753 1888 2790 ﬁxam

1094 2796 1325 2832 μαρτυρούμενος.
1348 2797 1501 2832 Προέλαϐον
1528 2798 1557 2824 al
1582 2797 1751 2833 μαρτυρίαι,
1773 2797 1819 2823 ἵνα
1843 2806 1887 2823 πι-

1124 2886 1137 2900 α
1148 2885 1314 2919 Ηίσῗίιιιιεάειιι
1328 2887 1419 2911 desunt
1430 2888 1454 2912 in
1466 2887 1591 2912 Vaticano.
1604 2887 1685 2916 (Fort.
1700 2888 1776 2913 verba
1795 2887 1836 2912 ιαί
1846 2895 1884 2919 θα-

1091 2925 1163 2948 μεν...
1174 2918 1208 2948 τῷ
1223 2917 1307 2948 “arpi,
1318 2924 1374 2948 qua
1386 2919 1442 2943 Sav.
1456 2919 1551 2944 uncinis
1563 2919 1685 2950 iuclusil.)

1848 192 1917 220 462
