3982 6218
193 401 301 457 461

201 499 425 570 accipiat
467 509 617 553 more
660 492 888 548 dicens:
921 486 1108 542 Viden‘
1147 480 1418 555 quomodo
1447 480 1561 549 ipse
1604 476 1791 531 doctor

202 591 529 651 concesserit
573 588 780 642 Patrem
825 582 962 638 Filio
1003 580 1235 650 priorem
1274 573 1436 630 esse?
1480 569 1576 626 sed
1620 569 1792 639 potius

202 685 435 743 sermoni
457 682 665 737 veniam
684 679 906 741 tribuas,
926 690 1048 729 cum
1075 671 1317 725 homines
1336 666 1525 729 simus,
1546 665 1792 729 luteaque

202 781 379 849 lingua
418 787 629 831 utamur
651 815 665 839 ,
698 781 857 841 atque
905 766 1210 822 hominibus
1242 760 1397 815 verba
1448 756 1699 811 faciamus
1729 752 1794 807 de

201 873 379 926 divina
408 882 729 935 omnemque
759 863 1018 919 rationem
1049 864 1334 926 superante
1364 861 1573 905 natura.
1608 847 1793 902 llomi-

203 977 302 1018 nes
322 962 464 1016 enim
489 974 609 1013 cum
630 958 818 1022 simus,
844 962 899 1007 ut
921 949 1163 1006 homines
1191 944 1331 1014 loqui
1356 942 1655 997 didicimus.
1681 939 1795 992 Non

200 1054 347 1108 enim
370 1052 547 1107 sciunt
575 1048 777 1110 miseri,
804 1059 861 1099 se
886 1043 954 1097 de
978 1043 1085 1095 Deo
1112 1038 1398 1098 disserere,
1432 1032 1590 1086 verba
1623 1027 1798 1097 profe-

203 1154 402 1208 rentes,
434 1156 553 1212 quae
576 1140 643 1193 de
674 1140 782 1192 [)eo
812 1136 990 1189 dicere
1022 1146 1126 1185 non
1154 1134 1575 1183 consentaneum
1607 1130 1705 1173 est.
1736 1119 1800 1171 Et

203 1236 327 1289 vide
344 1247 530 1287 eorum
557 1228 839 1283 vafritiem.
865 1225 998 1278 Cum
1026 1218 1350 1291 qumstiones
1377 1218 1699 1282 proponunt,
1729 1224 1793 1261 ex

206 1326 451 1382 humanis
476 1324 761 1393 loquuntur
789 1316 1113 1377 ratiociniis;
1144 1309 1374 1377 exempli
1412 1320 1568 1359 causa
1594 1321 1607 1357 :
1630 1304 1800 1355 Omne

202 1416 347 1486 quod
370 1392 623 1486 gignitur,
657 1410 920 1481 inquiunt,
946 1402 1239 1461 exsistendi
1269 1400 1584 1469 principium
1616 1392 1796 1446 habet.

205 1508 483 1565 Undenam
516 1505 689 1561 vero?
728 1502 919 1557 Statim
951 1502 1219 1565 reponunt
1248 1510 1261 1545 :
1294 1489 1372 1544 Tu
1402 1486 1491 1557 qui
1525 1493 1678 1538 natus
1708 1496 1764 1535 es
1784 1521 1797 1543 ,

203 1617 383 1655 annon
409 1599 722 1669 principium
744 1591 971 1648 habuisti
994 1607 1006 1643 :
1031 1602 1155 1643 num
1180 1593 1327 1654 pater
1347 1579 1502 1633 tuus?
1532 1591 1653 1629 num
1673 1586 1802 1626 avus

208 1693 364 1746 tuus?
385 1691 437 1746 Si
464 1689 701 1759 proferas
728 1686 800 1739 illi
818 1700 883 1739 ex
907 1683 1024 1752 ipso
1041 1692 1224 1733 eorum
1245 1669 1520 1727 ratiocinio
1544 1666 1801 1720 rationem

203 1788 388 1852 aliam,
411 1800 529 1855 quae
553 1784 795 1837 insanum
820 1778 960 1833 illius
978 1780 1338 1829 commentum
1370 1762 1536 1832 possit
1554 1760 1801 1821 obruere,

205 1848 387 1931 statim
412 1848 648 1945 captiose
677 1872 803 1925 dicit
832 1887 845 1921 τ
874 1868 951 1921 De
981 1866 1089 1919 Deo
1115 1862 1304 1931 agitur,
1339 1865 1393 1910 et
1421 1856 1644 1907 humana
1675 1848 1803 1903 mihi

208 1969 482 2023 mtioeinia
515 1963 756 2027 inducis?
778 1968 831 2015 et
858 1957 935 2012 illi
958 1954 1169 2026 quidem
1190 1949 1421 2005 radicem
1450 1944 1707 1996 malorum
1738 1953 1805 1992 ex

205 2057 583 2114 untimunibus
600 2052 890 2109 ratiociniis
913 2046 1188 2119 proferunt
1221 2061 1232 2095 :
1268 2040 1529 2094 malorum
1557 2047 1685 2087 vero
1711 2045 1802 2083 so-

208 2152 466 2205 lutionem
491 2148 675 2201 nolunt
700 2160 764 2198 ex
797 2142 983 2195 iisdem
1008 2133 1298 2191 ratiociniis
1325 2127 1623 2182 admittere.

286 2243 341 2297 4.
377 2242 463 2294 Ait
494 2253 636 2306 saepe
682 2233 965 2288 harreticus
999 2246 1011 2282 :
1045 2228 1127 2281 An
1175 2231 1347 2293 potest
1374 2217 1564 2285 aliquis
1606 2227 1724 2267 esse
1751 2219 1806 2264 et

214 2334 400 2390 nasci?
428 2332 483 2387 Si
512 2331 671 2399 igitur
696 2332 1087 2383 monstravere,
1119 2316 1446 2383 Seripturam
1477 2324 1579 2361 non
1604 2305 1669 2359 de
1695 2304 1805 2357 Deo

216 2438 449 2488 tantum,
482 2422 573 2476 sed
603 2421 760 2474 etiam
794 2416 859 2469 de
889 2409 1196 2466 hominibus
1226 2403 1400 2460 simile
1430 2398 1697 2470 quidpiam
1727 2395 1805 2447 in-

208 2485 445 2579 ducere,
476 2514 600 2582 quid
649 2508 815 2578 ages?
844 2504 987 2559 Beati
1026 2498 1256 2556 Abralne
1300 2495 1459 2555 ﬁlios,
1506 2505 1611 2543 non
1654 2485 1803 2556 quasi

212 2626 323 2665 non
350 2611 476 2669 sint,
500 2604 593 2659 sed
619 2602 765 2671 quasi
803 2596 1203 2667 prmexsistant,
1225 2589 1497 2656 Scriptura
1538 2581 1680 2635 nasci
1720 2577 1805 2631 di-

210 2703 310 2755 cit.
343 2699 472 2753 Nam
499 2669 765 2750 Abraham
792 2689 974 2760 genuit
1018 2686 1191 2747 Isaac,
1223 2680 1369 2733 Isaac
1393 2674 1575 2746 genuit
1606 2669 1803 2734 Jacob,

212 2792 383 2847 .lacob
423 2788 583 2851 Levi,
618 2801 682 2839 ex
711 2797 817 2850 quo
858 2779 1027 2833 tribus
1069 2768 1433 2827 sacerdotalis.
1472 2764 1606 2831 Quia
1651 2761 1808 2831 igitur

216 2883 330 2947 hic,
375 2893 566 2948 nempe
612 2873 909 2933 Abraham,
960 2862 1348 2921 Mcleltisedeeo
1386 2856 1597 2912 obviam
1640 2852 1803 2916 venit,

214 2946 415 3031 Paulus
436 2946 707 3041 apostolus
737 2964 788 3019 id
814 2963 952 3034 quod
984 2970 1106 3014 tunc
1135 2965 1340 3027 gestum
1375 2950 1474 3005 fuit
1512 2946 1809 3015 theologica

215 3079 369 3119 inore
414 3063 768 3128 interpretans
809 3057 883 3107 ait
917 3070 929 3105 :
969 3071 987 3101 ι
1026 3050 1247 3104 Obviam
1284 3044 1429 3097 venit
1472 3048 1648 3092 autem
1679 3036 1808 3090 Mel-

210 3151 471 3209 cliisedec
509 3126 772 3209 Abrahm,
818 3154 873 3197 et
916 3138 1183 3195 benedixit
1212 3135 1296 3197 ei;
1338 3141 1433 3185 iet
1476 3128 1653 3183 statim
1685 3126 1810 3178 sub-

208 3244 390 3313 Jtlllgll
418 3260 431 3295 :
463 3260 480 3291 ι
520 3240 587 3294 Ει
630 3248 686 3291 ιιι
722 3238 791 3290 ita
834 3235 1032 3287 dictum
1074 3228 1162 3288 sit,
1206 3241 1299 3294 per
1334 3220 1603 3277 Abraham
1650 3218 1807 3271 etiam

214 3336 371 3398 Levi,
396 3334 482 3402 qui
504 3331 736 3385 decimas
760 3325 972 3392 accipit,
1001 3319 1293 3374 deeimatus
1319 3323 1401 3370 est
1426 3330 1437 3367 :
1467 3311 1640 3365 adhuc
1670 3308 1808 3362 enim

216 3430 273 3482 in
305 3424 498 3480 lumbis
540 3432 655 3476 erat
698 3417 927 3473 Abraha:
965 3411 1183 3482 i(Hebr.
1216 3411 1269 3463 7.
1303 3409 1351 3461 ι.
1400 3406 1451 3460 9.
1492 3404 1601 3472 10).
1641 3404 1812 3469 Atque

215 3521 357 3574 adeo
385 3516 623 3571 mortalis
647 3515 810 3567 homo
838 3518 1121 3577 antequam
1143 3508 1451 3556 nasceretur
1478 3505 1612 3551 erat.
1632 3496 1810 3561 Quan-

215 3611 509 3680 doquidem
557 3606 703 3661 radix
748 3602 990 3665 vivebat,
1039 3597 1266 3651 fructum
1314 3607 1437 3645 cum
1480 3590 1690 3641 vivente
1733 3604 1814 3638 rn-

216 3702 310 3754 (le
346 3697 569 3752 induxit.
604 3697 698 3749 llic
740 3708 896 3753 vero,
931 3689 1018 3743 ubi
1058 3688 1202 3740 nulla
1243 3683 1440 3753 passio,
1476 3680 1650 3733 nullus
1696 3693 1813 3729 suc-

214 3789 483 3847 cessionis
532 3786 753 3850 modus,
814 3782 957 3836 nulla
1010 3780 1144 3832 uteri
1198 3774 1458 3846 gestatio,
1516 3770 1656 3822 nulla
1712 3768 1809 3819 liu—

219 3896 503 3939 rnanarum
561 3876 865 3947 passionum
902 3873 1097 3934 series,
1147 3884 1251 3921 non
1296 3864 1411 3917 vult
1466 3862 1643 3915 dicere
1691 3873 1811 3911 eum

220 3975 317 4042 qui
350 3980 465 4026 erat
489 3971 556 4023 ab
582 3968 870 4023 exsistente
899 3963 1075 4034 gigni,
1106 3969 1157 4012 et
1203 3959 1253 4011 in
1285 3966 1541 4010 internum
1575 3967 1809 4005 manere.

222 4041 298 4126 At
335 4065 377 4118 si
426 4064 634 4132 genitus
684 4059 810 4123 fuit,
863 4055 1051 4124 inquit,
1101 4048 1369 4120 quomodo
1409 4060 1622 4113 semper
1663 4041 1814 4095 erat?

221 4155 482 4225 Quisquis
526 4154 667 4207 enim
713 4150 965 4218 gignitur,
1016 4143 1332 4214 principium
1383 4137 1595 4205 accipit.
1646 4134 1815 4188 Patris

223 4265 427 4308 nomen
450 4244 591 4315 apud
620 4259 719 4297 nos
750 4258 843 4311 per
874 4239 1072 4293 multos
1099 4234 1349 4288 circuitus
1370 4229 1628 4283 decurrit.
1655 4224 1814 4278 Verbi

221 4340 422 4411 gratia,
454 4351 696 4405 suppone
721 4335 974 4402 juvenem
1007 4341 1227 4381 uxorem
1259 4324 1457 4377 ducere
1488 4320 1811 4386 capientem.

224 4432 467 4486 Primum
502 4428 557 4480 ﬁt
584 4440 775 4495 procos
796 4464 810 4487 ,
842 4420 1037 4475 deinde
1066 4430 1315 4487 sponsus,
1350 4422 1531 4482 postea
1561 4411 1813 4470 maritus;

221 4525 271 4578 si
305 4522 503 4591 gignat,
532 4519 725 4573 dicitur
745 4523 928 4584 pater;
951 4513 1032 4565 sin
1061 4511 1237 4578 proles
1261 4509 1359 4560 hoc
1390 4506 1461 4559 illi
1492 4518 1682 4557 nomen
1714 4516 1815 4551 non

225 4610 496 4673 tribuerit,
524 4603 731 4659 etiamsi
754 4609 1035 4657 sexcentos
1062 4612 1231 4649 annos
1258 4610 1378 4648 eum
1412 4608 1577 4645 uxore
1604 4588 1814 4645 vixerit,

225 4720 339 4757 non
372 4714 518 4770 pater
544 4695 836 4751 vocabitur.
867 4690 1229 4755 Similiterque
1251 4695 1441 4744 mater,
1478 4683 1647 4749 primo
1671 4680 1819 4745 virgo

227 4797 359 4851 liine
387 4791 673 4863 postulata,
698 4798 882 4856 postea
904 4783 1245 4850 desponsata,
1271 4776 1485 4829 demum
1515 4788 1675 4833 uxor;
1708 4780 1820 4821 ute-

226 4905 351 4945 rum
405 4895 597 4955 gestat,
647 4882 876 4935 fructum
930 4882 1130 4944 portat;
1180 4870 1273 4925 sed
1322 4869 1365 4921 si
1422 4881 1525 4919 non
1575 4863 1814 4931 prodeat,

228 4992 405 5036 tnatcr
436 4994 538 5031 non
570 4984 803 5029 vocatur.
838 4968 1060 5025 Etiamsi
1092 4966 1241 5019 radix
1273 4964 1500 5015 fructum
1535 4958 1685 5015 ferat,
1720 4955 1817 5007 nisi

230 5084 517 5144 progressa
550 5067 730 5135 proles
773 5064 1014 5118 laborum
1058 5058 1358 5112 mercedem
1384 5095 1398 5118 ,
1438 5053 1573 5103 hanc
1616 5048 1820 5101 scilicet

227 5162 762 5221 denominationeni,
796 5155 1070 5217 retulerit,
1123 5161 1291 5204 mater
1341 5163 1444 5200 non
1504 5142 1817 5211 appellatur.

234 5258 471 5323 ldipsum
523 5254 694 5313 Deus,
744 5257 924 5318 utpote
976 5245 1188 5313 sapiens
1239 5242 1395 5303 fecit,
1457 5253 1521 5289 ne
1569 5236 1821 5287 adversus

234 5350 380 5403 filios
406 5342 759 5414 gloriarentur
789 5349 1131 5408 patres,neve
1161 5334 1361 5387 diceret
1385 5338 1531 5399 pater
1556 5328 1679 5389 ﬁlio,
1714 5324 1822 5392 Ego

234 5442 332 5493 tibi
377 5440 536 5491 vitam
587 5435 806 5503 largitus
851 5446 1006 5491 sum,
1035 5436 1248 5496 propter
1280 5440 1363 5477 me
1398 5431 1553 5473 natus
1586 5434 1666 5479 es,
1706 5430 1822 5468 mea

233 5543 407 5595 Opera
436 5528 486 5579 in
530 5541 708 5580 rerum
742 5532 982 5576 naturam
1025 5516 1312 5587 productus
1352 5528 1408 5566 es
1440 5531 1451 5566 :
1481 5504 1583 5563 sed
1617 5506 1822 5563 etiamsi

236 5621 357 5674 lure
398 5618 618 5679 diceret,
655 5615 834 5668 statim
882 5609 1127 5663 audiret:
1176 5607 1288 5674 Ego
1330 5611 1548 5673 propter
1578 5611 1626 5653 te
1671 5609 1824 5651 natus

237 5726 384 5770 sum,
420 5718 472 5760 tu
504 5707 663 5761 etiam
697 5713 912 5774 propter
956 5716 1039 5753 me
1069 5707 1217 5767 pater
1260 5712 1339 5749 es.
1375 5694 1605 5761 ldipsum
1635 5698 1688 5743 et.
1716 5703 1825 5739 ma-

239 5802 311 5857 tri
346 5818 356 5853 ;
387 5798 642 5855 Tribuisti
671 5797 798 5853 mihi
837 5806 892 5850 ut
931 5807 1103 5850 essent
1134 5791 1305 5857 ﬁlius,
1336 5797 1387 5845 et
1417 5800 1514 5857 ego
1544 5782 1699 5839 tribui
1732 5782 1822 5837 tibi

1264 368 1351 424 DE
1390 363 1601 423 MUNDI
1638 355 2027 418 CllEA‘l'lONE
2063 357 2315 416 ORATIO
2351 357 2441 414 IV.

3358 363 3473 418 462

1895 484 1952 529 ut
1976 487 2125 529 esses
2152 482 2342 526 mater.
2373 469 2496 524 llaec
2521 465 2659 538 apud
2691 480 2789 522 nos
2814 468 3033 541 gratiam
3077 466 3359 536 quamdam
3395 466 3479 522 vi-

1896 579 2118 633 cemque
2161 560 2530 616 retributionis
2555 574 2666 628 pra:
2693 573 2752 612 se
2798 556 2995 610 ferunt.
3021 555 3384 626 Similiterque
3412 555 3477 610 ﬁ-

1898 656 2034 721 lius,
2084 671 2187 707 non
2242 654 2417 706 statim
2465 650 2636 711 ﬁlius,
2675 647 2769 703 sed
2818 646 2989 716 prium
3024 661 3239 709 semen,
3286 645 3479 701 deinde

1898 745 2058 810 fetus,
2086 754 2139 799 et
2164 759 2281 798 cum
2310 752 2463 795 natus
2494 750 2605 800 est,
2644 748 2769 793 tunc
2794 746 2877 792 est
2918 737 3077 791 filius.
3122 737 3246 791 Haec
3274 745 3480 805 tenipo-

1899 853 2014 892 rum
2057 833 2460 889 necessitatibus
2505 830 2735 884 obnoxia
2788 836 2957 882 sunt:
2990 827 3103 881 haec
3145 826 3480 895 passionibns

1899 924 2138 992 subjecta
2171 940 2183 975 :
2212 923 2324 975 inec
2349 935 2625 988 corporeae
2655 928 2777 972 sunt
2807 916 3221 971 constitutionis.
3252 916 3351 971 Ubi
3380 931 3479 969 au-

1902 1024 2005 1070 tem
2033 1016 2341 1081 incorporea
2362 1019 2444 1065 est
2466 1020 2651 1063 natura
2670 1025 2786 1077 qua:
2812 1007 2997 1077 gignit,
3028 1007 3112 1060 ubi
3134 1007 3481 1073 incorporeus

1902 1119 1982 1162 est
2008 1106 2210 1160 fructus
2255 1104 2341 1173 qui
2369 1103 2633 1172 gignitur,
2662 1116 2762 1170 qua
2812 1102 3015 1153 ratione
3056 1098 3262 1151 dicatur
3302 1097 3427 1151 illud
3463 1114 3476 1150 :

1905 1199 2032 1251 Erat
2060 1192 2274 1265 quando
2307 1208 2411 1245 non
2440 1201 2579 1256 erat,
2610 1200 2661 1245 et
2688 1198 2868 1258 postea
2898 1189 3108 1257 genitus
3133 1187 3257 1241 est?
3286 1188 3354 1239 At
3384 1201 3481 1241 nos

1901 1287 2128 1342 dicimus
2154 1304 2166 1339 :
2195 1285 2250 1340 Si
2284 1286 2421 1338 Dens
2452 1284 2522 1337 ita
2562 1297 2775 1349 semper
2807 1296 2863 1334 se
2900 1279 3085 1344 habet,
3126 1278 3171 1331 si
3203 1277 3331 1331 nihil
3360 1292 3481 1329 um-

1901 1396 2059 1449 quam
2082 1379 2342 1449 acquirat,
2365 1392 2579 1446 semper
2604 1376 2765 1429 etiam
2796 1382 2879 1427 est
2899 1373 3073 1426 Pater.
3100 1369 3250 1439 Quod
3278 1369 3320 1423 si
3341 1383 3481 1424 sem.

1906 1488 1999 1543 per
2027 1482 2107 1526 est
2135 1472 2312 1536 Pater,
2327 1483 2539 1538 semper
2559 1466 2749 1521 Filium
2773 1464 2959 1532 recipit
2991 1480 3005 1516 :
3035 1478 3162 1532 ergo
3187 1470 3483 1516 coaeternus

1905 1575 1989 1621 est
2016 1566 2155 1619 Patri
2184 1562 2371 1617 Filius.
2402 1561 2591 1615 Filium
2619 1559 2845 1613 dicimus
2866 1556 2980 1609 sine
3005 1554 3250 1624 passione
3277 1563 3480 1616 natum,

1908 1656 2271 1729 generationis
2297 1669 2425 1708 vero
2468 1651 2682 1706 modum
2720 1649 2989 1718 explicare
3032 1662 3137 1699 non
3179 1658 3482 1714 possumus.

1914 1750 2051 1803 Vera
2083 1749 2196 1802 lizec
2216 1756 2298 1801 est
2323 1745 2567 1809 scientia,
2596 1751 2655 1795 ut
2677 1742 2934 1795 fateamur
2963 1752 3061 1791 nos
3086 1750 3146 1792 ea
3169 1750 3272 1790 non
3302 1749 3482 1798 nosse,

1908 1857 2027 1912 qua:
2064 1850 2304 1894 naturam
2331 1845 2569 1890 nostram
2606 1838 2877 1899 superant.
2910 1826 3119 1881 Prolem
3152 1826 3329 1892 itaque
3356 1822 3484 1877 ado-

1908 1945 2088 1987 ramus
2140 1939 2383 1983 naturam
2411 1940 2538 1979 vero
2557 1938 2662 1976 non
2684 1920 2893 1975 curiose
2914 1927 3233 1972 scrutamur.
3253 1913 3306 1969 Si
3326 1912 3486 1966 homo

1910 2034 2053 2080 esset
2080 2024 2126 2077 is
2147 2023 2237 2091 qui
2264 2020 2466 2089 genuit,
2500 2016 2785 2070 humanam
2808 2020 2953 2065 certe
2973 2005 3370 2079 generationem
3393 2002 3487 2055 ha-

1910 2118 2134 2171 buisset.
2164 2114 2218 2168 Si
2242 2126 2438 2181 corpus
2460 2108 2753 2169 habuisset,
2781 2102 3053 2173 genuisset
3071 2110 3124 2153 ut
3153 2113 3366 2167 corpus.
3392 2096 3485 2150 Sin

1911 2221 2043 2260 vero
2074 2202 2325 2257 immunis
2354 2201 2425 2253 sit
2452 2214 2481 2251 a
2520 2210 2747 2265 corpore
2769 2236 2783 2259 ,
2819 2209 2886 2247 ne
2917 2190 3157 2259 corporis
3184 2187 3489 2241 atfectioncs

1920 2296 2239 2363 incorporeo
2279 2289 2572 2345 adseribas.
2610 2289 2677 2339 At
2705 2284 2913 2354 genuit,
2950 2281 3153 2350 inquit,
3181 2294 3244 2333 ex
3278 2277 3489 2345 propria

1913 2395 2121 2447 natura,
2152 2398 2272 2437 cum
2306 2381 2552 2450 passione
2583 2377 2787 2446 genuit,
2823 2389 2915 2443 per
2944 2371 3258 2433 sectionem,
3292 2382 3386 2435 per
3412 2365 3493 2419 ef-

1912 2476 2132 2529 fluxum.
2168 2475 2244 2527 Ex
2276 2472 2505 2526 terrenis
2532 2466 2863 2521 contrarium
2893 2462 3079 2530 probo.
3127 2458 3305 2527 Gignit
3333 2458 3487 2520 vilis,

1910 2569 2075 2638 gignit
2095 2566 2233 2629 olea,
2261 2563 2427 2633 gignit
2449 2561 2608 2614 etiam
2625 2570 2783 2626 aqua,
2804 2570 2908 2608 non
2931 2550 3222 2607 secundum
3246 2560 3487 2602 naturam

1912 2668 2182 2720 nostram,
2226 2653 2320 2707 sed
2358 2650 2647 2707 secundum
2678 2645 2948 2715 proprium
2980 2641 3243 2695 ordinem.
3276 2639 3488 2706 Qmevis

1912 2749 2104 2804 mulier
2130 2744 2341 2815 quando
2364 2742 2413 2796 id
2436 2758 2465 2795 a
2499 2742 2608 2794 Deo
2628 2742 2955 2805 consequuta
2985 2742 3087 2799 est,
3116 2740 3175 2787 ut
3199 2733 3271 2787 sit
3297 2740 3487 2795 mater,

1916 2851 2123 2895 uterum
2151 2846 2344 2907 gestat,
2376 2830 2685 2887 intumescit
2715 2845 2729 2882 :
2758 2827 2954 2881 emisso
2979 2835 3155 2880 autem
3186 2822 3379 2886 fructu,
3412 2832 3493 2875 tu-

1915 2948 2119 2989 morem
2151 2930 2320 3001 ponit.
2349 2926 2405 2979 In
2438 2922 2721 2977 arboribus
2746 2933 2901 2973 secus
2930 2916 3139 2971 accidit.
3178 2914 3489 2981 Priusquam

1912 3024 2157 3097 genuerit
2200 3020 2359 3073 arbor
2409 3031 2515 3069 non
2558 3010 2861 3066 intumescit
2897 3023 3058 3062 :cum
3099 3006 3343 3076 genuerit
3382 3013 3493 3057 tum

1914 3091 2148 3169 crassior
2178 3110 2428 3169 efﬁcitur,
2462 3105 2664 3158 fructus
2694 3108 2949 3169 augetur,
2980 3106 3034 3151 et
3062 3095 3207 3150 radix
3242 3091 3497 3161 multipli-

1915 3218 2086 3269 catur,
2136 3216 2307 3271 neque
2348 3195 2644 3252 imminutio
2694 3199 2776 3246 est
2815 3188 3049 3260 gignenti
3091 3186 3273 3249 radici,
3322 3197 3495 3252 neque

1918 3310 2042 3354 nato
2074 3295 2284 3350 fructui.
2308 3292 2488 3361 Gignit
2509 3287 2630 3342 vitis
2652 3302 2758 3341 non
2786 3298 2936 3338 more
2962 3289 3147 3335 nostro
3172 3292 3187 3331 :
3225 3278 3496 3344 Deumque

1918 3392 1961 3445 si
1985 3389 2215 3443 audieris
2240 3385 2507 3455 genuisse,
2536 3382 2793 3433 humanas
2823 3374 3098 3444 passiones
3119 3368 3377 3423 adscribis
3403 3382 3498 3420 na-

1918 3493 2090 3538 turam
2116 3494 2329 3534 onmem
2358 3476 2639 3529 humanam
2667 3466 2979 3538 superanti?

1992 3576 2042 3627 5.
2081 3572 2143 3625 Et
2174 3570 2299 3623 dixit
2330 3566 2462 3619 Deus
2488 3579 2505 3617 :
2536 3562 2737 3616 Educat
2763 3569 2895 3613 terra
2915 3558 3138 3609 animant
3165 3554 3401 3607 viventem
3420 3567 3502 3605 so-

1919 3668 2141 3721 cuudum
2183 3679 2371 3735 genus,
2412 3656 2800 3725 quadrupedes,
2842 3652 3078 3720 reptilia,
3122 3650 3301 3701 bestias
3343 3645 3493 3716 (Gen.

1924 3761 1971 3814 l.
2004 3759 2114 3818 9.4).
2151 3750 2535 3820 Quadrupedes
2561 3748 2797 3816 jumenta
2826 3752 2976 3807 sunt;
3012 3741 3252 3808 reptiles,
3288 3736 3498 3803 bestia},

1922 3865 2145 3918 serpens
2184 3860 2237 3899 et
2263 3845 2463 3905 draco;
2494 3854 2663 3908 neque
2689 3836 2829 3891 enim
2873 3833 3056 3888 bestia:
3100 3831 3271 3884 solum
3315 3827 3496 3894 subju-

1922 3944 2089 4013 gales,
2124 3940 2215 3993 sed
2248 3939 2405 3991 etiam
2434 3949 2553 4003 qua:
2579 3931 2828 3985 oneribus
2859 3926 3122 3989 ferendis,
3150 3924 3387 3992 junienta
3416 3919 3501 3973 di-

1923 4046 2132 4089 cuntur.
2166 4028 2429 4098 Quidquid
2464 4028 2606 4079 freno
2636 4023 2867 4076 vescitur
2888 4060 2902 4085 ,
2932 4020 3044 4074 sive
3072 4019 3196 4079 bos,
3227 4016 3337 4067 sive
3364 4013 3501 4074 ovis,

1923 4143 2085 4199 pecus
2126 4133 2382 4177 vocatur:
2428 4137 2590 4180 κτῆνος
2631 4116 2741 4168 sive
2782 4126 2940 4181 pecus
2982 4108 3206 4170 dicitur,
3250 4106 3369 4173 quia
3421 4113 3505 4157 est

1922 4239 2080 4286 κτῆμα
2129 4218 2240 4271 sive
2272 4214 2537 4285 possessio
2578 4208 2826 4264 hominis.
2873 4202 3022 4270 Quod
3069 4207 3247 4251 autem
3295 4210 3421 4248 oves
3448 4202 3501 4246 et

1925 4316 2088 4369 boves
2118 4325 2304 4377 pecora
2337 4313 2593 4359 vocentur
2617 4299 2924 4353 testiﬁcatur
2945 4292 3217 4359 Scriptura
3250 4306 3262 4341 :
3297 4286 3359 4339 Et
3390 4288 3501 4354 fue-

1924 4414 2042 4458 runt
2066 4374 2142 4455 illi
2170 4415 2350 4469 pecora
2401 4397 2564 4448 ovium
2604 4400 2646 4444 et
2684 4403 2862 4458 pecora
2901 4384 3046 4435 boum
3072 4381 3088 4451 (
3114 4379 3237 4432 Gen.
3265 4376 3352 4428 26.
3390 4374 3501 4440 14).

1928 4497 2149 4563 lit-picta
2178 4501 2261 4544 est
2296 4499 2467 4548 terra,
2509 4479 2765 4535 vernabat
2814 4474 3086 4531 fructibus,
3138 4465 3353 4536 protulit
3392 4463 3505 4515 ani-

1929 4588 2118 4645 malia;
2153 4577 2555 4633 desiderabatur
2591 4572 2803 4623 demum
2847 4572 2995 4632 pater
3022 4560 3282 4619 familias;
3316 4556 3503 4609 celum

1926 4684 2173 4731 ornatum
2214 4671 2402 4731 fuerat,
2439 4676 2577 4718 terra
2622 4660 2770 4711 vario
2806 4657 2999 4709 decore
3041 4648 3388 4719 splendebat,
3422 4662 3507 4699 re-

1928 4767 2125 4837 plt'lttm
2174 4770 2288 4815 erat
2332 4772 2499 4821 mare,
2546 4769 2638 4807 aer
2678 4750 2850 4802 avium
2901 4741 3236 4798 multitudine
3284 4748 3510 4791 ornatus

1928 4868 2062 4912 erat.
2094 4854 2279 4907 Omnia
2328 4858 2506 4919 parata
2555 4852 2743 4905 erant,
2774 4852 2826 4895 et
2876 4835 3279 4891 desiderabatur
3323 4832 3505 4883 homo.

1928 4950 2042 5003 Non
2072 4947 2143 5000 illi
2177 4942 2513 4999 contumelia}
2540 4949 2641 5001 est,
2678 4934 2816 5004 quod
2845 4933 2913 4985 sit
2937 4939 3256 4999 postremus,
3287 4924 3379 4977 sed
3411 4924 3512 4975 hoc

1930 5042 2003 5095 illi
2037 5039 2177 5093 cedit
2204 5034 2392 5088 honori
2430 5052 2441 5085 :
2475 5039 2806 5098 praeparatur
2833 5025 2972 5078 enim
3001 5021 3220 5081 domus,
3256 5025 3307 5070 et
3356 5014 3502 5067 indu‘

1930 5133 2069 5186 citur
2100 5138 2247 5198 pater
2280 5126 2529 5179 familias.
2565 5122 2701 5175 Nihil
2734 5119 2927 5186 quippe
2960 5114 3100 5167 Dens
3139 5106 3512 5175 intempestive

1937 5235 1989 5279 et
2018 5225 2133 5277 sine
2164 5221 2323 5275 modo
2358 5220 2507 5279 facit,
2553 5215 2644 5269 sed
2674 5221 2860 5267 cuncta
2891 5208 2955 5261 ad
2986 5214 3187 5259 certum
3227 5216 3399 5253 nsum.
3438 5200 3513 5251 Ae

1933 5316 2050 5369 vide
2075 5314 2335 5367 ordinent.
2372 5312 2547 5363 Primo
2582 5306 2701 5359 fecit
2726 5306 2861 5356 Dens
2888 5298 3103 5351 herbam
3135 5305 3182 5349 et
3209 5295 3429 5353 ftentnn,
3459 5298 3513 5340 et

1933 5420 2115 5481 postea
2143 5408 2389 5460 animalia
2415 5420 2531 5473 qua:
2560 5401 2642 5455 his
2669 5396 3014 5451 nutrirentur.
3043 5388 3147 5442 Nisi
3172 5387 3310 5439 enim
3334 5390 3516 5436 essent

1932 5503 2215 5564 alimenta,
2271 5494 2637 5564 intempestiva
2685 5490 2872 5543 fuisset
2920 5480 3223 5537 animalium
3270 5474 3514 5537 creatio,

1936 5696 2055 5756 post
2080 5701 2141 5738 ea
2177 5699 2295 5753 qua:
2338 5682 2401 5733 iis
2438 5680 2711 5733 alerentur
2757 5668 3020 5727 condidit;
3051 5663 3221 5732 primo
3264 5658 3328 5712 ad
3363 5672 3519 5711 usum

1937 5775 2261 5846 necessaria,
2306 5769 2498 5828 deinde
2557 5766 2755 5826 inducit
2793 5778 2855 5820 ea
2903 5773 3020 5831 qua:
3074 5753 3176 5809 illis
3219 5758 3516 5807 uterentur.
