3982 6218
462 371 578 427 463

466 471 666 526 Ι·ἰο‹1οιιι
701 468 862 524 mede
906 484 970 526 se
1017 469 1068 522 in
1096 467 1390 538 Scripturis
1426 467 1611 539 gessit.
1641 471 2061 526 Antecesserunt

462 564 738 617 Christum
764 561 1054 630 Scriptura;
1077 560 1248 629 ipsum
1278 558 1654 630 praedicantes,
1678 570 1733 614 et
1763 569 1889 614 tunc
1914 561 2060 617 venit

464 657 510 711 is
551 671 711 725 quem
763 655 1149 724 pra-dicabant.
1194 654 1600 710 Prsecesserunt
1635 656 1970 718 testimonia,
2004 665 2062 709 ut

462 748 776 804 crederetur
800 747 873 810 ei,
903 745 971 801 de
1014 760 1122 816 quo
1163 747 1530 801 testimonium
1582 747 1869 801 ferebatur.
1919 747 2062 802 Prte-

464 847 630 901 cessit
662 846 769 911 lex,
803 853 862 899 ut
891 843 1207 913 praedicaret
1237 843 1623 914 legislaterem.
1656 843 2060 898 Prtecesserunt

467 937 782 1008 prophetae,
827 945 884 992 ut
926 937 1076 991 illum
1123 935 1498 1003 declararent,
1536 935 1604 991 de
1651 951 1755 1005 quo
1799 935 2060 990 vaticina-

464 1029 681 1085 bantur.

539 1119 827 1190 Scriptum
846 1135 935 1173 cur
954 1117 1152 1173 Iudicis
1180 1117 1387 1173 relicta’.
1405 1147 1481 1158 —
1501 1117 1579 1172 Ac
1599 1117 1720 1171 vide
1739 1117 2061 1186 sapientiam

463 1212 586 1266 .Dei.
631 1211 940 1280 Scriptores
986 1210 1369 1282 prophetarum
1417 1224 1524 1266 non
1569 1209 1692 1264 sivit
1735 1209 1786 1263 iu
1819 1209 2062 1264 Ecclesia

468 1306 639 1359 solum
662 1321 807 1372 esse,
832 1304 928 1360 sed
956 1314 1007 1360 et
1029 1306 1166 1374 apud
1190 1305 1432 1360 ludasos:
1455 1315 1512 1360 ut
1529 1305 1603 1359 illi
1621 1315 2061 1376 coarguerentur,

465 1396 684 1465 reliquit
709 1411 801 1451 eas
826 1396 965 1465 apud
989 1396 1205 1452 Iudaeos
1232 1395 1502 1467 indignos,
1531 1396 1622 1450 Dei
1642 1397 1844 1458 hostes,
1863 1395 2063 1450 Christi

465 1488 731 1543 inimicos.
750 1487 858 1542 Cur
879 1504 1007 1558 ergo
1033 1488 1084 1542 id
1107 1487 1254 1552 fecit,
1280 1504 1377 1543 nec
1399 1489 1466 1542 ab
1492 1489 1596 1542 illis
1616 1488 1922 1559 Scripturas
1943 1490 2064 1544 abs-

465 1580 626 1636 tulit?
658 1580 892 1635 Evidens
921 1595 1081 1635 causa
1106 1590 1209 1644 est,
1241 1595 1340 1636 nec
1381 1581 1544 1635 multa
1587 1583 1901 1651 probatione
1929 1597 2064 1650 opus

467 1672 647 1727 habet.
682 1671 753 1728 Ut
779 1673 1088 1742 praedicatio
1113 1688 1230 1727 mea
1254 1689 1359 1727 non
1383 1684 1631 1744 suspecta
1653 1683 1819 1729 esset.
1843 1676 1896 1729 Si
1920 1675 2066 1729 solus

467 1765 761 1834 prophetas
791 1765 1049 1820 haberem
1069 1807 1082 1830 ,
1115 1777 1298 1836 posset
1326 1767 1634 1822 incredulus
1670 1768 2060 1822 contradicere.

467 1860 716 1912 Attsusne
737 1873 912 1913 essem
941 1874 1040 1929 ego
1063 1859 1265 1922 dicere,
1291 1859 1433 1914 Dixit
1460 1859 1694 1931 Moyses,
1721 1861 1854 1914 dixit
1877 1860 2062 1926 Isaias,

466 1959 556 2003 attt
584 1949 723 2004 dixit
757 1951 998 2019 reliquus
1025 1951 1408 2020 prophetarum
1438 1952 1574 2006 ordo
1594 1993 1608 2015 ,
1642 1952 1708 2006 de
1735 1952 1976 2017 Christo,
2011 1961 2068 2007 et

465 2041 534 2096 de
563 2041 626 2095 iis
657 2057 777 2110 quae
818 2049 1061 2111 tempore
1107 2042 1372 2100 adventus
1396 2044 1517 2112 ejus
1563 2054 1822 2098 eventura
1868 2045 2066 2099 erant?

469 2133 684 2186 Poterat
709 2132 881 2202 quivis
908 2133 1236 2202 respondere
1259 2153 1270 2186 :
1299 2134 1574 2190 Undenam
1606 2137 1805 2190 scimus
1827 2137 2064 2208 Moysem

467 2224 636 2279 fuisse
669 2226 1022 2293 prophetam,
1057 2236 1112 2280 et
1157 2225 1272 2282 hrec
1303 2228 1526 2292 dixisse,
1572 2238 1664 2281 aut
1717 2228 2062 2297 pra-dicasse,

469 2315 925 2383 quemadmodum
959 2317 1111 2370 vobis
1135 2317 1455 2371 Christianis
1493 2318 1559 2371 ad
1596 2321 2064 2374 confirmationem

465 2405 730 2458 doctrinae
749 2414 939 2459 vestrae
960 2406 1227 2461 blaterare
1246 2408 1417 2462 visum
1439 2417 1538 2473 est,
1563 2410 1850 2478 prophetas
1875 2425 2068 2479 nempe

470 2496 696 2565 lingere,
727 2506 782 2552 et
827 2497 1043 2551 nemina
1075 2497 1318 2554 fabulose
1361 2501 1735 2555 comminisci?
1775 2518 1946 2558 nosne
1975 2503 2070 2556 de-

469 2589 658 2643 bemus
687 2591 825 2645 hanc
853 2595 1226 2649 auctoritatem
1254 2595 1576 2652 admittere?
1603 2597 1755 2652 Nunc
1785 2614 1916 2652 vero
1940 2613 2070 2653 con-

471 2680 787 2746 tradicenti,
829 2685 1040 2739 etiamsi
1089 2688 1294 2756 magnis
1350 2690 1588 2744 munitus
1643 2689 1712 2744 sit
1752 2690 2065 2757 ratiociniis,

465 2775 642 2829 omnis
686 2776 892 2831 sublata
937 2778 1150 2832 occasio
1190 2790 1291 2845 est,
1345 2797 1411 2835 eo
1449 2783 1589 2852 quod
1633 2782 1722 2837 illa
1765 2784 2066 2838 testimonia

465 2867 607 2938 apud
642 2873 786 2938 ipsos
811 2870 1052 2939 deposita
1081 2873 1208 2938 sint,
1239 2889 1358 2942 qua:
1384 2889 1483 2929 nos
1524 2874 1592 2928 ad
1615 2875 1925 2945 degmatum
1964 2892 2066 2930 ne-

466 2974 702 3016 strerum
737 2963 1104 3019 defensionem
1143 2966 1432 3021 alferimus.
1474 2967 1628 3023 Unde
1668 2969 1810 3023 enim
1850 2969 2066 3040 coargui

466 3069 572 3108 non
595 3055 764 3124 possit
783 3071 969 3110 eorum
990 3057 1212 3111 levitas?
1236 3058 1312 3113 Ne
1338 3059 1497 3129 igitur
1521 3059 1638 3114 iure
1653 3061 1917 3127 dicantur,
1943 3077 2067 3130 per-

468 3147 615 3202 misit
659 3157 716 3203 ιιι
745 3149 867 3203 libri
914 3149 1310 3220 Scripturarum
1356 3151 1495 3220 apud
1527 3151 1648 3205 illos
1691 3162 1908 3216 essent,
1939 3162 1996 3206 ιιι
2023 3155 2068 3208 si

471 3240 598 3295 mihi
640 3240 776 3296 ﬁdes
819 3251 1062 3311 negetur,
1091 3243 1240 3311 quasi
1287 3244 1351 3297 ad
1379 3243 1718 3313 propriorum
1757 3244 2068 3316 degmatum

465 3335 690 3403 gratiam
722 3335 810 3390 illa
839 3337 1191 3392 centiuxerim
1214 3378 1228 3403 ,
1256 3336 1360 3392 illis
1391 3337 1523 3392 ﬁdes
1551 3338 1847 3407 habeatur,
1879 3339 1967 3410 qui
1999 3338 2066 3392 ab

467 3427 572 3480 illis
614 3427 954 3498 dogmatibus
999 3429 1310 3484 abhorrent.
1339 3429 1395 3486 Si
1442 3429 1682 3486 Judzcum
1731 3433 2064 3503 interroges,

465 3533 573 3571 non
601 3518 724 3573 dico
755 3520 1040 3588 quemdam
1071 3521 1138 3575 de
1169 3521 1326 3589 plebe
1351 3537 1412 3576 ac
1449 3521 1518 3577 de
1555 3523 1737 3588 turba,
1769 3525 1863 3579 sed
1893 3526 1980 3594 qui
2013 3533 2068 3580 et

466 3612 629 3666 verbo
654 3612 852 3681 polleat
881 3622 935 3666 et
962 3613 1134 3682 legem
1167 3622 1365 3679 teneat,
1391 3614 1556 3668 Estne
1577 3615 1860 3670 Christus?
1881 3627 1934 3670 et
1956 3632 2063 3670 non

462 3703 604 3759 dicat
635 3721 741 3758 non
783 3720 904 3759 esse
925 3747 938 3770 ,
966 3705 1062 3760 sed
1092 3720 1212 3760 eSse
1255 3706 1493 3776 quidem,
1521 3717 1576 3762 at
1603 3725 1708 3763 non
1749 3725 1870 3764 esse
1897 3709 2060 3776 hunc,

462 3811 620 3864 quem
649 3810 746 3848 vos
786 3793 995 3860 dicitis,
1023 3795 1118 3848 sed
1145 3797 1307 3849 alium
1338 3813 1352 3850 :
1384 3797 1644 3852 hactenus
1671 3801 1759 3855 ille
1803 3816 1915 3854 rem
1955 3816 2064 3855 non

461 3885 676 3950 evertit,
709 3885 804 3939 sed
829 3900 1111 3952 personam
1136 3886 1188 3939 in
1215 3885 1432 3940 dubium
1465 3891 1693 3943 vocavit.
1722 3891 1876 3944 Aliud
1901 3906 2066 3960 porro

459 3985 543 4030 est
574 3991 689 4031 rem
733 3991 951 4046 negare,
985 3977 1128 4032 aliud
1178 3994 1309 4033 vero
1351 3995 1656 4051 personam.
1703 3982 1766 4038 Ut
1812 3985 1855 4038 si
1887 3986 2005 4055 quis
2031 4001 2063 4040 a

461 4083 548 4123 me
574 4067 814 4123 debitum
843 4078 1108 4138 reposcat,
1142 4070 1284 4125 aliud
1309 4082 1391 4126 est
1415 4073 1615 4140 dicere,
1635 4074 1750 4129 Non
1783 4073 1974 4139 debeo,
2008 4085 2063 4131 et

458 4159 600 4212 aliud
628 4159 830 4226 dicere,
853 4159 965 4214 Non
996 4160 1110 4224 tibi,
1136 4162 1228 4216 sed
1250 4163 1337 4217 alii
1361 4164 1553 4219 debeo.
1580 4165 1796 4220 Interim
1819 4166 2060 4222 debitum

459 4251 511 4306 in
542 4252 795 4309 confesso
821 4262 921 4307 est.
950 4255 1100 4320 Quod
1123 4255 1280 4326 igitur
1308 4254 1554 4313 Christus
1581 4258 1669 4324 sit,
1699 4259 1750 4314 id
1781 4260 1856 4314 illi
1889 4261 2060 4314 conli-

460 4354 664 4407 tentur,
691 4344 940 4398 dubitant
965 4355 1142 4401 autem
1173 4362 1239 4401 an
1269 4347 1356 4402 hic
1381 4349 1472 4415 sit,
1504 4351 1593 4418 qui
1623 4367 1656 4404 a
1681 4351 1834 4404 nobis
1862 4351 2059 4421 pratdi-

455 4445 628 4501 catur,
649 4446 704 4491 et
720 4452 844 4491 eum
873 4438 962 4505 qui
991 4455 1094 4492 non
1117 4439 1326 4495 exsistit
1352 4441 1659 4507 admittunt,
1679 4443 1803 4512 quia
1823 4459 1944 4497 eum
1967 4445 2056 4513 qui

457 4545 587 4585 vere
617 4541 700 4585 est
729 4539 1011 4600 negarunt.
1041 4533 1109 4586 Et
1134 4532 1382 4588 advertas
1416 4536 1604 4598 velim,
1635 4537 1808 4605 ipsum
1837 4537 2053 4606 legisla-

455 4631 627 4676 toretn
672 4620 910 4693 Moysem
950 4622 1063 4692 ipsa
1105 4622 1336 4679 hominis
1365 4624 1687 4680 formatione
1725 4627 1918 4681 Filium
1967 4630 2055 4682 in-

451 4715 671 4780 ducere,
691 4715 914 4784 ejusque
929 4717 1310 4786 cognitionem.
1330 4719 1492 4785 Dixit,
1511 4719 1631 4774 Fiat
1649 4722 2055 4793 ﬁrmamentum;

451 4806 606 4870 dixit,
636 4805 893 4861 Germinet
933 4817 1104 4871 terra;
1130 4809 1291 4876 dixit,
1329 4811 1566 4865 Educant
1594 4829 1757 4881 aquai.
1788 4812 1922 4866 Cum
1953 4830 2053 4868 att-

453 4909 560 4953 tem
586 4900 731 4953 venit
775 4900 842 4953 ad
871 4899 1141 4954 hominem
1170 4904 1243 4957 ait
1274 4922 1286 4956 :
1319 4904 1385 4956 Et
1413 4906 1541 4958 dixit
1567 4905 1738 4970 Deus,
1775 4905 2053 4963 Faciamus

451 4994 726 5047 hominem.
755 4994 1026 5077 Interrogo
1045 4995 1317 5050 Judaeum:
1343 5001 1398 5051 Si
1421 5000 1568 5051 solus
1588 5010 1691 5064 est,
1716 5015 1814 5054 nec
1832 5009 1912 5053 est
1927 5016 2048 5054 cum

451 5102 516 5140 eo
567 5087 751 5152 Filius,
799 5103 956 5156 quem
1009 5097 1391 5158 praedicamus,
1442 5093 1486 5145 si
1534 5107 1642 5148 non
1689 5102 1773 5147 est
1818 5093 2051 5163 Spiritus

448 5188 686 5244 sanctus,
715 5195 873 5249 quem
899 5179 1204 5247 adoramus,
1231 5183 1444 5238 cuinam
1474 5183 1628 5247 dixit,
1653 5183 1929 5238 Faciamus
1956 5186 2049 5238 lto-

450 5269 675 5322 mincm?
703 5270 906 5324 Caelum
933 5271 1085 5340 jussu
1117 5275 1230 5327 sole
1262 5273 1407 5338 facit,
1438 5284 1632 5329 terram
1661 5284 1715 5330 et
1744 5277 1943 5345 reliqua
1974 5277 2046 5331 si-

449 5363 676 5415 militer:
706 5378 827 5416 cum
853 5364 1121 5418 hominem
1142 5376 1310 5432 creat,
1335 5365 1668 5422 divinitatem
1693 5368 1811 5422 Filii
1829 5369 2043 5423 demum

450 5455 637 5509 volens
654 5458 802 5525 quasi
828 5473 919 5525 per
940 5458 1199 5512 fenestras
1219 5461 1654 5530 conspiciendam
1678 5461 1939 5531 praebere,
1959 5463 2043 5515 di-

446 5545 539 5609 cit,
565 5545 834 5601 Faciamus
857 5550 1146 5616 hominem;
1170 5561 1227 5605 ut
1247 5551 1495 5607 ostendat
1522 5553 1666 5606 illum
1696 5555 1747 5607 in
1777 5554 2044 5622 prioribus

447 5639 606 5692 etiam
633 5641 880 5696 creandis
904 5643 1003 5696 sibi
1031 5647 1238 5698 socium
1263 5645 1445 5699 fuisse.
1480 5646 1640 5700 Aiunt
1663 5647 1843 5715 itaque
1869 5645 2042 5700 Jndmi

446 5730 496 5782 in
527 5742 809 5801 angustum
853 5734 1090 5801 redacti,
1125 5752 1224 5791 nec
1271 5738 1511 5793 valentes
1561 5740 1629 5792 ita
1673 5747 1912 5807 apertam
1955 5738 2040 5791 di-

445 5825 672 5880 (ticttcm
707 5837 940 5894 mutare,
975 5829 1144 5899 ipsum
1178 5828 1230 5885 id
1256 5830 1459 5901 angelis
1501 5831 1697 5886 dixisse
1729 5848 1740 5885 :
1786 5830 2038 5902 quoniam

1926 352 2304 410 SEVERMNI

3641 387 3767 441 464

2170 466 2424 526 dictionis
2467 479 2711 526 naturam
2760 481 2944 542 aperte
2985 489 3182 545 negare
3211 490 3317 532 non
3362 489 3614 547 possunt,
3659 479 3778 534 alio

2170 564 2332 617 modo
2387 564 2726 633 negationem
2783 565 2926 619 illam
2981 566 3269 623 insinuant.
3327 569 3546 626 Cuinam
3605 571 3777 643 igitur

2169 653 2324 718 dixit,
2355 653 2631 710 Faciamus
2649 656 2675 710 ?
2700 657 2941 728 Angelis,
2969 659 3232 730 inquiunt.
3263 661 3488 730 Quare,
3511 661 3622 719 Utri
3651 679 3778 718 ma-

2169 744 2313 814 jores
2344 754 2488 809 sunt,
2537 747 2735 817 angeli,
2782 764 2848 802 an
2901 749 3350 808 homines?Sane
3397 755 3584 824 angeli.
3626 754 3780 810 Nam

2169 837 2383 906 quando
2427 838 2588 892 etiam
2639 838 2928 895 admodum
2975 842 3026 896 in
3075 843 3269 898 virtute
3315 843 3662 912 profecimus,
3705 860 3783 900 ne

2173 938 2298 984 tunc
2326 931 2544 1000 quidem
2579 931 2700 987 illos
2741 947 3079 1002 superamus,
3124 934 3218 990 sed
3246 950 3401 1005 pares
3441 937 3517 991 eis
3557 953 3780 991 sumus.

2170 1020 2322 1075 Nunc
2356 1038 2488 1077 vero
2529 1023 2594 1078 iis
2622 1033 2811 1078 natura
2852 1024 3008 1096 longe
3048 1027 3325 1083 inferiores
3353 1041 3553 1094 sumus,
3583 1028 3782 1085 incor-

2171 1116 2456 1185 poreisque
2481 1117 2682 1188 angelis
2707 1132 2891 1173 sumus
2922 1119 3175 1175 minores.

2243 1205 2299 1260 6.
2332 1209 2469 1262 Audi
2501 1210 2755 1265 Davidem
2785 1210 2883 1265 hac
2907 1211 2975 1267 de
3000 1227 3061 1266 re
3089 1211 3462 1269 testiﬁcantem
3492 1232 3504 1268 :
3531 1213 3664 1281 Quid
3696 1224 3781 1268 est

2171 1301 2344 1363 homo,
2373 1301 2506 1371 quod
2527 1319 2718 1356 memor
2745 1319 2798 1356 es
2821 1305 2949 1372 ejus,
2983 1314 3074 1357 aut
3102 1302 3239 1373 ﬁlius
3270 1305 3504 1369 hominis,
3525 1306 3782 1376 quoniam

2171 1394 2344 1445 visitas
2391 1394 2546 1446 eum?
2592 1393 2828 1448 Minuiin
2875 1412 2992 1450 eum
3044 1395 3199 1466 paulo
3250 1397 3418 1450 minus
3463 1395 3522 1449 ab
3571 1399 3780 1467 angeli:

2172 1482 2346 1553 (Psal.
2374 1486 2428 1539 8.
2452 1485 2506 1540 5.
2528 1485 2604 1555 6).
2630 1485 2787 1541 Certe
2809 1487 3045 1542 minores
3071 1489 3272 1558 angelis
3298 1503 3481 1543 sumus
3509 1505 3522 1541 :
3561 1503 3655 1542 nos
3689 1489 3781 1541 in—

2173 1573 2430 1641 feriores,
2460 1577 2633 1645 angeli
2662 1577 2921 1647 majores.
2951 1577 3006 1634 Si
3035 1593 3155 1633 cum
3189 1577 3459 1634 hominem
3489 1579 3632 1632 illttm
3664 1580 3778 1632 mio

2173 1681 2360 1720 norem
2413 1666 2636 1732 faceret,
2681 1684 2816 1738 opus
2863 1669 3050 1725 habuit
3100 1670 3305 1741 angelis
3353 1671 3667 1725 consiliariis
3720 1680 3778 1725 et

2172 1757 2530 1825 adjutoribus,
2560 1774 2682 1813 cum
2713 1761 2945 1829 majores
2975 1761 3208 1827 faceret,
3252 1779 3356 1817 non
3387 1778 3546 1817 unum
3575 1777 3778 1830 nempe

2172 1850 2461 1919 angelum,
2510 1853 2604 1905 sed
2653 1852 2742 1905 illa
2790 1853 2954 1907 millia
2997 1855 3223 1909 millium
3271 1855 3775 1919 innumerabilium;

2173 1941 2630 2010 quemadmodum
2663 1943 2805 1998 enim
2831 1945 3111 2000 luminaria
3141 1946 3297 2000 simul
3321 1946 3501 2002 omnia
3526 1944 3668 2010 fecit,
3695 1946 3780 2001 sic

2171 2045 2226 2088 et
2255 2035 2476 2104 angelos
2503 2045 2558 2090 et
2593 2035 2950 2107 archangelus
2995 2037 3187 2103 simul;
3220 2047 3274 2092 et
3303 2047 3381 2092 tet
3422 2046 3542 2092 sunt
3570 2045 3628 2091 ut
3653 2052 3778 2092 om-

2173 2143 2296 2182 nem
2341 2138 2598 2198 superent
2644 2145 2951 2196 numerum,
3000 2131 3303 2201 clamatque
3335 2130 3516 2184 Daniel
3551 2149 3562 2184 :
3597 2127 3777 2183 Decies

2173 2221 2357 2275 millies
2387 2222 2518 2276 dena
2542 2223 2704 2276 millia
2725 2223 3078 2277 ministrabant
3100 2225 3164 2289 ei,
3186 2234 3234 2278 et
3257 2224 3417 2278 millia
3444 2225 3659 2278 millium
3679 2224 3778 2275 ad-

2173 2315 2373 2368 stabant
2402 2316 2446 2368 ei
2473 2315 2632 2384 (Dan.
2667 2317 2719 2369 7.
2747 2315 2859 2384 10).
2893 2315 3038 2369 Dena
3065 2316 3229 2369 millia
3259 2315 3521 2370 denorum
3547 2315 3776 2369 millium

2174 2407 2492 2476 angelorum
2539 2406 2684 2474 fecit,
2731 2408 3004 2478 milliaque
3047 2407 3272 2463 millium
3308 2408 3773 2478 archangelerum,

2174 2514 2273 2553 nec
2315 2514 2451 2568 opus
2499 2500 2683 2554 habuit
2729 2502 3038 2556 consiliario
3085 2510 3178 2556 aut
3215 2501 3500 2571 adjutore,
3549 2510 3605 2556 et
3650 2516 3779 2554 cum

2175 2607 2340 2645 unum
2367 2591 2570 2647 faceret
2599 2593 2800 2648 luteum
2835 2594 3140 2658 hominem,
3173 2594 3397 2648 consilio
3430 2594 3628 2658 utitur,
3660 2608 3778 2646 ser-

2175 2701 2390 2739 monem
2414 2685 2643 2751 confert,
2676 2686 2958 2740 consilium
2983 2685 3119 2740 init?
3148 2685 3273 2752 Quis
3297 2695 3370 2738 est
3393 2685 3580 2738 homo?
3604 2700 3779 2738 nenuo

2175 2787 2318 2832 terra
2349 2787 2402 2832 et
2426 2779 2494 2834 de
2532 2777 2714 2833 terra?
2741 2793 2922 2833 nonne
2951 2777 3088 2833 cinis
3134 2785 3188 2831 et
3213 2776 3426 2831 favilla?
3463 2776 3778 2842 Clamatqne

2173 2870 2445 2924 Abraham
2472 2886 2623 2926 suam
2659 2870 2961 2940 prmdicans
2983 2870 3242 2925 vilitatem
3276 2887 3290 2924 :
3324 2867 3437 2940 Ego
3465 2879 3636 2922 autem
3665 2883 3780 2920 sum

2175 2972 2310 3016 terra
2337 2973 2387 3017 et
2413 2965 2540 3017 cinis
2570 2962 2724 3033 (Gen.
2761 2964 2848 3018 l8.
2880 2965 2997 3033 27).
3031 2962 3168 3032 Quid
3198 2973 3323 3018 sunt
3353 2962 3571 3032 angeli?
3601 2976 3780 3014 nonne

2173 3056 2432 3124 spiritus?
2477 3071 2657 3112 nonne
2700 3057 2880 3126 ignis?
2922 3056 3058 3111 Audi
3100 3057 3358 3110 Davidem
3400 3054 3722 3109 clamantem
3761 3069 3776 3104 :

2178 3148 2281 3213 Qui
2309 3153 2434 3218 facit
2461 3149 2671 3219 angelos
2697 3166 2815 3203 suos
2845 3151 3074 3219 spiritus,
3103 3158 3149 3202 et
3181 3149 3438 3201 ministros
3463 3163 3587 3200 suos
3615 3148 3779 3216 ignem

2175 3249 2400 3293 urentem
2427 3239 2598 3312 (Psal.
2630 3239 2754 3294 103.
2784 3241 2865 3309 4).
2897 3239 3028 3294 Cum
3057 3239 3191 3310 ignis
3220 3249 3466 3292 naturam
3495 3237 3777 3299 conderet,

2174 3331 2538 3401 intelligentes
2567 3341 2622 3386 et
2649 3332 2998 3402 incorporeos
3022 3333 3263 3402 spiritus,
3295 3346 3397 3384 non
3425 3345 3566 3400 opus
3597 3329 3781 3384 habuit

2171 3423 2502 3490 consiliario,
2555 3439 2661 3478 non
2707 3425 2872 3488 socie,
2925 3439 3030 3479 non
3075 3424 3182 3479 alio
3227 3423 3480 3494 quoniam
3524 3423 3579 3475 in
3615 3435 3781 3490 opere

2171 3514 2418 3583 adjutere
2450 3534 2462 3569 :
2497 3525 2552 3570 et
2581 3532 2703 3571 cum
2736 3532 2859 3572 eum
2884 3518 2972 3587 qui
3004 3517 3073 3572 de
3102 3525 3243 3571 terra
3272 3527 3353 3572 est
3381 3515 3589 3580 condit,
3620 3515 3780 3568 mise-

2171 3620 2288 3658 rmn
2320 3605 2491 3672 illum,
2525 3607 2714 3673 vilem,
2748 3609 2836 3677 qui
2867 3607 3014 3662 brevi
3048 3616 3228 3678 postea
3273 3617 3518 3677 tempore
3557 3623 3663 3660 non
3692 3604 3780 3658 fu-

2172 3705 2324 3750 turus
2354 3706 2456 3762 est,
2493 3699 2581 3766 qui
2615 3701 2667 3752 in
2715 3698 2965 3768 sepulcro
3011 3699 3367 3762 dissolvetur,
3397 3701 3487 3767 qui
3537 3707 3780 3767 tempore

2169 3798 2541 3856 eensumetur,
2594 3790 2878 3845 consilium
2925 3792 3042 3858 init,
3085 3793 3398 3846 censultat?
3448 3791 3648 3855 Etiam,
3697 3791 3781 3841 in-

2173 3882 2343 3952 quiet,
2370 3883 2524 3939 decet
2553 3884 2840 3938 Dominum
2873 3886 2942 3940 ob
2971 3889 3246 3941 summam’
3260 3901 3413 3940 suam
3447 3886 3778 3946 bonitatem,

2170 3975 2353 4030 dicere
2384 3977 2597 4031 famulis
2621 3979 2976 4046 praesentibus
2999 4021 3014 4046 ,
3047 3979 3184 4047 Quid
3213 3978 3332 4033 fieri
3365 3978 3622 4049 oportet?
3651 3978 3779 4047 quid

2170 4068 2468 4124 faciemus?
2492 4070 2605 4125 lloc
2635 4086 2849 4142 quoque
2875 4073 3116 4128 concedo
3135 4114 3150 4136 ,
3179 4087 3241 4126 ac
3272 4083 3390 4142 post
3421 4082 3629 4126 tantum
3657 4089 3778 4126 rer-

2170 4170 2371 4227 tamen,
2399 4161 2627 4216 admitto
2646 4204 2662 4229 ,
2690 4163 2842 4228 illud,
2874 4163 3180 4229 Faciamus,
3212 4165 3278 4218 ad
3319 4166 3544 4234 angelos
3571 4165 3776 4219 dictum

2167 4254 2351 4309 fuisse.
2387 4255 2541 4321 Illud,
2571 4255 2870 4322 Faciamus,
2900 4257 3090 4312 audisti
3115 4275 3127 4321 ;
3154 4258 3278 4313 illttd
3299 4274 3448 4324 vero,
3475 4259 3775 4313 Secundum

2165 4347 2437 4418 imaginem
2461 4357 2509 4402 et
2531 4349 2914 4402 similitudinem
2935 4365 3038 4404 non
3063 4349 3279 4405 vidisti?
3305 4350 3416 4404 Iloc
3441 4353 3587 4403 enim
3610 4351 3777 4404 verbo

2164 4438 2470 4495 Judmorum
2498 4449 2552 4496 et
2575 4442 2947 4497 haereticorum
2976 4458 3069 4496 ora
3095 4444 3387 4496 obstruam.
3415 4442 3604 4512 Neque
3629 4445 3776 4498 enim

2164 4530 2404 4598 Judmus,
2447 4548 2621 4603 neque
2650 4550 2861 4588 rursum
2901 4534 3184 4589 ltmreticus
3205 4575 3217 4597 ,
3251 4535 3365 4603 ipse
3400 4551 3617 4605 quoque
3649 4552 3777 4589 vere

2163 4621 2413 4688 Judacus;
2450 4625 2556 4679 imo
2585 4625 2735 4694 pejor
2768 4645 2780 4680 :
2815 4626 2886 4679 illi
2922 4641 3152 4695 namque
3180 4640 3377 4694 Corpus
3415 4627 3630 4681 visibile
3652 4643 3776 4680 cru-

2163 4712 2482 4779 citixerunt;
2535 4714 2587 4768 hi
2642 4731 2769 4770 vero
2827 4716 3156 4771 divinitatem
3211 4717 3538 4770 invisibile-tn
3595 4719 3776 4785 impn-

2161 4817 2327 4876 gnant
2347 4824 2360 4870 ;
2380 4807 2486 4860 into
2507 4809 2883 4878 veroipsorum
2899 4810 3146 4864 salutem.
3169 4809 3368 4864 Verum
3395 4820 3450 4864 ct
3473 4811 3549 4864 illi
3571 4811 3775 4878 impos-

2160 4901 2336 4954 sibilia
2379 4902 2592 4970 aggredi
2633 4902 2985 4956 detnonSIrati
3017 4913 3160 4958 sunt.
3184 4902 3527 4971 Quapropter
3575 4906 3772 4972 partim

2162 5007 2349 5062 [umnas
2391 4992 2547 5062 hujus
2587 4992 2838 5048 facinoris
2879 4996 2932 5048 in
2973 4998 3220 5063 prtesenti
3263 4994 3554 5060 dederunt,
3598 5010 3775 5064 genus

2161 5100 2318 5140 suum
2349 5085 2593 5138 videntes
2627 5101 2722 5154 per
2753 5096 2919 5140 totmn
2953 5087 3138 5140 orbem
3179 5087 3481 5156 dispersum
3542 5089 3774 5142 Demum

2161 5186 2338 5229 autem
2385 5177 2485 5229 illis
2526 5186 2762 5231 extrema
2795 5179 2923 5230 ultio
2960 5188 3043 5231 est
3074 5177 3389 5247 infligenda,
3420 5179 3644 5248 quando
3676 5196 3773 5234 cx-

2163 5280 2394 5323 tremum
2444 5271 2681 5323 omnium
2726 5271 2984 5339 judicium
3034 5271 3365 5325 reddendum
3417 5275 3543 5326 crit.
3589 5274 3774 5339 Atque

2158 5363 2225 5415 ab
2272 5362 2399 5430 ipsis
2428 5377 2523 5415 suo
2568 5372 2810 5430 tempore
2856 5363 3161 5430 promerita:
3207 5373 3519 5432 repetentur
3564 5378 3770 5432 pinum.

2155 5455 2291 5522 Quid
2322 5470 2496 5508 causze
2525 5454 2682 5521 igitur
2708 5466 2809 5516 est,
2839 5470 2931 5508 cur
2957 5453 3055 5509 hos
3077 5470 3266 5509 omnes
3289 5471 3574 5509 sermones
3608 5458 3774 5510 Vobis

2155 5550 2564 5618 proposuerim?
2606 5549 2739 5603 Volo
2786 5550 2928 5604 enim
2981 5566 3192 5603 rursum
3242 5551 3438 5604 seriem
3485 5563 3772 5621 repetere.

2152 5641 2268 5695 Non
2293 5643 2449 5695 audet
2475 5641 2782 5707 hatreticus,
2809 5658 2907 5697 nec
2939 5641 3332 5697 audetJudaeus
3360 5641 3568 5708 dicere,
3600 5661 3771 5699 unam

2152 5750 2270 5790 esse
2306 5735 2396 5790 Dei
2439 5745 2490 5790 ct
2521 5737 2829 5804 angelorum
2878 5735 3184 5806 imaginem.
3233 5734 3372 5790 Num
3409 5737 3618 5806 angeli,
3677 5739 3774 5807 qui

2156 5827 2280 5881 facti
2303 5835 2446 5896 sunt,
2471 5828 2744 5898 adjutores
2768 5827 2860 5885 Dei
2882 5826 3115 5884 fuerint?
3132 5826 3556 5886 Miuistrisolum
3584 5841 3770 5895 erant,
