3982 6218
208 480 404 554 στιυθῇ
460 477 490 529 ό
537 469 1000 554 μαρτυρούμενος.
1053 465 1358 554 Προέλαϐεν
1402 467 1438 554 ό
1459 464 1660 554 Νόμος,
1702 461 1790 554 ῖνα

205 544 418 636 κηρύξῇ
444 544 896 625 τὸν-Νομοθέτην.
928 549 1236 636 Προέλαϐον
1263 551 1558 620 προφῆται,
1584 547 1671 599 ἶνα
1706 544 1798 614 ἐρ-

211 635 523 721 μηνεύσωσι
549 639 640 693 τὸν
665 635 1162 721 προφητευόμενον.

278 709 386 783 Καὶ
432 728 534 798 ὅρα
573 722 668 776 τοῦ
720 720 855 773 Θεοῦ
906 720 1004 790 τήν
1045 717 1256 786 σοφίαν.
1288 716 1398 779 Τάς
1433 712 1658 798 Γραφάς
1688 709 1796 798 τῶν

207 796 504 884 προφητῶν
545 809 606 860 οὑ
650 802 1028 874 συνεχώρησεν
1072 803 1130 884 ἐν
1175 802 1242 870 τῇ
1293 797 1590 884 Ἰῖκκλησὶᾳ
1637 796 1796 866 μόνον

207 881 534 957 εἶναι,ίάλλά
594 890 689 942 καὶ
729 889 867 958 πρὸς
927 883 1214 946 Ἰουδαίους
1253 898 1267 912 ·
1311 882 1400 934 ἵνα
1433 881 1793 949 ἐλέγχωνται,

207 982 392 1035 εἴασεν
417 974 584 1037 αὑτάς
619 972 711 1025 καὶ¹
749 967 899 1040 παρὰ
945 967 1219 1028 Ἰουδαίοις
1251 967 1363 1028 τοῖς
1390 963 1648 1026 ἀναξίοις,
1685 964 1797 1024 τοῖς

211 1062 520 1134 θεομάχοις,
549 1058 661 1120 τοῖς
691 1054 903 1134 ἐχθροῖς
935 1046 1320 1134 τοῦΑΧριστοῦ.
1352 1047 1500 1134 Δ-ιατί
1530 1041 1797 1134 οὖντοῦτο

208 1127 503 1213 πεποίηκε,
541 1140 636 1194 καὶ
664 1141 739 1208 μὴ
762 1133 951 1188 ἐλαϐεν
987 1132 1156 1195 αὑτὰς
1183 1130 1313 1204 παρ’
1339 1128 1553 1213 αὑτῶν;
1584 1127 1798 1213 Φανερά

208 1231 244 1301 ἡ
283 1212 433 1284 αίτία
461 1268 474 1292 ,
503 1225 599 1280 καὶ
646 1223 708 1275 οὑ
757 1218 959 1288 πολλῆς
1001 1215 1347 1301 κατασκευῆς
1377 1212 1644 1301 δεομένη.
1680 1212 1797 1301 Ἵνα

207 1292 520 1368 άνύποπτον
616 1306 676 1358 τὸ
705 1303 837 1372 ἐμὸν
893 1304 1176 1371 κήρυγμα.
1208 1298 1273 1351 El
1320 1298 1479 1368 μόνος
1505 1292 1647 1365 είχον
1673 1294 1798 1357 τοὺς

210 1398 515 1468 προφήτας,
539 1392 663 1460 ἐνῆν
705 1386 981 1442 ἀντειπεῖν
1004 1383 1082 1454 τῷ
1113 1382 1449 1468 ἀπιστοῦντι.
1471 1379 1800 1468 ΔῙξῖτόλμησσ.

210 1462 394 1534 εἰπεῖν
418 1475 558 1546 ἐγὼ,
590 1475 670 1528 ὅτι
699 1468 818 1526 εἷπε
871 1470 1133 1538 Μωῦσῆς,
1179 1468 1214 1538 ἢ
1265 1463 1419 1520 εἶπεν
1469 1462 1797 1534 Ἡσαΐας,ἢ

209 1560 332 1618 εἷπε
366 1562 426 1615 τὸ
464 1558 650 1612 λοιπὸν
697 1556 808 1610 τῶν
843 1551 1140 1625 προφητῶν
1185 1550 1394 1620 τάγμα,
1427 1548 1553 1618 περί
1575 1563 1635 1599 τε
1665 1548 1801 1616 Χρι-

210 1645 362 1709 στοῦ,
400 1641 618 1698 καὶτῶν
649 1639 792 1694 κατὰ
819 1640 909 1691 τὸν
944 1635 1135 1706 καιρὸν
1169 1635 1267 1700 τῆς
1297 1631 1597 1699 παρουσίας
1632 1627 1797 1682 αὑτοῦ

206 1727 590 1800 γενησομένων
629 1743 644 1792 ;
699 1721 859 1792 Ἐνῆν
911 1719 1187 1772 ἀντειπεῖν
1233 1716 1310 1788 τῷ
1355 1714 1667 1786 βουλομένῳ
1705 1711 1799 1766 καὶ

207 1799 440 1883 φάσκειν
468 1827 481 1839 ο
517 1809 687 1863 Πόθεν
718 1804 894 1867 τοῦτο,
923 1804 1007 1857 ὃτι
1043 1801 1284 1871 Μωῡσῆς
1314 1799 1646 1883 ἐγένετό-τις
1668 1813 1802 1868 προ-

207 1881 407 1967 φήτης,
441 1895 534 1946 καὶ
580 1888 700 1944 εἷπε
758 1885 1010 1956 ταῦτα,ἢ
1064 1884 1347 1958 ἐκήρυξεν,
1390 1883 1466 1946 ὡς
1499 1881 1800 1967 ἠθελήσατε

207 1966 370 2052 ὑμεῖς
391 1981 438 2031 οἱ
454 1975 767 2049 Χριστιανοὶ
790 1973 921 2043 πρὸς
941 1970 1200 2024 σύστασιν
1225 1969 1334 2021 τῶν
1358 1968 1574 2052 οἰκείων
1595 1966 1802 2052 δογμά-

207 2047 322 2119 των
344 2064 436 2115 καί⁵
464 2047 748 2132 προφήτας
771 2056 994 2117 πλάσαι,
1028 2053 1181 2125 [472]
1213 2052 1306 2107 καὶ
1341 2051 1579 2121 ὀνόματα
1605 2047 1803 2119 μυθεῦ-

211 2167 344 2214 aus;
375 2150 536 2218 ἡμεῖς
579 2147 644 2198 ἐκ
701 2141 893 2195 τούτου
947 2140 1232 2210 πρόκριμα
1269 2136 1557 2206 ὀφείλομεν
1593 2133 1799 2218 ὑπομέ-

208 2250 359 2299 νεινς
391 2230 504 2284 Νῦν
547 2229 604 2283 δέ
653 2228 805 2280 πᾶσα
844 2223 922 2294 τῷ
967 2223 1266 2291 ἀντιλέγειν
1326 2221 1670 2292 βουλομένῳ,
1699 2217 1802 2272 κᾶν
1877 2277 1880 2280 ,

214 2314 435 2387 μακρὰν
464 2314 640 2383 ἔχοντι
697 2307 1082 2376 δικαιολογίαν,
1121 2304 1451 2376 περιῄρηται
1508 2303 1801 2374 πρόφασις,

209 2402 300 2454 διὰ
338 2399 397 2451 τὸ
427 2396 630 2459 ταύτας
655 2395 754 2457 τὰς
790 2391 1093 2465 μαρτυρίας
1125 2391 1255 2458 παρ’
1290 2390 1475 2453 αὺτοῖς
1490 2388 1802 2458 τυγχάνειν,

209 2483 280 2546 ἃς
303 2483 461 2552 ἡμεῖς
493 2479 630 2550 πρὸς
661 2477 920 2530 σύστασιν
950 2474 1057 2526 τῶν
1084 2473 1300 2526 οἰκείων
1331 2471 1572 2543 φέρομεν
1601 2468 1804 2538 δογμάο

209 2582 346 2620 των.
379 2563 548 2616 Πόθεν
571 2562 678 2631 γὰρ
712 2559 786 2631 μή
821 2557 1044 2612 δυνατὸν
1071 2557 1286 2624 ἐλέγξαι
1331 2555 1432 2626 τὴν
1459 2555 1662 2609 τούτων
1703 2557 1804 2625 ρᾳ-

209 2647 522 2718 διουργίαν;
549 2646 667 2698 ’Ὶνα
697 2643 874 2696 τοίνυν
900 2643 971 2713 μὴ
990 2641 1165 2694 ταῦτα
1194 2635 1804 2709 λέγηται,συνεχώρησε

216 2733 349 2802 παρ’
383 2728 613 2791 ἐκείνοις
656 2727 724 2779 τά
753 2725 863 2778 τῶν
897 2723 1129 2795 Γραφῶν
1162 2723 1453 2793 τυγχάνειν
1487 2721 1686 2792 βιϐλία,
1719 2722 1807 2774 ἶνα

211 2815 322 2870 κάν
343 2812 453 2882 ἐγὼ
485 2809 773 2881 ἀπιστηθῶ
801 2808 875 2872 ὼς
906 2809 1043 2880 πρὸς
1062 2807 1221 2880 χάριν
1240 2807 1349 2861 τῶν
1361 2807 1582 2861 ὀίκείων
1604 2805 1809 2876 δογμά-

211 2917 328 2954 των
355 2897 724 2967 πλαττόμενος
761 2893 848 2947 διά
871 2895 969 2964 τὴν
998 2893 1329 2962 οἰκειότητα,
1357 2894 1555 2945 ἐκεῖνοι
1583 2907 1808 2944 πιστευ-

212 2982 355 3037 θῶσι
384 2974 472 3034 διά
497 2980 598 3051 τὴν
630 2976 1038 3048 ἀλλοτριότητα.
1070 2976 1195 3029 Ἐάν
1216 2977 1500 3049 ἐρωτήσῃς
1535 2974 1806 3038 Ἰουδαῖον,

213 3068 280 3121 ού
327 3066 470 3134 λέγω
500 3063 591 3117 τὸν
641 3063 860 3133 χυδαῖον
913 3061 1009 3115 καὶ
1041 3060 1264 3131 δημώδη
1315 3060 1505 3130 ὄχλον,
1532 3058 1670 3112 άλλά
1719 3057 1810 3110 τὸν

214 3149 374 3212 ἐντὸς
395 3149 551 3216 λόγου
585 3149 677 3200 καὶ
706 3145 895 3214 νόμου,
933 3144 1089 3197 Ἐστι
1125 3143 1388 3213 Χριστόςς
1422 3145 1516 3196 καὶ
1548 3143 1607 3197 ού
1661 3142 1810 3211 λέγει

213 3235 302 3288 δτι
343 3232 454 3284 Οὐκ
479 3230 625 3283 ἔστιν
646 3269 658 3292 ,
686 3228 798 3282 ἀλλ’
825 3230 908 3281 ὅτι
964 3226 1121 3281 Ἐστι
1161 3227 1290 3297 μὲν,
1321 3228 1420 3296 οὐχ
1453 3219 1606 3290 οὗτος
1650 3226 1706 3279 δὲ
1751 3225 1811 3278 ὃν

215 3314 379 3386 ὑμεῖς
420 3314 625 3382 λέγετε,
651 3311 764 3367 ἀλλ’
792 3312 948 3375 ἄλλος
967 3329 980 3342 ·
1010 3313 1147 3374 τέως
1189 3310 1250 3364 τὸ
1291 3313 1524 3382 πρᾶγμα
1555 3311 1653 3363 οὐκ
1688 3308 1812 3363 ἀνέ-

213 3396 409 3468 τρεψε,
435 3399 563 3468 περὶ
582 3397 639 3450 δέ
667 3396 729 3449 τὸ
752 3395 1040 3468 πρόσωπον
1072 3394 1543 3448 ἐδίστασεν.”Αλλο
1576 3393 1632 3446 δέ
1666 3395 1813 3447 ἐστιν

215 3480 564 3554 ἀρνήσασθαι
599 3482 854 3552 πρᾶγμα,
877 3479 1006 3534 ἀλλο
1037 3480 1092 3533 δὲ
1124 3479 1436 3551 πρόσωπον.
1456 3473 1581 3534 Οἷον
1606 3479 1700 3532 ἐάν
1728 3495 1812 3542 τις

216 3566 397 3638 ἐνάγῃ
428 3583 517 3634 μοι
561 3566 688 3637 περὶ
715 3565 928 3635 χρέους,
957 3564 1085 3618 ἄλλο
1118 3564 1266 3618 ἐστὶν
1305 3564 1499 3628 εἰπεῖν,
1532 3564 1605 3616 Ού
1642 3580 1815 3634 χρεω-

220 3650 359 3712 στῶ,
385 3651 478 3701 καὶ
500 3649 627 3704 ἀλλο
657 3646 725 3721 ἦν
759 3650 953 3713 εἰπεῖν,
986 3651 1059 3701 υὺ
1087 3648 1169 3701 σοὶ
1195 3649 1481 3719 χρεωστῶ,
1500 3647 1613 3700 ἀλλ’
1645 3648 1808 3719 ἄλλῳ.

218 3737 378 3800 Τέως
404 3735 464 3790 τὸ
501 3737 662 3807 χρέος
715 3735 1082 3806 ὡμολόγηται.
1111 3732 1236 3790 ’Ότι
1282 3735 1379 3805 μέν
1412 3731 1505 3790 οῦν
1532 3736 1647 3788 ἐστι
1675 3737 1812 3806 Χριο

220 3826 353 3888 στος
377 3865 392 3890 ,
425 3822 798 3895 ὁμολογοῦσιν,
832 3822 1233 3893 ἀμφιϐάλλουσι
1282 3823 1338 3876 δέ
1371 3824 1420 3876 εί
1469 3818 1622 3887 οὗτός
1665 3825 1813 3876 ἐστιν

216 3916 252 3967 ὁ
275 3913 406 3983 παρ’
437 3911 596 3982 ήμῶν
625 3911 1047 3980 κηρυττόμενος,
1070 3910 1274 3963 καὶτὸν
1311 3911 1385 3983 μή
1418 3910 1546 3965 ὄντα
1576 3911 1816 3982 ἐκδέχον-

216 4018 340 4063 ται,
370 3999 554 4069 ἐπειδὴ
592 3999 680 4051 τὸν
714 3997 842 4051 ὄντα
869 3999 1197 4069 ἠρνήσαντο.
1243 3998 1353 4052 Καὶ
1381 4001 1615 4071 πρόσεχε
1648 4001 1813 4054 αὑτὸν

216 4084 317 4136 τὸν
349 4081 642 4151 νομοθέτην
669 4080 910 4134 Μωῦσέα
938 4083 1073 4150 αὐτῇ
1111 4084 1176 4151 τῇ
1204 4081 1298 4134 τοῦ
1330 4083 1619 4154 ἀνθρώπου
1646 4100 1812 4136 κατα-

221 4166 399 4233 σκευῇ
441 4164 800 4230 εἰσαγαγόντα
834 4163 924 4216 τὸν
976 4163 1103 4216 Υίὸν
1133 4166 1226 4218 καὶ
1251 4165 1349 4233 τὴν
1393 4167 1595 4234 γνῶσιν
1623 4165 1808 4220 αὑτοῦ.

218 4241 387 4308 Εἷπε,
432 4245 750 4312 Γενηθήτω
795 4247 1131 4316 στερέωμα·
1171 4243 1748 4316 εἷπε,Βλαστησὰτω
1774 4252 1812 4318 ἠ

220 4328 306 4401 γῆ
330 4346 345 4361 ο
376 4324 521 4392 εἷπε,
570 4330 937 4400 Ἑξαγαγέτω
993 4331 1066 4385 τὰ
1111 4332 1320 4387 ὕδατα.
1361 4334 1487 4387 Ὅτε
1538 4331 1699 4404 ἦλθεν
1736 4337 1814 4397 είς

219 4413 322 4466 τὸν
361 4413 676 4481 ἄνθρωπον,
705 4416 849 4482 λέγει
881 4431 895 4444 ·
930 4415 1041 4468 Καὶ
1081 4413 1250 4470 εἶπεν
1283 4419 1315 4470 ό
1352 4416 1516 4483 Θεὸς,
1548 4419 1816 4483 Ποιήσω-

213 4513 342 4568 μεν
381 4496 715 4560 ἄνθρωπον.
760 4499 976 4569 Ἐρωτῶ
1014 4499 1262 4553 Ἰουδαῖον
1298 4516 1312 4530 ·
1347 4501 1410 4553 Εί
1465 4502 1623 4572 μόνος
1674 4504 1812 4568 ἐστὶ,

224 4580 326 4632 καὶ
353 4580 452 4631 οὐκ
477 4579 590 4631 ἔστι
634 4579 748 4650 μετ’
782 4581 946 4634 αὑτοῦ
990 4583 1117 4646 Υἱὸς
1147 4584 1205 4636 ὃν
1234 4583 1575 4654 κηρύττομεν
1596 4625 1610 4649 ,
1644 4587 1692 4637 εί
1717 4587 1814 4638 ούκ

221 4661 348 4728 ἐστι
374 4661 596 4732 Πνεῦμα
618 4663 773 4731 ἀγιον
803 4664 832 4717 ὃ
860 4665 1293 4735 προσκυνοῦμεν,
1325 4667 1430 4719 τίνι
1462 4665 1602 4731 εἶπε,
1640 4669 1816 4737 Ποιή-

222 4762 435 4814 σωμεν
465 4746 813 4814 ἄνθρωπον;
852 4749 956 4802 Τὸν
989 4750 1216 4820 οὐρανὸν
1259 4755 1404 4804 ποιεῖ
1435 4753 1814 4821 προστάγματι

227 4829 403 4900 μόνῳ,
427 4830 528 4900 τὴν
566 4830 671 4900 γῆν
700 4831 900 4901 ὁμοίως
923 4833 1019 4886 καὶ
1050 4833 1118 4886 τὰ
1141 4833 1304 4887 λοιπά
1333 4851 1345 4864 ·
1369 4836 1456 4888 ὅτε
1495 4837 1586 4888 τὸν
1611 4836 1815 4906 ἄνθρω-

223 4930 335 4965 πον
359 4913 701 4983 δημιουργεῖ,
723 4915 821 4985 τὴν
847 4915 1175 4984 θεοίνωσίαν
1216 4918 1399 4971 λοιπὸν
1433 4917 1528 4972 τοῦ
1564 4919 1691 4972 Υίοῦ
1743 4919 1816 4981 ώς

217 4999 320 5051 διὰ
352 4995 583 5067 θυρίδων
617 4998 936 5068 παρακύψαι
978 5000 1324 5070 βουλόμενος,
1350 5003 1519 5073 λέγει,
1553 5002 1818 5069 Ποιήσω-

218 5079 688 5151 μενᾶνθρωπον,
723 5081 809 5135 ἵνα
855 5082 1004 5156 δείξῃ
1035 5086 1130 5137 καὶ
1159 5085 1269 5138 τῶν
1327 5087 1558 5158 πρώτων
1606 5086 1754 5155 αὐτῷ
1790 5099 1814 5126 α

224 5163 516 5236 συνεργόν.
548 5165 777 5233 Λέγουσι
800 5169 978 5224 τοίνυν
1001 5171 1050 5222 οἱ
1089 5171 1325 5225 Ἰουδαῖοι
1355 5174 1715 5243 στενούμενοι,
1744 5174 1816 5244 μὴ

220 5249 522 5318 δυνάμενοι
552 5249 613 5302 τὸ
662 5253 935 5321 προφανὲς
976 5255 1320 5324 μετατιθέναι
1361 5257 1460 5327 τῆς
1498 5257 1712 5323 λέξεως,
1737 5259 1815 5310 ὅτι

219 5335 348 5395 τοῖς
378 5333 632 5401 ἀγγέλοις
665 5331 818 5390 εἶπεν
854 5353 868 5367 ο
893 5338 1083 5409 ἐπειδὴ
1126 5341 1378 5412 φανερῶς
1432 5343 1712 5412 ἀρνεῖσθαι
1757 5343 1816 5395 οὐ

219 5414 490 5469 δύνανται
540 5417 641 5487 τῆς
682 5419 878 5485 λέξεως
921 5421 1022 5489 τὴν
1054 5423 1244 5491 φύσιν,
1279 5424 1451 5496 ἑτέρῳ
1489 5426 1672 5496 τρόπῳ
1703 5443 1818 5489 πως

219 5496 440 5567 ταύτην
469 5500 568 5570 τὴν
598 5501 824 5573 ἄρνησιν
849 5506 1249 5574 ἐπεισάγουσιν.
1286 5509 1405 5562 Τίνι
1451 5511 1628 5564 τοίνυν
1661 5507 1779 5563 εἷπε
1801 5549 1816 5575 ,

221 5581 626 5652 Ποιήσωμεν;
668 5587 962 5656 Ἀγγέλοις,
1013 5591 1196 5662 φησίν,
1249 5594 1488 5666 Ἐρωτῶ,
1518 5595 1658 5662 τίνες
1699 5597 1820 5667 μεί-

301 5772 328 5800 ⁸
355 5770 466 5820 Sav.
502 5771 662 5820 αὑτὸν.
683 5772 939 5826 Combeﬁs.
964 5775 1127 5828 αὑτοῦ.

1301 353 1391 408 DE
1424 351 1641 409 MUNDI
1679 344 2078 404 CREATIONE
2117 345 2374 404 ORATIO
2413 347 2502 403 IV.

3359 352 3472 409 464

1901 457 2047 522 ζους’,
2080 458 2128 510 οι
2153 456 2401 526 ἄγγελοι,
2437 458 2470 529 ἥ
2503 457 2554 510 οί
2579 456 2884 527 ἀνθρωποι;
2919 455 3145 520 Πάντως
3172 457 3220 509 οί
3250 456 3491 526 ἄγγελοι.

1905 541 2071 595 Ὅταν
2111 543 2220 611 γάρ
2263 543 2406 595 πάνυ
2439 542 2736 612 φθάσωμεν
2771 541 2852 604 είς
2882 540 3083 610 ἀρετῆς
3119 541 3348 612 μέτρον,
3374 543 3494 597 τότε

1903 625 2148 688 ἐκείνους
2198 626 2295 695 ούχ
2349 625 2782 695 ὑπερϐαίνομεν,
2815 623 2929 675 ἀλλ’
2957 623 3185 686 ἐκείνοις
3213 625 3494 694 ίσούμεθα.

1902 706 2015 760 Νῦν
2040 705 2096 759 δὲ
2141 708 2273 762 πολὺ
2325 708 2423 779 τήν
2463 708 2685 760 ἐκείνων
2717 705 3141 776 ὑποϐεϐήκαμεν
3184 705 3366 773 φύσιν,
3403 709 3498 762 καὶ

1902 789 2158 854 ἐλάττους
2204 790 2305 860 τῆς
2352 789 2646 861 ἀσωμάτου
2700 789 2810 844 τῶν
2861 789 3112 857 ἀγγέλων
3155 787 3497 862 τυγχάνομεν

1902 874 2313 936 καταστάσεως.

1977 956 2051 1022 ς’.
2087 958 2292 1009 ’Λκουε
2319 957 2449 1029 περὶ
2494 956 2686 1010 τούτου
2741 954 2910 1009 Δαυῒδ
2953 954 3394 1029 μαρτυροῦντος⁶
3439 956 3501 1010 Τί

1902 1039 2076 1094 ἐστιν
2114 1039 2447 1107 ἄνθρωπος,
2479 1040 2566 1093 ὅτι
2583 1037 2902 1108 μιμνήσκῃ
2929 1037 3137 1103 αὐτοῦ,
3162 1040 3200 1108 ἢ
3235 1039 3366 1104 υίὸς
3395 1039 3502 1093 ἀν-

1903 1123 2139 1193 θρώπου
2161 1162 2176 1188 ,
2210 1122 2300 1176 ὅτι
2336 1123 2672 1191 ἐπισκέπτῃ
2719 1123 2944 1186 ai)th
2999 1121 3374 1188 Ἠλάττωσας
3393 1123 3502 1175 αὐ·-

1903 1207 2010 1259 τὸν
2051 1205 2255 1274 ,βραχύ
2289 1222 2343 1258 τι
2402 1205 2539 1272 παρ’
2575 1204 2891 1274 ἀγγέλους.
2924 1204 3075 1268 Τέως
3127 1204 3500 1275 ὴλαττωμένοι

1905 1289 2070 1358 ἐσμέν
2106 1290 2238 1359 παρ’
2291 1288 2556 1356 ἀγγέλους
2583 1303 2597 1318 '
2628 1291 2793 1358 ήμείς
2849 1286 3127 1351 ἐλάττους,
3169 1289 3219 1341 οί
3278 1287 3500 1356 ἄγγελοι

1910 1371 2153 1442 μείζους.
2179 1371 2243 1426 El
2273 1371 2362 1424 τὸν
2385 1371 2670 1442 ἄνθρωπον
2694 1371 2786 1424 τὸν
2816 1371 3075 1424 ἐλάττονα
3101 1369 3292 1434 ποιῶν,
3310 1372 3502 1442 χρείαν

1905 1454 2033 1526 ἔσχε
2068 1453 2385 1524 συμϐούλων
2412 1453 2522 1508 τῶν
2558 1454 2806 1522 ἀγγέλων
2832 1454 2865 1524 ἢ
2900 1455 3199 1523 συνεργῶν,
3221 1457 3248 1499 ιδ
3267 1455 3357 1506 ὅτε
3376 1455 3501 1516 τοὺς

1910 1537 2126 1606 μείζους
2163 1537 2358 1602 ἐποίει,
2389 1537 2488 1606 ούχ
2522 1537 2618 1589 ἕνα
2658 1535 2912 1604 ἄγγελον,
2939 1535 3055 1588 ἀλλ’
3102 1534 3237 1606 ὁμοῦ
3268 1535 3368 1598 τάς
3408 1553 3503 1606 μυ-

1908 1619 2101 1690 ριάδας
2141 1619 2357 1684 ἐκείνας
2391 1619 2489 1684 τάς
2514 1611 2916 1692 ἀναριθμήτους
2942 1633 2957 1652 ·
2993 1617 3140 1692 [475]
3177 1618 3367 1688 ὥσπερ
3391 1618 3500 1688 γὰρ

1905 1703 2032 1766 τοὺς
2053 1703 2344 1773 φωστῆρας
2367 1703 2502 1773 ὁμοῦ
2533 1702 2741 1766 πάντας
2765 1702 3040 1772 ἐποίησεν,
3066 1700 3209 1754 οὕτω
3234 1701 3499 1769 ἀγγέλους

1908 1787 2001 1840 καὶ
2023 1786 2398 1856 ἀρχαγγέλους
2428 1786 2564 1856 ὁμοῦ
2585 1803 2598 1818 ο
2633 1787 2726 1841 καὶ
2755 1784 3000 1839 τοσοῦτοί
3026 1786 3131 1838 είσι
3160 1784 3242 1838 ὄτι
3267 1784 3367 1855 τήν
3392 1783 3501 1836 τῶν

1907 1868 2161 1940 ἀριθμῶν
2185 1867 2596 1941 ὑπερϐεϐήκασι
2618 1869 2798 1938 φύσιν,
2829 1870 2921 1922 καὶ
2967 1868 3063 1938 βοᾷ
3099 1867 3299 1937 Δανιήλ
3323 1882 3336 1894 ·
3372 1867 3498 1922 Μύ-

1899 1969 2025 2020 ριαι
2057 1950 2344 2020 μυριάδες
2391 1952 2811 2022 ἐλειτούργουν
2848 1949 3028 2014 αὐτῷ,
3063 1950 3160 2003 καὶ
3202 1951 3388 2020 χίλιαι
3416 1967 3503 2018 χι-

1906 2034 2114 2101 λιάδες
2165 2034 2675 2104 παρειστήκεισαν
2725 2034 2903 2100 αὐτῷ.
2964 2034 3180 2104 Μυρίας
3238 2033 3504 2104 μυριάδας

1909 2118 2166 2188 ἐποίησεν
2191 2117 2460 2186 ἀγγέλων,
2495 2118 2589 2171 καὶ
2628 2117 2803 2187 χιλίας
2845 2116 3088 2186 χιλιάδας
3122 2116 3501 2186 ἀρχαγγέλων,

1910 2204 2004 2257 καὶ
2037 2203 2098 2256 ού
2133 2203 2292 2273 χρεία
2323 2201 2630 2272 συμϐούλου
2662 2201 2694 2272 ἢ
2728 2198 3014 2272 συνεργοῦ,
3058 2201 3153 2254 καὶ
3192 2201 3287 2255 ἐνα
3332 2199 3504 2253 ποιῶν

1910 2288 2135 2358 πήλινον
2186 2287 2472 2357 ἄνθρωπον
2515 2286 2678 2356 βουλῇ
2719 2285 3018 2356 κέχρηται.
3049 2285 3208 2354 λόγον
3252 2285 3462 2352 είσάγει
3487 2322 3503 2347 ,

1913 2369 2226 2442 συμϐουλὴν
2259 2368 2529 2440 λαμϐάνει
2561 2385 2579 2436 ;
2618 2369 2681 2422 Τί
2729 2369 2902 2422 ἐστιν
2933 2369 3243 2437 ἅνθρωπος
3269 2384 3290 2432 ;
3320 2369 3381 2421 οὐ
3430 2368 3501 2436 γῆ

1913 2453 2006 2506 καὶ
2035 2451 2144 2506 ἀπὸ
2189 2453 2329 2522 γῆς;
2366 2455 2425 2505 οὐ
2477 2452 2627 2516 κόνις
2677 2451 2836 2522 μόνον
2885 2452 2981 2505 καὶ
3011 2451 3225 2521 τέφρα;
3263 2451 3373 2504 Καὶ
3407 2450 3506 2521 βοᾷ

1926 2535 2177 2607 ’Δϐραάμ
2218 2535 2320 2606 τὴν
2371 2534 2564 2588 ἐαυτοῦ
2596 2533 2877 2606 κηρύττων
2907 2533 3182 2587 εὐτέλειαν
3202 2550 3214 2562 ·
3265 2531 3406 2602 Ἐγὼ
3437 2531 3504 2586 δέ

1911 2621 2026 2688 εἰμι
2057 2618 2132 2688 γῆ
2163 2617 2258 2672 καὶ
2287 2617 2541 2686 σποδός.
2582 2619 2647 2672 Τί
2675 2619 2815 2671 είσιν
2854 2618 3073 2686 ἄγγελοι
3107 2617 3201 2684 ;ού
3248 2613 3502 2685 πνεῦμα;

1913 2701 1973 2755 οὑ
2029 2701 2182 2772 «Op;
2219 2701 2328 2754 Καὶ
2375 2701 2540 2755 ἄκουε
2585 2700 2678 2754 τοῦ
2724 2699 2888 2753 Δαυῒδ
2929 2700 3190 2770 βοῶντος·
3235 2699 3297 2752 '0
3318 2697 3507 2752 ποιῶν

1914 2786 2057 2852 τοὺς
2104 2786 2401 2856 ἀγγέλους
2447 2784 2634 2840 αὐτοῦ
2681 2785 3008 2852 πνεύματα,
3039 2784 3138 2836 καί
3189 2782 3332 2849 τοὺς
3385 2785 3504 2835 λει-

1914 2869 2204 2939 τουργοὺς
2224 2867 2411 2922 αὑτοῦ
2441 2868 2561 2935 πῦρ
2588 2866 2838 2936 φλέγον.
2871 2867 2981 2937 Τὴν
3011 2865 3105 2918 τοῦ
3140 2866 3312 2934 πυρὸς
3341 2865 3507 2933 φύσιν

1916 2950 2302 3025 ἐργαζόμενος,
2336 2950 2408 3002 τά
2453 2950 2615 3020 νοερζι
2657 2951 2749 3002 καὶ
2783 2947 3049 3018 ἀσώματα
3090 2949 3398 3018 πνεύματα,
3441 2949 3503 3000 ού

1917 3034 2107 3105 χρείαν
2139 3033 2264 3103 ἔσχε
2289 3033 2616 3103 συμϐούλου,
2635 3033 2694 3084 ού
2721 3029 3003 3102 συνεργοῦ,
3023 3030 3120 3100 οὑχ
3148 3031 3338 3101 ἐτέρου
3364 3030 3506 3093 τινὶς

1918 3119 2062 3190 πρὸς
2114 3119 2433 3190 συμμαχίαν
2461 3116 2569 3170 τῶν
2612 3115 2918 3186 γενομένων
2951 3132 2964 3144 ·
3001 3114 3096 3168 καὶ
3135 3115 3227 3167 τὸν
3269 3115 3376 3167 ἀπὸ
3404 3118 3506 3186 γῆς

1918 3209 2114 3274 ποιῶν,
2140 3209 2232 3263 τὸν
2256 3209 2494 3281 οίκτρδν,
2524 3209 2615 3261 τὸν
2652 3207 2868 3276 εὐτελῆ,
2907 3206 2998 3260 τὸν
3048 3206 3242 3277 μικρὸν
3278 3205 3506 3278 ὕστερον

1918 3294 2020 3346 οὑκ
2051 3293 2328 3363 ἐσόμενον,
2376 3293 2466 3346 τὸν
2516 3293 2671 3362 τάφῳ
2723 3291 3092 3361 διαλυόμενον,
3146 3291 3237 3343 τὸν
3286 3293 3500 3361 καιροῖς

1917 3374 2326 3447 δαπανώμενον,
2358 3373 2553 3445 βουλὴν
2583 3374 2814 3443 είσάγει,
2849 3374 3039 3443 σκέψιν
3067 3376 3337 3438 ποιεῖται;
3373 3374 3501 3436 Ναὶ,

1921 3460 2117 3529 φησὶν,
2161 3459 2437 3528 ἐνδέχεται
2479 3458 2756 3527 Δεσπότην
2808 3457 2896 3510 διὰ
2941 3455 3142 3526 πολλὴν
3195 3455 3506 3526 ἀγαθότητα

1921 3544 2091 3596 εἰπεῖν
2119 3541 2325 3604 δούλοις
2357 3541 2699 3611 παρεστῶσι·
2727 3541 2791 3595 Τί
2822 3541 2902 3594 δεῖ
2934 3539 3217 3609 γενέσθαι;
3248 3540 3300 3592 τί
3337 3541 3506 3592 ποιῶ-

1925 3641 2057 3697 μεν;
2100 3621 2374 3694 Συγχωρῶ
2420 3625 2515 3678 καὶ
2556 3623 2734 3688 τοῦτο,
2781 3625 2874 3677 καὶ
2931 3625 3068 3694 μετά
3117 3623 3208 3676 τὸν
3252 3623 3510 3677 τοσοῦτον

1919 3708 2140 3776 ἀγῶνα,
2171 3707 2361 3776 δίδωμι
2405 3707 2486 3770 τὸ,
2537 3707 2911 3775 Ποιήσωμεν,
2956 3707 3092 3778 πρὸς
3124 3707 3390 3774 ἀγγέλους
3429 3708 3506 3758 ei—

1924 3792 2136 3863 ρῆσθαι.
2165 3790 2259 3854 Τὸ,
2287 3788 2655 3856 Ποιήσωμεν,
2699 3791 2964 3859 ήκουσας·
3014 3789 3095 3852 τὸ,
3142 3789 3281 3842 Κατ’
3304 3790 3508 3842 εἰκόνα

1919 3873 2017 3928 καὶ
2046 3874 2346 3942 ὁμοίωσιν,
2375 3873 2474 3925 οὑκ
2500 3869 2667 3937 εἷδες;
2702 3872 2887 3941 Τούτῳ
2911 3872 3018 3940 γάρ
3038 3871 3232 3940 ὀφείλω
3259 3873 3338 3941 τῷ
3364 3872 3508 3941 λόγῳ

1921 3958 2015 4012 καὶ
2067 3956 2335 4010 Ἰουδαίων
2382 3957 2477 4009 καὶ
2531 3955 2823 4028 αίρετικῶν
2872 3955 3184 4027 ἀπορράψαι
3240 3956 3503 4025 στόματα.

1921 4040 2058 4094 Οὑτε
2112 4039 2219 4110 γάρ
2255 4040 2526 4101 Ἰουδαῖος,
2565 4038 2688 4091 οὒτε
2743 4038 2904 4091 πάλιν
2953 4038 3230 4108 αίρετικὺς
3269 4039 3297 4091 ὁ
3343 4039 3506 4100 αὑτὸς

1921 4125 2040 4178 κατ’
2085 4121 2344 4192 ἀλήθειαν
2389 4122 2672 4186 Ἰουδαῖος,
2721 4122 2920 4191 μᾶλλον
2953 4121 3008 4174 δέ
3045 4122 3139 4173 καὶ
3186 4121 3418 4193 χείρων·
3457 4124 3508 4175 οί

1925 4207 2024 4277 μὲν
2055 4205 2162 4275 γάρ
2183 4205 2243 4257 τὸ
2267 4205 2423 4274 σῶμα
2454 4204 2806 4276 ἐσταύρωσαν
2835 4204 2896 4256 τὸ
2926 4203 3221 4275 δρώμενον,
3249 4207 3298 4257 οί
3326 4206 3381 4258 δέ
3407 4207 3509 4276 τὴν

1922 4292 2148 4361 θεότητα
2186 4290 2283 4359 τὴν
2313 4289 2542 4359 ἀόρατον
2573 4287 2897 4358 πολεμοῦσν
2941 4289 3140 4357 μᾶλλον
3167 4289 3222 4342 δὲ
3253 4288 3350 4360 τήν
3380 4290 3508 4342 ἐαυ-

1920 4374 2028 4427 τῶν
2056 4372 2344 4444 σωτηρίαν.
2386 4372 2546 4425 Ἀλλά
2575 4373 2818 4425 κάκεῖνοι
2852 4372 3198 4442 ἠλέγχθησάν
3225 4373 3509 4436 ἀδυνάτοις

1922 4457 2365 4526 ἐπιχειρήσαντες
2400 4455 2740 4524 πράγμασιν.
2787 4455 2877 4506 Διὸ
2925 4456 3017 4507 καὶ
3069 4456 3226 4524 δίκην
3278 4455 3508 4526 μερικὴν

1921 4539 2122 4608 ταύτης
2151 4536 2250 4605 τῆς
2283 4535 2484 4605 τόλμης
2511 4536 2603 4588 ἐπὶ
2633 4537 2726 4589 τοῦ
2763 4537 3024 4606 παρόντος
3055 4537 3371 4601 δεδώκασιν,
3402 4539 3506 4590 ἀνὰ

1922 4622 2102 4673 πᾶσαν
2134 4619 2233 4688 τήν
2261 4618 2587 4688 οἰκουμένην
2613 4618 2673 4671 τὸ
2705 4618 2911 4672 ἑαυτῶν
2950 4619 3348 4690 διεσπαρμένον
3382 4620 3504 4673 θεα-

1924 4706 2148 4773 σάμενοι
2195 4702 2372 4770 γένος.
2412 4702 2678 4772 ’Ὕστερον
2725 4701 2834 4772 γάρ
2880 4702 3062 4765 αὐτοῖς
3103 4705 3136 4773 ή
3189 4701 3369 4756 τελεία
3409 4704 3507 4755 ἐπ-

1922 4788 2219 4857 αχθήσεται
2248 4785 2371 4854 δίκη
2390 4824 2404 4847 ,
2433 4785 2523 4838 ὅτε
2565 4785 2627 4837 τὸ
2660 4784 2940 4856 πάνδημον
2978 4784 3157 4855 μέλλει
3181 4788 3502 4856 συγκροτεῖ-

1925 4869 2045 4920 σθαι
2092 4868 2392 4938 κριτήριον.
2429 4868 2538 4921 Καὶ
2578 4867 2732 4920 αὐτοὶ
2777 4867 2833 4920 δέ
2868 4866 2946 4936 τῷ
2977 4867 3145 4920 δέοντι
3189 4867 3365 4937 καιρῷ
3405 4869 3504 4930 τὰς

1923 4951 2079 5018 ἀξίας
2114 4949 2266 5019 παρά
2295 4949 2388 5000 τοῦ
2426 4949 2591 5001 αὑτοῦ
2618 4949 3084 5019 ἀπαιτηθήσονται
3118 4949 3293 5009 δίκας.
3333 4950 3506 5002 Τοῦτο

1922 5035 1974 5088 τί
2003 5030 2095 5087 οῦν
2124 5033 2261 5095 ἐστι,
2302 5030 2380 5083 διὸ
2417 5031 2625 5094 πάντας
2666 5032 2792 5102 ὑμῖν
2820 5031 3043 5096 τούτους
3077 5031 3392 5103 παρεθέμην
3425 5033 3506 5087 λό-

1924 5135 2087 5189 γους;
2119 5117 2390 5186 Βούλομαι
2423 5116 2531 5188 γάρ
2559 5117 2720 5171 πάλιν
2748 5117 2846 5186 τῆς
2877 5117 3194 5182 ἀκολουθίας
3226 5119 3498 5186 γενέσθαι.

1925 5204 1998 5258 Ού
2046 5202 2218 5272 τολμᾷ
2260 5199 2383 5254 οὔτε
2415 5201 2718 5272 αίρετικὸς,
2763 5200 2884 5254 οὒτε
2926 5201 3176 5266 Ἰουδαῖος
3207 5205 3378 5256 εἰπεῖν
3423 5205 3504 5255 ὅτι

1929 5288 2026 5358 μία
2053 5284 2216 5339 εἰκὼν
2242 5284 2336 5338 καὶ
2359 5284 2616 5353 ὁμοίωσις
2639 5284 2771 5336 Θεοῦ
2799 5286 2891 5337 καὶ
2919 5286 3187 5354 ἀγγέλων.
3221 5297 3240 5323 ο
3271 5285 3361 5355 Μὴ
3393 5286 3461 5352 γά
3471 5304 3504 5354 ρ

1926 5369 2167 5440 ἄγγελοι,
2198 5370 2248 5422 οί
2280 5368 2579 5438 γενόμενοι,
2614 5369 2865 5440 συνεργοὶ
2891 5365 3032 5440 ἦσαν
3061 5368 3154 5423 τοῦ
3181 5368 3349 5433 Θεοῦ;
3382 5370 3504 5421 Λει-

1925 5454 2144 5526 τουργοὶ
2191 5454 2371 5523 μόνον,
2402 5451 2728 5522 ὑμνοῦντες,
2778 5453 3257 5524 εὐχαριστοῦντες,
3306 5451 3506 5514 είδότες

1988 5599 2016 5638 b
2041 5598 2150 5648 Sav.
2175 5598 2222 5645 in
2249 5609 2400 5658 marg.
2436 5595 2761 5656 suppiendum
2793 5595 2985 5656 conjici!
3009 5594 3169 5658 πολλῶ
3205 5592 3400 5658 μάλλον,
3423 5593 3505 5658 νεὶ

1926 5661 2066 5723 πόσῳ
2091 5660 2288 5722 μᾶλλον.
2322 5654 2421 5708 Séd
2455 5654 2730 5720 inlex-cepta
2752 5654 2909 5707 series
2945 5657 3179 5704 orationis
3202 5654 3324 5704 infra
3350 5657 3482 5705 conu

1929 5731 2158 5834 nuz'ﬁréc
2182 5785 2305 5837 apud
2325 5783 2540 5836 Cosmum
2561 5780 2840 5841 Egyptium
2863 5777 3108 5828 habentur
3132 5791 3177 5842 ρ.
3210 5778 3317 5828 525.
