3982 6218
558 388 671 444 465

547 492 628 544 δτι
657 487 918 554 ἐγένοντο,
943 487 1024 541 ὅτι
1054 485 1162 558 πρὸ
1187 486 1374 542 τούτου
1397 488 1496 541 οὐκ
1525 481 1686 559 ἦσαν,
1718 487 1810 540 καὶ
1843 485 2111 557 πνεύματι

548 571 881 641 ἀγαθότητος
926 570 1248 638 ἐγένοντοιι·
1283 572 1375 623 καὶ
1420 571 1679 638 ἑστήκασι
1728 569 1951 639 θεωροὶ,
1997 568 2116 638 βλέ-

547 671 739 716 ποντες
775 655 844 706 τὰ
885 653 1140 722 γινόμενα
1197 654 1310 723 μετ’
1341 653 1554 715 αὐτούς.
1589 651 1853 705 Ἔϐλεπον
1890 651 2116 722 οὐρανὸν

548 739 613 790 ἐκ
640 735 734 788 τοῦ
770 735 844 805 μὴ
889 735 1040 797 ὄντος
1086 736 1388 804 γινόμενον,
1439 736 1531 787 καὶ
1569 734 1984 804 ἐξεπλήττοντο·
2019 735 2116 786 θά-

547 820 752 873 λασσαν
776 817 1193 887 ἀφοριζομένην,
1222 819 1315 869 καὶ
1349 816 1682 886 ἐθαύμαζον·
1713 817 1980 886 ἐθεώρουν
2016 817 2117 885 γῆν

547 902 946 973 κοσμουμένην,
997 900 1092 952 καὶ
1142 900 1411 971 ἔφριττον.
1442 900 1564 952 Ὅτι
1612 899 1667 953 δέ
1700 901 1798 952 οὐκ
1837 895 1975 969 ἦσαν
2020 900 2120 968 ἀγ-

549 983 695 1050 γελοι
739 983 1008 1050 συνεργοὶ,
1037 981 1171 1034 ἀλλά
1206 983 1533 1051 θαυμασταὶ,
1567 981 1710 1048 λέγει
1753 985 1780 1034 6
1812 981 1941 1043 Θεὸς
1984 983 2120 1052 πρὸς

548 1064 640 1116 τὸν
673 1063 792 1117 Ἰώϐ
812 1079 825 1094 ·
859 1064 988 1116 Ὅτε
1013 1065 1270 1131 ἐποίησα
1295 1063 1504 1130 ἄστρα,
1536 1064 1766 1133 ῇνεσὰν
1790 1080 1866 1132 με
1899 1063 2120 1130 πάντες

550 1147 787 1217 ἄγγελοι
819 1145 918 1200 καί
943 1147 1241 1215 ὕμνησαν.

622 1306 774 1380 [474]
806 1306 1156 1376 Ποιήσωμεν
1187 1308 1518 1374 ἄνθρωπον.
1555 1307 1628 1360 Τὸ
1673 1309 1820 1378 ῥῆμα
1858 1308 2006 1376 δηλοῖ
2033 1308 2121 1361 τὸν

551 1391 774 1460 λέγοντα
816 1392 910 1443 καὶ
955 1391 1044 1443 τὸν
1089 1381 1372 1445 ἀκούοντα.
1399 1392 1540 1461 Ὀρα
1573 1392 1671 1460 τῆς
1711 1392 1986 1460 όρθοδόξου
2029 1393 2118 1444 πί-

555 1490 722 1536 στεως
751 1472 848 1543 τὴν
881 1474 1073 1526 ἀκτῖνα
1102 1473 1421 1544 λάμπουσαν
1454 1472 1568 1525 ἀεί·
1603 1473 1695 1526 καὶ
1733 1475 1881 1543 ἥλιος
1921 1476 2123 1542 φαίνων

551 1557 650 1627 τὴν
677 1555 870 1610 ἐαυτοῦ
902 1559 1095 1610 ἀκτῖνα
1133 1557 1385 1626 συνῆψεν.
1423 1556 1771 1626 Ποιήσωμεν
1812 1558 2125 1625 ἄνθρωπον

553 1640 679 1693 κατ’
706 1641 910 1692 εἰκόνα
940 1639 1236 1709 ἡμετέραν
1266 1639 1361 1692 καί
1394 1641 1698 1708 ὁμοίωσιν.
1741 1641 1997 1708 Ἐφύλαξε
2033 1641 2125 1694 καὶ

549 1723 661 1775 τῶν
699 1722 1048 1775 ὑποστάσεων
1089 1723 1186 1794 τὴν
1230 1722 1401 1788 τάξιν,
1450 1723 1671 1791 καὶτῆς
1704 1725 1889 1787 οὐσίας
1932 1725 1992 1776 τὸ
2028 1741 2125 1793 μο-

551 1805 772 1869 νοειδές.
823 1805 1173 1874 Ποιήσωμεν
1235 1806 1548 1874 ἄνθρωπον
1613 1807 1737 1858 κατ’
1777 1808 1999 1860 εἰκόνα.
2049 1806 2123 1858 Οὐ

552 1890 674 1940 κατ’
699 1887 939 1948 εἰκόνας·
970 1887 1068 1940 οὐκ
1101 1888 1231 1958 ἄλλη
1265 1887 1373 1958 γὰρ
1402 1888 1565 1940 είκὼν
1601 1888 1832 1958 Πατρὸς,
1863 1890 1954 1940 καὶ
1992 1888 2122 1958 ἄλλη

554 1968 705 2022 Υίοῦ.
738 1970 1113 2037 Ποιήσωμεν·
1146 1970 1231 2023 ἵνα
1260 1971 1319 2022 τὸ
1357 1970 1715 2040 πληθυντικὸν
1751 1972 1860 2022 τῶν
1893 1972 2126 2024 ὑποστά-

556 2070 693 2107 σεων
728 2052 908 2124 δείξῃ·
945 2052 1080 2106 Κατ’
1112 2053 1315 2106 είκόνα
1363 2052 1686 2121 ἡμετέραν·
1719 2053 1805 2107 ἵνα
1836 2054 1896 2106 τὸ
1932 2053 2125 2122 όμοού-

555 2152 668 2188 σιον
703 2131 1033 2208 ἑρμηνεύσῃ.
1073 2135 1169 2197 Τίς
1199 2137 1314 2187 ἐστι
1354 2134 1542 2186 τούτου
1575 2133 1666 2187 τοῦ
1698 2136 1936 2204 μεγάλου
1965 2136 2122 2203 λόγου

554 2218 649 2272 καὶ
674 2217 774 2288 τῆς
810 2217 1126 2289 θαυμαστῆς
1167 2217 1523 2287 δημιουργίας
1560 2219 1846 2282 κοινωνός;
1888 2219 2124 2272 Ἰουδαῖοι

554 2302 932 2370 ἀντιλέγουσι,
981 2302 1074 2355 καὶ
1127 2302 1596 2371 ἐπιστομιζόμενοι
1646 2304 2122 2371 ἐπαισχυντοῦσιν·

553 2388 820 2458 αίρετικοὶ
850 2387 1153 2456 μαίνονται,
1183 2386 1217 2455 ὴ
1244 2384 1469 2456 ἀλήθεια
1499 2384 1836 2454 πολεμεῖται,
1862 2387 1891 2438 6
1918 2389 2016 2457 τῆς
2046 2389 2128 2439 εὐ-

555 2468 767 2532 σεϐείας
797 2467 952 2536 λόγος
982 2468 1247 2536 ἀήττητον
1277 2466 1389 2535 ἔχει
1412 2467 1510 2535 τὴν
1535 2467 1843 2537 ὁμολογίαν.

624 2625 688 2690 ζ’.
714 2627 884 2680 Πόθεν
903 2620 995 2680 οῦν
1011 2627 1432 2696 παραστήσομεν
1455 2625 1558 2678 τίνι
1589 2621 1757 2689 εἷπεν,
1780 2626 2129 2697 Ποιήσωμεν

552 2708 901 2777 ἅνθρωπονς
939 2709 971 2780 ἢ
1004 2709 1086 2772 τίς
1130 2711 1275 2762 ἐστιν
1309 2708 1469 2761 αὑτοῦ
1515 2710 1846 2778 σύμϐουλος;
1877 2711 1950 2761 Τὸ
1997 2712 2124 2781 γὰρ,

553 2792 931 2860 Ποιήσωμεν,
973 2793 1093 2859 δψιν
1125 2791 1345 2845 ἀπαιτεῖ
1389 2791 1713 2860 συμϐούλου.
1747 2793 1910 2860 Λέγει
1949 2793 2128 2845 τοίνυν

554 2877 584 2927 6
619 2874 886 2944 μακάριος
923 2874 1149 2936 Ἡσαΐας
1190 2874 1316 2944 περὶ
1353 2872 1447 2924 τοῦ
1501 2873 1820 2942 μονογενοῦς
1855 2873 1986 2926 Υίοῦ
2035 2874 2126 2926 τοῦ

553 2955 711 3018 Θεοῦ,
742 2956 835 3010 τοῦ
864 2956 930 3009 δι’
959 2957 1106 3026 ἡμᾶς
1133 2957 1370 3027 σχήματι
1407 2955 1485 3026 τῷ
1515 2956 1637 3009 καθ’
1677 2958 1824 3027 ἡμᾶς
1863 2957 2130 3028 ἐπιδημή-

555 3058 764 3107 σαντος,
793 3041 874 3094 ὅτι
909 3039 1152 3094 Παιδίον
1176 3039 1467 3108 ἐγεννήθη
1507 3039 1668 3109 ἡμῖν,
1703 3042 1834 3104 υίὸς
1861 3041 1957 3094 καί
1995 3058 2128 3094 νεα-

553 3124 768 3188 νίσκος
797 3123 994 3189 ἐδόθη.
1027 3124 1098 3175 Τὸ
1134 3122 1207 3191 μὴ
1237 3121 1296 3176 ὸν
1338 3122 1547 3175 παιδίον
1579 3122 1869 3193 ἐγεννήθη·
1899 3125 1926 3175 ὀ
1958 3122 2014 3175 δὲ
2052 3122 2127 3175 ὢν

555 3205 683 3267 Υίὸς
712 3204 888 3274 ἐδόθη.
915 3203 1026 3258 Καί
1055 3204 1317 3258 καλεῖται
1346 3204 1413 3256 τὸ
1447 3205 1631 3271 ὄνομα
1656 3204 1840 3257 αὑτοῦ
1860 3204 2127 3273 μεγάλης

550 3286 793 3356 ,βουλῆς
849 3286 1123 3356 ἅγγελος,
1159 3285 1252 3339 τοῦ
1293 3285 1527 3349 παιδίου,
1581 3286 1709 3339 Υίοῦ
1768 3288 1863 3356 μὲν
1907 3289 1995 3340 διὰ
2031 3288 2127 3358 τὴν

555 3371 800 3439 θεότητα,
830 3371 1040 3424 παιδίου
1070 3370 1126 3422 δὲ
1157 3368 1246 3422 διά
1270 3369 1368 3440 τὴν
1406 3369 1814 3440 ἀνθρωπότητα.
1847 3370 2126 3439 Μεγάλης

547 3453 793 3521 βουλῆς
846 3452 1120 3524 ἅγγελος,
1171 3451 1512 3521 θαυμαστὸς
1559 3453 1922 3520 σύμϐουλος.
1967 3453 2029 3504 Εἰ
2070 3452 2126 3503 δὲ

553 3537 643 3588 τὸν
676 3535 737 3588 σύ
747 3535 996 3605 μϐουλον.
1019 3529 1063 3601 ᾧ
1089 3531 1260 3599 εἶπεν,
1290 3533 1638 3600 Ποιήσωμεν
1662 3534 1970 3602 ἄνθρωπον
1999 3534 2124 3587 κατ’

554 3618 757 3671 εἰκόνα
793 3619 887 3671 καί
918 3617 1044 3670 καθ’
1071 3616 1356 3684 όμοίωσιν
1383 3616 1692 3684 ἡμετέραν,
1729 3617 1969 3686 μεγάλης
2000 3617 2127 3685 βου-

554 3701 650 3770 λῆς
679 3700 906 3768 ἀγγελον
945 3699 1146 3760 καλεῖς,
1186 3698 1413 3759 οὐδέπω,
1451 3698 1721 3768 προφῆτα,
1754 3699 2032 3768 ἐμήνυσας
2067 3699 2127 3752 τὸ

555 3781 771 3850 ἀξίωμα
821 3779 914 3834 τοῦ
974 3781 1125 3850 παρά
1176 3778 1269 3832 σοῦ
1325 3781 1729 3850 κηρυσσομένου
1802 3780 2123 3849 συμϐούλου.

569 3865 815 3930 Ἐγένετο
836 3864 942 3932 γὰρ
963 3864 1055 3915 καὶ
1070 3863 1306 3925 Μωῦσῆς
1324 3863 1384 3914 σύ
1394 3862 1618 3932 μϐουλος
1634 3879 1645 3890 ·
1668 3862 1839 3914 ἐδόκει
1862 3862 1967 3931 γὰρ
1998 3878 2129 3931 συμ-

555 3945 825 3998 ϐουλεύειν
863 3945 1061 4012 λέγων·
1100 3943 1193 4010 Μὴ
1223 3943 1583 4008 ἀποκτείνῃς
1623 3943 1863 4007 αὐτοὺς.
1887 3942 2121 4010 μήποτε

552 4031 764 4084 εἴπωσι
798 4029 868 4083 τὰ
901 4029 1074 4096 ἔθνη·
1106 4027 1209 4081 Διὰ
1236 4027 1301 4079 τὸ
1329 4027 1414 4095 μὴ
1444 4027 1737 4080 δύνασθαι
1775 4026 1995 4092 αὐτοὺς
2028 4043 2118 4079 τε·

553 4111 804 4174 κνῶσαι,
848 4110 1194 4164 ἀπέκτεινεν
1226 4110 1466 4174 αὐτούς.
1509 4107 1666 4159 Ἀλλὰ
1705 4107 1779 4177 μὴ
1831 4112 2034 4179 στήσῃς
2067 4107 2127 4161 τὸ

553 4194 736 4263 θαῦμα
794 4193 955 4262 μέχρι
998 4191 1088 4245 τοῦ
1143 4191 1478 4261 συμϐούλου·
1526 4190 1600 4260 μὴ
1651 4192 2031 4260 κοινοποιήσῃς
2067 4192 2126 4243 τὸ

552 4275 743 4343 ὄνομα.
796 4274 854 4324 El
895 4273 988 4325 καὶ
1025 4272 1206 4325 πολλοὶ
1261 4272 1582 4340 σύμϐουλοι,
1641 4272 1714 4340 μὴ
1763 4271 2065 4340 ὑϐριζὲσθω
2098 4275 2125 4325 6

557 4357 738 4426 μόνος.
776 4355 914 4406 Ἀλλ’
942 4354 1150 4406 οὐδέπω
1194 4353 1436 4421 ἐνόησας,
1479 4353 1632 4421 φησὶ,
1668 4353 1726 4402 τὸ
1772 4352 1984 4420 ἀξίωμα
2032 4353 2124 4405 τοῦ

554 4437 979 4507 κηρυττομένου.
1010 4438 1204 4488 ’Λκουε
1243 4435 1370 4506 περὶ
1407 4433 1500 4487 τοῦ
1533 4434 1847 4504 θαυμαστοῦ
1891 4434 2126 4502 συμϐού-

551 4521 673 4573 λου·
713 4521 999 4590 ἐρμηνεύει
1032 4519 1138 4590 γὰρ
1161 4522 1187 4572 6
1212 4519 1433 4579 Ἡσαΐας
1463 4517 1569 4569 ἀπὸ
1595 4516 1687 4568 τοῦ
1717 4515 2126 4586 προεξελθόντος

552 4601 615 4653 τὸ
648 4602 926 4670 ἑπόμενον.
961 4601 1330 4670 Θαυμαστὸς,
1370 4601 1531 4669 φησὶ,
1571 4600 1935 4666 σύμϐουλος,
1982 4598 2125 4662 Θεὸς

557 4679 1069 4750 ἰσχυρός-[Καλῶς
1137 4683 1440 4754 προσέθηκε
1495 4681 1574 4750 τῷ
1619 4682 1737 4750 Θεῴ
1773 4681 1834 4732 τὸ
1887 4681 2121 4751 ἰσχυρόν.

554 4765 737 4828 Διατί;
775 4766 983 4835 Ὥσπερ
1026 4767 1133 4835 γὰρ
1180 4765 1422 4832 ἐγένοντο
1455 4763 1639 4815 πολλοὶ
1681 4762 1989 4830 σύμϐουλοι,
2031 4763 2123 4814 καὶ

552 4850 612 4901 οὐ
643 4848 728 4900 διὰ
765 4848 920 4900 τοῦτο
956 4847 1060 4900 ἔδει
1084 4847 1357 4918 τρωθῆναι
1387 4847 1447 4898 τὸ
1473 4845 1691 4913 ἀξίωμα
1714 4843 1807 4895 τοῦ
1842 4843 1958 4905 ἐνὸς
1991 4861 2126 4912 συμ-

553 4932 743 4983 ϐούλου
769 4948 781 4961 ·
824 4931 991 4995 οὓτως
1040 4930 1225 5000 ἐπειδὴ
1270 4929 1453 4981 πολλοὶ
1501 4928 1746 4994 ἐγένοντο
1798 4926 1910 4978 θεοὶ
1952 4925 2126 4994 (Ἐγὼ

552 5015 661 5083 γὰρ
691 5009 846 5077 εἶπα,
891 5014 1021 5066 Θεοί
1052 5014 1210 5069 ἐστε.
1245 5013 1342 5065 καὶ
1373 5010 1488 5065 υἱοί
1530 5011 1823 5076 Ὑψίστου
1866 5007 2122 5070 πάντες·

551 5097 646 5148 καὶ
681 5095 838 5146 πάλιν
879 5093 1027 5148 εἶπεν
1065 5097 1092 5148 6
1129 5097 1260 5159 Θεὸς
1306 5095 1383 5166 τῷ
1417 5095 1653 5152 Μωῦσεῖ.
1699 5091 1850 5146 Ἰδοὺ
1892 5090 2123 5144 τέθεικά

551 5190 625 5229 σε
656 5179 742 5241 είς
771 5180 906 5230 θεὸν
949 5177 1026 5243 τῷ
1061 5179 1309 5247 Φαραώ),
1338 5172 1490 5239 οὗτος
1525 5177 1553 5227 6
1581 5175 1982 5245 κηρυττόμενος
2025 5174 2124 5225 οὐκ

550 5258 777 5327 ὠφειλεν
823 5259 1160 5330 ὑϐρισθῆναι.
1199 5262 1306 5313 Καὶ
1343 5260 1429 5310 ἵνα
1478 5258 1551 5327 μὴ
1581 5258 1829 5327 νομίσῃς,
1860 5258 1940 5308 ὅτι
1982 5255 2118 5318 θεὸς,

549 5341 623 5402 ὡς
651 5343 676 5392 ό
715 5342 978 5410 Μωύσῆς,
1025 5343 1057 5411 ἢ
1102 5343 1176 5404 ὡς
1218 5344 1264 5393 οί
1300 5340 1605 5402 ἀπόστολοι,
1661 5342 1926 5407 ἐπήγαγε,
1979 5338 2121 5401 Θεὸς

550 5425 816 5490 ίσχυρός.
864 5427 1100 5493 Μωῦσῆς
1131 5425 1268 5487 θεὸς,
1300 5427 1397 5477 οὐκ
1441 5424 1689 5492 ἰσχυρὸς,
1735 5421 1846 5473 ἀλλ’
1878 5420 2119 5488 ἐνισχυό-

552 5522 727 5576 μενος.
788 5508 946 5561 Ἀλλο
997 5509 1145 5562 ἐστὶν
1204 5507 1620 5578 ἐνισχυὸμενος,
1688 5505 1812 5558 ἄλλο
1876 5503 2115 5573 ἰσχυρός.

608 5698 638 5730 ⁸
663 5698 795 5764 Πῶς,
832 5701 903 5747 ὅτι
927 5702 1016 5762 πρὸ
1059 5719 1164 5750 τ....
1215 5702 1444 5764 ἐγένοντο,
1469 5701 1651 5749 desunt
1679 5696 1726 5744 in
1752 5697 1899 5745 δεμ-ιι.
1944 5692 2111 5744 Monlf.

544 5763 733 5822 νεύματι
756 5761 936 5825 legisse
960 5761 1151 5814 Videtur
1197 5761 1324 5813 Εόιτ.

1997 367 2361 425 SEVERIANI

3678 384 3808 441 466

2217 486 2381 540 ’Λλλο
2409 485 2667 547 δανείζων
2709 485 2887 555 χάριν,
2927 481 3055 538 ἄλλο
3091 482 3399 554 λαμϐάνων.
3434 483 3571 550 Θεὸς
3604 485 3798 551 ίσχυ·

2204 570 2335 635 ρός.
2404 568 2641 636 Μωῦσῆς
2703 568 2825 631 Θεὸς
2895 567 3306 636 ἐνιηυόμενος,
3371 565 3473 620 κᾶν
3529 566 3799 636 μεγάλων

2213 647 2246 723 ᾗ
2287 650 2578 719 θαυμάτων
2638 652 2910 720 ἐργάτης,
2964 648 3102 702 ἀλλά
3148 649 3412 719 λαμϐάνει
3458 647 3551 718 τὴν
3597 650 3793 720 χάριν.

2226 734 2563 800 ’Υπεξούσιοι
2590 735 2638 787 οί
2677 733 2981 794 ἀπόστολοι,
3013 731 3360 801 ἐξουσιαστὴς
3380 732 3408 783 6
3442 732 3639 802 Σωτὴρ,
3689 733 3800 785 καὶ

2215 815 2415 868 δίδωσι.
2454 815 2597 881 Θεὸς
2630 818 2897 883 ἰσχυρός.
2933 815 3045 866 Οὐκ
3074 813 3315 884 ἠρκέσθη
3347 815 3402 867 δέ
3429 814 3543 867 οὐδέ
3581 815 3795 883 τούτῳ,

2217 898 2330 951 ἀλλ’
2353 898 2566 966 ἐπάγει,
2598 900 2650 951 '0
2673 897 3096 963 ἐξουσιαστὴς,
3125 898 3210 949 ἵνα
3238 896 3498 968 παιδεύσῃ
3525 899 3610 950 καὶ
3629 898 3800 966 ἡμᾶς

2218 983 2312 1034 καὶ
2343 983 2673 1052 αίρετικούς,
2705 982 2781 1052 μὴ
2825 981 3139 1047 ὑπεξούσιον
3172 980 3349 1048 λέγειν
3383 980 3471 1033 τὸν
3501 980 3596 1050 τῆς
3627 981 3802 1044 ἐξουο

2220 1067 2338 1126 σίας
2373 1065 2625 1135 ἄρχοντα.
2654 1065 2814 1118 Ἀλλο
2853 1065 3200 1132 ὑπεξούσιος,
3244 1065 3372 1118 ἀλλο
3415 1065 3799 1135 ἐξουσιαστής.

2219 1146 2370 1219 [475]
2401 1148 2584 1211 Θέλεις
2621 1147 2811 1216 μαθεῖν
2841 1148 3183 1214 αὐτεξου-σίου
3214 1150 3306 1200 καὶ
3330 1147 3638 1212 ὑπεξουσίου
3666 1149 3805 1199 δια-

2219 1231 2418 1301 φοράν;
2465 1233 2528 1284 Οί
2575 1229 2859 1284 ἀπόστολοι
2906 1230 3235 1296 ὑπεξούσιοι,
3268 1233 3296 1284 6
3331 1230 3518 1300 Σωτὴρ
3544 1229 3806 1294 ἐξουσιαο

2223 1315 2370 1383 στής.
2405 1313 2613 1376 Παῦλος
2646 1310 2782 1365 εἶδεν
2809 1317 2865 1366 ἐν
2896 1316 2960 1383 τῇ
2993 1312 3298 1383 Μακεδονία
3326 1311 3607 1380 παιδίσκην
3635 1311 3807 1378 ἐχου-

2224 1411 2322 1448 σαν
2377 1395 2592 1464 πνεῦμα
2631 1395 2916 1458 Πύθωνος,
2965 1396 3060 1448 καὶ
3105 1395 3366 1462 λέγουσαν
3403 1396 3492 1447 ἐπὶ
3535 1396 3802 1446 πάντων·

2225 1474 2399 1531 Οὗτοι
2431 1481 2484 1531 οί
2515 1479 2810 1544 ἄνθρωποι
2848 1477 3056 1531 δοῦλοι
3081 1477 3187 1530 τοῦ
3218 1477 3366 1530 Θεοῦ
3393 1475 3496 1528 τοῦ
3522 1476 3804 1542 ὑψίστου

2220 1562 2395 1613 είσίν.
2427 1562 2812 1628 Διαπονηθεὶς
2843 1560 2912 1612 δὲ
2945 1563 2978 1614 ό
3004 1560 3242 1626 Παῦλος
3272 1560 3369 1613 καί
3402 1559 3801 1626 ἐπιστρέψας.

2221 1641 2349 1695 εἶπε
2378 1642 2456 1708 τῷ
2483 1645 2796 1711 πνεύματι,
2823 1644 2882 1695 οὐ
2913 1646 2979 1714 τῇ
3021 1643 3408 1714 ἐνεργουμένη.
3441 1641 3574 1694 ἀλλά
3601 1639 3678 1709 τῷ
3710 1639 3806 1691 ἐν·

2222 1727 2499 1798 εργοῦντι,
2549 1727 2947 1797 Παραγγέλλω
3005 1743 3103 1780 σοι
3164 1726 3234 1778 ἐν
3285 1727 3526 1793 ὀνόματι
3574 1722 3806 1789 Κυρίου

2237 1811 2435 1878 Ἰησοῦ
2475 1810 2734 1879 Χριστοῦ
2785 1810 3054 1874 ἐξελθεῖν
3098 1809 3198 1864 ἀπ’
3225 1808 3431 1876 αὐτῆς.
3480 1808 3650 1860 Καλεί
3685 1805 3808 1858 Κύ-

2227 1912 2358 1965 ριον,
2400 1895 2486 1948 ἵνα
2522 1895 2670 1963 δείξῃ
2709 1895 2897 1947 ἑαυτὸν
2933 1893 3135 1946 δοῦλον.
3172 1892 3388 1962 Ἐπειδὴ
3421 1891 3479 1943 τὸ
3513 1889 3701 1959 θαῦμα
3735 1883 3808 1959 ἧν

2225 1977 2364 2049 ὑπὲρ
2398 1977 2704 2049 ἄνθρωπον,
2750 1978 2811 2030 τὸ
2853 1977 3108 2046 δαίμονας
3141 1975 3436 2029 ὑπακούειν
3467 1972 3803 2042 ἀνθρώποις,

2226 2060 2310 2112 ἵνα
2342 2060 2415 2130 μὴ
2445 2061 2565 2129 ὄψις
2608 2058 2831 2132 ἁρπάσῃ
2868 2059 2965 2129 τὴν
2997 2058 3200 2128 φωνὴν,
3231 2059 3325 2110 καὶ
3356 2055 3658 2126 νομισθῶσι
3689 2053 3808 2106 θεοὶ

2223 2145 2272 2196 οί
2305 2143 2398 2195 τοῦ
2449 2142 2584 2196 Θεοῦ
2634 2143 2940 2212 ὑπηρέται,
2993 2139 3394 2210 Παραγγέλλω
3442 2156 3564 2199 σοι,
3613 2137 3803 2207 φησιν,

2225 2227 2293 2279 ἐν
2320 2225 2399 2290 τῷ
2447 2228 2686 2293 όνόματι
2733 2226 2838 2278 τοῦ
2887 2225 3127 2292 Κυρίου.
3161 2224 3354 2276 Δούλου
3388 2222 3448 2274 τὸ
3485 2220 3809 2290 παραγγέλ-

2225 2309 2356 2371 λειν,
2387 2308 2654 2360 Δεσπότου
2687 2307 2750 2360 τὸ
2779 2307 3131 2371 ἐξουσιάζειν.
3158 2303 3308 2366 Εἶδες
3335 2304 3555 2373 οἰκέτην
3585 2318 3809 2374 παραγ-

2225 2391 2498 2458 γέλλοντα,
2527 2390 2688 2460 βλέπε
2730 2390 3004 2458 Δεσπότην
3039 2390 3417 2442 ἐπιτάσσοντα.
3448 2385 3806 2457 Προηνέχθη

2225 2491 2306 2538 τις
2333 2473 2410 2544 τῷ
2457 2473 2700 2543 Δεσπότῃ
2739 2471 3049 2542 δαιμονιῶν,
3080 2471 3260 2540 κωφὸς
3304 2472 3397 2523 καὶ
3426 2470 3644 2532 ἄλαλος.
3690 2470 3810 2521 Οὐκ

2225 2554 2374 2609 εἶπεν
2417 2557 2444 2609 ό
2483 2555 2791 2625 Δεσπότης,
2828 2553 3200 2623 Παραγγέλλω
3238 2569 3341 2617 σοι,
3371 2552 3431 2604 τὸ
3467 2551 3668 2605 ἄλαλον
3708 2549 3810 2603 καὶ

2226 2639 2405 2707 κωφὸν
2450 2638 2754 2707 δαιμόνιον·
2809 2636 2944 2698 ἀλλ’,
2995 2635 3134 2704 Ἐγώ
3185 2651 3282 2689 σοι
3341 2633 3671 2686 ἐπιτάσσω.
3728 2631 3808 2684 Τὸ

2226 2721 2588 2791 παράγγελμα
2619 2718 2852 2784 Παύλου,
2879 2717 2971 2770 τοῦ
2998 2714 3345 2784 ἐξουσιαστοῦ
3375 2717 3436 2768 τὸ
3465 2717 3808 2769 ἐπιτάσσειν.

2239 2801 2386 2872 Ἐγώ
2418 2818 2515 2855 σοι
2544 2799 2870 2860 ἐπιτάσσω,
2919 2800 3128 2862 ἔξελθε
3171 2801 3271 2852 ἀπ’
3297 2799 3506 2863 αὐτοῦ,
3555 2799 3656 2850 καὶ
3692 2814 3812 2866 μη·

2226 2883 2350 2936 κέτι
2393 2883 2691 2950 εἰσέλθῃς.
2730 2882 3067 2951 Ὑπήκουσεν
3107 2883 3136 2934 6
3177 2880 3404 2950 δαίμων,
3441 2881 3661 2948 ἐπέγνω
3698 2879 3811 2948 γὰρ

2224 2967 2321 3038 τὴν
2348 2966 2613 3033 ἐξουσίαν.
2639 2965 2856 3033 Λεγέτω
2884 2966 2910 3017 6
2939 2966 3206 3034 μακάριος
3247 2963 3504 3033 Ἰεζεκιὴλ
3539 2962 3676 3033 πρὸς
3706 2963 3813 3032 τὴν

2226 3049 2506 3122 αἱρετικὴν
2537 3051 2856 3119 συναγωγήν
2877 3066 2888 3078 ·
2922 3047 3013 3100 Ζῶ
3050 3047 3184 3116 ἐγὼ,
3225 3047 3386 3115 λέγει
3423 3046 3664 3112 Κύριος,
3685 3044 3813 3097 ἐδι-

2225 3132 2441 3198 καιώθη
2468 3133 2504 3198 ἡ
2551 3131 2784 3198 ἀδελφή
2821 3146 2938 3184 σου
2979 3129 3214 3198 Σόδομα
3261 3129 3413 3195 ὑπὲρ
3461 3129 3558 3180 σέ.
3610 3127 3724 3179 Καὶ
3757 3126 3816 3178 τί

2225 3217 2368 3268 ἐστιν
2395 3215 2422 3267 ὃ
2451 3215 2628 3282 λέγει;
2669 3214 2793 3266 Ἐὰν
2831 3213 2939 3283 γὰρ
2983 3215 3056 3284 μὴ
3091 3212 3268 3282 μάθῃς
3302 3211 3331 3264 ὃ
3362 3211 3533 3278 λέγει,
3565 3210 3627 3262 οὐ
3678 3209 3816 3280 δύνῃ

2226 3296 2600 3365 ἐφώιασθῆναι
2643 3296 2778 3366 πρὸς
2807 3296 2903 3364 τὴν
2949 3295 3047 3364 τῆς
3081 3293 3313 3364 θεωρίας
3355 3293 3692 3362 κατάληψιν.
3739 3293 3811 3345 Ol

2226 3377 2508 3445 Σοδομῖται
2567 3376 2922 3446 ἀπειρημένοι
2965 3376 2992 3414 b
3041 3376 3432 3442 τυγχάνοντες,
3487 3376 3818 3444 παρανομίᾳ

2226 3459 2333 3528 γὰρ
2363 3458 2623 3522 συνέζων·
2651 3458 2730 3510 διὸ
2762 3459 2853 3510 καὶ
2885 3457 3127 3526 θεηλάτῳ
3158 3455 3626 3526 κατηναλώθησαν
3655 3456 3816 3525 πυρί.

2225 3541 2336 3593 Καὶ
2370 3537 2435 3610 ἦν
2474 3539 2826 3609 Ἰερουσαλὴμ
2882 3538 3019 3610 μετά
3068 3537 3163 3608 τὴν
3217 3538 3441 3590 ἐκείνων
3501 3538 3816 3608 ἀναίρεσιν,

2227 3624 2318 3674 καὶ
2348 3623 2446 3688 τῆς
2474 3623 2678 3685 πόλεως
2707 3621 2884 3674 αὐτῶν
2916 3622 3014 3689 τὴν
3042 3620 3402 3689 πυρπόλησιν,
3438 3619 3581 3688 μετὰ
3609 3619 3820 3680 πολλὰς

2224 3707 2435 3772 γενεὰς,
2481 3705 2718 3758 ἀνθοῦσα
2755 3704 2852 3774 μὲν
2888 3706 2955 3774 τῇ
2985 3703 3136 3771 ὄψει,
3169 3705 3234 3772 τῇ
3270 3702 3327 3754 δὲ
3368 3701 3541 3771 κακίᾳ
3587 3702 3820 3768 μείζονα

2228 3790 2472 3843 ποιοῦσα.
2505 3791 2636 3844 Ὅτε
2683 3788 2859 3841 τοίνυν
2894 3787 2991 3857 τὴν
3023 3787 3128 3838 τῶν
3166 3785 3413 3854 Σοδόμων
3457 3784 3820 3853 ὑπερέϐησαν

2225 3866 2368 3924 οὗτοι
2397 3872 2610 3933 κακίαν,
2641 3872 2864 3939 ὄμνυσιν
2889 3872 2916 3922 6
2938 3869 3068 3930 Θεὸς
3093 3867 3181 3921 διὰ
3210 3866 3304 3919 τοῦ
3339 3866 3604 3935 Ίεζεκιὴλ
3640 3866 3820 3933 λέγων

2227 3953 2426 4016 οὕτως·
2472 3952 2561 4006 Ζῶ
2590 3953 2704 4021 ἐγὼ
2739 3951 2990 4013 Ἀδωνατ,
3027 3951 3190 4019 λέγει
3227 3951 3465 4016 Κύριος,
3495 3949 3637 4002 εἰπὲ
3666 3949 3821 4016 πρὸς

2227 4037 2338 4101 τὴν
2377 4036 2712 4089 ἀσύνθετον
2744 4033 2858 4100 τὴν
2889 4031 3178 4101 θυγατέρα
3210 4030 3618 4098 Ἰερουσαλήμ
3639 4047 3654 4060 ·
3694 4033 3819 4096 Οὐχ

2228 4118 2487 4186 ἥμαρτεν
2524 4119 2561 4186 ἡ
2594 4115 2824 4185 ἀδελφή
2856 4131 2970 4168 σου
3005 4113 3237 4182 Σόδομα
3269 4114 3419 4165 κατὰ
3457 4113 3528 4164 τὰ
3567 4112 3822 4179 ἡμίσεια

2226 4202 2342 4253 τῶν
2367 4200 2662 4270 ἁμαρτιῶν
2686 4215 2822 4262 σου,
2849 4199 2946 4251 καί
2974 4196 3282 4262 ἐδικαιώθη
3307 4195 3543 4263 Σόδομα
3569 4196 3640 4246 ἐκ
3668 4195 3818 4247 σοῦ·

2225 4284 2343 4336 ἀντὶ
2386 4283 2499 4347 τοῦ,
2529 4284 2670 4353 Πρὸς
2706 4281 2986 4349 σύγκρισιν
3018 4277 3114 4349 σὴν
3161 4277 3367 4347 Σόδομα
3408 4276 3597 4328 δικαία
3630 4277 3816 4329 ἐστίν·

2225 4360 2332 4417 οἷον
2359 4366 2505 4427 εἴτις
2536 4365 2716 4431 ἔλεγεν
2737 4364 3057 4432 αίρετικοῖς·
3093 4358 3526 4426 Ἐδικαιώθησαν
3552 4359 3653 4412 καὶ
3691 4357 3822 4410 Ἰου-

2226 4447 2357 4499 δαῖοι
2389 4448 2492 4498 ἀπὸ
2537 4447 2632 4516 τῆς
2673 4445 2976 4515 ὑπερϐολῆς
3018 4443 3117 4512 τῆς
3158 4443 3299 4496 κατά
3332 4443 3461 4505 τοὺς
3497 4443 3821 4514 αἱρετικοπ

2231 4531 2452 4599 μανίας·
2487 4527 2878 4596 ἐδικαιώθησαν
2917 4526 3185 4594 δαίμονες,
3218 4526 3296 4577 ὅτι
3332 4527 3379 4576 οί
3417 4526 3520 4593 μὲν
3568 4527 3702 4578 Υίὸν
3733 4526 3821 4577 λέ·

2226 4629 2428 4678 γουσιν.
2456 4613 2506 4664 οί
2541 4611 2597 4663 δὲ
2632 4611 2862 4679 ποίημα.
2903 4607 3236 4672 Ἑδικαιώθη
3277 4607 3519 4675 Σόδομα
3562 4609 3633 4662 ἐκ
3677 4607 3817 4663 σοῦ.

2225 4693 2380 4763 Ζητῶ
2412 4693 2468 4746 δέ
2511 4695 2566 4744 ἐν
2599 4692 2815 4761 παρόδῳ
2858 4691 2954 4762 τὴν
2992 4690 3169 4743 αίτίαν
3208 4690 3274 4741 δι’
3308 4690 3376 4759 ἦν
3413 4693 3464 4742 οί
3495 4691 3566 4742 τὰ
3597 4691 3822 4758 Σοδομι-

2222 4778 2329 4828 τῶν
2365 4775 2685 4846 πράξαντες,
2710 4776 2810 4827 οὐκ
2849 4773 3123 4826 ἀπώλοντο
3149 4771 3224 4833 ὡς
3256 4772 3580 4840 Σοδομῖται·
3616 4774 3822 4842 μᾶλλον

2222 4859 2298 4918 δὲ,
2329 4860 2374 4909 εί
2420 4857 2804 4910 ἐδιπλασίασαν
2836 4856 2903 4906 τὰ
2942 4854 3347 4923 ἁμαρτήματα,
3380 4852 3528 4909 διατί
3567 4857 3649 4928 μὴ
3691 4859 3823 4927 ἐρη·

2218 4941 2482 5009 ,μώθησαν
2520 4939 2593 5002 ὡς
2623 4939 2818 4990 ἐκεῖνοι
2843 4953 2857 4999 ;

2295 5091 2365 5153 η’.
2412 5085 2468 5136 ’0
2491 5083 2622 5145 Θεὸς
2639 5078 2730 5134 οῦν
2763 5081 2822 5132 οὐ
2863 5080 3021 5147 μόνον
3053 5078 3242 5132 ἔϐλεπε
3269 5079 3499 5148 τὴντῶν
3539 5079 3821 5132 Ἰουδαίων

2224 5165 2574 5235 ἀκμάζουσαν
2605 5162 2874 5223 ἀσέϐειαν,
2908 5160 3044 5213 άλλά
3081 5163 3172 5214 καὶ
3203 5162 3299 5231 τὴν
3332 5161 3475 5230 μετά
3505 5161 3688 5213 ταῦτα
3713 5161 3821 5211 τῶν

2224 5247 2427 5300 πιστῶν
2463 5246 2774 5300 εὐσέϐειαν·
2822 5243 3041 5312 προῄδει
3089 5244 3169 5295 ὅτι
3209 5244 3400 5313 ἔμελλε
3451 5243 3716 5311 προῖέναι
3757 5243 3823 5293 ἐκ

2223 5334 2319 5400 τῆς
2355 5331 2609 5391 Ἰουδαίας
2653 5331 2686 5398 ἡ
2735 5327 2866 5393 άγία
2917 5325 3159 5389 θεοτόκος
3193 5327 3503 5396 Παρθένος·
3557 5325 3823 5393 προεώρα

2222 5417 2313 5468 τὸν
2345 5414 2502 5483 χορὸν
2549 5412 2657 5463 τῶν
2713 5409 3044 5470 ἀποστόλων,
3091 5409 3394 5478 προέϐλεπε
3445 5409 3516 5460 τὰ
3558 5409 3823 5476 τάγματα

2224 5496 2330 5548 τῶν
2373 5493 2737 5564 όμολογητῶν,
2782 5491 2879 5554 τὰς
2919 5492 3184 5562 μυριάδας
3233 5491 3341 5544 τῶν
3379 5489 3658 5542 Ἰουδαίων
3705 5490 3819 5543 τῶν

2281 5689 2307 5728 b
2348 5688 2525 5751 Savil._
2549 5685 2799 5751 ειίόὶῐΑκαὶ
2842 5687 3232 5749 ἀπηγορευμένοι,
3269 5683 3576 5747 conjicilque
3613 5682 3823 5751 ἐτύγχα-

2225 5765 2319 5807 νον,
2343 5750 2470 5809 quod
2495 5747 2748 5797 Culubeﬁs.
2773 5757 2980 5810 recepit.
