3982 6218
179 409 297 463 465

191 510 493 573 laudantes,
524 504 722 577 gratias
751 511 992 575 agentes,
1022 500 1174 571 gnari
1202 514 1263 554 se
1290 498 1459 553 factos
1488 508 1631 558 esse,
1665 494 1681 523 ί
1711 490 1793 560 let

195 610 351 656 antea
396 614 503 653 non
552 598 748 661 fuisse,
778 610 840 650 ac
870 602 1001 648 nutu
1036 590 1330 645 voluntatis
1378 589 1523 641 illius
1564 591 1777 638 creatos

202 691 427 762 fuisse]:
479 689 798 756 stabantque
828 682 1284 751 contemplantes,
1329 678 1681 745 videntesque
1723 686 1788 726 ea

199 800 320 854 qua:
358 790 479 851 post
519 781 663 849 ipsos
712 781 848 832 facta
901 777 1134 831 fuerant.
1185 772 1450 827 Videbant
1489 768 1679 823 ctelum
1726 782 1792 820 ex

201 877 370 931 nihilo
398 875 611 935 factum.
635 880 689 926 et
714 871 1001 939 stupebant
1024 886 1038 934 ;
1068 882 1215 921 mare
1234 872 1592 935 segregatum,
1621 870 1673 915 et
1697 862 1796 913 mi-

200 970 495 1027 rabantur;
530 965 1026 1033 contemplabantur
1055 973 1250 1016 terram
1294 967 1536 1014 ornatam
1557 997 1571 1019 ,
1620 966 1671 1009 et
1699 970 1798 1007 ex-

200 1059 605 1115 horrescebant.
637 1057 788 1123 Quod
820 1067 996 1109 autem
1025 1054 1199 1123 angeli
1242 1066 1345 1106 non
1375 1052 1644 1118 adjutores
1678 1045 1793 1097 fue-

200 1155 332 1215 rint,
385 1152 476 1205 sed
520 1150 904 1213 admiratores,
939 1150 1012 1201 ait
1059 1148 1197 1200 Deus
1241 1145 1434 1199 Jobum
1476 1142 1793 1209 alloquens:

208 1243 429 1309 Quando
457 1242 553 1311 feci
578 1241 770 1297 stellas.
804 1240 1132 1292 laudauerunt
1156 1253 1234 1289 me
1255 1253 1426 1290 omnes
1450 1232 1617 1302 angeli
1647 1240 1693 1285 et
1718 1245 1797 1282 ce-

224 1333 553 1386 lebraverunt
601 1329 733 1395 (Job.
770 1328 857 1381 58.
909 1329 983 1395 7).

297 1422 455 1483 Illud,
482 1420 783 1479 Faciamus,
810 1418 1116 1471 Trinitatem
1140 1425 1186 1469 et
1205 1416 1457 1467 unitatem
1481 1412 1794 1464 subindicat.

222 1543 295 1555 -—
332 1512 618 1565 Faciamus
659 1512 935 1564 hominem.
971 1510 1177 1564 Dictum
1230 1508 1356 1561 illud
1399 1514 1452 1559 et
1488 1506 1795 1571 loquentem

224 1605 492 1674 signiﬁcat
535 1613 587 1655 et
641 1602 969 1655 audientem.
1022 1600 1155 1653 Vide
1201 1598 1510 1651 orthodoxm
1546 1594 1665 1646 ﬁdei
1713 1608 1798 1645 ra-

224 1696 377 1748 dium
429 1708 643 1762 semper
680 1694 1097 1762 splendentem:
1142 1700 1195 1743 et
1233 1690 1310 1743 sol
1357 1689 1546 1744 lucens
1588 1686 1797 1739 radium

224 1800 386 1837 suum
426 1783 687 1850 adjunxit.
738 1783 1014 1835 Faciamus
1043 1783 1299 1835 hominem
1335 1779 1614 1831 secundum
1658 1777 1797 1828 ima-

223 1875 397 1940 ginem
432 1882 478 1925 et
517 1874 913 1926 similitudinem
958 1883 1208 1924 nostram.
1258 1870 1616 1923 Personarum
1652 1864 1798 1918 ordi-

208 1984 335 2020 nem
383 1970 632 2033 servavit,
662 1978 716 2022 et
744 1968 1054 2023 substantia:
1083 1968 1363 2021 unitatem.
1405 1965 1681 2018 Faciamus
1708 1967 1799 2017 ho-

204 2058 395 2110 minem
414 2060 687 2111 secundum
716 2059 1006 2129 imaginem.
1038 2056 1153 2113 Non
1184 2057 1474 2111 secundum
1506 2057 1761 2121 imagines
1786 2071 1799 2108 :

205 2164 383 2217 neque
412 2150 553 2202 enim
580 2150 679 2203 alia
712 2158 795 2204 est
824 2150 997 2219 imago
1036 2149 1231 2216 Patris,
1276 2150 1378 2202 alia
1422 2148 1562 2204 Filii.
1614 2148 1802 2201 Facia-

205 2256 324 2292 mus
358 2257 369 2292 :
398 2249 454 2293 ut
483 2255 829 2308 personarum
864 2241 1164 2310 pluritatem
1198 2240 1475 2303 ostendat;
1513 2240 1803 2295 Secundum

203 2331 479 2400 imaginem
513 2342 782 2385 nostram:
814 2342 871 2386 ut
900 2334 1503 2387 consubstantialitatem
1547 2332 1802 2386 declaret.

204 2422 464 2488 Quisnam
496 2438 625 2476 vero
661 2434 743 2476 est
768 2424 941 2493 magni
975 2424 1130 2492 hujus
1156 2425 1420 2477 sermonis
1451 2433 1506 2478 et
1531 2424 1805 2476 admiran-

202 2517 291 2567 «ιω
317 2517 601 2569 creationis
631 2518 845 2571 socius?
871 2518 1039 2572 Judzei
1070 2519 1463 2581 contradicunt,
1493 2534 1555 2573 ac
1579 2520 1659 2573 vel
1686 2534 1807 2573 con-

208 2604 365 2659 Iutali
400 2608 734 2677 impudenter
765 2623 823 2663 se
848 2618 1078 2679 gerunt;
1115 2610 1350 2664 haeretici
1387 2612 1675 2674 insaniunt,
1710 2626 1804 2664 ve-

206 2697 344 2749 ritas
391 2697 747 2765 impugnatur,
793 2700 1006 2769 pietatis
1051 2701 1294 2755 doctrina
1324 2702 1575 2755 invictam
1608 2717 1717 2770 pra:
1748 2718 1806 2757 se

203 2784 313 2838 fert
338 2785 747 2841 confessionem.

285 2877 337 2929 7.
383 2876 534 2932 Unde
571 2880 729 2948 igitur
768 2882 1112 2937 ostendemus
1141 2884 1225 2937 cui
1268 2883 1483 2949 dixerit,
1533 2882 1805 2938 Faciamus

203 2969 460 3022 hominem
485 2972 509 3024 ?
534 2982 624 3025 aut
654 2973 773 3041 quis
796 2984 880 3028 est
904 2974 1019 3042 ejus
1047 2976 1424 3031 consiliarius?
1456 2977 1587 3031 Illud
1623 2978 1765 3031 enim
1787 3018 1802 3040 .

205 3060 508 3127 Faciamus,
552 3066 891 3133 prmsentiam
928 3068 1217 3122 consiliarii
1259 3070 1440 3140 exigit.
1500 3070 1587 3123 Ait
1630 3071 1807 3139 itaque

203 3153 399 3205 beatus
424 3153 583 3206 Isaias
609 3156 674 3209 de
706 3156 978 3225 unigenito
1004 3157 1136 3212 Filio
1160 3160 1273 3226 Dei,
1321 3160 1410 3229 qui
1453 3171 1668 3229 propter
1708 3176 1807 3215 nos

203 3242 443 3297 humana
477 3246 618 3299 venit
650 3246 817 3301 forma
853 3266 867 3303 :
900 3248 1038 3302 Puer
1078 3259 1226 3304 natus
1274 3261 1346 3305 est
1384 3252 1545 3314 nobis,
1581 3253 1717 3318 ﬁlius
1762 3263 1805 3306 et

201 3337 405 3404 iuvenis
433 3337 580 3389 datus
611 3349 682 3390 est
707 3338 863 3404 (Isai.
887 3339 940 3394 9.
962 3341 1036 3411 6).
1071 3340 1171 3409 Qui
1203 3356 1307 3397 non
1340 3353 1457 3398 erat
1488 3359 1617 3412 puer
1648 3355 1802 3397 natus

201 3435 331 3489 est;
366 3427 454 3495 qui
486 3438 599 3482 erat
632 3428 817 3493 Filius,
850 3430 1007 3486 datus
1054 3442 1155 3487 est.
1212 3432 1281 3486 Et
1320 3434 1579 3489 vocabitur
1624 3452 1803 3489 nomen

200 3520 343 3586 ejus,
389 3521 561 3590 magni
580 3522 778 3574 consilii
805 3524 1036 3592 angelus,
1070 3540 1260 3594 nempe
1301 3527 1470 3595 pueri,
1501 3528 1588 3597 qui
1627 3527 1677 3603 Γ
1684 3529 1803 3581 ilius

200 3620 327 3664 erat
355 3621 569 3680 propter
595 3614 947 3681 divinitatem,
992 3632 1121 3685 puer
1151 3628 1327 3673 autem
1353 3630 1568 3688 propter
1614 3622 1803 3673 Imma-

203 3702 451 3755 nitatem.
490 3701 666 3772 Magni
687 3707 884 3758 consilii
930 3710 1161 3776 angelus,
1211 3711 1525 3763 admirabilis
1568 3713 1804 3765 consilia-

199 3795 336 3847 rius.
373 3793 427 3849 Si
468 3810 628 3865 porro
657 3798 1016 3852 consiliarium
1042 3800 1127 3853 cui
1154 3800 1303 3863 dixit,
1337 3800 1611 3855 Faciamus
1641 3804 1804 3855 homi-

201 3902 325 3938 nen
374 3888 649 3939 secundum
692 3888 963 3959 imaginem
1010 3902 1056 3944 et
1101 3892 1481 3945 similitudinem
1535 3903 1799 3958 nostram,

201 3978 389 4046 magni
420 3980 624 4032 consilii
652 3981 913 4049 Angelum
945 3996 1125 4048 vocas,
1170 3984 1428 4049 nondum,
1462 4000 1494 4037 ο
1523 3985 1802 4053 prepheta,

200 4068 525 4135 dignitatem
566 4070 682 4137 ejus
711 4072 857 4139 quia
889 4080 941 4125 te
979 4074 1313 4128 consiliarius
1356 4086 1575 4129 vocatur
1620 4076 1802 4130 decla-

200 4158 363 4213 rasti.
400 4158 520 4212 Fuit
564 4162 704 4213 enim
749 4171 802 4215 et
843 4162 1050 4233 Moyses
1078 4167 1411 4220 consiliarius
1464 4184 1477 4219 :
1527 4168 1806 4221 videbatur

199 4251 355 4305 enim
385 4252 663 4306 consilium
688 4254 817 4307 dare
846 4270 967 4310 cum
995 4255 1193 4311 diceret
1218 4276 1230 4309 :
1259 4257 1341 4312 Ne
1369 4260 1569 4312 occidas
1609 4278 1710 4325 eos,
1746 4277 1806 4313 ne

200 4343 345 4411 forte
385 4343 555 4395 dicant
587 4355 754 4411 gentes
805 4360 823 4399 :
872 4345 951 4399 Eo
990 4349 1122 4417 quod
1168 4366 1267 4401 non
1309 4359 1470 4418 posset
1520 4352 1633 4403 illos
1667 4352 1807 4417 prole

199 4449 415 4501 augere,
456 4436 637 4486 occidit
674 4452 777 4489 eos.
817 4436 1013 4491 Verum
1042 4455 1109 4493 ne
1140 4442 1451 4495 miraculum
1472 4442 1535 4495 ad
1557 4445 1805 4497 consilia-

201 4526 349 4579 rium
379 4540 543 4592 usque
582 4528 833 4580 statueris
868 4547 880 4579 :
914 4544 980 4582 ne
1019 4545 1302 4587 commune
1346 4550 1538 4588 nomen
1591 4535 1801 4601 feceris,

200 4615 311 4668 ctsi
360 4614 510 4667 multi
536 4615 826 4670 consiliarii
867 4622 995 4684 sint,
1030 4636 1095 4673 ne
1122 4625 1442 4677 contumelia
1472 4625 1732 4681 afﬁciatur
1760 4628 1805 4681 is

200 4707 302 4776 qui
336 4708 482 4760 solus
520 4715 618 4761 est.
652 4710 722 4762 At
753 4710 1010 4774 nondum,
1042 4712 1231 4781 inquit,
1267 4715 1380 4782 ejus
1424 4719 1509 4782 qui
1545 4719 1803 4783 praedica-

202 4809 299 4851 tur
334 4794 645 4865 dignitatem
674 4800 834 4855 nosti.
881 4803 1016 4857 Audi
1041 4804 1107 4858 de
1134 4805 1432 4860 admirabili
1462 4810 1802 4875 censiliario;

201 4892 378 4945 Isaias
410 4892 551 4944 enim
595 4893 644 4945 id
688 4894 829 4962 quod
866 4897 1112 4965 sequitur
1140 4899 1207 4952 ab
1246 4916 1330 4961 eo,
1360 4900 1498 4969 quod
1526 4903 1803 4974 praecedit,

204 4985 595 5050 interpretatur
629 4984 1016 5053 :Admirabilis,
1060 4990 1247 5058 inquit,
1286 4993 1621 5057 consiliarius,
1670 4994 1807 5047 Deus

204 5076 383 5144 fortis.
445 5074 611 5128 Recte
665 5075 771 5129 Deo
826 5077 1190 5133 fortitudinem
1252 5084 1511 5150 adjunxit.
1578 5084 1808 5150 Quare?

203 5165 674 5233 Quemadmodum
703 5168 843 5221 enim
885 5171 1037 5224 multi
1085 5172 1232 5227 fuere
1277 5177 1586 5242 consiliarii,
1635 5192 1807 5245 neque

205 5267 391 5311 tamen
419 5257 539 5310 ideo
566 5258 721 5310 unius
742 5260 1031 5315 consiliarii
1062 5263 1291 5333 dignitas
1323 5267 1439 5319 lardi
1466 5267 1683 5331 debuit,
1730 5270 1806 5324 sic

201 5348 334 5415 quia
377 5349 528 5401 multi
564 5346 716 5404 fuere
755 5350 825 5405 dii
872 5351 1032 5420 (nam
1061 5356 1170 5409 ait:
1211 5355 1316 5426 Ego
1341 5359 1463 5421 dixi,
1488 5362 1574 5414 Dii
1596 5363 1728 5419 estis.
1761 5372 1805 5414 et

206 5439 307 5505 [ilii
362 5437 608 5494 Altissims'
657 5457 827 5494 omnes
875 5441 894 5513 [
924 5442 1065 5498 Psal.
1098 5447 1183 5500 St.
1218 5448 1248 5501 0
1271 5448 1326 5519 ];
1393 5465 1455 5504 ac
1492 5468 1700 5506 rursum
1732 5456 1805 5507 ait

206 5535 355 5586 Deus
381 5533 577 5605 Moysi,
613 5534 744 5589 Ecce
781 5538 927 5606 posui
954 5548 999 5590 te
1024 5539 1075 5591 in
1100 5542 1243 5593 deum
1278 5543 1563 5598 Pharaonis
1608 5546 1802 5618 [E.rod.

199 5626 261 5678 7.
288 5624 341 5695 l]
367 5625 403 5693 ),
454 5626 539 5680 hic
569 5628 657 5697 qui
690 5629 1009 5698 praedicatur
1039 5648 1144 5686 non
1169 5634 1348 5689 debuit
1377 5642 1692 5695 contumelia
1722 5642 1799 5695 af-

272 5824 289 5854 ι
330 5822 520 5871 ιιιιιιεδίει
540 5827 771 5877 articulus
792 5829 874 5891 qui
900 5832 1085 5880 uncinis
1107 5830 1341 5883 clauditur
1360 5836 1503 5886 deest
1528 5839 1574 5885 in
1602 5840 1740 5888 savii.

1187 384 1272 439 DE
1311 376 1523 439 MUNDI
1560 368 1949 435 CREATIONE
1986 368 2241 429 ORATIO
2279 372 2363 429 ιν.

3372 381 3485 436 466

1900 488 2007 543 ﬁci.
2036 490 2115 543 Ac
2144 504 2213 542 ne
2243 498 2396 559 putes
2426 505 2549 545 eum
2575 490 2644 544 ita
2670 489 2830 545 deum
2858 503 3000 556 esse,
3034 496 3090 544 ut
3117 497 3233 544 erat
3259 487 3492 561 Moyses,

1900 593 1959 638 ut
1986 593 2140 638 erant
2165 585 2417 653 apostoli,
2469 584 2692 649 addidit,
2724 584 2859 638 Deus
2900 586 3061 655 fortis.
3096 580 3307 656 Moyses
3353 583 3495 637 Deus

1901 684 2035 740 erat,
2067 690 2171 730 non
2219 674 2394 743 fortis,
2440 675 2535 731 sed
2582 675 2893 731 fortitudine
2937 677 3187 731 donatus.
3226 675 3383 729 Aliud
3413 684 3498 729 est

1903 766 2215 822 fortitudine
2264 766 2510 832 donatus,
2566 776 2619 820 et
2669 768 2810 821 aliud
2857 766 3031 821 fortis.
3082 766 3240 820 Aliud
3271 766 3493 835 gratiam

1901 860 2267 927 commodans,
2296 861 2439 915 aliud
2457 860 2741 931 accipiens.
2776 860 2912 913 Deus
2940 859 3104 930 fortis.
3132 857 3341 929 Moyses
3364 857 3499 912 deus

1902 963 2016 1005 erat
2047 953 2355 1006 fortitudine
2375 952 2623 1013 donatus,
2656 952 2863 1004 etiamsi
2894 949 3173 1020 grandiqu
3214 950 3502 1003 miraculo-

1905 1057 2021 1094 rum
2052 1050 2288 1110 patrator
2314 1058 2328 1106 ;
2368 1058 2553 1095 verum
2583 1043 2805 1110 gratiam
2836 1042 3043 1110 accipit.
3095 1040 3208 1094 Sub
3234 1050 3498 1109 potestate

1903 1141 2057 1186 erant
2083 1133 2330 1201 apostoli,
2381 1145 2568 1202 potens
2598 1145 2679 1188 est
2707 1135 2977 1197 Servatur,
3007 1143 3062 1188 et
3100 1133 3303 1188 tribuit.
3360 1132 3502 1188 Deus

1905 1225 2069 1293 fortis.
2118 1224 2299 1293 Neque
2342 1225 2443 1278 hoc
2484 1235 2687 1280 tantum
2732 1227 2861 1279 satis
2908 1225 3113 1288 habuit,
3155 1227 3245 1279 sed
3280 1226 3501 1294 adjicit,

1905 1325 2100 1384 potens,
2153 1325 2209 1368 ut
2251 1324 2304 1370 et
2347 1330 2445 1369 nos
2487 1326 2541 1371 et
2582 1317 2864 1371 haereticos
2892 1316 3131 1382 doceret,
3166 1333 3231 1372 ne
3270 1318 3369 1371 sub
3406 1333 3504 1387 po-

1905 1416 2095 1461 testate
2147 1407 2448 1463 diceremus
2495 1424 2619 1463 eum
2677 1410 2767 1479 qui
2816 1410 2913 1478 ipsi
2956 1410 3205 1479 potestati
3251 1410 3499 1478 imperat.

1904 1499 2059 1553 Aliud
2102 1508 2181 1554 est
2226 1500 2325 1553 sub
2370 1509 2631 1569 potestate
2673 1501 3027 1565 constitutus,
3094 1500 3235 1555 aliud
3281 1510 3496 1571 potens.

1906 1593 1997 1646 Vis
2029 1608 2186 1647 nosse
2220 1593 2506 1648 discrimen
2547 1594 2686 1649 inter
2712 1609 2834 1648 eum
2857 1594 2944 1663 qui
2974 1609 3044 1649 ex
3076 1607 3133 1647 se
3174 1604 3362 1663 potens
3403 1595 3497 1660 sit,

1906 1695 1959 1737 et
2004 1699 2124 1737 eum
2156 1687 2245 1755 qui
2267 1685 2368 1739 sub
2393 1695 2655 1755 potestate
2678 1686 2785 1740 sit?
2811 1686 3047 1755 Apostoli
3079 1686 3179 1740 sub
3213 1694 3498 1755 potestate.

1907 1775 2166 1830 Servator
2196 1793 2324 1833 vero
2354 1787 2545 1847 potens
2574 1788 2710 1833 erat.
2734 1778 2926 1833 Paulus
2952 1776 3083 1832 vidit
3109 1778 3163 1833 in
3194 1778 3500 1835 Macedonia

1910 1864 2137 1933 puellam
2198 1867 2443 1933 Spiritum
2486 1868 2745 1939 Pythonis
2787 1868 3100 1934 habentem,
3148 1870 3501 1939 omnibusque

1911 1956 2175 2014 dicentem
2211 1976 2225 2013 :
2256 1959 2327 2014 Hi
2355 1961 2581 2015 homines
2606 1962 2734 2015 servi
2767 1960 2865 2014 Dei
2904 1963 3140 2016 altissimi
3167 1973 3304 2017 sunt.
3335 1962 3503 2034 Afgre

1908 2058 2076 2101 autem
2110 2050 2273 2118 ferens
2310 2051 2528 2115 Paulus,
2558 2067 2822 2107 conversus
2847 2053 2976 2107 dixit
3004 2054 3204 2123 spiritui
3244 2055 3377 2125 (Act.
3408 2054 3498 2110 16.

1913 2142 1999 2195 17.
2032 2142 2159 2213 18);
2208 2159 2313 2198 non
2340 2154 2516 2199 autem
2543 2144 2757 2215 puellas,
2786 2144 2881 2200 sed
2912 2146 3142 2215 puellam
3177 2148 3498 2216 occupanti,

1910 2232 2169 2289 Denuntio
2194 2235 2281 2289 tibi
2320 2240 2375 2293 in
2403 2238 2603 2291 nomine
2628 2236 2833 2291 Domini
2856 2237 2980 2292 Jesu
3003 2235 3211 2304 Christi,
3262 2248 3315 2292 ut
3350 2255 3500 2293 mas

1911 2328 1974 2379 ab
2013 2327 2124 2380 illa.
2188 2327 2357 2384 Vocat
2405 2330 2723 2399 Dominum,
2771 2338 2831 2385 ut
2867 2330 3114 2386 ostendat
3156 2346 3215 2386 se
3261 2346 3498 2385 servum.

1911 2417 2043 2483 Quia
2075 2433 2232 2487 supra
2264 2418 2534 2475 hominem
2567 2421 2668 2476 hoc
2705 2423 3023 2477 miraculum
3050 2430 3186 2487 erat,
3214 2422 3355 2491 quod
3386 2422 3500 2477 da:-

1911 2525 2098 2565 mones
2150 2510 2430 2568 obedirent
2475 2512 2796 2579 hominibus,
2851 2530 2919 2571 ne
2962 2516 3106 2570 visus
3138 2530 3324 2569 vocem
3348 2530 3501 2585 rape-

1910 2612 2014 2669 ret,
2060 2619 2193 2659 neve
2236 2605 2301 2671 ii,
2344 2606 2434 2676 qui
2480 2607 2572 2661 Dei
2612 2609 2840 2662 ministri
2888 2617 3075 2673 erant,
3122 2608 3195 2662 dii
3240 2624 3360 2663 esse
3405 2623 3502 2677 pu-

1915 2702 2171 2759 tarentur,
2230 2695 2503 2764 Denuntio,
2552 2699 2745 2770 inquit,
2796 2700 2884 2752 tibi
2931 2700 2982 2752 in
3027 2701 3227 2754 nomine
3270 2699 3497 2753 Domini.

1913 2786 2065 2843 Servi
2091 2796 2176 2843 est
2202 2788 2545 2857 denuntiare,
2580 2792 2673 2847 Dei
2703 2807 2826 2847 cum
2864 2800 3127 2863 potestate
3172 2807 3352 2862 agere.
3404 2792 3500 2845 Vi-

1912 2881 2034 2935 disti
2068 2881 2319 2937 lmuulum
2363 2884 2788 2950 denuntiantem,
2830 2885 2950 2937 vide
2998 2886 3278 2937 Dominum
3323 2890 3495 2954 Impe-

1913 2982 2139 3027 rantem.
2189 2973 2413 3030 Oblatus
2438 2984 2520 3029 est
2566 2976 2789 3029 Domino
2832 2975 3043 3043 quidam
3097 2974 3493 3037 dzemoniacus.

1911 3063 2103 3117 surdus
2131 3076 2184 3118 et
2215 3076 2409 3120 mutus.
2457 3066 2572 3121 Non
2612 3066 2745 3121 dixit
2775 3066 3045 3128 Dominus,
3097 3066 3357 3120 Denuntio
3404 3066 3500 3121 tibi

1914 3155 2079 3210 surdo
2109 3165 2161 3210 et
2188 3166 2337 3211 muto
2365 3157 2666 3225 dremonio;
2698 3158 2813 3221 sed,
2846 3156 2955 3227 Ego
2993 3156 3080 3209 tibi
3108 3157 3365 3223 praecipio.
3400 3157 3503 3211 lte-

1912 3247 2173 3301 nuntiatio
2227 3258 2308 3303 est
2354 3248 2525 3313 Pauli,
2582 3250 2813 3318 potentis
2860 3259 3038 3302 autem
3082 3257 3164 3302 est
3209 3248 3497 3316 imperare.

1914 3335 2025 3407 Ego
2068 3339 2157 3391 tibi
2206 3341 2465 3408 praecipio,
2513 3342 2592 3394 exi
2641 3342 2704 3392 ab
2752 3357 2829 3405 eo,
2880 3357 2967 3393 nec
2992 3340 3211 3405 amplius
3236 3338 3500 3392 intraveris

1914 3426 2104 3495 (Marc.
2124 3429 2175 3483 9.
2197 3428 2307 3490 24).
2332 3430 2579 3484 Obedivit
2607 3430 2837 3494 daemon,
2858 3429 3003 3483 novit
3023 3430 3165 3483 enim
3191 3432 3497 3497 potentiam.

1911 3519 2059 3572 Dicat
2086 3519 2272 3573 beatus
2290 3520 2539 3575 Ezechiel
2560 3520 2625 3575 ad
2647 3536 2971 3592 synanogam
2992 3522 3293 3574 luereticam
3330 3538 3343 3574 :
3376 3519 3501 3573 Vivo

1910 3625 2021 3679 ego,
2055 3610 2173 3662 dicit
2202 3610 2451 3664 Dominus
2474 3652 2488 3674 ,
2510 3613 2796 3681 justiﬁcata
2841 3622 2912 3663 est
2957 3627 3101 3663 soror
3144 3621 3230 3663 tua
3272 3610 3500 3663 Sodoma

1909 3718 2063 3771 supra
2090 3711 2135 3754 te
2181 3700 2507 3770 (Exeo/1.16.
2541 3703 2653 3770 52).
2678 3702 2813 3769 Quid
2854 3712 2936 3757 est
2980 3701 3106 3757 illud
3152 3702 3292 3771 quod
3329 3702 3498 3757 dicit?

1910 3794 2020 3847 Nisi
2053 3796 2194 3848 enim
2223 3794 2352 3847 illud
2382 3793 2653 3859 didiceris,
2704 3810 2807 3848 non
2839 3796 3038 3863 poteris
3068 3796 3253 3849 deduci
3282 3796 3349 3849 ad
3388 3797 3498 3864 spi-

1911 3887 2117 3941 ritualis
2166 3901 2353 3942 sensus
2399 3888 2823 3956 intelligentiam.
2888 3887 3177 3942 Sodomita:
3230 3888 3501 3957 desperati

1910 3988 2101 4040 erant;
2136 3979 2187 4031 in
2214 3980 2419 4033 scelere
2450 3980 2593 4033 enim
2624 3981 2781 4032 vitam
2814 3978 3176 4047 transigebant
3220 3996 3233 4031 ε
3270 3979 3497 4048 ideoque

1912 4069 2161 4123 divinitus
2188 4071 2427 4125 immisso
2457 4072 2754 4139 consumpti
2786 4082 2905 4123 sunt
2939 4071 3076 4139 igne.
3128 4069 3358 4139 Eratque
3405 4069 3499 4124 Je-

1912 4163 2142 4215 rusalem
2172 4172 2291 4231 post
2329 4178 2512 4216 eorum
2541 4163 2782 4228 exitium,
2820 4162 3071 4230 urbisque
3097 4176 3281 4215 eorum
3314 4161 3500 4215 incen-

1911 4254 2078 4319 dium,
2122 4254 2305 4307 multis
2333 4254 2786 4323 generationibus,
2837 4254 3014 4323 specie
3040 4252 3252 4321 quidem
3279 4253 3496 4314 ﬁorens,

1912 4347 2111 4415 majora
2136 4356 2309 4401 tamen
2336 4347 2535 4401 scelera
2560 4356 2893 4416 perpetratis.
2945 4345 3077 4399 Cum
3116 4346 3271 4414 igitur
3310 4344 3362 4397 lii
3403 4346 3501 4398 So-

1912 4438 2232 4492 domitarum
2282 4438 2570 4507 nequitiam
2622 4444 2972 4506 superarent,
3016 4436 3161 4503 jurat
3218 4435 3354 4487 Deus
3405 4450 3500 4501 per

1912 4530 2247 4583 Ezecliielem
2292 4530 2373 4584 his
2423 4530 2601 4583 verbis
2656 4547 2669 4583 :
2724 4547 2741 4579 ι
2780 4528 2910 4580 Vivo
2955 4542 3053 4595 ego
3091 4526 3329 4589 Adonai,
3370 4525 3501 4577 dicit

1913 4622 2189 4685 Dominus,
2213 4621 2299 4675 dic
2323 4621 2687 4689 incompositre
2715 4620 2835 4673 ﬁlia:
2862 4618 3156 4673 Jerusalem
3186 4636 3197 4669 :
3226 4617 3339 4670 Non
3371 4631 3497 4683 pec-

1912 4715 2052 4769 cavit
2094 4728 2247 4769 soror
2303 4728 2389 4768 tua
2436 4713 2667 4768 Sodoma
2711 4713 2792 4766 vel
2840 4711 3116 4765 dimidium
3160 4717 3497 4773 peccatorum

1916 4816 2146 4872 tuorum,
2189 4818 2238 4862 et
2262 4808 2546 4877 justiﬁcata
2579 4817 2660 4860 est
2687 4806 2917 4859 Sodoma
2945 4820 3007 4856 ex
3042 4813 3091 4855 te
3118 4820 3135 4852 ι
3164 4800 3372 4872 (Ezech.
3407 4800 3495 4855 16.

1914 4901 2004 4955 48.
2039 4898 2163 4968 52),
2213 4914 2274 4952 ac
2317 4899 2361 4951 si
2402 4899 2627 4962 diceret,
2676 4897 2905 4950 Sodoma
2961 4892 3359 4961 comparatione
3417 4894 3489 4945 tui

1909 4991 2049 5061 justa
2095 5000 2206 5051 est;
2253 5006 2313 5043 ac
2358 4991 2398 5041 si
2444 4990 2560 5056 quis
2619 4988 2878 5039 hmrelicis
2927 4985 3131 5038 diceret
3168 5003 3179 5037 :
3218 4983 3498 5039 Justiﬁcati

1915 5093 2037 5137 sunt
2078 5095 2127 5137 et
2154 5082 2320 5135 Judaei
2353 5098 2415 5135 ex
2450 5083 2642 5150 ingenti
2679 5081 3047 5131 hereticorum
3080 5075 3294 5142 furore;
3337 5076 3497 5145 justi-

1916 5177 2053 5232 ﬁcati
2103 5184 2224 5229 sunt
2270 5176 2559 5235 daemones,
2610 5174 2729 5241 quia
2762 5172 2812 5224 lii
2847 5172 3034 5223 Filium
3080 5172 3251 5239 ipsum
3282 5177 3493 5232 vocant,

1914 5272 1987 5327 illi
2020 5288 2144 5327 vero
2170 5270 2461 5338 Opilicium.
2503 5268 2795 5334 Jusliﬁcata
2833 5274 2905 5318 est
2956 5264 3181 5319 Sodoma
3222 5280 3282 5317 ea:
3313 5275 3374 5317 te.
3404 5263 3497 5315 llic

1915 5377 2090 5419 autem
2139 5366 2309 5419 obiter
2336 5380 2517 5433 quer
2546 5377 2759 5417 causam
2792 5376 2885 5412 cur
2917 5360 2949 5412 ii
2979 5360 3065 5427 qui
3098 5358 3495 5412 Sodomitarum

1914 5462 2112 5513 scelera
2156 5466 2551 5527 perpetrarunt,
2594 5470 2697 5506 non
2751 5453 3018 5521 perierunt
3060 5463 3117 5504 ut
3165 5448 3495 5508 Sodomitas;

1915 5552 2021 5606 imo
2061 5554 2239 5616 etiam,
2291 5551 2335 5605 si
2377 5549 2536 5617 duplo
2581 5547 2783 5613 majora
2836 5551 3205 5612 peccaverunt,
3248 5556 3345 5593 cur
3390 5555 3495 5592 non

1912 5647 2168 5703 devastati
2200 5658 2317 5698 sunt
2350 5655 2404 5697 ut
2434 5643 2541 5697 illi?

1984 5740 2035 5793 8.
2081 5741 2217 5791 Dens
2260 5738 2433 5805 itaque
2483 5752 2587 5788 non
2637 5734 2796 5786 modo
2846 5731 3057 5785 videbat
3100 5729 3366 5797 ingentem
3399 5724 3495 5778 Ju-

1919 5834 2154 5886 dzrorum
2185 5829 2529 5897 impietatem,
2554 5824 2648 5882 sed
2677 5827 2835 5879 etiam
2863 5838 3002 5885 eam,
3029 5835 3145 5890 qua:
3177 5827 3294 5889 post
3323 5816 3495 5873 futura
