3982 6218
521 371 636 428 467

511 483 646 537 erat,
690 469 922 525 fidelium
967 468 1249 538 pietatem;
1296 461 1621 534 prm'idebat
1663 453 1990 529 proditorem
2033 465 2102 506 ex

512 564 694 620 Judma
723 577 844 618 esse
875 569 1112 616 sanctam
1141 558 1422 628 Deiparam
1449 554 1707 624 virginem
1740 568 1754 605 :
1784 545 2108 620 prmvidebat

512 659 738 714 chorum
786 654 1176 725 apostolorum,
1220 666 1426 706 necnon
1465 647 1681 702 ordines
1715 642 2105 703 confessorum,

509 760 563 806 et
595 749 759 804 multa
790 747 950 801 millia
972 745 1277 800 Judzeorutn
1297 743 1386 812 qui
1406 738 1658 795 credituri
1685 741 1856 790 erant.
1883 728 2109 800 Quando

511 843 654 897 enim
679 839 921 894 ascendit
949 837 1147 892 Paulus
1175 836 1226 890 in
1258 831 1556 889 Jerusalem
1577 871 1592 893 ,
1613 828 1796 884 dicunt
1834 827 1880 878 ei
1909 837 2109 892 coapo-

511 935 634 989 stoli
669 951 681 987 :
708 931 882 997 Vides,
910 929 1073 984 Paule
1105 923 1294 992 frater,
1319 934 1436 992 quot
1459 921 1619 975 millia
1648 929 1766 974 sunt
1798 912 2113 967 JUtltl’Ol‘ttm

512 1026 601 1095 qui
640 1023 959 1078 crediderunt
1006 1022 1145 1089 (Act.
1175 1017 1267 1072 21.
1292 1015 1406 1086 20).
1456 1010 1766 1068 Prmvideus
1810 1007 1971 1076 igitur
2014 1017 2110 1058 eos

509 1118 598 1188 qui
630 1115 882 1171 credituri
913 1121 1088 1176 erant,
1117 1110 1356 1180 pepercit
1387 1105 1704 1166 incredulis;
1744 1117 1848 1156 non
1872 1100 2108 1168 ipsorunt

516 1209 706 1279 gratia,
754 1206 846 1261 sed
890 1215 1106 1275 propter
1148 1202 1400 1263 fructum,
1443 1199 1530 1268 qui
1562 1212 1628 1251 ex
1661 1194 1766 1248 illis
1807 1192 2108 1245 nasciturus

511 1278 645 1355 erat.
675 1299 730 1355 Id
772 1298 1088 1355 testificatur
1115 1295 1276 1350 Isaias
1302 1313 1313 1347 :
1345 1293 1440 1345 «Et
1470 1290 1570 1344 nisi
1600 1286 1855 1342 Dominus
1875 1278 2107 1338 Sabaoth

514 1394 822 1462 reliquisset
851 1390 1006 1444 nobis
1036 1402 1242 1452 semen,
1275 1384 1426 1454 quasi
1455 1382 1684 1438 Sodoma
1709 1378 2015 1439 fuissemus,
2057 1381 2112 1426 et

513 1486 662 1555 quasi
704 1483 1002 1540 Gomorrha
1034 1481 1239 1536 similes
1266 1479 1386 1532 facti
1411 1489 1655 1532 essemus
1685 1491 1702 1521 ο
1764 1469 1914 1541 (lsai.
1948 1469 1998 1521 1.
2028 1463 2106 1538 9).

517 1577 712 1630 \‘erum
763 1573 898 1629 forte
942 1587 1038 1626 nos
1077 1571 1223 1626 dicto
1272 1571 1378 1623 vim
1428 1566 1723 1624 intulimus.
1755 1560 1900 1618 etde
1920 1560 2019 1613 alia
2051 1573 2110 1613 re

513 1668 751 1739 loquitur
780 1665 987 1721 Isaias?
1032 1666 1103 1719 At
1148 1661 1370 1716 Paulum
1410 1657 1557 1720 audi,
1587 1654 1970 1726 prophetarum
2000 1649 2106 1703 fra-

515 1771 653 1816 trem
682 1770 732 1815 ct
765 1760 1115 1828 interpretem
1141 1755 1407 1810 dicentem
1437 1770 1449 1802 :
1487 1769 1507 1802 ‹
1534 1749 1770 1808 Fratres.
1823 1762 1928 1800 non
1985 1743 2108 1800 teli-

514 1851 656 1922 quiaa
713 1849 1007 1904 secundum
1052 1847 1366 1902 electionem
1416 1842 1601 1912 gratia:
1653 1840 1805 1894 factio
1846 1845 2002 1895 sunt:
2054 1841 2112 1889 ut

512 1942 753 2013 reliquize
782 1941 942 1995 Salvte
964 1948 1166 1996 essent.
1202 1937 1269 1991 Et
1298 1937 1433 1990 sicut
1459 1932 1592 1988 dixit
1628 1931 1806 1995 Isaias,
1851 1927 1961 1982 Nisi
2002 1927 2108 1980 Do-

512 2034 694 2090 minus
722 2032 960 2088 Sabaoth
995 2030 1297 2101 reliquisset
1326 2026 1480 2081 nobis
1509 2038 1718 2086 semen,
1757 2020 1906 2092 quasi
1933 2018 2107 2074 Sodo-

511 2140 600 2181 ma
649 2125 773 2179 facti
824 2138 1068 2180 essemus
1125 2141 1143 2174 ι
1203 2119 1378 2191 (Rom.
1413 2119 1499 2173 11.
1528 2115 1580 2171 ε.
1610 2125 1657 2170 et
1685 2114 1740 2170 9.
1771 2110 1886 2182 29).
1918 2109 2109 2166 Omnia

509 2215 773 2286 siquidem
795 2212 1122 2284 prazvidebat
1146 2212 1309 2277 Deus,
1329 2219 1383 2264 et
1413 2223 1518 2263 non
1552 2203 1771 2276 perinde
1799 2212 1960 2272 atque
1987 2215 2106 2263 nos,

509 2310 600 2380 qui
631 2317 874 2379 tempore
900 2307 1178 2371 docemur,
1223 2305 1303 2359 sic
1329 2303 1470 2358 Deus
1497 2315 1592 2370 per
1615 2295 2003 2366 experientiam
2029 2293 2111 2346 di-

509 2403 630 2458 scit.
663 2401 870 2455 Rursus
900 2400 1042 2465 dico,
1078 2406 1134 2453 ut
1159 2412 1303 2468 saepe
1331 2395 1463 2461 dixi,
1503 2392 1824 2448 szeeulorum
1863 2387 1997 2442 lines
2028 2385 2109 2439 vi-

509 2499 671 2556 debat
703 2515 718 2552 :
747 2497 1010 2553 Adamum
1043 2495 1175 2550 vidit
1220 2499 1550 2563 peccantem,
1591 2483 1918 2558 prtevidebat
1946 2481 2109 2536 etiam

509 2605 607 2647 eos
633 2590 724 2661 qui
755 2605 824 2644 ex
859 2588 953 2642 illo
994 2586 1154 2640 fttturi
1197 2591 1379 2639 essent
1413 2579 1566 2651 justi,
1596 2576 1812 2634 videbat
1859 2587 1982 2628 eum
2011 2570 2110 2640 eji-

509 2683 760 2739 ciendum
787 2697 854 2737 ex
896 2678 1144 2750 paradiso
1172 2693 1185 2730 :
1229 2689 1412 2730 verum
1443 2670 1772 2741 praevidebat
1799 2679 2020 2735 regnum
2061 2662 2110 2715 ei

509 2788 631 2829 esse
676 2782 940 2842 paratum.
969 2769 1230 2838 Quodque
1257 2762 1572 2819 admirabile
1598 2770 1700 2822 est,
1733 2769 1860 2811 ante
1895 2753 2108 2825 paradi-

509 2879 628 2921 sum
658 2877 883 2932 regnum
917 2868 1159 2930 paratum
1186 2857 1302 2910 fuit.
1328 2854 1536 2909 Miraris
1562 2849 1705 2921 quod
1723 2848 1892 2903 Adam
1909 2845 2111 2915 ejectus

509 2957 674 3012 fuerit
716 2971 780 3010 ex
828 2952 1119 3024 paradiso?
1169 2950 1396 3014 Mirare,
1445 2945 1588 3017 quod
1631 2952 1756 2998 ante
1803 2940 2108 3011 paradisum

510 3060 754 3122 paratum
798 3050 898 3118 ipsi
943 3047 1104 3102 fuerit
1134 3060 1355 3115 regnum
1382 3041 1660 3097 caelorum.
1691 3039 1781 3092 Ait
1811 3036 2064 3091 Servatur
2093 3050 2107 3086 :

523 3144 713 3205 Venite,
738 3142 982 3196 benedicti
1035 3139 1211 3193 Patris
1254 3139 1348 3190 mei
1373 3179 1386 3199 ,
1419 3134 1671 3206 possidete
1709 3139 1945 3202 paratum
1973 3126 2112 3181 vobis

509 3251 721 3307 regnum
759 3249 792 3284 a
840 3232 1196 3286 constitutione
1237 3228 1413 3282 mundi
1466 3225 1676 3296 (Matth.
1706 3225 1797 3280 25.
1832 3223 1947 3292 55).

581 3329 772 3385 Contra
799 3326 1038 3380 Aricinos.
1081 3320 1418 3392 Primogeniti
1445 3331 1493 3374 et
1522 3319 1768 3390 unigeniti
1801 3318 2107 3386 (li/Terentia.

507 3419 936 3475 ——Erubescant
979 3413 1245 3479 haeretici,
1291 3427 1414 3467 cum
1461 3410 1682 3464 audiunt
1725 3425 1788 3464 ea
1828 3426 1949 3480 qua:
1989 3425 2110 3464 sau-

508 3514 610 3568 ctis
654 3520 834 3582 parata
884 3517 1027 3572 sunt,
1072 3516 1198 3560 ante
1240 3504 1679 3558 constitutionem
1711 3503 1920 3566 mundi,
1949 3511 2004 3558 et
2031 3502 2112 3557 di-

511 3612 658 3669 cunt,
703 3601 830 3655 Erat
863 3597 1150 3669 aliquando
1190 3611 1312 3650 cum
1345 3594 1514 3649 Filius
1552 3608 1660 3647 non
1710 3603 1875 3647 esset.
1920 3593 2112 3662 Specie

511 3705 717 3752 tantum
771 3689 1115 3761 Unigenitum
1172 3686 1531 3748 confitentur,
1591 3683 1714 3754 quia
1775 3682 2110 3752 St-riptttram

509 3786 692 3842 delere
720 3798 827 3838 non
859 3787 1119 3851 possunt;
1165 3791 1350 3830 vocem
1395 3775 1713 3844 largiuntur,
1756 3782 1809 3829 et
1835 3789 1950 3828 rem
1984 3773 2112 3827 sub.

511 3876 748 3931 trahunt.
798 3872 854 3928 Si
895 3869 1194 3924 dixerimus
1248 3865 1578 3934 unigenitum
1632 3863 1827 3917 Filium
1857 3905 1871 3928 ,
1929 3865 2109 3918 statim

510 3970 697 4024 dicunt
727 3984 741 4020 :
773 3966 1040 4032 Scriptum
1072 3971 1154 4017 est
1180 3960 1363 4025 etiam,
1392 3957 1771 4026 Printogeuittts
1801 3958 1952 4010 totius
1978 3957 2112 4011 orbis

510 4070 762 4113 terrarum
790 4055 926 4124 (Col.
965 4055 1017 4108 1.
1049 4053 1160 4122 15).
1198 4051 1340 4121 Ergo
1371 4047 1662 4103 secundmu
1688 4047 1969 4102 hmretieos
1997 4047 2113 4100 lucc

511 4155 618 4208 duo
645 4153 784 4206 inter
811 4164 869 4204 se
898 4157 1156 4218 pugnant.
1179 4145 1310 4199 Nam
1338 4145 1380 4198 si
1413 4142 1819 4213 primogenitus,
1852 4156 1958 4195 non
1990 4139 2112 4195 uni-

510 4244 723 4315 genitus
749 4250 830 4294 est
865 4259 878 4295 :
910 4237 1297 4309 primogenitus
1317 4236 1482 4299 enim,
1533 4249 1654 4288 eum
1683 4233 1876 4287 fratres
1907 4231 2111 4286 habue-

513 4337 602 4400 rit,
639 4330 1026 4403 primogenitus
1053 4327 1250 4380 dicitur
1282 4342 1294 4377 :
1329 4325 1632 4393 unigenitus
1660 4339 1808 4387 vero,
1847 4323 1889 4376 si
1920 4320 2112 4376 fratres

517 4427 731 4489 habeat,
783 4421 893 4490 jam
950 4416 1256 4486 unigenitus
1320 4430 1426 4468 non
1494 4413 1690 4466 dicitur
1741 4432 1754 4467 :
1812 4412 2114 4479 unigenitus

514 4519 713 4591 quippe
751 4525 836 4569 est
864 4513 909 4566 is
949 4511 1037 4581 qui
1076 4525 1213 4563 unus
1253 4523 1316 4561 ex
1349 4507 1527 4575 aliquo
1561 4514 1718 4558 natus
1759 4511 1876 4566 est;
1923 4517 2113 4571 quem-

515 4611 804 4668 admodum
849 4617 904 4662 et
943 4604 1220 4672 Scriptura
1268 4600 1588 4655 testificatur
1623 4595 1992 4651 Abrahamutn
2035 4594 2115 4648 al-

522 4705 745 4774 loquens
777 4718 791 4754 :
819 4699 966 4753 Tolle
993 4697 1156 4765 ﬁlium
1188 4707 1330 4748 tuum
1370 4690 1688 4762 unigenitum
1731 4686 1887 4758 (Gen.
1912 4687 2003 4742 22.
2030 4686 2109 4756 2).

519 4793 910 4864 l‘rimogenitus
969 4789 1163 4843 dicitur
1214 4787 1289 4849 is,
1337 4785 1425 4854 qui
1489 4782 1685 4838 fratres
1738 4781 1936 4844 habet;
1994 4779 2115 4834 ideo

519 4887 662 4942 enim
713 4883 917 4954 primus
943 4892 1044 4942 est.
1102 4879 1240 4949 quod
1289 4879 1432 4946 prior
1470 4884 1623 4929 natus
1668 4875 1754 4928 sit.
1802 4871 2117 4941 Unigenitus

519 4993 671 5044 vero,
720 4975 845 5030 ideo
884 4971 1079 5026 dicitur
1119 4969 1439 5039 ttuigettitus,
1485 4965 1630 5036 quod
1669 4965 1860 5019 fratres
1889 4978 1993 5018 non
2023 4961 2117 5016 ha-

523 5069 663 5124 beat.
685 5067 831 5122 Alias
857 5078 1066 5134 quoque
1091 5061 1395 5131 unigenitus
1425 5069 1528 5124 est,
1547 5057 1639 5128 qui
1668 5055 1816 5112 solus
1844 5071 1908 5110 ex
1938 5055 2117 5124 aliquo

525 5168 684 5214 natus
710 5167 812 5222 est,
841 5171 948 5210 non
980 5154 1068 5224 qui
1099 5153 1243 5207 solus
1275 5151 1444 5204 factus
1471 5158 1572 5213 est,
1627 5157 1684 5201 ut
1711 5155 1978 5216 nugantur
2006 5144 2117 5198 ha:-

525 5251 699 5307 retici.
728 5249 1064 5318 Uuigenitus,
1098 5246 1219 5316 quia
1255 5247 1400 5298 solus
1431 5242 1549 5295 talis
1567 5239 1736 5295 factus
1761 5250 1861 5294 est.
1897 5239 2036 5308 Ergo
2064 5246 2117 5292 et

527 5345 672 5401 Elias
716 5343 1037 5411 unigenitus,
1071 5343 1191 5410 quia
1238 5339 1385 5392 solus
1428 5335 1582 5398 talis;
1630 5334 1771 5402 quod
1821 5349 1950 5388 sane
1995 5347 2117 5386 cum

529 5439 737 5494 ratione
785 5444 1002 5506 pugnat.
1038 5437 1107 5487 At
1134 5435 1184 5486 in
1217 5448 1367 5486 more
1389 5430 1680 5498 Scriptum
1709 5436 1810 5489 est,
1845 5437 1901 5480 ut
1931 5425 2118 5494 unige-

528 5533 698 5585 nitum
726 5529 867 5584 dicat
895 5542 1038 5591 eum,
1071 5525 1159 5593 qui
1187 5525 1334 5577 solus
1358 5522 1426 5576 ab
1454 5521 1634 5589 aliquo
1661 5518 1872 5588 genitus
1902 5525 2002 5578 est,
2031 5529 2120 5568 se-

532 5621 764 5675 cundum
806 5620 951 5690 prius
997 5617 1417 5672 demonstratam
1463 5613 1611 5667 vocis
1655 5607 2119 5678 significationem.

532 5712 781 5778 Attende,
818 5727 1016 5782 qumso.
1049 5708 1463 5778 Primogenitus,
1488 5706 1531 5760 si
1563 5704 1750 5758 fratres
1773 5715 1875 5755 non
1909 5699 2120 5763 habeat,

534 5805 841 5876 unigenitus
879 5812 984 5859 est.
1019 5802 1128 5872 Ego
1158 5815 1263 5858 non
1291 5812 1477 5862 unum,
1510 5810 1615 5850 non
1655 5795 1808 5859 duos,
1842 5807 1946 5847 non
1978 5801 2121 5859 tres,

1973 328 2346 389 SEVERIANI

3714 358 3840 414 468

2213 446 2307 502 sed
2351 445 2612 517 plurimos
2658 449 2870 517 reperio
2914 447 3322 519 primogenitae.
3386 448 3517 506 Rem
3571 455 3822 507 novam!

2213 537 2558 608 Primogeniti
2588 539 2862 608 quomodo
2893 539 3114 610 plures?
3143 540 3315 596 Unum
3339 544 3480 598 enim
3503 557 3618 598 esse
3644 558 3830 614 opor-

2215 637 2311 683 tet.
2339 629 2658 684 Sermonem
2691 630 2945 700 produxi.
2976 632 3045 687 ob
3072 633 3188 687 illas
3218 648 3400 697 voces,
3429 636 3831 707 primogenitus

2215 733 2269 776 ct
2321 723 2626 792 unigenitus
2676 741 2688 777 :
2733 722 3110 779 difficultatem
3138 741 3268 781 vero
3309 727 3593 784 solvamus.
3645 730 3826 793 Eum,

2215 813 2302 882 qui
2335 813 2536 881 primus
2576 813 2762 870 credat
2791 816 2841 868 in
2873 831 2969 870 sua
2996 825 3176 883 relate,
3213 818 3353 874 Deus
3398 819 3828 890 primogenitum

2215 915 2391 968 vocat,
2435 921 2539 958 non
2581 907 2723 974 quod
2767 909 2838 961 sit
2885 907 3089 977 primus
3134 910 3271 965 inter
3313 915 3445 966 alios
3472 913 3673 980 fideles,
3719 918 3828 972 sed

2215 995 2356 1066 quod
2409 997 2462 1050 in
2513 997 2626 1052 suis
2673 1001 3003 1068 temporibus
3054 1001 3202 1071 prius
3269 1006 3608 1072 apparuerit;
3657 1009 3828 1062 verbi

2214 1089 2418 1158 gratia,
2481 1090 2532 1144 in
2587 1091 2822 1163 [Egypto
2869 1103 2986 1148 erat
3033 1097 3296 1165 pepulus,
3352 1097 3477 1151 dicit
3531 1098 3666 1153 Deus
3725 1116 3831 1169 per

2216 1181 2449 1253 Moysem
2488 1201 2500 1238 :
2533 1183 2701 1239 Filius
2746 1189 3110 1259 primogenitus
3137 1205 3274 1243 meus
3304 1188 3489 1245 Israel.
3537 1191 3650 1246 Dixi
3686 1210 3706 1246 .'
3741 1195 3829 1247 di-

2217 1275 2356 1328 mitte
2404 1277 2528 1328 milii
2578 1280 2825 1347 pepulum
2867 1297 3034 1335 meum
3076 1280 3272 1353 (Exod.
3305 1284 3359 1337 4.
3390 1282 3482 1336 22.
3513 1284 3624 1352 25).
3671 1285 3828 1340 Ecce

2216 1369 2470 1438 populum
2526 1371 2937 1441 primogenitum
2987 1391 2999 1427 :
3053 1375 3176 1444 quia
3225 1375 3318 1430 illo
3371 1387 3609 1446 tempore
3659 1379 3826 1447 prior

2215 1469 2332 1514 erat
2385 1463 2652 1531 populus,
2708 1466 2798 1535 qui
2849 1467 3014 1520 Deum
3057 1477 3304 1523 noverat.
3355 1468 3587 1523 Emersit
3632 1482 3824 1537 postea

2218 1550 2405 1618 David,
2436 1562 2558 1624 post
2583 1554 2775 1625 legem,
2811 1565 2933 1627 post
2967 1557 3164 1612 multas
3194 1568 3400 1623 astates,
3432 1575 3494 1614 ac
3529 1561 3823 1630 pollicetur

2218 1641 2268 1695 ei
2305 1642 2464 1707 Deus,
2498 1660 2563 1698 ex
2595 1645 2801 1701 semine
2830 1647 2946 1716 ejus
2970 1647 3245 1703 Christum
3293 1651 3554 1704 oriturum
3596 1666 3742 1714 esse,
3773 1667 3825 1707 et

2215 1735 2293 1790 sic
2337 1736 2411 1790 ait
2455 1754 2468 1789 :
2513 1736 2691 1792 Inveni
2719 1738 2885 1794 David
2912 1757 3111 1796 servum
3137 1758 3324 1806 meum,
3362 1743 3472 1796 oleo
3501 1753 3672 1797 sancto
3694 1745 3827 1797 uitri

2215 1843 2349 1881 eum.
2374 1826 2498 1896 Ipse
2522 1830 2773 1884 invocabit
2820 1849 2920 1900 me,
2968 1844 3113 1904 pater
3137 1850 3275 1888 meus
3314 1850 3383 1888 es.
3413 1834 3481 1888 Et
3515 1852 3605 1906 ego
3630 1837 3828 1906 printe-

2215 1921 2441 1990 genitum
2468 1939 2656 1994 ponam
2685 1925 2832 1980 illam
2874 1925 3045 1995 (Psal.
3077 1927 3167 1984 88.
3197 1927 3286 1984 21.
3320 1928 3411 1983 27.
3441 1929 3560 1999 28).
3597 1930 3754 1998 Quod
3779 1933 3821 1985 si

2218 2014 2604 2084 primogenitus
2629 2015 2701 2072 sit
2723 2018 2908 2086 David,
2943 2019 3329 2091 primogenitus
3357 2037 3570 2092 quoque
3593 2025 3825 2092 pepulus

2215 2112 2320 2158 est.
2376 2105 2544 2160 Adam
2591 2109 2981 2179 primogenitus
3029 2111 3081 2166 in
3126 2111 3476 2181 generatione
3517 2127 3634 2176 sua,
3685 2113 3820 2178 Noe,

2215 2193 2339 2248 Scin
2369 2199 2732 2267 primogeniti,
2762 2202 3033 2257 Abraham
3064 2204 3457 2274 primogenitus
3497 2207 3548 2259 in
3590 2221 3820 2276 genera-

2218 2288 2363 2343 tione
2393 2306 2511 2350 sua.
2544 2291 2774 2363 Moyses,
2807 2295 2992 2360 lsaias,
3040 2296 3163 2366 quia
3206 2298 3319 2350 suis
3351 2300 3680 2368 temporibus
3711 2302 3824 2370 pie-

2220 2383 2313 2436 tati
2340 2398 2400 2439 se
2427 2383 2768 2441 dediderunt.
2819 2388 2895 2442 Ex
2943 2388 3027 2444 his
3074 2391 3257 2444 multis
3291 2391 3659 2461 primogenitis
3694 2408 3824 2446 con-

2215 2484 2428 2546 gregata
2470 2489 2553 2530 est
2584 2477 2822 2534 Ecclesia
2856 2495 3066 2550 magna,
3099 2496 3218 2552 qua:
3245 2492 3327 2537 est
3357 2483 3410 2537 in
3453 2484 3606 2537 cmlo.
3648 2483 3822 2537 Testi-

2217 2570 2408 2623 fieatur
2436 2568 2631 2624 Paulus
2662 2588 2674 2624 :
2714 2589 2734 2622 t
2758 2572 3077 2628 Accessistis
3118 2573 3186 2629 ad
3212 2572 3340 2630 Si0n
3365 2585 3626 2638 montem,
3673 2583 3727 2630 et
3754 2577 3819 2630 ad

2217 2662 2486 2716 civitatem
2528 2663 2621 2716 Dei
2666 2663 2892 2717 viventis
2937 2664 3267 2732 Jerusalem,
3323 2675 3377 2720 et
3419 2667 3485 2720 ad
3533 2665 3818 2721 multorum

2220 2753 2446 2806 millium
2492 2755 2803 2824 angelorum
2837 2754 3231 2825 frequentiam,
3276 2770 3330 2812 et
3371 2758 3666 2812 Ecclesiatn
3715 2761 3821 2828 pri-

2218 2844 2545 2911 mitivorum,
2591 2850 2679 2916 qtti
2707 2849 2996 2917 conscripti
3025 2859 3149 2904 sunt
3175 2851 3224 2903 in
3254 2852 3395 2905 aclis
3426 2870 3444 2902 ι
3500 2849 3686 2918 (Hebr.
3729 2853 3816 2907 i2.

2216 2934 2333 3004 22).
2408 2938 2890 3008 Primogenitorum
2939 2943 3147 2996 illorum
3201 2957 3337 2996 unus
3387 2952 3472 2997 est
3523 2944 3816 2998 secundum

2217 3045 2433 3086 carnem
2477 3031 2743 3100 Cbrisws,
2774 3035 3068 3091 secundum
3108 3035 3440 3091 divinitatem
3473 3035 3816 3105 Uuigenitus.

2217 3126 2350 3194 Quia
2399 3127 2543 3181 enim
2587 3143 2683 3183 eos
2718 3129 2808 3198 qui
2853 3144 2948 3197 per
2994 3129 3231 3199 singulas
3260 3139 3446 3183 :etates
3473 3129 3820 3198 profecerunt

2216 3221 2459 3284 assumit,
2505 3237 2630 3276 eum
2667 3223 2917 3277 omnibus
2943 3231 2996 3278 et
3032 3223 3145 3292 ipse
3175 3221 3560 3291 primogenitus
3602 3220 3817 3275 dicitur.

2219 3313 2345 3368 Ideo
2389 3316 2464 3368 ait
2512 3315 2710 3369 Paulus
2759 3334 2772 3368 :
2831 3315 3213 3387 Primogenitus
3256 3317 3310 3368 in
3357 3315 3529 3368 multis
3577 3315 3819 3383 fratribus

2219 3403 2598 3476 (Rom.8.29).
2631 3406 2825 3461 Verum
2863 3407 2932 3462 de
2960 3407 3175 3461 homine
3204 3406 3369 3461 multa
3399 3405 3502 3460 dici
3537 3415 3815 3476 poterant:

2218 3505 2465 3550 servatur
2490 3506 2670 3551 autem
2696 3498 2968 3553 enarratio
2999 3499 3051 3552 in
3079 3499 3219 3553 diem
3243 3508 3448 3554 sextam
3477 3509 3815 3568 sequentem,

2219 3589 2274 3642 in
2312 3605 2418 3659 qua
2459 3589 2723 3645 formatus
2767 3602 2870 3657 est,
2917 3600 2992 3656 ut,
3031 3601 3356 3662 cooperante
3395 3591 3575 3646 divina
3606 3593 3776 3662 gratia
3800 3632 3814 3656 ,

2218 3680 2437 3746 clarior,
2468 3696 2566 3750 pro
2595 3683 2734 3736 virili
2764 3692 2970 3750 nostra,
3012 3684 3184 3737 oratio
3215 3683 3434 3747 evadat;
3485 3697 3592 3738 non
3643 3698 3710 3738 ex
3759 3684 3819 3736 iis

2217 3786 2338 3840 qua:
2363 3772 2612 3842 cogitatio
2644 3785 2824 3828 nostra
2852 3774 3230 3845 suppeditabit,
3269 3775 3365 3829 sed
3394 3789 3459 3828 ex
3499 3775 3566 3828 iis
3591 3790 3713 3844 qua:
3741 3775 3818 3828 di-

2217 3860 2461 3918 dicimus.
2514 3864 2826 3920 Communis
2855 3868 3048 3935 quippe
3079 3864 3198 3919 fons
3223 3876 3340 3928 est;
3367 3866 3680 3918 communia
3707 3880 3817 3919 0m-

2220 3953 2304 4006 nia
2344 3956 2616 4023 proposita
2660 3956 2824 4020 dona,
2866 3957 2910 4009 si
2954 3956 3115 4010 modo
3147 3969 3243 4010 nos
3270 3956 3498 4010 velimus
3523 3969 3647 4008 cum
3677 3956 3816 4010 omni

2218 4048 2495 4102 alacritate
2521 4045 2756 4101 studium
2787 4047 3067 4102 adhibere.
3116 4046 3433 4102 Sermonem
3477 4057 3664 4102 autem
3703 4063 3816 4102 vcr-

2221 4151 2394 4194 tamus
2419 4140 2485 4194 ad
2513 4155 2722 4195 morum
2755 4141 3161 4196 institutionem.

2290 4232 2342 4287 9.
2387 4231 2511 4287 lleri
2546 4232 2878 4288 oStendimus
2909 4232 3179 4302 quomodo
3220 4245 3341 4287 esse
3369 4229 3565 4285 debeat
3592 4231 3815 4286 elevatio

2219 4341 2472 4380 manuum
2503 4328 2684 4397 pietati
2709 4327 3006 4380 fidentium.
3028 4325 3129 4392 Qui
3156 4324 3247 4377 dat
3268 4321 3613 4392 pauperibus,
3637 4323 3811 4378 dicat:

2219 4417 2449 4474 Elevatio
2474 4435 2716 4472 manuum
2751 4433 2976 4471 mearum
3004 4415 3178 4486 (Psal.
3211 4415 3332 4470 140.
3363 4414 3444 4483 2).
3477 4414 3580 4481 Qui
3612 4413 3814 4484 lapsum

2221 4511 2394 4580 erigit,
2441 4510 2602 4571 dicat.
2648 4509 2875 4562 Elevatio
2918 4524 3162 4561 manuum
3202 4522 3449 4559 mearum.
3499 4504 3814 4572 Quaeramus

2221 4601 2416 4656 Psalmi
2445 4601 2778 4670 prooemium,
2805 4591 3233 4670 quandoquidem
3259 4611 3353 4666 par
3372 4604 3454 4650 est
3472 4610 3534 4649 ea
3563 4609 3664 4650 nos
3685 4597 3815 4650 scire

2220 4707 2340 4762 quae
2370 4693 2662 4761 psallimus.
2694 4690 2803 4744 Cur
2828 4690 3074 4753 dicimus,
3094 4686 3364 4758 Dirigatur
3393 4685 3556 4738 oratio
3588 4701 3701 4738 mea
3727 4685 3816 4739 sic-

2221 4795 2272 4836 ut
2318 4785 2572 4837 incensum
2610 4783 2662 4836 in
2707 4789 2976 4851 conspectu
3020 4778 3149 4832 tuo?
3190 4777 3306 4832 Non
3346 4776 3488 4831 enim
3537 4775 3812 4830 incensum

2220 4892 2380 4933 omne
2407 4891 2511 4930 non
2539 4875 2819 4943 dirigitur:
2857 4872 2996 4926 Deus
3038 4869 3236 4940 quippe
3267 4877 3666 4938 unguentorum
3711 4865 3816 4919 fra-

2221 4969 2428 5038 grantia
2469 4982 2572 5019 non
2613 4965 2929 5018 delectatur.
2961 4960 3098 5028 Quid
3130 4960 3289 5030 igitur
3317 4969 3399 5014 est
3427 4959 3582 5023 illud,
3611 4956 3817 5028 Dirige-

2225 5069 2306 5112 tur
2335 5060 2496 5113 oratio
2519 5057 2668 5110 mea?
2697 5053 2966 5108 Articulus
2986 5051 3159 5115 deest,
3191 5052 3262 5106 ita
3293 5060 3351 5105 ttt
3375 5063 3571 5106 sensus
3598 5049 3729 5103 dicti
3755 5050 3816 5100 sit

2224 5151 2345 5206 talis
2384 5172 2396 5207 :
2431 5149 2694 5219 Dii—igatur
2710 5145 2871 5199 oratio
2891 5160 3002 5197 mea
3032 5143 3162 5197 sicut
3193 5145 3451 5196 incensum
3476 5141 3530 5193 in
3548 5151 3815 5209 conspectu

2225 5252 2332 5298 tuo.
2364 5243 2531 5311 Quale
2560 5238 2872 5295 incensum?
2903 5237 3015 5291 Duo
3044 5235 3228 5291 erant'
3258 5234 3440 5289 altaria
3469 5233 3522 5286 in
3567 5231 3813 5286 taberna.

2290 5359 2307 5388 ¹
2345 5355 2468 5406 Illud
2493 5355 2767 5404 membrum
2804 5351 3024 5413 phrasis,
3051 5344 3294 5413 articulus
3319 5345 3550 5413 deest..."
3677 5340 3812 5413 talis.

2225 5431 2321 5468 non
2346 5404 2526 5481 legitur
2552 5419 2600 5466 in
2625 5414 2762 5481 savii.
2791 5404 2887 5481 nec
2915 5412 2964 5460 ia
2988 5404 3274 5480 Combeﬂsio
3294 5447 3308 5465 ,
3333 5404 3664 5481 qui‘ltabeut‘:

2224 5467 2369 5553 gatur
2396 5467 2553 5553 ’ὅτ-αρτ)
2575 5490 2682 5526 mea
2714 5476 2836 5553 sicut
2870 5472 3118 5524 incensum
3147 5471 3199 5522 in
3229 5467 3499 5553 sempercf:
3517 5471 3601 5553 tuo
3619 5476 3653 5553 ,ς
3681 5467 3814 5553 quirat:

2225 5526 2521 5593 maniis”?
2548 5549 2653 5590 Duo
2674 5545 2808 5588 erant
2827 5576 2840 5594 ,
2869 5545 2966 5585 etc.
2993 5544 3171 5586 sensus
3195 5542 3288 5589 est,
3315 5526 3365 5578 ni
3387 5526 3814 5594 fallor,_artieulum

2227 5589 2526 5664 aiataiat...
2546 5589 2729 5650 deesse
2747 5636 2762 5659 ,
2785 5589 2839 5648 ut
2863 5599 3099 5664 indicetur
3122 5597 3375 5664 incensum
3397 5589 3814 5664 _quoddatu_pecu-

2229 5667 2377 5722 liare,
2403 5657 2530 5728 quod
2574 5667 2602 5724 ii
2621 5677 2689 5728 se
2716 5657 2883 5728 postea
2923 5660 3114 5728 indicat.
3148 5657 3517 5728 Verum
3542 5661 3816 5728 stemseuslns

2230 5710 2753 5783 ἕίᾶιῖιῑίόέιῖξῖλτῖἱευιιὶδ
2779 5726 2908 5772 enim
2932 5714 3368 5783 potiuspecnliare
3401 5711 3647 5783 quidpiam
3690 5710 3812 5760 iudi-

2227 5774 2524 5842 caretiltem
2549 5774 2645 5837 nea
2669 5787 2836 5848 majori
2862 5774 3214 5846 perquisitione
3236 5774 3432 5840 dignun
3456 5774 3708 5824 mittimus.
