3982 6218
133 405 253 464 467

164 510 466 584 μελλόντων
505 509 801 564 πιστεύειν.
833 511 908 565 Οὐ
944 509 1053 582 γὰρ
1086 510 1320 580 ἀνῆλθεν
1356 513 1385 564 6
1411 509 1621 572 Παῦλος
1667 506 1748 568 είς

173 596 562 668 Ἰερουσαλὴμ,
616 595 866 664 λέγουσιν
919 597 967 648 οί
1018 594 1440 648 συναπόστυλοι*
1482 591 1747 660 Θεωρεῖς,

159 679 390 747 ἀδελφέ
423 676 642 740 Παῦλε,
674 677 858 730 πόσαι
887 677 1174 746 μυριάδες
1202 678 1320 732 εισι
1350 676 1467 730 τῶν
1505 689 1752 729 πιστευ-

160 762 404 816 σάντων
441 759 768 814 ἸΟυδαίων.
799 760 1041 829 Προῑδὼν
1078 756 1172 814 οὖν
1208 760 1338 823 τοὺς
1375 758 1749 820 πιστεύοντας,

159 846 416 913 ἐφείσατο
448 841 556 896 τῶν
592 843 1038 912 ἀπιστησάντωνο
1085 843 1146 896 ού
1181 842 1249 896 δι’
1295 843 1573 908 ἐκείνους,
1616 839 1754 896 ἀλλὰ

156 929 246 981 διὰ
285 926 435 999 [476]
462 924 552 979 τὸν
579 925 638 990 ἐξ
680 925 861 978 αὐτῶν
893 926 1154 996 μέλλοντα
1187 926 1468 981 τίκτεσθαι
1517 925 1748 998 καρπόν.

157 1011 268 1064 Καὶ
307 1011 573 1080 μαρτυρεῖ
607 1009 832 1070 Ἡσαΐας
853 1024 867 1038 ⁶
901 1008 1011 1062 Καὶ
1043 1011 1096 1062 εί
1134 1007 1222 1078 μὴ
1266 1010 1482 1078 Κύριος
1510 1008 1754 1063 Σαϐαὼθ

153 1094 548 1165 ἐγκατέλιπεν
583 1093 729 1162 ἡμῖν
757 1091 1015 1160 σπέρμα,
1043 1094 1125 1158 ὡς
1162 1092 1397 1162 Σόδομα
1432 1091 1509 1146 ἂν
1543 1094 1754 1161 ἐγενή-

155 1182 370 1248 θημεν,
420 1175 519 1229 καί
568 1177 648 1241 ὡς
700 1175 978 1244 Γόμορρα
1025 1174 1102 1228 ἂν
1154 1175 1556 1245 ὡμοιώθημεν.
1612 1174 1751 1226 Ἀλλ’

157 1257 272 1332 ἆρα
310 1260 383 1331 μὴ
415 1260 572 1329 ἡμεῖς
615 1257 956 1326 ἐϐιασάμεθα
985 1257 1048 1310 τὸ
1085 1257 1259 1328 ῥῆμα,
1299 1257 1392 1310 καὶ
1424 1258 1551 1328 περὶ
1592 1256 1752 1310 ἄλλου

157 1341 316 1397 εἷπεν
355 1343 608 1404 Ἦσαῒαςς
658 1340 796 1392 Ἀλλ’
839 1340 1003 1394 ἄκουε
1051 1341 1223 1394 ταῦτα
1277 1339 1486 1394 Παύλου
1517 1339 1611 1392 τοῦ
1645 1338 1753 1393 τῶν

157 1426 455 1498 προφητῶν
494 1423 722 1492 ἀδελφοῦ
767 1425 859 1476 καὶ
899 1423 1186 1494 ἑρμηνέως
1243 1423 1521 1492 λέγοντος·
1564 1422 1756 1476 Ἀδελο

153 1512 283 1580 φοί,
319 1511 437 1564 νῦν
478 1507 696 1576 λεῖμμα
723 1508 850 1560 κατ’
880 1505 1149 1576 ἐκλογὴν
1183 1507 1427 1576 χάριτος
1481 1505 1750 1576 γέγονεν,

158 1595 266 1648 ἵνα
323 1589 488 1658 σωθῇ
557 1589 622 1643 τὸ
689 1588 1082 1659 καταλείμμα.
1147 1589 1258 1644 Καὶ
1332 1589 1529 1655 καθὼς
1586 1585 1756 1644 εἶπεν

165 1678 436 1741 Ἡσαΐας·
468 1677 536 1729 Εἰ
561 1673 650 1743 μὴ
678 1674 893 1743 Κύριος
919 1674 1165 1729 Σαϐαὼθ
1189 1673 1584 1744 ἐγκατέλιπεν
1610 1672 1757 1742 ἡμῖν

151 1759 415 1827 σπέρμα,
450 1758 526 1824 ὠς
559 1757 792 1826 Σόδομα
832 1755 910 1810 ἂν
947 1757 1337 1826 ἐγενήθημεν.
1368 1757 1617 1810 ’Ἀπαντα
1646 1756 1756 1828 γὰρ

153 1843 404 1915 προεῖδεν
440 1843 469 1894 6
512 1841 665 1902 Θεὸς,
701 1840 794 1893 καὶ
828 1840 928 1910 οὐχ
973 1841 1050 1904 ὼς
1090 1842 1251 1912 ἡμεῖς
1284 1841 1462 1913 χρόνῳ
1508 1839 1756 1892 διδασκό-

156 1927 306 1998 μεθα
331 1926 399 1978 τὰ
429 1925 752 1997 πράγματα,
777 1922 921 1976 οὕτω
961 1925 1056 1977 καὶ
1088 1927 1116 1978 6
1148 1925 1282 1988 Θεὸς
1311 1924 1398 1977 διὰ
1427 1925 1525 1995 τῆς
1560 1923 1756 1996 πείρας

155 2009 447 2081 μανθάνει.
493 2006 680 2071 Πάλιν,
727 2006 802 2070 ὼς
835 2006 1096 2072 πολλάκις
1136 2003 1310 2072 εἷπον,
1355 2007 1426 2060 τὰ
1472 2007 1601 2078 τέλη
1647 2007 1756 2059 τῶν

150 2092 370 2147 αἰώνων
398 2091 654 2143 ἔϐλεπεν
687 2089 777 2142 τὸν
813 2091 986 2161 Ἀδὰμ
1019 2085 1160 2144 εῐδεν
1193 2091 1597 2161 ἁμαρτάνοντα,
1630 2105 1760 2157 προσ

151 2176 309 2248 εώρα
355 2176 450 2229 καὶ
496 2176 623 2238 τοὺς
656 2175 713 2240 ἐξ
753 2174 921 2228 αὑτοῦ
961 2174 1254 2245 μέλλοντας
1300 2173 1566 2240 δικαίους,
1602 2173 1756 2226 ἐόλε-

151 2277 260 2314 πεν
296 2275 317 2298 ο
369 2259 530 2313 αὑτὸν
593 2257 988 2328 ἐκϐαλλόμενον
1049 2257 1144 2310 τοῦ
1204 2257 1572 2331 παραδείσουο
1619 2257 1756 2311 ἀλλὰ

151 2341 446 2414 προεώρα,
472 2342 552 2395 ὅτι
579 2341 906 2412 ἡτοίμασται
938 2340 1088 2412 αὺτῷ
1123 2340 1415 2411 βασίλειον.
1444 2341 1517 2394 Τὸ
1543 2341 1600 2394 δὲ
1635 2339 1758 2396 θαυ-

155 2427 390 2495 μαστὸν,
423 2424 531 2495 πρὸ
578 2423 673 2476 τοῦ
725 2424 1057 2495 παραδείσου
1110 2425 1144 2496 ἡ
1199 2422 1448 2494 βασιλεία
1513 2423 1750 2490 ἐγένετο’

150 2507 476 2574 Θαυμάζεις
502 2507 585 2559 ὅτι
615 2506 787 2577 Ἀδὰμ
815 2507 1076 2577 ἐξεὸλήθη
1108 2505 1203 2560 τοῦ
1232 2506 1592 2577 παραδείσου;
1625 2505 1759 2561 Θαύ-

154 2609 335 2663 μασον
365 2593 444 2644 ὅτι
479 2592 584 2660 πρὸ
614 2591 708 2644 τοῦ
743 2585 1078 2662 παραδείσου
1113 2592 1146 2661 ἡ
1184 2590 1431 2661 βασιλεία
1461 2591 1569 2644 τῶν
1594 2591 1758 2661 οὐρα-

152 2674 268 2728 νῶν
307 2672 455 2744 αὐτῷ
491 2673 804 2744 ἡτοίμαστο.
836 2673 999 2741 Λέγει
1029 2674 1056 2725 6
1092 2674 1303 2745 Σωτήρ⁶
1341 2672 1539 2737 Δεῦτε,
1571 2675 1625 2727 οι
1660 2675 1758 2726 εὑ-

149 2757 482 2828 λογημένοι
527 2756 633 2810 τοῦ
668 2758 900 2825 Πατρός
926 2774 1066 2825 μου,
1110 2757 1608 2826 κληρονομήσατε
1645 2758 1758 2824 τὴν

151 2841 614 2912 ἡτοιμασμένην
666 2841 809 2910 ὑμῖν
858 2841 1188 2906 ,ϐασιλείαν
1246 2842 1366 2895 ἀπὸ
1418 2841 1758 2912 καταϐολῆς

151 2930 399 2996 κόσμου
410 2968 421 2980 .

233 3067 695 3139 Αἰσχυνθήτωσαν
735 3067 1024 3136 clipeum},
1059 3067 1128 3120 τὰ
1176 3066 1557 3139 ἡτοιμασμένοι
1581 3067 1608 3106 b
1647 3067 1758 3128 τοῖς

153 3154 341 3222 ἁγίοις
382 3153 486 3223 πρὸ
532 3151 834 3222 καταϐολῆς
867 3154 1097 3222 κόσμου,
1143 3155 1236 3205 καὶ
1276 3154 1304 3203 ό
1341 3152 1465 3214 Υἱὸς
1512 3147 1578 3221 ἦν
1628 3167 1756 3202 ποτε

151 3238 247 3290 ὅτε
282 3236 381 3288 οὐκ
410 3231 497 3304 ἦν.
543 3237 794 3304 Σχήματι
841 3234 1166 3303 ὁμολογοῦσι
1222 3236 1522 3304 Μονογενῆ,
1571 3232 1758 3302 ἐπειδὴ

153 3317 458 3386 ἀπαλεῖψαι
493 3317 554 3368 τὸ
605 3319 841 3387 γράμμα
885 3317 945 3369 οὐ
983 3317 1276 3371 δύνανται·
1323 3318 1385 3369 τὸ
1419 3317 1568 3387 ῥῆμα
1599 3316 1757 3386 χαρί-

152 3401 380 3465 ζονται,
426 3399 521 3453 καὶ
552 3400 612 3451 τὸ
659 3401 891 3469 πρᾶγμα
940 3398 1287 3453 κλέπτουσιν.
1342 3401 1467 3452 Ἐὰν
1517 3398 1758 3468 εἴπωμεν

157 3483 431 3554 μονογενῆ
485 3483 643 3544 Υίὸν,
692 3482 898 3545 εὐθέως
945 3481 1203 3548 λέγουσι·
1255 3483 1572 3552 Γέγραπται
1627 3480 1755 3544 καὶ,

152 3566 544 3634 Πρωτότοκος
574 3564 778 3632 πάσης
818 3564 929 3632 τῆς
965 3563 1343 3635 οἰκουμένης.
1376 3564 1582 3618 Οὐκοῦν
1619 3564 1758 3617 κατὰ

154 3650 292 3712 τοὺς
338 3650 649 3720 αἱρετικοὺς
683 3649 750 3701 τά
783 3648 877 3701 δύο
915 3648 1167 3719 μάχεται.
1219 3650 1282 3700 El
1336 3648 1444 3719 γὰρ
1479 3647 1757 3718 πρωτότο-

155 3749 291 3794 κος,
326 3731 386 3782 οὐ
426 3732 750 3800 μο·.·ογενὴς”
786 3732 814 3784 6
854 3730 960 3802 γὰρ
1013 3731 1392 3802 πρωτότοκος,
1435 3732 1564 3784 ὃταν
1606 3730 1759 3782 ἁδελ-

155 3816 302 3884 φοὺς
353 3813 487 3882 ἔχη,
544 3813 889 3882 πρωτότοκος
933 3813 1189 3881 λέγεταιο
1235 3817 1264 3867 6
1305 3813 1362 3866 δὲ
1425 3812 1754 3883 μονογενὴς,

155 3897 262 3950 ἐὰν
309 3895 567 3962 ἀδελφοὺς
614 3895 747 3965 ἐχῃ,
800 3895 1093 3964 μονογενὴς
1139 3895 1200 3947 ού
1233 3895 1486 3962 λέγεται·
1534 3912 1757 3965 μονογε-

156 3980 262 4049 νὴς
295 3979 401 4049 γάρ
449 3981 597 4032 ἐστιν
629 3981 656 4030 6
697 3977 858 4046 μόνος
907 3977 968 4031 ἔκ
1018 3996 1164 4042 τινος
1215 3978 1493 4048 γεννηθείς
1519 3997 1530 4008 ι
1574 3976 1756 4039 καθὼς

157 4062 263 4116 καὶ
326 4063 358 4131 ἡ
413 4059 604 4131 Γραφὴ
672 4064 941 4133 μαρτυρεί
998 4061 1134 4133 πρὸς
1193 4063 1284 4114 τὸν
1359 4061 1610 4132 ’Λϐραὰμ
1667 4060 1757 4113 λέ-

157 4159 375 4214 γουσα·
409 4143 565 4198 Λάϐε
605 4143 714 4196 τὸν
752 4146 887 4198 υἱόν
919 4161 1036 4199 σου
1087 4146 1194 4198 τὸν
1237 4143 1557 4214 μονογενῆ.
1602 4146 1759 4214 Πρω-

155 4229 386 4291 τότοκος
413 4227 628 4296 λέγεται
657 4228 684 4280 6
717 4227 980 4296 ἀδελφοὺς
1018 4227 1186 4298 ἐχωνο
1235 4226 1506 4300 πρωτεύει
1539 4226 1646 4297 γὰρ
1681 4225 1758 4294 τῷ

158 4312 420 4381 γενέσθαι
477 4311 716 4381 πρῶτος.
771 4311 830 4364 Ὀ
879 4311 937 4363 δὲ
994 4311 1288 4380 μονογενὴς
1343 4311 1422 4380 τῷ
1478 4309 1554 4379 μὴ
1613 4311 1758 4380 ἔχειν

156 4394 432 4462 ἀδελφοὺς
489 4393 708 4461 λέγεται
757 4395 1072 4463 μονογενής.
1131 4395 1241 4446 Καὶ
1296 4393 1501 4464 ἑτέρως
1547 4392 1603 4444 δὲ
1658 4410 1758 4462 μο-

157 4479 393 4547 νογενής
439 4478 606 4542 ἐστιν,
642 4476 670 4528 6
704 4477 998 4546 μονογενὴς
1037 4475 1097 4528 ἐκ
1129 4493 1272 4539 τινος
1316 4476 1618 4547 γεννηθεὶς,
1661 4476 1758 4545 οὐχ

159 4562 190 4612 6
223 4560 385 4630 μόνος
422 4559 746 4627 γενόμενος,
782 4559 856 4621 ὡς
889 4558 1305 4630 ῥᾳδιουργοῦσιν
1333 4559 1620 4630 αίρετικοί.
1647 4560 1760 4612 Μο-

160 4645 415 4714 νογενὴς,
458 4645 540 4697 ὅτι
589 4645 747 4714 μόνος
792 4647 1007 4714 ἐγένετο
1044 4645 1307 4709 τοιοῦτος.
1355 4645 1565 4700 Οὐκοῦν
1606 4647 1700 4698 καὶ
1730 4645 1758 4698 6

173 4733 368 4796 Ὶιλίας
399 4733 713 4804 μονογενὴς,
744 4735 824 4786 ὅτι
859 4734 1022 4805 μόνος
1052 4735 1294 4798 τοιοῦτος
1317 4750 1329 4763 ·
1356 4735 1492 4806 ὅπερ
1519 4735 1619 4788 ούκ
1645 4735 1756 4805 ἔχει

158 4823 345 4888 λόγον.
392 4819 551 4873 Ἀλλὰ
602 4822 865 4890 μονογενῆ
918 4823 1038 4885 ἔθος
1092 4822 1277 4891 λέγειν
1325 4825 1390 4892 τῇ
1426 4823 1466 4874 Γ
1470 4825 1620 4895 ραφῇ
1666 4822 1758 4874 τὸν

163 4909 333 4982 μόνον
358 4907 420 4960 ἐκ
457 4925 601 4970 τινος
637 4909 983 4979 γεννηθέντα,
1014 4910 1156 4963 κατὰ
1183 4910 1281 4980 τὴν
1321 4908 1754 4980 προπαρατεθεῖ-

161 5015 270 5051 σαν
312 4996 583 5059 ἀπόδειξιν
608 4996 684 5066 τῷ
717 4999 941 5067 ῥήματι.
978 4998 1240 5068 Πρόσεχε.
1279 4997 1340 5053 '0
1388 4998 1754 5068 πρωτότοκος,

160 5087 266 5139 ἐὰν
307 5083 569 5150 ἀδελφοὺς
607 5085 681 5154 μὴ
715 5084 842 5156 ἔχῃ,
897 5085 1190 5155 μονογενής
1239 5085 1408 5137 ἐστιν.
1471 5085 1613 5152 Ἐγὼ
1659 5087 1756 5155 ούχ

161 5175 289 5238 ἱνα,
319 5171 378 5224 οὐ
408 5170 520 5232 δύο,
550 5172 608 5223 ού
639 5177 807 5242 τρεῖς,
835 5173 968 5225 ἀλλὰ
997 5173 1225 5235 πολλοὺς
1254 5172 1639 5246 πρωτοτόκους
1663 5174 1757 5226 εύ-

164 5262 366 5334 ρίσκω.
409 5257 568 5311 Ξένον
609 5261 860 5329 πρᾶγμα.
894 5261 1233 5331 Πρωτότοκοι
1263 5260 1380 5326 πῶς
1416 5260 1633 5325 πολλοί;
1662 5256 1760 5324 Εἷς

161 5349 277 5418 γάρ
311 5345 514 5416 όςρείλει
556 5340 715 5398 εἶναι.
763 5347 1032 5412 Ἐξέτεινα
1060 5347 1150 5400 τὸν
1183 5347 1339 5416 λόγον
1378 5347 1466 5401 διὰ
1496 5346 1584 5400 τὸν
1611 5363 1760 5417 πρω·

161 5437 390 5489 τότοκον
421 5435 513 5488 καὶ
542 5436 634 5487 τὸν
669 5435 930 5504 μονογενῆ
949 5451 961 5464 '
985 5434 1203 5506 λύωμεν
1234 5436 1290 5489 δὲ
1321 5436 1382 5489 τὸ
1402 5436 1627 5506 ἄπορον.
1655 5435 1757 5486 Τὸν

233 5645 259 5673 ⁸
292 5643 418 5706 Ῑοὺς
437 5644 482 5698 ἐξ
504 5642 651 5691 αὐτοῦ
677 5643 1143 5706 δικαιοπραγούντας,
1181 5647 1388 5695 ἐόλεπεν.

237 5709 264 5747 b
289 5703 382 5770 Hjc
405 5709 540 5753 locus
558 5714 819 5770 _non_va(;al
847 5703 1129 5770 suspicione
1151 5709 1335 5758 mandi.
1361 5709 1472 5757 Sav.
1492 5713 1600 5770 post
1624 5709 1757 5770 ἡτοι-

162 5765 409 5891 ειίμίίἃ,
433 5767 630 5826 supplet
657 5767 907 5822 ἀκούοντες
938 5765 1120 5828 άγαθά,
1145 5783 1185 5818 s.
1242 5771 1476 5830 ϐασίλεια,
1494 5765 1630 5831 ’ροει
1653 5768 1754 5826 καί,

277 5843 300 5884 ς
403 5841 546 5881 οντες.

467 5925 741 5984 ΡΑτκοι..
792 5925 910 5982 Gn.
962 5921 1117 5982 LVI.

1229 387 1318 447 DE
1347 387 1564 448 MUNDI
1597 384 1997 444 CREATIONE
2042 386 2304 442 ORATIO
2347 391 2434 446 IV.

1854 504 2074 575 πρῶτον
2111 506 2440 562 πιστεύοντα
2471 507 2605 572 Θεὸς
2645 517 2703 563 tv
2738 521 2803 581 τῃ
2843 511 2946 586 ἰδίᾳ
2979 513 3140 584 γενεᾷ
3171 514 3445 584 πρωτότο-

1854 609 1950 646 κον
1987 593 2174 658 καλεῖ,
2210 595 2308 665 οὐχ
2350 595 2426 659 ὡς
2459 596 2678 670 πρῶτον
2719 597 2897 652 ἄλλων
2937 599 3168 664 πιστῶν,
3203 600 3339 653 ἀλλὰ
3386 603 3445 654 ἐν

1854 683 1967 744 τοῖς
2014 681 2165 745 ίδίοις
2212 683 2427 752 χρόνοις
2465 683 2684 755 πρῶτον
2732 685 3001 754 φανέντα·
3041 680 3173 751 οἷον,
3208 688 3266 740 ἐν
3290 685 3444 760 [Πῖ]

1853 769 2121 841 Αἰγύπτῳ
2165 766 2236 842 ἦν
2279 773 2307 824 6
2343 771 2504 839 λαὸς,
2553 772 2700 842 λέγει
2739 776 2768 827 6
2824 773 2956 838 Θεὸς
3006 775 3093 830 διὰ
3135 775 3445 840 Μωῦσέωςο

1866 859 2002 924 mg
2050 859 2430 927 πρωτότοκός
2477 877 2596 929 μου
2650 860 2911 930 Ἰσραήλ.
2955 858 3144 916 Εῖπα·
3199 863 3448 927 Ἑξαπό·

1855 950 2104 1003 στειλόν
2126 966 2229 1018 μοι
2257 949 2365 1004 τὸν
2391 951 2548 1003 λαόν
2567 968 2708 1019 μου.
2753 950 2881 1004 Ἰδοὺ
2911 949 3036 1013 λαὸς
3067 952 3409 1022 πρωτότοκος
3429 967 3444 982 ·

1857 1038 2044 1108 ἐπειδὴ
2076 1039 2133 1090 ἐν
2163 1037 2240 1108 τῷ
2270 1037 2447 1109 καιρῷ
2470 1038 2667 1110 ἐκείνῳ
2702 1039 2914 1109 πρῶτος
2940 1032 3008 1110 ἦν
3038 1039 3164 1103 λαὸς
3203 1041 3446 1108 ἐπεγνω-

1857 1125 1968 1188 κὼς
1999 1125 2091 1177 τὸν
2130 1124 2285 1178 Θεόν.
2334 1123 2596 1193 Ἀνέκυψε
2647 1125 2785 1195 μετὰ
2837 1124 3012 1179 ταῦτα
3067 1124 3257 1191 Δαυῒδ,
3310 1125 3449 1197 μετὰ

1856 1213 1947 1265 τὸν
1982 1213 2167 1282 νόμον,
2216 1212 2355 1282 μετὰ
2407 1212 2608 1275 πολλὰς
2641 1212 2834 1280 γενεάς
2861 1254 2875 1277 ,
2920 1214 3014 1267 καὶ
3049 1213 3444 1282 ἐπαγγέλλεται

1857 1299 2031 1367 λέγων
2059 1302 2088 1352 6
2122 1299 2256 1361 Θεὸς
2279 1340 2294 1364 ,
2330 1301 2394 1352 ἐκ
2419 1298 2512 1352 τοῦ
2548 1299 2864 1371 σπέρματος
2893 1300 3056 1354 αὑτοῦ
3088 1301 3178 1354 τὸν
3209 1302 3444 1372 Χριστὸν

1858 1387 2221 1458 ἀναστήσειν,
2283 1390 2377 1441 καὶ
2422 1389 2574 1457 λέγει
2624 1389 2830 1454 οὕτως·
2871 1385 3071 1458 Εὗρον
3117 1391 3297 1445 Δαυῒδ
3341 1391 3449 1444 τὸν

1856 1475 2084 1529 δοῦλόν
2108 1494 2250 1544 μου,
2280 1476 2351 1529 ἐν
2379 1476 2561 1543 ἐλαίῳ
2586 1477 2732 1546 ἁγίῳ
2764 1476 2983 1546 ἐχρισα
3013 1478 3220 1531 αὐτόν.
3254 1478 3449 1542 Αὐτὸς

1855 1563 2281 1618 ἐπικαλέσεταί
2307 1580 2385 1632 με
2409 1605 2423 1628 ,
2470 1562 2673 1632 Πατήρ
2701 1581 2821 1632 μου
2847 1561 2906 1618 εἴ
2941 1566 3045 1619 σύ.
3085 1563 3257 1635 Κάγὼ
3289 1581 3448 1634 πρω-

1857 1653 2109 1706 τότοκον
2133 1651 2393 1721 θήσομαι
2413 1652 2620 1705 αὐτόν.
2652 1652 2715 1704 Εἰ
2745 1651 2802 1704 δὲ
2835 1651 3183 1722 πρωτότοκος
3208 1653 3236 1706 6
3260 1651 3444 1713 Δαυῒδ.

1859 1739 2203 1811 πρωτότοκος
2231 1741 2326 1793 καὶ
2350 1742 2379 1791 6
2409 1739 2559 1802 λαός.
2610 1739 2669 1792 ’0
2712 1738 2885 1808 Ἀδὰμ
2918 1742 3263 1809 πρωτότοκος
3292 1741 3350 1791 ἐν
3378 1740 3444 1810 τῇ

1862 1829 1968 1901 ἰδίᾳ
1993 1830 2176 1898 γενεᾷ,
2202 1828 2348 1894 Νῶε,
2383 1829 2506 1898 Σὴμ
2542 1828 2898 1899 πρωτότοκοι,
2947 1827 3198 1900 Ἀϐραὰμ
3233 1828 3448 1898 πρωτό-

1857 1934 2015 1980 τοκος
2045 1919 2104 1970 ἐν
2146 1920 2214 1988 τῇ
2262 1918 2370 1988 ίδίᾳ
2412 1918 2607 1988 γενεᾷ,
2638 1917 2915 1988 Μωῦσῆς,
2958 1916 3220 1980 Ἠσαῖας,
3260 1917 3447 1989 ἐπειδὴ

1859 2005 2000 2059 κατὰ
2027 2007 2153 2068 τοὺς
2186 2005 2396 2058 ἑαυτῶν
2426 2006 2652 2076 χρόνους
2691 2005 3006 2076 προέκυψαν
3031 2007 3111 2068 είς
3141 2004 3444 2059 εὐσέϐειαν.

1872 2094 1967 2146 'Ex
2008 2093 2214 2148 τούτων
2270 2094 2482 2147 πολλῶν
2529 2095 2894 2168 πρωτοτόκων
2942 2094 3184 2166 συνήχθη
3236 2095 3446 2167 μεγάλη

1871 2181 2190 2253 Ἐκκλησία,
2217 2183 2313 2238 καὶ
2350 2183 2499 2236 ἐστιν
2533 2186 2590 2236 ἐν
2623 2181 2857 2254 οὐρανῷ.
2886 2184 3176 2256 Μαρτυρεῖ
3201 2183 3443 2247 Παῦλος·

1858 2271 2366 2338 Προσεληλύθατε
2391 2271 2548 2325 Σιὼν
2576 2272 2696 2339 ὄρει
2729 2271 2826 2324 καί
2851 2273 3025 2325 πόλει
3052 2272 3202 2326 Θεοῦ
3232 2270 3448 2338 ζῶντος

1872 2357 2291 2427 Ἰερουσαλὴμ,
2325 2359 2425 2412 καὶ
2453 2358 2745 2428 μυριάσιν
2787 2361 3059 2428 ἀγγέλων
3097 2360 3446 2430 πανηγύρει,

1858 2445 1957 2498 καί
1995 2445 2321 2513 Ἐκκλησία
2365 2447 2755 2512 πρωτοτόκων
2794 2446 3337 2515 ἀπογεγραμμένων
3377 2448 3449 2500 ἐν

1862 2531 2162 2600 οὐρανοῖς.
2204 2533 2460 2585 Ἐκείνων
2496 2532 2603 2585 τῶν
2640 2532 3001 2603 πρωτοτόκων
3033 2525 3113 2595 εἷς
3146 2534 3262 2586 ἐστι
3306 2535 3448 2586 κατά

1863 2622 2041 2689 σάρκα
2068 2619 2326 2689 Χριστὸς,
2352 2619 2493 2672 κατὰ
2527 2621 2626 2691 τὴν
2652 2618 2883 2690 θεότητα
2910 2619 3244 2690 Μονογενής.
3277 2620 3450 2673 Ἐπει-

1859 2707 1922 2774 δὴ
1965 2707 2073 2774 γὰρ
2102 2708 2231 2770 τοὺς
2276 2709 2337 2758 ἐν
2383 2709 2590 2780 ἑκάστῃ
2621 2707 2786 2778 γενεᾷ
2827 2708 3239 2778 προκόπτοντας
3281 2725 3450 2780 προσ-

1860 2793 2222 2863 λαμϐάνεται,
2263 2794 2402 2864 μετὰ
2436 2796 2657 2847 πάντων
2685 2795 2778 2846 καὶ
2808 2795 2971 2858 αὐτὸς
2995 2795 3340 2866 πρωτότοκος
3361 2796 3448 2849 λέ-

1857 2899 2034 2950 γεται.
2084 2884 2183 2938 Διά
2229 2883 2390 2938 τοῦτο
2437 2884 2586 2953 λέγει
2644 2883 2892 2950 Παῦλοςο
2945 2886 3325 2954 Πρωτότοκος
3379 2887 3451 2940 ἐν

1859 2970 2114 3038 πολλοῖς
2159 2971 2467 3041 ἀδελφοῖς.
2526 2972 2667 3025 Ἀλλ’
2715 2970 2795 3025 ἐνι
2840 2971 2970 3042 περὶ
3014 2970 3109 3024 τοῦ
3157 2972 3447 3045 ἀνθρώπου

1859 3063 2032 3116 πολλὰ
2059 3066 2232 3117 είπεῖν
2253 3080 2264 3093 ·
2300 3067 2552 3136 τηρεῖται
2580 3064 2636 3117 δὲ
2665 3062 2725 3118 τὸ
2761 3063 3006 3135 διήγημα
3033 3066 3099 3134 τῇ
3135 3065 3266 3134 ἐξῆς
3292 3066 3350 3118 ἐν
3378 3067 3446 3135 τῇ

1859 3154 1992 3222 ἕκτῃ
2027 3153 2231 3224 ἡμέρᾳ,
2281 3155 2340 3206 ἐν
2459 3153 2553 3206 καὶ
2599 3151 2868 3223 ἐπλάσθη,
2905 3154 3011 3220 ἵνα,
3058 3152 3157 3222 τῆς
3186 3153 3280 3206 τοῦ
3309 3152 3446 3206 Θεοῦ

1859 3243 2081 3313 χάριτος
2131 3242 2532 3313 συνεργούσης,
2563 3241 2938 3314 ἐντελέστερον
2963 3241 3267 3313 σαφηνισθῂ
3308 3241 3448 3296 κατὰ

1859 3329 2090 3400 δύναμιν
2111 3328 2209 3402 τὴν
2231 3329 2508 3398 ἡμετέραν
2529 3331 2556 3381 6
2574 3330 2729 3398 λόγος
2751 3346 2762 3360 ’
2786 3331 2886 3382 οὐκ
2914 3329 2972 3396 ἐξ
2994 3324 3069 3384 ὧν
3095 3330 3445 3400 λογιζόμεθα,

1858 3417 1974 3471 ἀλλ’
2007 3419 2065 3485 ἐξ
2098 3411 2174 3473 ὧν
2211 3419 2604 3488 παιδευόμεθα.
2654 3417 2824 3488 Κοινὴ
2873 3418 2982 3488 γὰρ
3012 3421 3044 3489 ἡ
3078 3421 3253 3489 πηγὴ,
3291 3420 3447 3472 κοινὰ

1861 3506 2037 3559 πάντα
2059 3507 2126 3558 τὰ
2148 3506 2490 3576 προκείμενα
2509 3505 2676 3573 δῶρα,
2696 3505 2791 3559 ἐὰν
2825 3506 2986 3574 μόνον
3012 3506 3254 3575 θέλωμεν
3282 3507 3447 3576 ἡμεῖς

1865 3591 2003 3662 μετὰ
2033 3593 2213 3661 πάσης
2235 3592 2546 3663 προθυμίας
2579 3591 2921 3657 σπουδάζειν.
2943 3592 3245 3664 Τρέψωμεν
3269 3593 3325 3647 δέ
3351 3593 3444 3647 τὸν

1860 3678 2016 3747 λόγον
2045 3679 2137 3731 ἐπὶ
2161 3679 2258 3750 τὴν
2290 3678 2400 3732 τῶν
2427 3679 2572 3748 ήθῶν
2602 3679 2942 3750 ἐπιμέλειαν.

1930 3805 1995 3863 θ’.
2033 3803 2174 3868 Χθὲς
2206 3804 2420 3875 ἐδείχθη
2445 3804 2560 3868 πῶς
2577 3804 2656 3857 δεῖ
2696 3799 2834 3857 εἶναι
2852 3805 3084 3873 ἔπαρσιν
3128 3804 3324 3873 χειρῶν
3357 3821 3443 3856 πε-

1861 3891 2364 3962 παρῤησιασμένων
2393 3893 2452 3942 ἐν
2486 3891 2759 3962 εὐσεϐείᾳ.
2800 3891 2858 3944 Ὀ
2906 3890 3079 3952 διδοὺς
3127 3890 3320 3960 πένησι
3359 3888 3447 3943 λεο

1860 3983 2024 4048 γέτω,
2063 3981 2361 4047 Ἐπαρσις
2397 3977 2516 4032 τῶν
2556 3978 2772 4048 χειρῶν
2806 3998 2948 4049 μου.
2983 3980 3042 4033 '0
3077 3979 3308 4050 ἐγείρων
3353 3979 3446 4032 τὸν

1862 4069 2099 4121 πεσόντα
2125 4067 2363 4135 λεγέτω,
2399 4069 2696 4135 Ἔπαρσις
2723 4065 2840 4120 τῶν
2866 4066 3082 4136 χειρῶν
3103 4084 3245 4135 μου.
3274 4067 3447 4138 Ζητή-

1864 4173 2045 4225 σωμεν
2075 4155 2132 4208 δὲ
2164 4155 2225 4208 τὸ
2255 4156 2543 4225 προοίμιον
2569 4155 2664 4207 τοῦ
2693 4154 2937 4224 ψαλμοῦ,
2971 4156 3159 4225 ἐπειδὴ
3187 4155 3221 4208 ἃ
3244 4155 3443 4224 ψάλλο-

1865 4259 1962 4310 μεν
2003 4240 2221 4301 πάντως
2282 4241 2481 4293 εἰδέναι
2531 4242 2658 4310 χρή.
2711 4241 2863 4293 Διατί
2907 4240 3171 4311 λέγομεν,
3219 4241 3445 4295 Κατευ-

1861 4327 2132 4392 θυνθήτω
2183 4329 2220 4395 ἡ
2267 4327 2580 4395 προσευχή
2620 4345 2740 4396 μου
2768 4329 2848 4394 ὼς
2888 4329 3150 4399 θυμίαμα
3189 4330 3447 4383 ἐνώπιόν

1860 4433 2015 4482 σου;
2039 4419 2155 4470 Πᾶν
2175 4417 2285 4488 γὰρ
2314 4418 2568 4489 θυμίαμα
2593 4419 2986 4473 κατευθύνεται
3007 4430 3028 4458 ε
3053 4437 3065 4450 ·
3096 4421 3156 4473 ού
3187 4421 3294 4492 γάρ
3313 4419 3448 4484 Θεὸς

1861 4505 2058 4576 εὐωδίᾳ
2100 4506 2357 4577 τέρπεται
2413 4508 2621 4578 μύρων.
2665 4509 2730 4561 Τί
2778 4504 2871 4561 οὖν
2919 4509 3057 4571 ἐστι,
3111 4513 3450 4566 Κατευθυν-

1862 4593 2018 4660 θιὶτω
2057 4596 2094 4661 ἠ
2126 4595 2438 4664 προσευχὴ
2486 4612 2641 4664 μους
2681 4597 2755 4650 Τὸ
2793 4596 2996 4668 ἄρθρον
3036 4597 3250 4662 λείπει,
3289 4599 3374 4652 ἵνα

1860 4682 1922 4734 τὸ
1959 4682 2249 4750 λεγόμενον
2283 4682 2524 4736 τοιοῦτον
2546 4699 2560 4714 ο
2608 4684 3076 4748 Κατευθυνθήτω
3112 4686 3150 4753 ἠ
3190 4698 3449 4754 προσευ-

1861 4769 1939 4837 χή
1966 4786 2085 4836 μου
2113 4769 2192 4834 ὠς
2220 4769 2484 4837 θυμίαμα
2513 4769 2770 4823 ἐνώπιόν
2799 4787 2936 4824 σου.
2965 4772 3122 4824 Ποῖον
3161 4772 3446 4843 θυμίαμα;

1861 4855 1964 4908 Δύο
1994 4851 2060 4925 ἦν
2091 4856 2455 4928 θυσιαστήρια
2481 4859 2538 4909 ἐν
2575 4859 2638 4925 τῇ
2671 4862 2841 4930 σκηνῇ
2868 4875 2880 4888 ·
2906 4859 2965 4913 ἓν
2999 4862 3056 4914 ἐν
3079 4862 3142 4930 τῇ
3171 4861 3309 4932 αύλῇ
3344 4861 3449 4924 ἔξω

1862 4945 1922 4996 ἐν
1970 4945 2222 5015 ὑπαίθρῳ
2244 4961 2256 4973 °
2296 4946 2481 5015 ἕτερον
2511 4944 2568 4997 δέ
2597 4947 2678 5009 είς
2711 4945 2779 4998 τὰ
2814 4946 2944 5015 ἆγια
2981 4949 3085 5003 ὑπὸ
3115 4949 3331 5018 στέγην.
3376 4951 3448 5001 Τὸ

1862 5030 1970 5084 ἔσω
2004 5031 2391 5102 θυσιαστήριον
2434 5031 2795 5104 θυμιαμάτων
2835 5030 2902 5104 ἦν
2935 5034 3116 5104 μόνον,
3155 5037 3252 5105 οὐχ
3279 5036 3449 5107 αἱμά-

1860 5138 1971 5173 των
1998 5120 2208 5190 χύσεως
2229 5138 2242 5150 ·
2285 5123 2344 5174 τὸ
2382 5121 2440 5174 δὲ
2484 5122 2589 5188 ἔξω
2620 5122 3004 5192 θυσιαστήριον
3032 5123 3142 5176 τῶν
3172 5123 3450 5195 θυομένων

1863 5207 2018 5271 ζώων
2053 5210 2148 5263 καὶ
2199 5209 2378 5281 ἄρτων
2412 5209 2727 5280 προσφορᾶς
2766 5210 2859 5263 καί
2905 5229 3067 5264 τινων
3097 5210 3292 5265 ἄλλων.
3339 5213 3450 5264 Καὶ

1861 5301 1951 5354 τὸν
1987 5300 2086 5372 μὲν
2132 5299 2237 5364 ἔξω
2279 5297 2460 5368 βωμὸν
2498 5297 2709 5351 κελεύει
2754 5301 2782 5352 6
2824 5299 2956 5362 Θεὸς
2997 5299 3076 5369 τῷ
3121 5301 3350 5353 Μωῦσεῖ
3386 5301 3448 5351 ἐκ

1865 5387 2016 5460 [478]
2062 5388 2226 5440 λίθων
2268 5387 2624 5456 ἁπελεκήτων
2668 5385 2929 5456 ποιῆσαι⁹
2961 5386 3053 5440 τὸν
3097 5386 3152 5440 δὲ
3196 5386 3344 5439 ἔνδον
3389 5388 3447 5437 ὲν

1926 5591 1948 5619 ε
1977 5587 2128 5635 δενίι.
2153 5591 2293 5646 putat
2317 5585 2584 5649 legendum
2603 5587 2704 5649 πῶς
2726 5585 2815 5648 γὰρ
2839 5586 3067 5649 θυμίαμα.
3101 5586 3248 5636 Forte
3271 5590 3449 5638 melius

1865 5652 2067 5724 I'egalur‘
2095 5654 2188 5724 πᾶν
2213 5649 2300 5709 γὰρ
2323 5647 2533 5715 θυμίαμα
2560 5648 2626 5724 Δού
2652 5647 2996 5724 κατευγθυζνεταιζ
3045 5649 3352 5724 Ιίιυόιροχτο,
3394 5654 3450 5724 τὸ

1861 5710 2029 5774 ἄρθρον
2051 5710 2259 5758 λείπει...
2305 5710 2522 5786 τοιοῦτον
2553 5712 2698 5817 (see?
2724 5711 2772 5758 in
2823 5710 2932 5783 δαν.
2954 5717 3016 5780 ,ει
3057 5710 3298 5782 Εοωϋςθε
3325 5710 3449 5774 ,ρυὶ

1862 5773 2232 5882 ἓεὲἓιῗίέἱέῗζῗ
2255 5783 2540 5882 ’ἓίὶζμῖἷέἱὲὗῗ
2561 5773 3450 5882 ίέἕῖενῖιῖἷιξῖῧῖἷέθίιῖῖἳέὼῖῗιιῧέῗιῗέέέ

2302 5829 2340 5891 Ῑ.
2356 5829 2359 5830 ⁷
2378 5836 2540 5880 nolam
2561 5829 2938 5891 interpretationi
2967 5831 3146 5883 Latina:
3165 5829 3444 5895 subjecuiml

3031 5924 3110 5984 29

1863 5834 1946 5882 δύο
1967 5834 2024 5889 ἧν
2050 5839 2147 5882 etc.
2171 5859 2232 5868 —
