3982 6218
138 428 254 483 469

139 537 292 602 cuto;
336 547 498 589 unum
531 532 583 586 in
628 531 765 586 atrio
803 526 1053 584 exteriori
1099 527 1199 581 sub
1241 524 1359 588 dio;
1407 519 1550 576 aliud
1590 519 1726 573 intra

140 638 321 682 sancta
349 624 448 679 sub
475 633 634 678 tecto.
668 621 891 677 Interius
930 620 1097 674 altare
1126 616 1192 671 ad
1236 617 1508 670 incensum
1555 612 1729 666 solum

138 729 275 784 erat,
319 732 422 772 non
464 715 527 770 ad
571 714 884 770 effusionem
932 710 1221 781 sanguinis.
1262 706 1510 760 Exterius
1551 711 1727 756 autem

138 812 307 865 altare
335 808 401 861 ad
429 807 674 861 animalia
700 819 818 875 qut'c
846 801 1271 864 immolabantur,
1303 797 1369 851 ad
1411 809 1573 865 panes
1601 808 1728 863 pro-

140 903 438 974 positionis,
469 910 524 955 ct
561 900 626 953 ad
670 908 864 953 caetera
909 896 1173 967 qumdam.
1205 891 1538 947 Exteriorein
1579 902 1727 941 aram

137 997 296 1069 jussit
326 994 578 1049 Dominus
608 990 771 1061 Moysi
802 1005 865 1044 ex
909 986 1163 1056 impolitis
1192 981 1455 1052 lapidibus
1484 990 1724 1069 struere;

139 1068 446 1143 interiorem
477 1098 603 1139 vero
634 1082 684 1136 in
713 1079 1077 1143 tabernaculo,
1106 1092 1173 1131 ex
1209 1087 1341 1128 auro
1368 1072 1553 1142 polito.
1591 1068 1728 1134 Quid

138 1184 315 1237 divina
344 1179 512 1251 gratia
548 1192 641 1247 per
670 1175 783 1229 haec
805 1172 1126 1235 subindicet,
1150 1182 1329 1238 opera:
1355 1166 1586 1235 pretium
1617 1162 1729 1216 fue-

138 1277 214 1331 rit
250 1274 547 1343 explorare.
583 1271 723 1323 Duos
754 1280 946 1335 nempe
975 1262 1201 1332 populos
1232 1259 1322 1314 Dei
1353 1258 1537 1329 gloriae
1569 1255 1729 1308 mini-

138 1374 393 1427 strantes,
424 1374 648 1431 quorum
685 1371 823 1410 unus
864 1353 1178 1415 ineruditus,
1209 1350 1346 1403 alter
1384 1346 1551 1417 probe
1581 1344 1732 1398 insti-

141 1466 287 1510 tutus
329 1456 415 1508 sit.
462 1453 559 1517 Qui
593 1452 643 1505 in
685 1449 1006 1503 dictionibus
1034 1444 1335 1499 soltecissat
1378 1451 1432 1495 et
1470 1438 1733 1493 barbarus

138 1558 241 1611 est,
271 1560 548 1602 sermones
572 1542 776 1615 profert
818 1549 875 1594 ut
909 1538 1112 1608 lapides
1153 1536 1456 1605 impolitus;
1495 1543 1727 1586 attamen

140 1643 174 1695 ii
224 1641 289 1695 ad
331 1638 517 1693 altaris
561 1644 881 1691 structuram
935 1632 1237 1686 conferunt.
1285 1628 1490 1682 Rursus
1540 1640 1729 1679 aurum

137 1734 429 1804 expolitum
460 1732 724 1801 pretiosus
751 1728 942 1782 dicitur
973 1726 1143 1794 lapis;
1173 1734 1226 1776 at
1252 1735 1423 1790 neque
1446 1719 1532 1772 hic
1555 1718 1731 1773 extol-

137 1832 285 1896 litur,
318 1843 493 1898 neque
533 1827 622 1880 ille
660 1825 889 1893 ejicitur.
922 1821 1053 1875 Nam
1083 1830 1138 1874 et
1169 1818 1274 1872 illic
1303 1818 1472 1871 altare
1521 1815 1634 1881 Dci,
1678 1823 1732 1867 et

138 1922 227 1975 hic
253 1922 418 1973 altare
447 1919 559 1972 Dei.
594 1918 827 1986 Eratque
853 1930 919 1969 ex
946 1927 1174 1983 quatuor
1194 1908 1472 1979 speciebus
1494 1920 1733 1973 unguen-

136 2025 250 2066 tum
278 2012 658 2080 eompositum,
698 2025 763 2064 ex
792 2016 983 2072 stacte,
1011 2020 1078 2059 ex
1108 2018 1301 2074 onyce,
1331 2018 1396 2055 ex
1424 2000 1654 2070 galbano
1680 2008 1735 2052 et

137 2106 313 2159 thure.
343 2106 474 2171 Quia
512 2104 672 2173 igitur
699 2110 1023 2170 unguentum
1046 2097 1207 2151 variis
1230 2111 1293 2150 ex
1325 2095 1485 2148 rebus
1511 2107 1734 2160 compo-

137 2200 304 2258 nitur,
349 2198 623 2265 virtusque
672 2195 798 2248 item
844 2208 909 2246 ex
951 2189 1115 2243 variis
1158 2195 1390 2249 constat,
1426 2185 1544 2238 ideo
1584 2184 1729 2247 dicit,

135 2289 405 2357 Dii-igatur
435 2288 598 2341 oratio
627 2304 735 2338 mea
763 2286 890 2338 sicut
918 2285 1175 2336 incensum
1213 2282 1266 2334 in
1310 2289 1576 2348 conspectu
1604 2287 1687 2329 tuo
1715 2292 1733 2327 :

133 2384 587 2452 quemadmodum
623 2381 749 2434 illud
789 2396 851 2433 ex
887 2378 1068 2432 multis
1095 2375 1469 2443 compositum,
1500 2381 1554 2425 et
1575 2385 1732 2423 unam

131 2477 480 2545 fragrantiam
510 2477 782 2530 emittens.
830 2474 962 2541 Quia
1002 2488 1122 2527 cum
1164 2471 1403 2525 oratione
1439 2465 1734 2536 ingreditur

132 2573 255 2640 quis
278 2571 483 2640 jejunio
519 2581 761 2631 ornatus,
806 2569 1166 2637 eleemosyna,
1208 2565 1331 2630 ﬁde,
1365 2563 1564 2617 Similis
1593 2571 1730 2623 esto,

133 2665 333 2732 inquit,
363 2662 658 2732 quadrupla
690 2662 859 2715 virtus
906 2662 1123 2714 incenso
1168 2658 1265 2719 illi,
1316 2656 1456 2724 quod
1501 2655 1551 2707 in
1601 2669 1732 2707 con-

131 2767 324 2826 spectu
358 2766 448 2809 tuo
485 2755 748 2823 dirigitur.
794 2754 882 2809 Sic
922 2762 971 2805 et
1015 2752 1198 2805 beatos
1243 2750 1402 2802 David
1439 2748 1562 2801 alibi
1603 2747 1675 2799 ait
1715 2761 1728 2799 ε

130 2849 273 2902 Ecce
300 2864 450 2918 quam
478 2849 661 2901 bonum
692 2856 737 2899 et
774 2863 923 2913 quant
943 2844 1253 2915 jucuidum,
1289 2841 1513 2893 habitare
1550 2840 1733 2907 fratres

128 2946 184 2996 in
216 2960 401 3009 unum,
436 2944 563 2995 sicut
591 2951 898 3011 unguentum
934 2941 983 2990 in
1029 2940 1209 3005 capite,
1241 2936 1376 3006 quod
1402 2935 1655 2988 descendit
1681 2934 1734 2986 in

129 3034 365 3094 barbam,
398 3032 602 3085 barbam
632 3034 801 3083 Aaron
833 3029 1001 3099 (Psal.
1035 3029 1153 3082 132.
1186 3030 1236 3081 1.
1262 3026 1316 3096 Ξ)
1341 3028 1353 3079 ε
1383 3025 1622 3078 Similem
1655 3024 1734 3075 di-

127 3126 207 3179 cit
246 3126 525 3178 caritatem
576 3132 848 3193 unguento
886 3119 1239 3185 sacerdotali,
1294 3118 1592 3171 orationem
1647 3116 1731 3167 iu-

126 3231 303 3273 ccnso
334 3215 675 3269 sacerdotali.

206 3308 531 3363 Continentia
567 3306 833 3360 sacerdotii
861 3320 1004 3358 soror
1030 3312 1120 3356 est.
1140 3301 1560 3356 —Continentia
1587 3314 1728 3368 pra)-

125 3402 280 3455 ditus
334 3402 433 3453 es?
483 3399 668 3453 Frater
713 3412 771 3452 cs
824 3396 1139 3450 sacerdotis.
1182 3393 1550 3449 Sacerdotium
1596 3391 1733 3447 forte

128 3507 242 3545 non
278 3491 469 3554 habeo,
496 3490 879 3544 continentiam
912 3489 1103 3541 habeo.
1131 3485 1298 3541 Soror
1331 3495 1413 3539 est
1455 3484 1733 3538 continen-

125 3587 204 3639 tia
246 3600 365 3637 mea
397 3583 680 3639 sacerdotii
716 3582 809 3635 tui.
842 3582 991 3636 Unde
1020 3581 1159 3635 hoc?
1199 3578 1407 3633 Etenim
1439 3579 1587 3633 ilium
1614 3590 1733 3631 esse

124 3686 344 3728 castum
376 3685 610 3743 oportet,
642 3676 727 3743 qui
759 3674 1064 3729 sacerdotio
1093 3673 1347 3742 fungitur,
1392 3682 1446 3725 et
1486 3687 1593 3737 me,
1642 3670 1732 3739 qui

128 3769 307 3821 heum
336 3769 528 3820 colant.
562 3767 614 3821 Si
648 3768 945 3819 castitatem
977 3766 1221 3829 habeam,
1254 3764 1611 3818 sacerdotium
1646 3777 1734 3816 ac-

124 3858 297 3926 cipio.
332 3856 606 3911 Undenam
641 3856 785 3908 hoc?
814 3856 973 3907 David
1010 3855 1216 3924 fugiens
1246 3869 1273 3907 τι
1304 3854 1464 3909 Saftle
1496 3854 1644 3907 venit
1668 3853 1733 3906 ad

125 3949 491 4003 Abiatharum
533 3947 607 4019 (a)
658 3963 922 4001 summum
967 3946 1333 4007 sacerdotem,
1376 3945 1555 4012 aitque
1598 3944 1673 3996 illi
1720 3962 1731 3994 :

127 4043 219 4097 Da
253 4043 377 4094 milii
404 4058 557 4111 panes
585 4042 658 4111 (Ι.
693 4040 821 4110 Reg.
849 4038 938 4093 21.
972 4039 1025 4093 ὅ.
1054 4039 1133 4106 4),
1158 4038 1276 4106 quia
1303 4045 1520 4104 repente
1543 4035 1735 4086 missus

123 4152 257 4192 sum
290 4151 321 4188 a
346 4150 488 4204 rege,
514 4143 567 4187 et
596 4133 780 4187 viatica
809 4148 913 4186 non
944 4131 1131 4185 habeo.
1167 4130 1471 4197 Respondet
1494 4142 1735 4180 summus

123 4228 396 4283 sacerdos
432 4230 601 4297 legum
644 4228 845 4297 peritus
889 4241 902 4277 :
939 4223 1060 4278 Non
1100 4238 1172 4277 est
1203 4223 1342 4275 nobis
1389 4222 1534 4289 punis
1578 4220 1733 4282 alius,

123 4324 237 4377 uisi
268 4323 417 4391 panis
445 4331 667 4382 sanctus,
699 4335 843 4387 quem
872 4334 971 4370 non
1000 4318 1112 4369 licet
1143 4317 1250 4377 alii,
1284 4332 1435 4383 quant
1465 4314 1731 4376 sacerdoti,

123 4415 421 4469 comedere.
466 4412 600 4479 Quia
630 4412 790 4480 igitur
836 4409 1208 4462 necessitatem
1246 4406 1481 4467 videbat,
1516 4404 1738 4457 timebat

126 4524 269 4561 vero
299 4520 464 4575 panes
495 4504 867 4573 propositionis
893 4503 1123 4566 tradere,
1147 4500 1337 4568 qiuerit
1360 4500 1425 4552 ab
1452 4499 1514 4552 iis
1536 4498 1625 4567 qui
1654 4512 1739 4550 sa-

124 4600 395 4654 cerdotes
442 4613 548 4651 non
596 4607 768 4660 erant,
812 4612 876 4648 an
930 4595 1046 4664 puri
1091 4603 1291 4656 essent,
1340 4593 1576 4661 dicitque
1620 4609 1632 4643 :
1677 4590 1738 4643 Si

124 4692 323 4744 mundi
350 4700 465 4743 sunt
492 4690 634 4759 pueri
672 4690 758 4759 qui
798 4699 959 4740 tecum
999 4698 1117 4740 sunt
1160 4688 1220 4739 ab
1268 4685 1527 4749 uxoribus,
1573 4699 1733 4737 sume.

122 4780 539 4835 Coutinentiam
582 4780 721 4834 enim
751 4779 971 4848 putabat
1000 4794 1119 4832 esse
1157 4778 1440 4831 sacerdOtii
1472 4790 1733 4829 sororem.

128 4879 217 4930 Ac
269 4889 339 4926 ne
383 4877 501 4943 quis
549 4876 599 4928 iu
645 4874 965 4927 Calumniam
1016 4872 1309 4926 Sacerdotis
1356 4872 1529 4923 trahat
1575 4869 1734 4933 illud,

122 4964 287 5039 quod
324 4981 486 5032 panes
508 4967 705 5018 dederit
736 4967 816 5027 iis,
843 4966 927 5032 qui
957 4964 1260 5017 sacerdotes
1287 4978 1388 5015 non
1414 4970 1587 5025 erant,
1614 4961 1737 5013 andi

124 5058 419 5132 quomodo
447 5059 703 5112 Servatur
732 5060 779 5111 id
805 5060 951 5127 quasi
982 5059 1145 5126 probe
1180 5057 1372 5109 factum
1406 5070 1737 5109 commemo-

124 5164 248 5211 ret.
279 5153 598 5207 lncusabant
627 5152 913 5220 aliquando
940 5153 1211 5221 ap0s‘lnlus
1238 5148 1428 5211 Judaei,
1462 5147 1600 5216 quod
1631 5148 1739 5215 spi-

121 5260 236 5302 cas
280 5243 555 5303 vellerent,
604 5250 657 5294 et
695 5244 937 5295 manibus
972 5241 1328 5296 confricantes
1361 5239 1733 5301 comederent;

123 5335 345 5405 quibus
383 5334 456 5386 ait
493 5334 747 5385 Servatur
780 5350 791 5384 :
830 5332 950 5385 Non
990 5334 1177 5402 legistis
1207 5333 1327 5401 quid
1358 5332 1527 5401 fecerit
1573 5330 1739 5383 David

124 5445 259 5483 cum
287 5426 540 5479 esuriret?
570 5441 722 5493 panes
754 5425 1112 5491 propositionis
1137 5425 1370 5484 comedit,
1404 5439 1529 5492 quos
1559 5439 1658 5475 non
1686 5422 1740 5473 li-

124 5520 289 5573 cebat
321 5519 367 5569 ei
406 5518 681 5579 comedere,
716 5532 803 5567 nec
830 5517 891 5567 iis
917 5518 1003 5583 qui
1032 5534 1143 5568 cum
1174 5515 1264 5569 illo
1293 5527 1454 5580 erant,
1489 5515 1578 5567 sed
1618 5514 1739 5567 solis

125 5608 493 5665 sacerdotibus
522 5604 669 5675 (Luc.
702 5607 752 5661 6.
780 5608 832 5660 5.
866 5606 944 5673 ιι).
976 5607 1214 5661 Vidistin‘
1238 5623 1476 5661 sororem
1509 5622 1626 5662 esse
1650 5620 1739 5659 sa-

132 5790 289 5904 >453(1)
328 5790 552 5838 Memoria
579 5788 753 5838 labitur
776 5787 1082 5836 Severianus.
1110 5789 1192 5836 Hie
1215 5788 1345 5837 enim
1379 5800 1477 5838 non
1494 5787 1740 5849 Abiathar,

147 5870 156 5877 ·
260 5850 549 5903 Acbimelec
575 5853 681 5904 ejus
705 5857 841 5904 pater
865 5855 986 5898 erat.

147 5850 233 5904 sed
260 5850 549 5903 Acbimelec
575 5853 681 5914 ejus
704 5857 841 5910 pater
865 5855 986 5898 erat.

1170 410 1255 465 DE
1291 401 1504 462 MUNDl
1543 392 1937 456 CREATIONE
1977 396 2231 456 ORATIO
2271 401 2358 456 IV.

3310 410 3424 467 470

1842 516 2062 571 cerdotii
2091 516 2429 573 castitatem?
2458 516 2687 572 vidistin‘
2711 516 2979 588 quomodo
3003 517 3140 572 Deus
3168 532 3426 587 personas

1838 622 1942 661 non
1972 609 2212 679 recipiat,
2244 609 2336 663 sed
2365 609 2640 664 veritatem
2670 608 2951 679 exploret?

1911 700 1997 754 illi.
2039 700 2410 770 Prmparemus
2442 715 2539 755 nos
2567 716 2698 771 ergo
2724 701 2788 754 ad
2821 700 3250 761 beneficentiam.
3276 711 3329 756 et
3358 701 3426 754 ad

1833 792 2112 860 justitiam,
2147 803 2203 847 ut
2224 794 2482 865 jejunium
2531 796 2643 849 alas
2682 794 2924 862 accipiat.
2967 772 3428 860 Quemadmodum

1837 886 1980 939 enim
2010 888 2123 941 avis
2152 888 2361 941 nonnisi
2394 888 2595 941 alarum
2634 902 2736 957 0pc
2769 888 2947 943 volare
2988 897 3162 958 potest
3199 906 3212 942 :
3255 888 3333 942 sic
3375 900 3431 943 et

1832 976 2092 1046 jejunium
2118 979 2249 1033 duas
2272 980 2429 1035 habet
2451 981 2584 1049 alas,
2612 981 2907 1036 orationem
2930 991 2983 1035 et
3002 980 3428 1052 eleemosynam,

1837 1072 2027 1140 quibus
2053 1073 2364 1127 destitutum
2395 1088 2604 1127 sursum
2641 1088 2857 1128 currere
2888 1072 3089 1141 nequit.
3128 1072 3257 1127 Vide
3293 1074 3433 1128 Cor-

1838 1168 2034 1222 nelium
2060 1182 2179 1221 cum
2207 1166 2411 1235 jejunio
2439 1166 2520 1219 his
2545 1180 2758 1236 quoque
2782 1165 2882 1219 alis
2911 1168 3259 1231 instructum;
3293 1182 3433 1235 qua-

1841 1269 2057 1329 pr0pter
2081 1269 2134 1313 et
2161 1275 2344 1313 vocem
2373 1258 2571 1313 audivit
2601 1258 2668 1312 de
2702 1258 2834 1312 etelo
2875 1276 2890 1312 :
2922 1258 3143 1323 Corneli,
3174 1260 3436 1313 orationes

1840 1362 1941 1405 tua:
1965 1362 2012 1403 et
2041 1352 2370 1420 eleemosyna:
2396 1362 2495 1404 tua:
2519 1351 2851 1404 ascenderunt
2877 1351 2945 1402 ad
2972 1349 3136 1403 Deum
3172 1350 3304 1420 (Act.
3337 1351 3427 1404 10.

1838 1446 1917 1516 4).
1953 1446 2117 1515 Finge
2146 1447 2340 1499 animal
2388 1461 2506 1501 esse
2545 1445 2827 1514 jejunium,
2870 1444 3165 1509 carissime,
3208 1444 3433 1513 ejusque

1838 1543 1950 1595 alas
1995 1555 2116 1596 esse
2155 1541 2548 1609 elcemosyuam
2600 1547 2653 1591 et
2696 1538 3031 1602 orationem;
3084 1538 3196 1590 sine
3241 1537 3433 1606 quibus

1838 1650 2049 1688 sursum
2083 1632 2207 1686 ferri
2238 1648 2340 1685 non
2374 1632 2559 1700 possit.
2589 1630 2687 1697 Qui
2715 1629 2833 1682 talis
2860 1638 2959 1693 est,
2996 1629 3092 1681 etsi
3118 1643 3225 1681 non
3249 1629 3434 1697 loqua-

1840 1739 1944 1787 tur.
1978 1726 2240 1795 justitiam
2269 1739 2456 1792 magna
2488 1738 2619 1776 voce
2649 1722 2863 1775 clamat.
2897 1721 3080 1790 Magna
3113 1722 3307 1789 quippe
3343 1721 3435 1788 ju-

1839 1820 1996 1872 stitia:
2021 1829 2237 1887 patrona
2274 1816 2438 1871 virtus
2464 1825 2563 1871 est.
2601 1814 2722 1868 Ideo
2750 1814 2877 1868 dicit
2902 1832 2913 1867 :
2943 1815 3166 1878 Exaudi,
3193 1813 3429 1877 Domine,

1837 1912 2085 1979 justitiam
2116 1926 2299 1961 meam.
2334 1909 2570 1962 Primum
2602 1909 2777 1977 itaque
2804 1907 3201 1975 maximumque
3233 1908 3430 1960 bonum

1840 2014 1921 2057 est
1946 2001 2138 2064 oratio,
2166 2002 2504 2071 cleemosyna
2536 2010 2591 2055 ct
2613 2001 2849 2069 justitia;
2883 2000 3024 2070 quod
3055 2010 3232 2054 autem
3260 2010 3431 2054 tutum

1840 2111 1923 2157 cst
1952 2112 2005 2155 et
2037 2102 2410 2155 inconcussum
2443 2102 2787 2171 onmiumque
2832 2101 3003 2165 radix,
3037 2101 3130 2155 Dei
3173 2102 3429 2171 cognitio,

1844 2195 2108 2263 Uuigeniti
2159 2193 2432 2257 adoratio,
2487 2192 2716 2261 Spiritus
2767 2194 2938 2247 sancti
2989 2193 3286 2259 confessio,
3328 2210 3433 2249 tina

1841 2290 1972 2344 fides
1999 2290 2243 2353 indivisa,
2267 2304 2478 2348 secura.
2504 2297 2635 2354 tnta,
2661 2289 2819 2343 nullis
2844 2290 3080 2358 partibus
3102 2291 3285 2345 scissa.
3314 2291 3432 2345 Jam

1840 2383 2036 2436 dictum
2069 2392 2151 2436 est
2190 2383 2329 2452 quod
2362 2382 2602 2436 dicturus
2646 2396 2786 2446 sum,
2832 2392 3063 2437 attamen
3111 2398 3319 2437 rursum
3352 2382 3435 2437 di-

1839 2488 1975 2525 cam.
2024 2472 2162 2525 Deus
2203 2474 2416 2541 sapiens
2446 2488 2564 2525 cmn
2612 2473 2699 2538 sit,
2748 2475 2987 2541 permisit
3031 2484 3089 2528 ut
3130 2476 3359 2529 lia-reses
3401 2491 3431 2528 a

1840 2563 1954 2615 suis
1978 2563 2288 2616 auctoribus
2328 2564 2775 2633 dogmatibusque
2809 2580 3003 2617 nomen
3046 2564 3306 2619 haberent
3330 2608 3344 2631 ,
3374 2575 3433 2619 ut

1840 2653 1962 2710 hinc
1997 2657 2223 2725 liqueret
2265 2673 2367 2709 nun
2406 2657 2493 2709 Dei
2536 2656 2868 2722 doctrinam,
2913 2657 3004 2711 sed
3039 2659 3311 2712 hominum
3346 2660 3429 2712 in-

1840 2762 2056 2806 ventum
2089 2768 2206 2807 esse
2235 2754 2444 2806 illorum
2476 2754 2789 2821 opiniones;
2823 2757 3049 2822 exempli
3096 2771 3251 2807 causa
3276 2797 3289 2816 ,
3325 2755 3434 2809 Ma-

1838 2846 2117 2900 ccdoniani
2140 2862 2167 2898 a
2191 2847 2521 2911 Macedonio,
2548 2848 2728 2901 Ariani
2753 2848 2819 2903 ab
2852 2850 2997 2912 Ario,
3025 2849 3336 2902 Ennomiaui
3362 2849 3430 2902 ab

1840 2941 2120 2994 Eunomia.
2152 2939 2409 2993 Similiter
2439 2950 2490 2992 et
2520 2938 2737 3009 reliqua:
2772 2940 3023 2995 brereses.
3051 2940 3429 3009 Apostolorum

1839 3050 1966 3089 vero
1991 3034 2147 3088 fidem
2176 3048 2294 3087 cum
2322 3034 2690 3087 intemeratam
2723 3048 2940 3089 servare
2966 3035 3144 3098 vellet,
3177 3050 3280 3087 non
3313 3050 3431 3103 per-

1838 3127 1984 3181 misit
2014 3137 2070 3181 ut
2096 3128 2161 3182 ab
2184 3127 2398 3183 homine
2425 3143 2619 3183 nomen
2649 3128 2906 3183 haberet:
2933 3129 3137 3182 etiamsi
3168 3128 3307 3182 enim
3335 3144 3432 3181 nos

1838 3230 2031 3275 vocent
2063 3221 2484 3282 llomousiastas,
2519 3237 2621 3275 non
2665 3222 2763 3276 viri
2812 3232 2988 3277 tamen
3021 3236 3214 3276 nomen
3251 3222 3430 3290 profe—

1838 3321 1979 3374 runt,
2017 3310 2109 3364 sed
2142 3310 2296 3364 ﬁdem
2327 3312 2635 3380 pru'dit'aut.
2670 3312 2821 3377 Quod
2850 3313 2990 3365 enim
3032 3312 3099 3365 ab
3130 3311 3432 3365 hominibus

1838 3416 2031 3456 nomen
2077 3403 2292 3464 habere,
2340 3418 2444 3455 non
2488 3403 2557 3456 sit
2595 3402 2848 3465 fidelium,
2891 3404 2981 3457 sed
3033 3401 3429 3462 luereticorum.

1838 3496 1913 3547 ait
1964 3496 2155 3548 I’auius
2195 3495 2503 3548 Corinthios
2548 3495 2870 3563 redarguens
2922 3512 2935 3546 :
2988 3494 3151 3547 Audio
3196 3495 3247 3546 in
3297 3495 3432 3546 vobis

1840 3588 2111 3642 schismata
2140 3604 2261 3647 esse,
2288 3604 2403 3639 nam
2424 3588 2556 3641 alius
2576 3586 2775 3656 quidem
2804 3587 2922 3638 dicit
2946 3602 2963 3637 :
2991 3584 3095 3653 Ego
3116 3601 3226 3637 sum
3260 3583 3430 3649 Pauli,

1839 3701 1929 3751 ego
1959 3692 2122 3735 autent
2154 3682 2358 3752 Apollo,
2391 3699 2479 3752 ego
2511 3698 2621 3733 vero
2648 3679 2833 3749 Cap/ia:
2864 3681 2937 3750 (Ι.
2970 3679 3083 3731 Cor.
3119 3680 3167 3732 1.
3206 3679 3289 3731 1|.
3321 3678 3431 3743 12).

1846 3777 2028 3829 Vidcn‘
2050 3778 2116 3828 ab
2146 3776 2449 3829 hominibus
2477 3775 2769 3842 nuncupari
2798 3773 3141 3826 schismatqu
3170 3788 3288 3826 esse
3313 3788 3435 3841 pro-

1842 3869 2051 3938 prium?
2083 3871 2273 3923 Annon
2305 3868 2408 3921 fide
2439 3868 2649 3936 dignior
2680 3866 2869 3920 Petrus
2911 3865 3257 3917 Macedonio?
3285 3867 3433 3931 Apo-

1841 3964 2098 4015 stolorum
2128 3962 2340 4014 nomina
2369 3960 2575 4030 fugiunt
2609 3974 2728 4029 qum
2755 3959 2938 4029 gloria:
2978 3956 3172 4012 Christi
3205 3957 3429 4017 cedant;

1843 4066 1895 4108 tu
1928 4074 2053 4110 vero
2093 4056 2291 4109 scindis
2339 4054 2517 4115 fidem,
2564 4053 2849 4107 indivisum
2885 4068 3128 4121 regnum,
3164 4053 3435 4121 insepara-

1840 4147 2001 4200 bilem
2036 4146 2298 4214 gloriam?
2333 4146 2523 4197 Verum
2556 4144 2813 4197 hactenus
2844 4162 2855 4195 :
2889 4143 3146 4196 habemus
3174 4143 3313 4197 enim
3349 4145 3433 4195 lu-

1841 4253 2056 4292 cernam
2089 4246 2141 4291 et
2173 4237 2351 4290 lumen
2387 4256 2397 4287 :
2430 4251 2549 4288 nam
2583 4234 2812 4287 Lucerna
2843 4236 3049 4302 pedibus
3081 4235 3201 4287 meis
3232 4234 3435 4286 verbum

1844 4342 2003 4393 tuum,
2034 4339 2078 4382 et
2111 4330 2280 4382 lumen
2310 4329 2496 4380 semitis
2523 4327 2644 4379 meis
2674 4327 2843 4396 (Psal.
2886 4326 3004 4380 1l8.
3039 4326 3185 4392 105).
3214 4324 3320 4379 Cur
3350 4325 3431 4379 ln-

1843 4423 2039 4478 cerua?
2067 4438 2160 4475 cur
2205 4420 2325 4473 lux?
2363 4420 2601 4472 Lucerna
2649 4419 2845 4487 quippe
2896 4415 3310 4482 catechumcnis,
3347 4415 3434 4470 lux

1842 4519 1906 4572 iis
1944 4517 2031 4587 qui
2073 4514 2262 4569 initiati
2306 4513 2575 4583 mysteriis
2610 4520 2750 4565 sunt.

1913 4610 2175 4679 Jejunium
2201 4623 2314 4659 cum
2342 4606 2483 4660 bonis
2511 4606 2741 4673 operibus
2766 4606 3091 4674 conjunctum
3122 4618 3227 4655 esse
3269 4601 3429 4654 debet.

1843 4703 2073 4771 —Rogo
2105 4700 2379 4755 caritatem
2409 4708 2661 4760 vestram,
2695 4706 2748 4750 ttt
2777 4696 3146 4748 intemeratum
3176 4693 3433 4761 jejunium

1844 4805 2079 4849 vestrum
2128 4794 2372 4855 servetis,
2423 4790 2756 4859 impollutum
2810 4787 2875 4839 ab
2921 4785 3196 4853 injustitia,
3245 4799 3432 4851 purum

1845 4885 1912 4939 ab
1939 4886 2179 4938 avaritia.
2215 4882 2342 4935 Vide
2383 4879 2659 4933 stultitiam
2703 4893 2906 4940 eorum,
2941 4878 3027 4944 qui
3061 4875 3435 4929 abstinentiam

1846 4992 1872 5029 a
1919 4977 2051 5029 cibis
2088 4984 2375 5033 Sectantur,
2424 4986 2519 5023 nec
2565 4978 2752 5022 curant
2790 4984 2816 5021 a
2872 4968 3099 5036 peccatis
3140 4966 3431 5019 abstinere.

1846 5070 1957 5123 Non
1995 5068 2138 5130 bibo,
2193 5066 2380 5134 inquit,
2429 5066 2628 5120 vinum.
2678 5077 2782 5114 non
2825 5061 3046 5113 comedo
3089 5059 3285 5122 oleum,
3332 5072 3435 5110 non

1846 5161 1947 5214 edo
1976 5174 2181 5213 carnes.
2215 5158 2357 5211 Bene
2389 5172 2515 5209 sane
2544 5155 2655 5206 hree
2682 5161 2896 5221 propter
2921 5151 3082 5204 Deum
3116 5157 3434 5204 servantur:

1847 5254 1960 5306 hrec
1992 5252 2125 5303 bona
2160 5258 2315 5311 sunt;
2348 5250 2439 5302 sed
2473 5262 2584 5301 rem
2614 5258 2934 5312 quatramus.
2972 5242 3145 5301 Panis,
3180 5256 3335 5309 aqua,
3363 5239 3439 5289 vi-

1847 5362 1993 5406 num,
2028 5359 2235 5407 carnes,
2286 5343 2482 5401 oleum,
2536 5340 2645 5393 lucc
2686 5339 2860 5390 omnia
2910 5337 2998 5389 Dei
3048 5350 3208 5403 opera
3256 5342 3377 5387 sunt
3423 5347 3436 5382 :

1846 5441 2062 5494 avaritia
2117 5452 2272 5502 vero,
2320 5434 2575 5503 injustitia
2622 5443 2674 5486 et
2720 5432 2963 5501 impietas
3004 5444 3137 5499 opus
3174 5438 3295 5481 sunt
3325 5425 3438 5478 dia-

1848 5534 1973 5588 boli.
2006 5534 2045 5586 Α
2083 5533 2171 5585 Dei
2202 5531 2451 5599 operibus
2494 5526 2729 5579 abstines
2772 5534 2988 5594 propter
3013 5522 3295 5591 jejunium,
3326 5528 3378 5573 et
3406 5534 3431 5569 a

1847 5628 2040 5683 diaboli
2072 5626 2325 5694 Operibus
2366 5638 2466 5675 non
2498 5620 2731 5675 abstines
2761 5627 2973 5685 propter
3009 5612 3306 5683 jejunium?
3334 5612 3436 5667 Pa-

1850 5723 1953 5788 nis,
1984 5720 2189 5782 vinum,
2221 5719 2417 5777 oleum,
2461 5722 2514 5767 et
2554 5713 2597 5766 si
2644 5724 2745 5780 qua
2792 5709 2912 5769 alia,
2958 5706 3048 5760 Dei
3097 5714 3221 5758 sunt
3252 5720 3437 5773 opera,

1850 5825 2037 5871 cuncta
2071 5816 2205 5869 bona
2240 5819 2291 5863 et
2331 5804 2615 5861 admodum
2660 5803 2813 5854 bona.
2852 5799 2933 5851 Ait
2970 5796 3165 5851 Paulus
3211 5815 3222 5851 :
3266 5795 3446 5853 Omnis
