3982 6218
577 422 686 475 471

566 525 800 570 creatura
828 512 923 567 Dei
949 512 1100 576 bona,
1129 521 1174 565 et
1201 511 1330 566 nihil
1358 510 1708 578 reﬁciendum,
1737 509 1873 580 quod
1901 526 2018 563 cum
2045 526 2163 578 gra-

568 610 754 662 tiarum
784 607 980 661 actione
1001 606 1339 676 percipiamus
1359 621 1377 658 .°
1398 605 1745 672 sanctiﬁcatur
1773 605 1906 657 enim
1933 620 2021 671 per
2047 619 2161 658 ver-

567 702 682 754 bunt
707 697 805 752 Dei
826 707 876 752 et
901 697 1180 751 orationem
1212 695 1287 768 (1.
1320 695 1454 750 Tim.
1489 697 1542 751 4.
1571 697 1622 750 4.
1649 697 1724 766 5).
1758 696 1812 749 Si
1844 711 1972 765 ergo
2001 696 2160 749 bene-

565 790 781 856 dicitur,
805 789 848 844 si
872 802 1001 860 ergo
1022 788 1403 855 sanetilicatur,
1432 803 1528 842 cur
1549 787 1917 843 abstinemus?
1943 785 2159 856 lnjusti-

565 883 631 937 tia
659 891 859 950 autem,
890 883 1139 948 avaritia,
1163 891 1217 938 et
1238 883 1282 937 si
1310 898 1414 954 qua
1444 882 1570 946 alia,
1597 880 1793 937 diaboli
1824 888 1949 936 sunt
1969 894 2156 950 Opera.

563 975 646 1028 Ab
687 974 939 1045 operibus
984 974 1079 1030 Dei
1120 973 1358 1029 abstines
1412 984 1634 1045 propter
1670 975 1952 1046 jejunium,
1997 986 2052 1030 et
2092 973 2161 1028 ab

562 1068 815 1136 operibus
867 1066 1066 1121 diaboli
1129 1082 1235 1121 non
1297 1067 1537 1122 abstines
1591 1076 1808 1138 prepter
1863 1066 2159 1137 pietatem?

563 1157 744 1227 Atqui,
787 1158 998 1224 fratres,
1048 1157 1306 1214 adversus
1349 1174 1472 1213 cum
1506 1160 1594 1228 qui
1634 1173 1738 1214 non
1781 1159 2005 1231 jejuuat,
2051 1172 2156 1212 non

563 1250 768 1317 prolata
801 1250 1061 1305 sententia
1086 1259 1188 1317 est,
1212 1249 1470 1306 adversus
1495 1266 1613 1304 eum
1642 1260 1841 1316 autem,
1865 1252 1952 1321 qui
1976 1251 2157 1319 inique

560 1344 688 1412 agit,
720 1357 934 1413 [)(Bllam
977 1345 1376 1399 interminatur.
1411 1345 1493 1400 Ab
1537 1345 1602 1400 iis
1634 1359 1754 1415 quae
1785 1345 1999 1400 innoxia
2031 1352 2156 1400 sunt

559 1447 848 1500 cavemus,
908 1450 1006 1491 nec
1055 1450 1307 1491 cavemus
1359 1435 1428 1492 ab
1481 1437 1579 1503 ils,
1631 1451 1751 1505 quae
1805 1448 1932 1492 sunt
1981 1435 2154 1504 culpa:

559 1526 806 1582 obnoxia.
841 1529 985 1583 Bona
1016 1542 1103 1584 res
1141 1539 1223 1585 est
1260 1530 1624 1602 cleemosyna,
1664 1546 1784 1600 qua:
1812 1530 1993 1600 specie
2030 1529 2152 1598 qui-

557 1616 678 1671 dem
708 1617 985 1688 dispergit,
1021 1635 1078 1674 re
1117 1630 1293 1674 autem
1335 1630 1642 1691 congregat.
1689 1620 2149 1687 Quemadmodum

558 1708 700 1762 enim
728 1710 958 1779 agricola
990 1720 1144 1766 terrae
1174 1712 1486 1776 lceneratur,
1507 1731 1568 1768 ex
1598 1729 1699 1783 qua
1728 1715 1931 1769 semina
1955 1728 2148 1782 csSpe-

558 1809 704 1854 ctat:
757 1802 834 1855 sic
878 1803 1220 1875 eleemosyna
1258 1805 1386 1860 dum
1432 1806 1548 1860 aliis
1582 1805 1697 1861 dari
1745 1807 1975 1871 videtur,
2027 1821 2150 1860 vere

557 1891 703 1946 danti
736 1896 996 1950 recondit.
1030 1895 1162 1951 Nam
1188 1897 1259 1951 ait
1290 1897 1451 1952 David
1498 1917 1510 1952 :
1542 1897 1812 1968 Dispersit,
1849 1899 1986 1952 dedit
2017 1915 2148 1967 pau-

557 1983 777 2052 peribus,
803 1986 999 2054 iustitia
1028 1988 1137 2056 eius
1164 2000 1328 2043 manet
1358 1991 1410 2044 in
1432 1991 1676 2045 saxulum
1710 1990 1881 2058 (Psal.
1917 1991 2038 2047 111.
2066 1991 2144 2059 9).

556 2074 645 2130 Sic
670 2076 995 2146 jejunemus,
1026 2081 1105 2136 sic
1131 2080 1436 2148 adoremus,
1469 2083 1545 2136 sic
1584 2083 1888 2146 credamus,
1937 2082 2146 2137 Patrem

554 2169 935 2237 glorificantes,
984 2172 1178 2228 Filium
1224 2174 1435 2244 hymnis
1483 2175 1846 2240 celebrantes,
1889 2174 2144 2242 Spiritqu

553 2270 794 2318 sanctum
823 2264 1129 2330 adorantes,
1158 2267 1277 2336 quia
1303 2267 1402 2336 ipsi
1427 2266 1594 2336 gloria
1623 2267 1673 2321 in
1698 2266 1914 2324 smcula.
1950 2268 2140 2320 Amen.

801 2399 1046 2469 Ejusdem
1076 2400 1126 2454 in
1171 2401 1396 2471 quintam
1433 2401 1565 2454 diem
1605 2403 1891 2455 creationis.

623 2535 675 2589 1.
702 2533 862 2590 Multa
889 2535 1102 2605 quidem
1126 2551 1422 2608 magnaque
1449 2553 1478 2592 a
1501 2538 1882 2608 benignissimo
1907 2538 2016 2593 Deo
2047 2539 2143 2591 ho-

551 2625 782 2680 ntinibus
812 2641 1065 2681 concessa
1095 2643 1317 2681 munera
1340 2638 1497 2692 sunt;
1545 2630 1771 2699 primum
1818 2637 1996 2681 autem
2023 2631 2140 2696 ejus

551 2718 951 2786 maximumque
981 2717 1179 2772 donum
1206 2728 1287 2773 est
1322 2717 1714 2788 Scripturarttm
1761 2720 2022 2776 doctrina.
2047 2722 2140 2777 Sol

549 2807 693 2861 enim
720 2816 774 2862 et
827 2809 969 2875 luna,
1020 2812 1299 2879 omnisque
1343 2810 1614 2866 stellarum
1646 2811 1876 2879 chorus,
1921 2813 2139 2870 flumina

550 2898 700 2966 item,
733 2898 924 2963 fontes,
954 2910 1009 2956 et
1037 2901 1205 2968 lacus,
1231 2902 1295 2957 ad
1326 2917 1611 2974 corporum
1636 2921 1789 2960 usutn
1815 2906 1951 2962 facta
1980 2917 2097 2962 sunt
2121 2924 2135 2974 ;

547 3005 716 3045 sacra:
745 3007 874 3046 vero
901 2992 1212 3064 Scripturaa,
1259 2995 1324 3050 ad
1359 2999 1654 3053 animarum
1707 3002 2137 3058 emendationem

547 3090 673 3134 sunt
697 3082 851 3136 datae.
882 3083 1092 3150 Quanto
1116 3095 1292 3141 autem
1321 3088 1495 3140 anima
1514 3103 1738 3158 oorpore
1762 3093 2006 3160 superior
2032 3102 2135 3160 est,

548 3182 696 3228 tanto
722 3176 969 3244 superius
996 3176 1117 3230 aliis
1162 3187 1246 3232 est
1283 3179 1582 3234 divinarum
1612 3180 2005 3251 Scripturarum
2037 3186 2136 3239 do-

545 3279 693 3318 num.
720 3265 842 3321 ldeo
868 3269 942 3322 ait
966 3266 1218 3323 Servator
1245 3290 1256 3325 :
1283 3270 1597 3325 Sci-utamini
1615 3272 1931 3342 Scripturas,
1950 3275 2000 3328 in
2026 3278 2138 3346 qui-

545 3357 635 3411 bus
680 3359 914 3413 videmini
961 3360 1112 3414 vitam
1159 3370 1398 3416 atternam
1428 3364 1608 3418 habere
1652 3365 1845 3433 (Joan.
1893 3368 1948 3420 5.
2001 3366 2132 3438 59).

544 3448 856 3506 Scrutemur
876 3465 1005 3524 ergo
1035 3454 1315 3509 thesauros
1341 3456 1734 3525 Scripturarum
1755 3499 1769 3525 ,
1803 3469 1858 3512 et
1882 3474 1999 3530 quae
2022 3460 2137 3528 pol-

541 3539 672 3593 liciti
726 3557 912 3597 sumus
961 3541 1356 3613 aggrediamur,
1412 3547 1750 3618 hominisque
1803 3551 2129 3604 creationem

539 3645 638 3699 pro
667 3633 804 3686 virili
839 3643 1018 3687 nostra
1041 3634 1334 3690 ordiamur.
1367 3635 1535 3692 Nemo
1565 3654 1691 3692 vero
1711 3656 1918 3694 rursum
1949 3657 2130 3710 reprc-

539 3721 738 3778 hcndat
789 3741 849 3779 ea
901 3741 1020 3796 qua:
1067 3728 1364 3782 accuratius
1410 3729 1748 3800 exploraturus
1783 3750 1795 3785 :
1837 3731 1939 3786 hoc
1987 3732 2128 3786 enim

539 3815 750 3872 illorum
801 3820 1075 3890 proprium
1118 3832 1198 3875 est
1225 3823 1314 3891 qui
1343 3825 1526 3892 nugari
1555 3824 1790 3887 student,
1820 3839 1879 3878 ea
1912 3840 2134 3894 carpere

539 3924 658 3977 qua:
687 3925 714 3962 a
745 3911 851 3966 Deo
878 3921 1073 3966 statuta
1097 3922 1240 3979 sunt,
1272 3922 1326 3969 et
1348 3929 1408 3968 ea
1441 3930 1559 3984 quae
1580 3924 1830 3970 accurate
1883 3917 2132 3970 dicuntur

539 4002 956 4071 reprehendere.
992 4004 1180 4057 Audivi
1212 4005 1287 4058 sic
1312 4005 1613 4060 incursantes
1643 4024 1655 4058 :
1686 4008 1813 4073 Qua:
1841 4009 2132 4061 necessitas

537 4100 653 4145 erat
678 4091 745 4146 de
774 4093 892 4161 igne
923 4103 975 4148 et
1021 4108 1154 4163 aqua
1198 4093 1311 4148 hrec
1355 4093 1535 4149 dicere
1561 4114 1572 4149 :
1597 4098 1785 4152 stridet
1816 4098 1973 4168 ignis,
2009 4113 2129 4154 cum

536 4198 672 4254 aqua
702 4186 753 4239 in
782 4200 907 4240 eum
958 4185 1234 4254 injicitur?
1262 4185 1390 4251 Nos,
1439 4187 1668 4254 aiebant,
1694 4205 1798 4245 non
1832 4207 2008 4246 rerum
2040 4208 2134 4248 na-

540 4277 789 4330 turalium
830 4276 1256 4346 disquisitionem
1301 4281 1611 4350 qumrimus,
1661 4282 1754 4337 sed
1807 4283 2127 4339 divinarum.

535 4368 686 4424 Scias
717 4377 891 4422 autem
927 4379 1156 4436 Oportet,
1201 4372 1314 4425 haec
1343 4373 1501 4426 verba
1536 4375 1843 4442 ignavorum
1881 4387 1932 4429 et
1986 4377 2130 4430 iner-

538 4463 666 4515 tium
691 4477 809 4517 esse
836 4463 1131 4518 hominum.
1163 4465 1288 4519 Post
1314 4465 1632 4536 theologiam
1658 4470 1798 4522 enim
1824 4486 2002 4524 rerum
2039 4487 2130 4524 na-

537 4553 788 4607 turalium
813 4556 1081 4609 enarratio
1103 4557 1283 4625 pietati
1303 4556 1703 4613 fundamentum
1727 4562 1966 4629 praebet:
1989 4563 2127 4630 quod

539 4645 582 4698 si
641 4646 957 4700 naturalium
992 4663 1166 4701 rerum
1221 4651 1784 4706 commemorationem
1811 4652 2125 4719 elimioant,

538 4748 791 4794 accusent
817 4741 1121 4810 prophetas,
1154 4743 1425 4812 apostolos
1452 4755 1695 4814 arguant.
1733 4747 2020 4815 Apostolus
2045 4761 2129 4801 res

538 4831 809 4885 naturales
840 4841 1069 4886 tractat:
1111 4852 1127 4884 ι
1167 4832 1282 4889 Non
1319 4836 1494 4889 omnis
1538 4851 1663 4888 caro
1721 4837 1906 4890 eadem
1957 4852 2125 4902 caro;

539 4921 631 4972 sed
687 4922 786 4975 alia
837 4939 962 4976 caro
1019 4924 1312 4990 hominum,
1360 4926 1459 4978 alia
1500 4926 1884 4995 jmnentorum,
1918 4926 2018 4979 alia
2053 4927 2131 4994 pi-

540 5011 730 5076 scium,
764 5013 866 5066 alia
911 5014 1120 5075 avium;
1153 5024 1206 5069 et
1249 5031 1472 5084 corpora
1520 5017 1773 5077 cmlestia,
1807 5027 1859 5069 et
1902 5032 2128 5084 corpora

541 5110 749 5156 terrena
782 5121 800 5154 ι
847 5102 942 5174 (1.
990 5105 1109 5159 Cor.
1140 5107 1227 5162 15.
1260 5103 1349 5162 59.
1392 5108 1460 5161 40
1485 5111 1522 5177 ).
1567 5107 1671 5160 Cur
1706 5108 1962 5161 naturalia
1991 5108 2130 5161 edis-

539 5193 669 5246 serit
701 5192 912 5257 l‘aulus,
946 5205 999 5248 et
1020 5211 1083 5249 ex
1112 5199 1325 5251 musicis
1351 5198 1715 5252 instrumentis
1737 5200 2130 5253 accusationem

540 5286 786 5353 instituit,
815 5295 869 5342 et
889 5289 958 5342 ait
983 5306 997 5344 :
1037 5308 1054 5341 ‹
1083 5289 1213 5343 Tam
1235 5290 1418 5356 multa,
1448 5300 1505 5344 ut
1538 5298 1682 5360 puta,
1705 5306 1897 5360 genera
1925 5292 2128 5364 lingua-

542 5394 661 5432 rum
694 5388 816 5433 sunt
845 5380 896 5433 in
929 5378 1147 5443 mundo,
1175 5389 1227 5432 et
1249 5380 1378 5433 nihil
1401 5381 1518 5435 sine
1543 5395 1672 5435 voce
1698 5381 1813 5434 est?
1845 5382 2055 5436 Etenim
2082 5383 2127 5437 si

541 5471 801 5526 incertam
835 5488 1015 5526 vocem
1039 5471 1244 5526 dederit
1270 5472 1412 5536 tuba,
1441 5474 1559 5543 quis
1581 5472 1788 5543 parabit
1817 5489 1874 5528 se
1905 5474 1970 5529 ad
1995 5490 2124 5544 pra:-

543 5565 712 5619 lium?
739 5568 848 5620 sive
872 5566 1018 5629 tibia,
1061 5565 1174 5620 sive
1203 5563 1424 5630 cithara,
1469 5566 1568 5620 nisi
1599 5567 1993 5621 distinctionem
2043 5582 2128 5621 so-

543 5658 749 5713 nituum
779 5659 1043 5723 dederint,
1074 5657 1339 5727 quomodo
1372 5670 1725 5726 cognoscetur
1754 5660 1802 5715 id
1831 5661 1971 5731 quod
2004 5661 2126 5714 tibia

545 5759 636 5805 aut
681 5750 819 5818 quod
853 5749 1054 5804 cithara
1110 5750 1316 5804 canitur
1354 5769 1372 5800 i
1409 5749 1500 5817 (1.
1539 5749 1655 5803 Cor.
1688 5753 1773 5805 14.
1807 5754 1892 5805 lt).
1925 5753 1975 5806 8.
2011 5753 2042 5806 7
2066 5752 2131 5819 )?

550 5839 684 5910 Quid
713 5842 857 5896 Pauli
879 5843 1051 5912 lingua
1091 5855 1376 5898 commune
1406 5839 1637 5895 habebat
1668 5857 1786 5896 cum
1821 5844 1944 5897 tibia
1974 5854 2025 5900 et
2048 5846 2124 5900 ci-

1986 387 2368 448 SEVERIANI

3758 430 3854 483 472

2274 507 2465 563 thara‘l
2491 507 2596 564 Sed
2627 508 3032 580 philosophatur
3077 527 3146 569 ex
3192 513 3257 570 iis
3299 531 3422 587 qua:
3451 518 3550 574 sub
3589 532 3850 591 aspectum

2267 599 2486 664 cadunt,
2521 609 2578 653 ut
2615 615 2676 655 ea
2704 600 2941 656 declaret
2977 619 3096 672 qua:
3136 605 3407 662 intellectu
3439 611 3846 678 perspiciuntur.

2266 690 2405 759 Quid
2460 707 2680 748 necesse
2730 705 2847 748 erat
2890 697 2941 750 in
2997 697 3132 751 libro
3178 697 3300 765 Job,
3350 699 3418 755 de
3466 709 3544 755 tot
3600 705 3852 772 tantisque

2268 782 2599 838 naturalibus
2669 785 2833 839 rebus
2899 788 3151 842 tractari?
3207 807 3228 840 ι
3281 789 3476 846 Leonis
3544 792 3798 847 fortitudo
3835 834 3848 860 ,

2265 877 2450 932 lemne:
2473 893 2596 944 vox,
2623 879 2872 948 superbia
2918 881 3208 937 draconum
3258 885 3518 938 exstincta
3564 894 3670 940 est.
3721 887 3849 956 Ityr-

2267 971 2540 1027 mecoleon
2603 973 2800 1041 periit,
2863 989 2928 1028 eo
2992 974 3133 1043 quod
3198 990 3305 1031 non
3379 976 3601 1033 haberet
3659 994 3844 1035 escam.

2265 1063 2399 1117 Pulli
2446 1072 2623 1118 autent
2667 1066 2934 1120 vulturum
2963 1068 3068 1121 alte
3095 1066 3276 1121 volant
3300 1085 3319 1120 ι
3349 1067 3502 1139 (Job.
3528 1069 3580 1124 4.
3613 1070 3704 1124 1ο.
3736 1071 3788 1123 ll
3815 1075 3848 1132 l.

2263 1156 2372 1211 Cur
2420 1158 2556 1211 alius
2606 1158 2861 1227 propheta
2921 1159 3169 1224 dicebat,
3233 1159 3559 1226 «Quomodo
3597 1162 3642 1215 si
3687 1173 3846 1216 sumat

2263 1247 2348 1302 leo
2371 1257 2425 1304 et
2453 1251 2644 1320 rapiat,
2686 1260 2844 1320 atque
2872 1253 3044 1320 rugiat
3067 1267 3230 1320 super
3260 1253 3515 1321 pra'dam,
3536 1263 3592 1307 et
3612 1255 3846 1324 replean-

2262 1350 2351 1395 tur
2376 1350 2582 1397 montes
2612 1357 2742 1397 voce
2765 1343 2879 1413 ejus
2914 1362 2932 1395 l
2994 1345 3011 1414 (
3032 1342 3159 1398 lsai.
3207 1344 3376 1416 5|.4)
3405 1345 3426 1397 ?
3464 1343 3692 1415 Ipseque
3738 1347 3845 1401 δην·

2259 1441 2412 1488 vator
2439 1432 2507 1489 de
2550 1433 2880 1489 naturalibus
2926 1436 3083 1490 rebus
3127 1436 3561 1492 sermocinatur:
3611 1455 3629 1488 ι
3667 1437 3842 1491 Simile

2258 1532 2341 1578 est
2366 1539 2588 1595 regnum
2631 1525 2882 1579 caelorum
2931 1539 3100 1595 grano
3139 1526 3361 1596 sinapis,
3389 1525 3531 1597 quod
3575 1527 3843 1581 minimum

2257 1626 2339 1670 est
2363 1618 2610 1673 omnibus
2640 1619 2956 1685 seminibus,
2986 1633 3107 1673 cum
3146 1629 3325 1674 autem
3369 1621 3622 1684 creverit,
3682 1621 3845 1690 majus

2255 1717 2339 1763 est
2368 1710 2615 1764 omnibus
2635 1710 2869 1765 oleribus
2904 1730 2922 1763 ι
2969 1710 3190 1780 (Matth.
3225 1712 3311 1766 l5.
3335 1712 3424 1766 3|.
3460 1712 3530 1766 '52
3553 1713 3572 1782 )
3599 1730 3611 1765 :
3637 1727 3701 1767 ac
3734 1728 3841 1766 rur-

2256 1812 2415 1853 sum:
2454 1817 2474 1850 r
2537 1798 2723 1856 Simile
2775 1809 2858 1854 est
2912 1816 3133 1871 regnum
3175 1802 3448 1869 caelorum,
3500 1801 3843 1871 quemadmo-

2255 1890 2382 1945 dum
2413 1891 2456 1944 si
2484 1891 2646 1945 homo
2664 1891 2822 1961 jaciat
2875 1902 3169 1947 sementem
3201 1907 3370 1954 suam,
3405 1905 3458 1947 et
3486 1893 3772 1963 germinet,
3798 1902 3843 1946 et

2255 1994 2485 2050 crescat,
2524 1984 2650 2040 dum
2681 1986 2852 2040 nescit
2882 1985 2972 2040 ille
3007 2003 3020 2039 :
3059 1985 3198 2040 ultro
3230 1987 3372 2039 enim
3402 1996 3539 2040 terra
3560 1987 3841 2054 germinat,

2256 2079 2429 2149 primo
2449 2078 2693 2144 herbam,
2709 2078 2905 2133 deinde
2921 2080 3122 2150 spicam
3145 2097 3158 2134 :
3179 2079 3371 2134 deinde
3399 2079 3628 2132 triticum
3660 2077 3842 2147 implet

2254 2175 2307 2228 in
2335 2175 2481 2244 spica
2515 2192 2534 2225 ι
2573 2171 2776 2245 (Marc.
2820 2173 2873 2227 4.
2907 2171 3075 2227 26-93
3101 2171 3140 2242 ).
3193 2171 3514 2226 Naturalitcr
3566 2170 3733 2225 etiam
3781 2169 3839 2221 de

2252 2266 2386 2321 cmlo
2410 2274 2601 2320 tractat
2635 2265 2887 2321 Servator
2927 2280 2941 2318 :
2979 2283 2998 2316 ι
3036 2263 3090 2319 Si
3122 2264 3334 2329 cazlum,
3383 2262 3572 2331 inquit,
3621 2275 3840 2330 vespere

2254 2361 2472 2413 rubrum
2503 2359 2678 2423 fuerit,
2713 2359 2911 2426 dicitis,
2943 2358 3205 2413 Serenum
3240 2358 3361 2423 erit,
3392 2356 3546 2411 rubet
3569 2355 3712 2410 enim
3737 2371 3812 2409 ca:

2252 2451 2359 2506 lum
2388 2469 2401 2505 :
2434 2461 2488 2506 et
2514 2451 2612 2505 sub
2637 2451 2946 2516 diluculum,
2971 2449 3140 2505 Hodie
3167 2449 3334 2503 imber
3353 2449 3453 2502 erit
3478 2466 3490 2501 :
3518 2448 3666 2500 rubet
3696 2446 3837 2499 enim

2251 2545 2402 2600 triste
2426 2545 2614 2598 caelum
2653 2563 2672 2595 ι
2708 2542 3026 2612 (Matt/MS.
3052 2541 3108 2595 ἓ.
3130 2543 3164 2597 5
3257 2540 3391 2609 Quid
3423 2538 3504 2593 bis
3529 2551 3657 2606 opus
3687 2535 3837 2590 erat?

2249 2634 2375 2688 llzec
2404 2634 2525 2688 dico
2555 2645 2772 2703 promer
2792 2649 2885 2688 eos
2907 2635 2992 2704 qui
3017 2633 3203 2688 inscite
3233 2628 3626 2702 reprehendere
3651 2641 3837 2697 aggre-

2247 2724 2483 2780 diuntur.
2538 2725 2614 2780 De
2671 2724 2781 2778 Deo
2807 2734 3051 2778 movetur
3080 2737 3279 2791 sermo,
3320 2731 3374 2777 et
3417 2728 3719 2776 accuratam
3747 2719 3837 2773 do-

2247 2816 2434 2871 ctrinae
2473 2816 2868 2870 enarrationem
2925 2814 3111 2869 audire
3151 2814 3369 2869 renuis?
3419 2811 3640 2878 Quando
3681 2810 3835 2879 igitur

2247 2908 2576 2978 propositum
2599 2916 2681 2961 est
2712 2923 2805 2976 per
2831 2906 3063 2960 divinam
3090 2906 3310 2975 gratiam
3333 2905 3400 2958 de
3431 2904 3657 2957 hominis
3688 2917 3836 2956 crea-

2247 2999 2391 3054 tione
2421 3013 2726 3053 sermoncm
2755 2999 2974 3064 habere,
3008 3013 3112 3052 non
3144 3013 3240 3065 pro
3281 2998 3357 3051 rei
3406 2995 3679 3065 dignitate,
3744 2994 3832 3046 sed

2245 3107 2342 3162 pro
2375 3092 2623 3146 facultate
2651 3100 2831 3145 nostra
2869 3105 3045 3160 opera:
3072 3090 3298 3160 pretium
3329 3097 3411 3142 est
3448 3087 3515 3140 ad
3545 3099 3829 3154 argumen-

2247 3193 2355 3238 tum
2388 3183 2697 3253 procedere.

2314 3278 2369 3331 2.
2395 3276 2654 3331 Ornatum
2683 3291 2838 3330 suum
2862 3284 3141 3344 acceperat
3170 3272 3381 3337 ciuium,
3413 3279 3550 3325 terra
3579 3267 3830 3323 fruetibus

2242 3377 2496 3425 coronata
2519 3376 2653 3430 erat,
2681 3382 2831 3437 aqua:
2853 3368 3014 3421 maris
3039 3375 3328 3434 segregatce
3364 3364 3602 3430 fuerant,
3643 3363 3830 3431 stirpes

2240 3466 2675 3532 germinaverant
2700 3501 2712 3521 ,
2743 3461 2911 3512 hrntze
2940 3459 3238 3512 animantes
3270 3455 3544 3526 producta:
3591 3453 3826 3516 fuerant,

2243 3553 2443 3623 repleta
2475 3560 2590 3606 erat
2620 3561 2784 3615 terra,
2815 3559 3004 3603 ornata
3033 3560 3146 3602 erat
3175 3548 3388 3610 domus,
3433 3545 3830 3600 desiderabatur

2242 3645 2480 3699 omnium
2512 3659 2629 3712 qua:
2661 3641 2796 3695 facta
2845 3640 3056 3694 fuerant
3108 3640 3268 3693 herus
3316 3646 3369 3692 et
3429 3634 3822 3706 paterfamilias.

2242 3735 2384 3789 Dixit
2424 3733 2562 3787 Deus
2587 3749 2605 3786 :
2633 3731 2904 3785 Faciamus
2930 3733 3181 3784 [tantinem
3215 3731 3282 3782 ad
3311 3729 3581 3798 imaginem
3617 3736 3662 3779 et
3695 3728 3826 3780 simi-

2242 3826 2500 3880 litudinem
2533 3822 2942 3891 nostram((§en.
2993 3823 3044 3874 1.
3082 3820 3208 3891 26).
3265 3819 3699 3873 Demonstratum
3755 3826 3828 3871 est

2241 3917 2431 3985 pridie,
2457 3931 2574 3985 qua:
2600 3917 2668 3968 sit
2700 3914 2840 3967 illius
2867 3914 3013 3967 vocis
3043 3913 3141 3975 vis,
3175 3909 3472 3971 Faciamus,
3517 3921 3571 3963 ct
3603 3909 3720 3979 quis
3751 3909 3824 3961 cui

2239 4008 2486 4077 loquatur
2525 4025 2537 4060 :
2571 4008 2686 4076 quis
2726 4005 3084 4070 consiliarius,
3118 4013 3170 4056 et
3223 4003 3373 4072 cujus
3418 4001 3488 4054 sit
3539 3999 3826 4053 communis

2238 4097 2576 4151 deliberatio.
2612 4097 2810 4150 Verum
2860 4097 2980 4164 quia
3013 4110 3076 4149 ex
3122 4093 3415 4162 Scripturis
3463 4091 3821 4154 ostendimus,

2236 4190 2600 4244 consiliarium
2631 4189 2835 4260 antiqui
2879 4188 3020 4242 illius
3064 4186 3272 4242 consilii
3313 4185 3510 4240 Filium
3563 4200 3721 4249 esse,
3772 4199 3824 4236 ac

2238 4284 2471 4353 Spiritus
2502 4281 2668 4337 sancti
2697 4282 2920 4349 gloriam
2967 4281 3262 4344 tacuimus;
3316 4293 3382 4332 ne
3431 4292 3499 4330 ex
3548 4277 3707 4330 nobis
3747 4275 3822 4342 qui

2237 4378 2350 4428 sani
2381 4389 2587 4438 sumus,
2620 4373 2653 4426 ii
2685 4375 2770 4442 qui
2809 4381 3067 4440 a'gt‘otattt
3090 4372 3400 4424 occasiones
3429 4376 3671 4436 captent,
3701 4367 3823 4420 scire

2237 4474 2464 4528 oportet,
2502 4479 2658 4517 unam
2691 4478 2808 4516 esse
2837 4463 3080 4531 gloriam,
3117 4476 3273 4513 uuam
3299 4464 3648 4520 sententiam,
3674 4472 3822 4512 unum

2237 4564 2549 4622 operantem
2574 4569 2874 4606 sermonem
2903 4553 3093 4612 Patris,
3124 4560 3174 4605 et
3206 4551 3323 4604 Filii
3357 4560 3410 4604 et
3444 4549 3682 4618 Spiritus
3711 4563 3823 4601 san-

2237 4650 2325 4699 cti.
2351 4647 2662 4714 Appellatus
2684 4656 2764 4696 cst
2784 4644 2870 4697 hic
2892 4643 3228 4697 consiliarius
3256 4642 3456 4696 Filius:
3482 4641 3608 4694 alibi
3637 4641 3823 4695 dictum

2236 4750 2335 4804 est,
2389 4740 2480 4793 Dci
2523 4739 2800 4791 scientiam
2849 4737 3115 4790 neminem
3160 4734 3376 4799 habere,
3427 4734 3526 4786 nisi
3579 4734 3824 4802 Spiritum

2235 4838 2500 4885 sanctum.
2529 4827 2609 4882 Ait
2636 4826 2830 4881 Paulus
2861 4845 2872 4879 :
2902 4824 3069 4879 Nemo
3099 4827 3190 4878 scit
3211 4841 3324 4892 qum
3339 4834 3453 4876 sunt
3471 4823 3713 4888 hominis.
3741 4823 3825 4874 ηἰεὶ

2236 4921 2445 4991 spiritus
2480 4919 2716 4983 hominis,
2755 4919 2842 4987 qui
2885 4919 2937 4970 in
2978 4917 3090 4986 ipso
3119 4928 3190 4970 est
3219 4932 3237 4968 :
3260 4916 3330 4966 ita
3351 4924 3396 4967 et
3425 4929 3541 4982 qua:
3571 4913 3672 4968 Dei
3724 4923 3824 4968 sum

2237 5029 2383 5065 nemo
2413 5012 2662 5082 cognovit,
2694 5010 2789 5062 nisi
2848 5008 3072 5077 Spiritus
3121 5007 3217 5059 Dei
3270 5007 3352 5073 (Ι.
3380 5004 3500 5058 Cor.
3536 5004 3591 5058 2.
3626 5007 3686 5060 11
3715 5005 3754 5074 ).
3779 5005 3826 5059 Si

2237 5103 2476 5172 Spiritus,
2517 5101 2707 5170 quiest
2739 5102 2790 5153 in
2817 5107 2890 5163 te,
2938 5113 2966 5151 a
3015 5108 3100 5151 tua
3133 5098 3432 5151 substantia
3475 5097 3690 5151 alienus
3732 5110 3825 5155 ρει.

2237 5198 2394 5250 etiam
2409 5196 2496 5264 qui
2517 5197 2568 5248 in
2587 5195 2694 5249 Deo
2708 5192 3024 5260 cstSpiritus
3041 5191 3246 5244 alienus
3257 5199 3340 5245 est
3353 5209 3380 5242 a
3401 5191 3492 5245 Dei
3511 5193 3823 5244 substantia.

2308 5289 2504 5352 Patris,
2537 5287 2664 5340 Filii
2701 5298 2745 5340 et
2781 5286 3004 5354 Spiritus
3030 5286 3191 5337 sancti
3216 5301 3319 5337 una
3337 5284 3594 5337 voluntas.
3618 5314 3689 5324 —
3714 5285 3827 5337 \‘ult

2237 5380 2434 5451 aliquid
2468 5378 2661 5433 Pater?
2712 5376 2910 5430 Eadem
2953 5375 3201 5428 voluntas
3253 5385 3307 5428 et
3351 5375 3469 5429 Filii
3508 5383 3564 5428 et
3604 5374 3828 5442 Spiritus

2238 5473 2408 5526 sancti
2453 5478 2554 5525 est.
2587 5467 2712 5521 Vult
2766 5466 2963 5536 aliquid
3011 5465 3214 5520 Filius?
3244 5464 3444 5519 Eadem
3501 5466 3752 5518 voluntas
3781 5473 3826 5515 et

2239 5565 2410 5618 Patris
2439 5572 2492 5616 et
2529 5558 2759 5628 Spiritus
2799 5569 2899 5612 est.
2936 5557 3059 5612 Vult
3099 5557 3298 5626 aliquid
3330 5555 3602 5625 Spiritus?
3633 5555 3825 5610 Eadem

2241 5656 2485 5709 voluntas
2517 5664 2568 5707 et
2600 5651 2769 5705 Patris
2807 5659 2860 5704 et
2891 5649 3028 5704 Filii.
3071 5649 3305 5705 Suscitat
3346 5649 3506 5703 Pater
3553 5650 3828 5701 mortuus?

2237 5751 2546 5807 Suscitatet
2584 5745 2767 5799 Filius.
2816 5745 2902 5798 Ait
2942 5743 3135 5813 quippe
3173 5743 3445 5805 Servator,
3497 5743 3648 5797 Sicut
3699 5744 3827 5797 enim

2244 5840 2399 5895 Pater
2430 5835 2634 5892 suscitat
2684 5848 2909 5889 mortuos
2949 5847 2998 5890 et
3026 5837 3263 5903 viviﬁcat,
3293 5836 3365 5888 sic
3415 5847 3462 5889 et
3509 5834 3683 5890 Filius
3709 5850 3826 5897 quos
