3982 6218
161 359 265 412 471

140 469 248 524 τῶν
280 466 454 538 ἔργων
497 463 594 518 τοῦ
639 462 886 517 διαϐόλου
934 463 994 515 οὑ
1043 462 1253 534 χωρίζῃ
1298 461 1365 515 δι’
1400 460 1713 520 εὐσέϐειανς

139 559 252 612 Καὶ
285 555 418 626 μὴν,
447 551 700 621 ἀδελφοὶ,
729 550 869 604 κατά
899 550 995 603 τοῦ
1043 551 1117 622 μὴ
1153 549 1505 621 νηστεύοντος
1537 547 1717 616 κρίσις

139 646 237 715 οὐχ
256 643 483 714 ὥρισται
506 657 520 671 ·
555 639 696 693 κατά
720 638 777 691 δὲ
801 637 897 691 τοῦ
925 636 1236 701 ἀδικοῦντος
1257 635 1529 707 τιμωρίαν
1561 634 1719 704 ἠπεί-

136 729 318 799 λησεν.
353 728 433 781 Τά
470 727 738 781 ἀνεύθυνα
786 723 1082 795 φεύγομεν,
1134 723 1228 776 καὶ
1272 725 1342 778 τά
1377 722 1608 776 ὑπόδικα
1653 722 1714 774 οὑ

137 818 438 889 φεύγομενς
479 815 709 885 Ἀγαθὸν
748 817 781 886 ή
812 812 1152 885 ἐλεημοσύνη
1172 830 1185 844 ·
1219 816 1286 884 τῇ
1334 813 1434 882 μὲν
1464 811 1571 882 γάρ
1597 812 1717 880 ὅψει

136 905 542 979 σκορπιζομένη
565 948 579 971 ,
614 907 675 975 τῇ
706 903 761 956 δέ
797 901 1024 973 ἀληθείᾳ
1075 902 1318 969 συνάγει.
1353 901 1561 971 ’Ὠσπερ
1607 900 1717 969 γὰρ

133 994 380 1067 γεωργὸς
410 996 474 1065 τῇ
507 995 577 1064 γῇ
607 991 858 1057 δανείζει,
914 990 1008 1060 ἀφ’
1038 985 1106 1062 ἧς
1135 989 1414 1060 ἐκδέχεται
1449 988 1518 1042 τὰ
1549 987 1718 1058 σπέρ-

137 1099 285 1153 ματα
310 1099 325 1113 ο
359 1074 529 1143 οὕτως
560 1081 594 1151 ή
645 1076 984 1148 ἐλεημοσύνη
1035 1077 1184 1132 δοκεῖ
1211 1078 1310 1148 μὲν
1355 1077 1534 1139 ἄλλοις
1576 1075 1716 1128 δίδο-

135 1169 281 1234 σθαι,
301 1171 366 1240 τῇ
393 1168 451 1221 δέ
474 1166 704 1237 ἀληθείᾳ
730 1164 808 1235 τῷ
830 1163 1084 1218 δεδωκότι
1106 1163 1449 1234 ταμιεύεται.
1469 1163 1716 1232 Ἐσκόρ-

134 1273 277 1311 πισε
303 1256 431 1329 γὰρ,
482 1255 644 1327 φησὶν
676 1256 704 1307 6
749 1250 912 1305 Δαυῒδ
934 1292 948 1317 ,
976 1252 1159 1306 ἔδωκε
1208 1252 1332 1318 τοῖς
1367 1252 1648 1318 πένησιν,
1677 1251 1716 1319 ἠ

131 1342 491 1410 δικαιοσύνη
523 1340 710 1396 αὐτοῦ
749 1340 918 1409 μένει
945 1341 1032 1404 είς
1057 1339 1162 1393 τόν
1185 1338 1393 1393 αίῶνα.
1439 1337 1597 1392 Οῦτω
1623 1355 1719 1409 νη·

134 1429 447 1500 στεύσωμεν
469 1469 484 1493 ,
525 1428 668 1482 οὕτω
716 1429 1206 1499 προσκυνήσωμεν,
1238 1426 1380 1481 οὕτω
1413 1427 1719 1480 πιστεύσω-

137 1535 259 1587 μεν,
289 1517 379 1568 τὸν
413 1515 633 1588 Πατέρα
666 1514 999 1580 δοξάζοντες,
1031 1515 1124 1567 τὸν
1156 1513 1285 1567 Υίδν
1311 1514 1631 1584 ὑμνοῦντες,
1659 1512 1718 1566 τὸ

135 1603 359 1674 Πνεῦμα
383 1602 444 1655 τὸ
471 1603 624 1672 ἆγιον
650 1601 1108 1674 προσκυνοῦντες,
1139 1602 1222 1655 ὅτι
1251 1601 1397 1672 αὐτῷ
1426 1603 1460 1672 ή
1483 1600 1609 1669 δόξα
1639 1603 1719 1665 είς

131 1693 260 1755 τοὺς
292 1691 515 1755 αἰῶνας.
566 1691 763 1762 ⁹Δμήν.

137 1842 252 1900 Τοῦ
279 1843 466 1898 αὑτοῦ
492 1846 576 1910 εὶς
597 1842 713 1912 τὴν
762 1841 1040 1930 πέμπῶτην
1090 1843 1320 1918 ἡμέραν
1354 1842 1463 1912 τῆς
1495 1856 1718 1911 κοσμο-

809 1928 1026 1978 ποιιας.

208 2068 276 2115 α’.
303 2062 478 2115 ιιολλά
504 2062 600 2130 μὲν
635 2062 728 2116 καὶ
755 2062 967 2132 μεγάλα
999 2062 1068 2116 τὰ
1088 2061 1240 2131 παρὰ
1277 2060 1373 2114 τοῦ
1404 2058 1709 2130 φιλανθρώ-

132 2173 240 2208 που
257 2154 390 2208 Θεοῦ
410 2157 520 2218 τοῖς
548 2154 854 2227 ἀνθρώποις
865 2155 1070 2226 δεδωρη
1081 2155 1218 2225 μένα
1236 2171 1248 2184 ·
1271 2153 1460 2224 πρώτη
1481 2153 1536 2205 δὲ
1556 2151 1720 2205 αὑτοῦ

131 2251 230 2304 καὶ
259 2249 491 2320 μεγίστη
523 2247 713 2303 πασῶν
741 2246 961 2319 δωρεῶν
990 2249 1022 2319 ή
1050 2246 1160 2300 τῶν
1196 2246 1430 2318 Γραφῶν
1470 2245 1722 2299 διδασκα-

129 2342 244 2396 λία.
281 2343 465 2404 Ἤλιος
513 2342 610 2413 μὲν
657 2341 767 2412 γὰρ
812 2341 908 2394 καὶ
963 2340 1195 2410 σελήνη,
1246 2341 1340 2393 καὶ
1385 2341 1490 2404 πᾶς
1531 2341 1558 2393 6
1614 2339 1721 2394 τῶν

129 2434 353 2506 ἄστρων
389 2437 566 2508 χορὸς,
615 2437 709 2489 καὶ
756 2435 990 2505 ποταμοὶ
1033 2435 1127 2487 καὶ
1171 2436 1347 2506 πηγαὶ
1393 2434 1486 2486 καὶ
1537 2433 1721 2503 λίμναι

132 2527 274 2598 πρὸς
306 2529 404 2598 τήν
435 2527 544 2580 τῶν
577 2527 844 2598 σωμάτων
871 2527 1169 2598 θεραπείαν
1198 2527 1527 2598 γεγένηνται
1550 2545 1559 2554 ·
1582 2529 1636 2579 αἱ
1664 2527 1721 2579 δέ

130 2624 292 2691 ἆγιαι
315 2622 526 2693 Γραφαὶ
557 2620 692 2692 πρὸς
717 2621 815 2691 τὴν
844 2619 952 2675 τῶν
989 2620 1180 2692 ψυχῶν
1210 2621 1496 2693 διόρθωσιν
1538 2620 1723 2692 ἐδόθη-

130 2733 236 2774 σαν
257 2734 271 2746 ο
330 2715 439 2784 ὅσῳ
467 2715 523 2768 δὲ
578 2713 846 2783 σωμάτων
877 2714 1133 2786 ἀνωτέρα
1154 2713 1322 2785 ψυχὴ,
1348 2713 1586 2782 τοσούτῳ
1615 2714 1723 2767 τῶν

127 2809 312 2864 ἄλλων
337 2806 553 2878 δωρεῶν
592 2806 843 2878 ἀνωτέρα
892 2808 926 2879 ή
958 2806 1067 2860 τῶν
1119 2806 1280 2859 θείων
1315 2805 1564 2875 Γραφῶν.
1624 2805 1722 2857 Διά

130 2900 295 2953 τοῦτο
315 2899 461 2966 λέγει
483 2900 510 2952 6
530 2899 720 2968 Σωτήρ
743 2913 754 2926 °
794 2896 1105 2966 Ἑρευνᾶτε
1124 2897 1231 2963 τὰς
1252 2895 1516 2966 Γραφὰς,
1538 2895 1608 2951 ἐν
1627 2889 1724 2960 αἶς

127 2992 365 3047 δοκεῖτε
405 2991 556 3061 ζωὴν
579 2990 820 3045 αἰώνιον
864 2991 1047 3060 ἐχειν.
1094 2992 1504 3062 Ἐρευνήσωμεν
1545 2989 1724 3042 τοίνυν

126 3085 259 3149 τοὺς
301 3086 606 3156 θησαυροὺς
658 3083 767 3136 τῶν
818 3083 1071 3154 Γραφῶν,
1123 3083 1218 3136 καὶ
1262 3083 1362 3153 τῆς
1392 3082 1723 3150 ἐπαγγελίας

131 3175 429 3246 ἁψώμεθα,
469 3178 563 3228 καὶ
605 3173 696 3228 τοῦ
727 3173 1016 3246 ἀνθρώπου
1042 3175 1139 3244 τὴν
1187 3172 1548 3245 δημιουργίαν
1582 3171 1724 3226 κατὰ

128 3268 367 3338 δύναμιν
417 3269 652 3334 ἐξειπεῖν
705 3267 1163 3337 ἐπιχειρήσωμεν.
1207 3265 1411 3335 Μηδεὶς
1456 3265 1513 3318 δὲ
1567 3265 1724 3318 πάλιν

133 3361 442 3433 μεμφέσθω
468 3364 580 3423 τοῖς
604 3361 740 3430 μετά
757 3359 1042 3430 ἀκριϐείας
1064 3357 1417 3428 ζητουμένοις
1434 3376 1447 3389 ·
1469 3358 1602 3412 ῖδιον
1617 3359 1723 3430 γάρ

126 3453 245 3506 τῶν
272 3452 532 3522 φλυαρεῖν
566 3450 989 3521 ἐπιχειρούντων
1023 3450 1081 3503 τὸ
1111 3449 1429 3520 μέμφεσθαι
1465 3454 1584 3514 ταῖς
1630 3451 1722 3504 τοῦ

128 3544 274 3598 Θεοῦ
329 3544 603 3610 διατάξεσι
653 3544 750 3597 καὶ
803 3542 1054 3611 ἐγκαλεῖν
1101 3544 1214 3605 τοῖς
1260 3542 1398 3613 μετά
1445 3543 1724 3613 ἀκριϐείας

128 3636 730 3708 λεγομένοις.’Πκουσά
751 3653 912 3688 τινων
934 3634 1332 3703 ἐγκαλούντων,
1356 3636 1438 3689 ὅτι
1463 3654 1545 3700 τις
1568 3637 1725 3706 χρεία

131 3722 206 3796 ἧν
229 3729 403 3781 εἰπεῖν
438 3728 565 3796 περὶ
594 3727 766 3797 πυρὸς
799 3726 892 3779 καὶ
924 3726 1146 3790 ὓδατος,
1188 3727 1270 3779 ὅτι
1313 3726 1485 3796 τρίζει
1513 3726 1574 3779 τὸ
1614 3726 1724 3796 πῦρ

131 3819 335 3881 ὕδατος
365 3817 819 3887 ἐπιϐαλλομένους
864 3817 1072 3886 Ἡμεῖς,
1103 3817 1256 3887 φησὶ,
1292 3816 1635 3886 φυσιολογίαν
1664 3817 1725 3871 ού

130 3913 367 3982 θέλομεν
400 3909 707 3981 μανθάνειν,
738 3908 868 3962 ἀλλά
896 3908 1192 3976 θεολογίαν.
1247 3910 1336 3961 Δεῖ
1385 3908 1442 3962 δέ
1493 3907 1722 3974 εἰδέναι,

127 4007 219 4060 ὅτι
249 4004 423 4057 ταῦτα
455 4004 522 4058 τὰ
549 4005 767 4074 ῥήματα
793 4002 976 4075 ἀργῶν
997 4006 1112 4056 ἐστι
1139 4003 1232 4055 καὶ
1264 4002 1541 4074 ῥᾳθύμων.
1574 4004 1727 4058 Μετὰ

126 4100 249 4169 γὰρ
276 4098 377 4168 τὴν
405 4097 680 4164 θεολογίαν
719 4097 752 4166 ή
785 4096 1096 4164 φυσιολογία
1129 4097 1368 4167 κρηπῖδα
1403 4096 1630 4167 παρέχει
1658 4100 1724 4168 τῇ

127 4191 398 4257 εὐσεϐείᾳ
424 4206 435 4218 ·
466 4190 584 4242 εἰδὲ
611 4189 929 4242 ἐκϐάλλουσι
960 4189 1328 4256 φυσιολογίαν,
1359 4190 1726 4257 ἐγκαλείσθω-

129 4302 244 4339 σαν
270 4285 384 4348 τοῖς
407 4284 736 4353 προφήταις,
780 4280 1182 4352 μεμφέσθωσαν
1223 4283 1336 4344 τοῖς
1383 4282 1721 4346 ἀποστόλοις.

140 4375 210 4429 '0
247 4374 567 4437 Ἀπόστολος
597 4373 906 4442 φυσιολογεῖ
928 4391 940 4403 ·
967 4375 1050 4426 Οὐ
1094 4371 1264 4427 πᾶσα
1305 4373 1462 4441 σὰρξ
1492 4375 1530 4442 ἡ
1571 4373 1724 4443 αὐτὴ

127 4466 300 4535 σάρξ
322 4481 336 4496 ⁶
374 4465 510 4520 ἀλλ’
539 4464 696 4531 ἄλλη
732 4465 848 4533 μὲν
880 4464 1036 4534 σὰρξ
1081 4464 1427 4532 ἀνθρώπων,
1461 4465 1619 4532 ἄλλη
1659 4466 1726 4520 δὲ

127 4555 305 4624 σὰρξ
340 4554 594 4620 κτηνῶν,
637 4554 795 4623 άλλη
841 4554 908 4609 δὲ
935 4557 1177 4624 ἰχθύων,
1207 4556 1365 4624 άλλη
1411 4556 1479 4609 δὲ
1537 4571 1722 4611 πετει-

127 4649 296 4705 νῶν·
323 4649 421 4701 καὶ
443 4647 688 4716 σώματα
703 4647 1049 4716 ἐπουράνια,
1087 4651 1183 4705 καί
1206 4651 1451 4720 σώματα
1475 4651 1720 4720 ἐπίγεια.

129 4741 297 4795 Διατί
326 4740 634 4809 φυσιολογεῖ
662 4741 889 4807 Παῦλος,
919 4742 1012 4794 καὶ
1045 4743 1152 4794 ἀπὸ
1176 4743 1450 4812 μουσικῶν
1479 4744 1726 4812 ὀργάνων

129 4835 384 4904 ἐγκαλεῖ,
415 4834 507 4887 καὶ
541 4833 723 4902 λέγει’
755 4832 1028 4888 Τοσαῦτα
1047 4836 1100 4887 εὶ
1131 4836 1324 4904 τύχοι,
1344 4835 1487 4904 γένη
1516 4833 1728 4904 φωνῶν

125 4928 316 4982 ἐστιν
349 4927 417 4980 ὲν
436 4928 661 4994 κόσμῳ,
695 4925 794 4979 καί
814 4925 996 4980 οὐδὲν
1021 4925 1262 4994 άφωνόν
1287 4925 1416 4979 ἐστι
1439 4941 1457 4987 ;
1487 4925 1592 4979 Καί
1618 4925 1722 4994 γὰρ

127 5021 252 5075 ἐὰν
284 5019 516 5086 ἄδηλον
543 5018 754 5087 φωνὴν
785 5017 1055 5088 σάλπιγξ
1089 5017 1192 5084 δῷ,
1222 5020 1315 5085 τίς
1349 5019 1500 5090 [481]
1538 5035 1726 5086 παραυ

128 5111 494 5171 σκευάζεται
509 5113 596 5175 είς
626 5111 928 5178 πόλεμον;
960 5110 1096 5163 Εἴτε
1121 5109 1330 5176 αὐλὸς,
1351 5110 1470 5164 εἴτε
1495 5110 1725 5177 κιθάρα,

129 5204 254 5258 ἐὰν
286 5201 622 5269 διαστολὴν
668 5201 792 5266 τοῖς
827 5203 1109 5270 φθόγγοις
1153 5200 1237 5268 μὴ
1284 5200 1387 5266 δῷ,
1423 5200 1548 5265 πῶς
1582 5219 1729 5268 γνω-

129 5293 441 5358 σθήσεται
475 5292 542 5345 τὸ
567 5293 946 5360 αὐλούμενον
979 5292 1016 5359 ἢ
1056 5293 1123 5344 τὸ
1158 5291 1635 5360 κιθαριζόμενον;
1664 5289 1728 5343 Τί

129 5386 326 5441 κοινὸν
347 5383 486 5454 εἶχεν
504 5389 534 5452 ἡ
553 5385 766 5438 Παύλου
784 5383 1002 5453 γλῶσσα
1015 5385 1150 5456 πρὸς
1177 5384 1334 5438 αὐλὸν
1357 5387 1450 5438 καὶ
1465 5385 1694 5455 κιθάραν
1710 5403 1725 5451 ;

145 5476 326 5529 Ἀλλά
379 5478 688 5545 φυσιολογεῖ
715 5477 821 5529 ἀπὸ
850 5475 956 5528 τῶν
986 5477 1326 5546 φαινομένων
1347 5517 1361 5538 ,
1411 5477 1495 5528 ἵνα
1549 5495 1696 5547 παρα

131 5567 327 5636 στήσῃ
375 5567 440 5619 τὰ
469 5567 751 5637 νοούμενα.
791 5566 885 5630 Τίς
916 5562 984 5637 ἦν
1032 5567 1188 5636 χρεία
1228 5568 1284 5619 ἐν
1315 5569 1380 5638 τῇ
1427 5567 1592 5638 βίϐλῳ
1635 5567 1728 5620 τοῦ

144 5655 281 5711 Ἰὼϐ
335 5657 787 5728 φυσιολογηθῖψαι
840 5656 1123 5720 τοσαῦτα;
1181 5658 1398 5724 Σθένος
1444 5659 1724 5724 λέοντος,

130 5748 322 5821 φωνή
365 5749 648 5818 λεαίνης,
705 5750 998 5821 γαυρίαμα
1049 5748 1392 5819 δρακόντων
1440 5752 1719 5819 ἐσϐέσθη.

1203 346 1289 400 DE
1327 345 1542 402 MUNDI
1581 340 1979 400 CBEATIONE
2015 337 2272 396 ORATIO
2309 337 2373 391 γ.

3291 331 3406 386 472

1828 455 2271 525 Μυρμηκολέων
2299 452 2485 506 ὤλετο
2535 447 2693 516 παρὰ
2740 445 2804 500 τὸ
2855 441 2938 513 μὴ
2987 443 3149 510 ἔχειν
3181 439 3398 508 βοράν.

1821 546 2079 602 Νεοσσοί
2102 544 2170 598 δὲ
2188 541 2396 614 γυπῶν
2416 541 2487 596 τὰ
2515 538 2724 610 ὑψηλά
2756 536 3052 591 πέτονται.
3075 531 3224 586 Διατί
3245 530 3402 595 ἄλλος

1826 640 2112 712 προφήτης
2150 637 2335 705 ἔλεγεν
2355 651 2368 666 ·
2399 636 2509 688 Ὃν
2534 633 2758 702 τρόπον
2793 628 2901 684 ἐὰν
2932 624 3085 693 λάϐῃ
3115 622 3272 680 λέων
3301 622 3400 677 καί

1820 732 2084 803 ἁρπάσῃ,
2119 730 2444 798 καὶβοήσῃ
2473 727 2570 784 ἐπὶ
2599 725 2677 795 τῇ
2708 723 2879 794 θήρᾳ,
2921 722 3016 776 καί
3049 717 3297 786 πλησθῇ
3330 715 3426 770 τάν

1823 835 1931 905 ὄρη
1961 833 2071 904 τῆς
2097 831 2303 902 φωνῆς
2331 829 2553 894 αὐτοῦς
2586 826 2696 882 Καὶ
2741 824 2903 886 αὐτὸς
2940 823 2967 874 6
3000 820 3190 889 Σωτὴρ
3216 832 3404 887 φυσιο-

1821 929 1969 998 λογεῖ
1985 946 1998 960 ·
2027 927 2220 998 Ὁμοία
2240 925 2410 981 ἐστίν
2427 926 2464 993 ἢ
2478 922 2766 988 ,βασιλεία
2786 918 2904 972 τῶν
2923 912 3193 986 οὐρανῶν
3209 911 3405 976 κόκκῳ

1825 1021 2164 1092 σινήπεως,
2219 1021 2250 1074 ὃ
2293 1018 2646 1090 μικρότερον
2691 1013 2808 1084 μὲν
2839 1012 2972 1066 ἐστι
3034 1005 3154 1060 τῶν
3196 1003 3407 1058 ἄλλων

1821 1117 2198 1187 σπερμάτων,
2242 1111 2509 1180 αὑξηθὲν
2552 1108 2640 1173 δὲ,
2679 1103 2880 1176 μεῖζον
2911 1100 3152 1154 πάντων
3179 1096 3405 1166 γίνεται

1821 1209 1941 1264 τῶν
1962 1206 2276 1278 λαχάνων·
2302 1205 2396 1260 καὶ
2423 1202 2614 1256 πάλιν
2645 1197 2842 1269 Ὁμοία
2859 1193 3030 1249 ἐστίν
3055 1192 3090 1259 ἡ
3115 1187 3406 1254 ,Βασιλεία

1820 1304 1940 1359 τῶν
1965 1302 2259 1374 οὐρανῶν,
2285 1301 2368 1367 ὡς
2400 1299 2509 1353 ἐὰν
2533 1288 3019 1364 ἅνθρωποςβάλῃ
3040 1285 3148 1340 τὸν
3173 1283 3407 1350 σπόρον

1822 1399 2031 1463 αὑτοῦ,
2076 1398 2174 1452 καί
2226 1392 2552 1462 ,βλαστάνῃ
2610 1387 2712 1443 καὶ
2744 1385 3112 1457 μηκύνηται,
3163 1378 3244 1443 ὡς
3293 1376 3406 1428 οὐκ

1821 1488 1984 1548 οἶδεν
2034 1490 2250 1556 αὐτός’
2302 1484 2604 1556 αὐτομάτη
2662 1479 2777 1552 γὰρ
2825 1479 2864 1546 ἢ
2913 1474 2988 1546 γῆ
3030 1466 3406 1538 βλαστάνει,

1822 1586 2057 1656 πρῶτον
2079 1584 2318 1654 χόρτον,
2359 1577 2485 1636 εἶτα
2517 1575 2776 1646 στάχυν,
2809 1567 2938 1626 εἶτα
2966 1567 3140 1622 σῖτον
3189 1556 3413 1656 πληροῖ

1822 1652 1892 1733 ἐν
1917 1679 1996 1739 τῶ
2021 1652 2263 1745 στάχυϊ.
2291 1673 2606 1740 Φυσιολογεῖ
2622 1669 2717 1722 καὶ
2747 1666 2839 1719 τὸν
2859 1659 3085 1732 οὐρανὸν
3113 1658 3142 1710 6
3169 1652 3364 1745 Σωτήρ
3388 1667 3403 1682 ·

1835 1772 1978 1826 Ἐὰν
2005 1770 2266 1840 γένηται,
2300 1766 2495 1837 φησὶν,
2541 1767 2573 1818 ό
2612 1758 2868 1830 οὐρανὸς
2909 1754 3088 1823 ὀψίας
3142 1744 3403 1840 πυρῤὐςτ

1820 1834 2048 1933 λέγετε,
2075 1834 2283 1924 Εύδία,
2314 1834 2589 1928 πυρράζει
2625 1854 2732 1924 γὰρ
2758 1854 2790 1906 ό
2831 1844 3119 1916 οὐρανόςο
3151 1838 3251 1893 καί
3284 1834 3405 1892 ὑπὸ

1823 1960 1932 2014 τὸν
1965 1958 2200 2027 ὄρθρον,
2231 1952 2502 2023 Σήμερον
2531 1946 2771 2018 χειμὼν,
2808 1937 3086 2010 πυρράζει
3117 1937 3228 2004 γὰρ
3255 1946 3407 2027 στυ-

1824 2055 2131 2128 γνάζωνό
2175 2050 2452 2119 οὐρανός.
2489 2047 2586 2109 Τίς
2622 2038 2715 2098 οῦν
2747 2038 2905 2111 χρεία
2933 2035 3178 2094 τούτωνς
3216 2026 3404 2132 Ιςαῦτιιι

1822 2153 1965 2218 λέγω
1998 2148 2087 2202 διά
2116 2146 2242 2209 τοὺς
2288 2139 2627 2203 ἀπαιδεύτως
2675 2133 2927 2204 ἐγκαλεῖν
2971 2131 3400 2218 ἐπιχειρούνταῖ

1825 2211 1960 2314 Περὶ
2005 2239 2141 2296 Θεοῦ
2177 2238 2409 2292 κινεῖται
2440 2231 2596 2301 λόγος
2618 2268 2634 2294 ,
2674 2227 2770 2282 καὶ
2809 2222 3029 2294 φεύγεις
3060 2216 3158 2288 τὴν
3199 2211 3404 2314 ἀκριϐῆ

1823 2309 1932 2390 τῶν
1981 2334 2267 2404 δογμάτων
2318 2327 2620 2400 ἀκρόασιν;
2687 2319 2839 2376 Ἐπεὶ⁵
2883 2315 3062 2370 τοίνυν
3122 2309 3404 2404 πρόκειται

1823 2426 1959 2483 Θεοῦ
2014 2402 2197 2496 χάριτι
2246 2423 2325 2486 είς
2382 2418 2481 2488 τὴν
2537 2413 2632 2469 τοῦ
2701 2409 2990 2482 ἀνθρώπου
3041 2402 3406 2496 δημιουργίαν

1824 2493 2128 2586 εἰπεῖνόὺ
2171 2517 2292 2570 κατ’
2341 2512 2498 2580 ἀξίαν
2542 2507 2636 2562 τοῦ
2689 2505 3033 2576 πράγματος,
3085 2498 3218 2552 ἀλλά
3264 2493 3407 2549 κατά

1822 2615 2050 2683 δύναμιν
2077 2611 2173 2682 τὴν
2203 2607 2498 2681 ἡμετέραν,
2543 2597 2854 2668 ἀναγκαίως
2899 2595 2980 2649 είς
3014 2592 3112 2663 τὴν
3150 2587 3407 2642 ὑπόθεσιν

1823 2707 2170 2780 καθήξωμεν.

1897 2810 1962 2880 β’.
1992 2803 2362 2874 Ἐκεκόσμητο
2381 2803 2409 2855 6
2425 2800 2485 2854 ού
2494 2795 2672 2870 ρανὺς,
2688 2791 3031 2861 ἐστεφάνωτο
3046 2786 3164 2880 τοῖς
3169 2783 3408 2880 καρποῖς

1823 2905 1855 2971 ἡ
1898 2875 1999 2971 γῆ,
2046 2896 2300 2967 διώριστο
2342 2893 2411 2947 τά
2434 2892 2534 2961 τῆς
2565 2887 2840 2956 θαλάσσης
2869 2883 3058 2945 ὕδατα,
3104 2875 3406 2971 ἐϐλάστησε

1828 2965 2200 3063 βλαστήματα,
2228 2984 2464 3056 προῆλθε
2495 2981 2565 3034 τά
2603 2980 2771 3046 ἄλογα
2804 2975 2939 3042 ζῶα,
2981 2969 3338 3063 ἐπεπλήρωτο
3365 2965 3406 3063 -ή

1828 3057 2141 3154 οἰκουμένη,
2173 3076 2508 3147 ἐκεκόσμητο
2542 3075 2570 3126 6
2608 3068 2778 3133 οἶκος.
2805 3068 3017 3121 ἔλειπεν
3042 3064 3070 3117 6
3094 3057 3409 3154 οἰκοδεσπό-

1824 3195 1924 3248 της
1948 3148 2166 3229 πτάντων
2190 3171 2299 3225 τῶν
2327 3165 2654 3238 γενομένων.
2684 3158 2870 3215 Εἶπεν
2891 3162 2923 3214 ό
2947 3155 3110 3221 Θεὸς,
3143 3148 3408 3216 Ποιήσω-

1819 3245 1936 3340 μεν
1957 3268 2269 3334 ἄνθρωπον
2294 3262 2420 3315 κατ’
2447 3258 2649 3314 είκόνα
2669 3251 2960 3326 ἡμετέραν
2976 3248 3072 3303 καὶ
3087 3245 3405 3340 γόμοίωσιν.

1838 3358 2078 3429 Ἐδείχθη
2111 3360 2178 3428 τῇ
2210 3352 2510 3426 προτεραίᾳ
2541 3350 2624 3412 τίς
2664 3351 2696 3419 ή
2746 3340 2976 3415 δύναμις
3002 3339 3117 3404 τοῦ,
3149 3333 3411 3429 Ποιήσω-

1820 3472 1955 3526 μεν,
1967 3426 2110 3514 τ-ίνος
2170 3426 2350 3517 λόγος,
2377 3444 2621 3514 καὶπρὸς
2638 3441 2758 3495 τίνα
2772 3442 2798 3494 6
2813 3438 2972 3501 λόγος
2985 3453 2998 3468 ·
3015 3433 3146 3526 τίςό
3169 3426 3408 3526 σύμϐου-

1825 3516 2064 3611 λος,-κ‹ιι)¹
2100 3516 2305 3608 τίνοςή
2357 3537 2510 3609 κοινὴ
2537 3535 2747 3604 σκέψις.
2780 3529 2918 3583 Ἀλλ’
2948 3525 3136 3594 ἐπειδὴ
3168 3519 3275 3574 άπδ
3299 3516 3407 3570 τῶν

1825 3638 2058 3712 Γραφῶν
2077 3635 2398 3708 παρεστήσα
2407 3648 2504 3704 μεν
2526 3624 2826 3699 σύμϐουλον
2852 3622 2948 3692 τῆς
2960 3616 3193 3712 ἀρχαίας
3213 3611 3408 3712 βουλῇς

1825 3705 1916 3785 τδν
1941 3705 2089 3794 Ῠὶδν,
2119 3705 2509 3795 ἐσιωπήσαμεν
2551 3720 2606 3773 δὲ
2649 3717 2741 3771 τοῦ
2772 3714 2927 3782 ἀγίου
2960 3709 3276 3778 Πνεύματος
3308 3705 3408 3772 τὴν

1825 3826 2003 3890 δόξαν,
2035 3824 2122 3875 ἴνα
2180 3820 2255 3892 μή
2305 3815 2557 3889 ἀφορμὰς
2584 3814 2843 3883 δέχωνται
2882 3807 3012 3876 παρ’
3041 3802 3196 3873 ἡμῶν
3229 3801 3408 3892 ὑγιαι-

1826 3918 2024 3972 νόντων
2055 3916 2105 3968 οἱ
2125 3912 2431 3974 νοσοῦντες,
2458 3907 2753 3975 ἀναγκαῖον
2778 3900 2998 3958 εἰδέναι,
3021 3897 3101 3950 ὅτι
3136 3892 3234 3964 μία
3261 3889 3406 3956 δόξα,

1830 4010 1931 4082 μία
1956 4008 2184 4080 γνώμη,
2232 3999 2311 4068 εἷς
2352 4002 2507 4071 λόγος
2549 3995 2786 4067 ἐνεργῶν
2815 3992 2908 4046 τοῦ
2946 3988 3156 4060 Πατρδς
3179 3985 3281 4082 ,καὶ
3309 3981 3408 4082 τοῦ

1829 4075 2091 4157 λ’ίοῦνκαί
2140 4075 2239 4153 τοῦ
2289 4097 2444 4165 ἀγίου
2495 4091 2830 4160 Πνεύματος.
2899 4085 3126 4154 Εἴρηται
3176 4075 3411 4130 ἐνταῦθα

1830 4194 2134 4266 σύμϐουλος
2156 4194 2184 4245 6
2208 4189 2332 4253 Υίός
2356 4205 2371 4222 ο
2404 4181 2640 4254 ἀλλαχοῦ
2677 4183 2913 4254 εἴρηται,
2953 4176 3036 4229 δτι
3077 4172 3177 4266 τὴν
3207 4170 3412 4266 γνῶσιν

1827 4261 1919 4341 τοῦ
1962 4284 2098 4339 Θεοῦ
2140 4282 2316 4342 οὐδεὶς
2359 4277 2518 4343 οἶδεν,
2551 4277 2598 4330 εί
2643 4273 2718 4345 μὴ
2763 4271 2824 4325 τὺ
2866 4268 3090 4337 Πνεῦμα
3133 4263 3193 4316 τὸ
3232 4261 3406 4331 ἆγιον.

1828 4378 1990 4446 Λέγει
2020 4376 2248 4440 Παῦλος,
2266 4374 2346 4427 ὅτι
2370 4369 2577 4434 Οὐδείς
2593 4363 2716 4421 οἶδε
2736 4363 2852 4417 τῶν
2874 4357 3198 4428 ἀνθρώπων
3218 4355 3288 4410 τὰ
3304 4353 3415 4446 τοῦ

1828 4445 2165 4538 ἀνθρώπου,
2197 4467 2249 4519 εὶ
2274 4463 2360 4532 μὴ
2395 4462 2458 4514 τό
2493 4459 2731 4528 πνεῦμα
2759 4454 2864 4510 τοῦ
2903 4450 3218 4520 ἀνθρώπου
3243 4447 3309 4538 τό
3341 4445 3410 4538 ἐν

1827 4535 1988 4625 αὐτῶ
2007 4577 2020 4591 ·
2048 4559 2201 4612 οὕτω
2228 4553 2326 4608 καί
2354 4551 2424 4607 τὰ
2451 4552 2556 4606 τοῦ
2585 4549 2732 4604 Θεοῦ
2755 4544 2953 4612 οὐδεὶς
2983 4540 3225 4605 οἷδεν,εὶ
3240 4537 3324 4606 μὴ
3341 4535 3408 4589 τὸ

1827 4653 2071 4721 Πνεῦμα
2087 4650 2193 4704 τοῦ
2213 4647 2380 4703 Θεοῦ.
2407 4647 2468 4699 El
2488 4645 2548 4698 τὸ
2576 4645 2632 4697 ἐν
2659 4642 2740 4696 σοὶ
2763 4638 2983 4708 πνεῦμα
3003 4635 3280 4705 ἀλλότριον
3309 4633 3410 4704 τῆς

1831 4747 1929 4814 σῆς
1950 4743 2160 4805 οὐσίας,
2204 4741 2297 4794 καὶ
2325 4739 2386 4792 τὸ
2414 4743 2471 4793 ἐν
2491 4737 2568 4808 τῷ
2589 4734 2709 4804 Θεῷ
2745 4729 2972 4800 Πνεῦμα
3000 4727 3279 4797 ἀλλότριον
3310 4724 3409 4796 τῆς

1827 4837 1922 4890 τοῦ
1948 4833 2080 4889 Θεοῦ
2104 4833 2310 4894 οὐσίας.

1901 4933 2156 4988 Βούλεταί
2204 4948 2254 4982 τι
2311 4929 2535 4999 Πατήρ;
2606 4926 2668 4978 'H
2720 4923 2856 4992 αὕτη
2921 4919 3081 4991 βουλὴ
3136 4916 3230 4971 καὶ
3276 4914 3406 4969 Υίοῦ

1829 5028 1922 5082 καὶ
1956 5024 2110 5093 ἁγίου
2149 5021 2481 5089 Πνεύματος.
2531 5014 2786 5071 Βούλεταί
2833 5029 2886 5066 τι
2937 5011 3102 5074 Υίός;
3163 5008 3226 5061 Ἦ
3271 5006 3407 5078 αὐτὴ

1831 5121 1991 5193 βουλὴ
2045 5117 2255 5187 Πατρδς
2304 5113 2398 5168 καὶ
2440 5112 2772 5181 Πνεύματος.
2835 5104 3090 5160 Βούλεταί
3146 5119 3198 5154 τι

1830 5191 2088 5282 Πνεῦμα;
2135 5209 2197 5260 Ἡ
2229 5207 2368 5277 αὑτὴ
2401 5203 2562 5275 βουλὴ
2599 5200 2813 5270 Πατρὸς
2846 5199 2941 5252 καὶ
2976 5194 3125 5248 Υιοῦ.
3172 5191 3406 5261 Ἐγείρει

1828 5309 1856 5359 6
1882 5304 2065 5374 Πατήρ
2093 5303 2219 5365 τοὺς
2249 5298 2507 5371 νε›;ρούς;
2552 5294 2784 5365 Ἐγείρει
2832 5291 2928 5345 καὶ
2958 5293 2986 5344 ό
3016 5288 3160 5352 Υίός.
3188 5286 3353 5374 Λέγει
3380 5284 3407 5335 6

1831 5373 2053 5465 Σωτήρέ
2090 5395 2314 5459 Ὠσπερ
2339 5389 2445 5459 γὰρ
2468 5392 2501 5442 ό
2523 5384 2721 5453 Πατὴρ
2755 5384 2964 5453 ἐγείρει
2988 5379 3128 5444 τοὺς
3156 5373 3406 5465 νεκροὺς

1830 5488 1925 5541 καὶ
1961 5462 2240 5546 ζωοποιεῖ,
2261 5483 2412 5536 οὕτω
2450 5479 2549 5532 καὶ
2577 5480 2609 5532 ὀ
2639 5477 2766 5543 Υἱὸς
2793 5475 2898 5542 οὓς
2926 5473 3083 5528 θέλει
3123 5462 3404 5528 ζωοποιεῖ,

1843 5579 1970 5632 Ἰδοὺ
1996 5579 2028 5649 ή
2050 5576 2208 5646 βουλὴ
2246 5572 2578 5642 συνηγμένη.
2611 5569 2720 5622 Ποῦ
2747 5564 2838 5623 οῦν
2871 5569 2902 5636 ή
2926 5563 3088 5635 βουλὴ
3121 5559 3213 5612 τοῦ
3233 5557 3408 5649 Πνεύῖ-

1835 5683 2000 5738 ματος
2017 5644 2288 5730 .;-¹Ἀκουε.
2329 5661 2515 5715 Ταῦτα
2535 5658 2603 5712 δὲ
2634 5657 2831 5711 πάντα
2854 5651 3083 5722 ἐνεργεῖ
3117 5649 3179 5702 τὸ
3214 5647 3284 5701 ἓν
3308 5644 3406 5700 καί

1840 5761 1902 5813 τὸ
1927 5759 2074 5812 αὐτὸ
2090 5758 2349 5826 Πνεῦμα,
2377 5749 2644 5823 διαιροῦν
2664 5751 2782 5818 ίδίςι
2803 5747 3039 5812 ἑκάστῳ
3061 5739 3390 5810 καθὼςβού-
