3982 6218
165 375 282 432 4ῗ3

169 477 277 532 vult
303 473 517 544 ciciﬁcat
544 472 738 544 (Joan.
764 473 817 528 5.
852 471 913 526 21
941 471 980 541 ).
1011 470 1148 524 Ecce
1191 469 1473 536 conjuncta
1501 466 1756 522 voluntas.

177 567 276 625 Ubi
298 581 424 636 ergo
452 566 694 619 voluntas
723 562 994 632 Spiritus?
1023 559 1176 614 Audi.
1211 558 1337 612 Ila'c
1378 569 1547 612 autent
1591 560 1759 610 onmia

175 667 411 726 operatur
464 671 592 708 unus
620 663 766 722 atque
813 653 944 705 idem
994 651 1239 718 Spiritus,
1278 649 1504 704 dividens
1550 647 1760 718 singulis

180 757 325 817 prout
353 747 456 800 vult
485 745 577 815 (1.
628 746 744 798 (.or.
780 747 866 800 12.
893 745 946 797 Il
977 744 1015 810 ).
1048 740 1220 797 Unum
1251 755 1473 810 regnum
1506 740 1677 794 Patris
1706 750 1756 794 et

181 836 298 891 Filii
324 845 378 891 et
400 835 628 905 Spiritus
655 834 844 889 sancti.
870 832 1122 902 Coarguit
1148 841 1322 886 autem
1353 831 1494 885 Deus
1529 844 1643 893 eos,
1671 829 1760 898 qui

182 928 298 985 sine
322 927 590 981 voluntate
631 925 723 979 Dei
765 923 964 993 aliquid
1011 938 1167 992 agere
1219 931 1500 976 conantur.
1553 921 1641 973 Ait
1671 935 1762 986 pur

185 1015 494 1086 prophetam
531 1033 544 1068 :
588 1014 674 1068 Vae
701 1014 794 1081 filii
839 1013 1131 1077 desertores,
1169 1012 1288 1064 dicit
1337 1010 1604 1064 Dominus.
1660 1009 1761 1062 Fe-

184 1109 320 1163 cistis
349 1107 632 1171 consilium,
665 1121 766 1158 non
792 1121 880 1175 per
908 1119 1005 1169 me,
1039 1115 1083 1157 et
1111 1104 1318 1172 foedera,
1343 1119 1440 1156 non
1471 1120 1557 1171 per
1589 1102 1760 1171 Spiri-

187 1213 295 1252 tum
337 1215 502 1252 meum
552 1197 714 1268 (Isai.
748 1198 836 1252 50.
887 1198 908 1249 1
936 1196 976 1266 ).
1006 1196 1160 1250 Οῗατυ
1185 1205 1421 1250 sanctam
1447 1197 1762 1249 Trinitatem

185 1297 608 1343 commonstrans
629 1289 834 1341 dicebat
861 1287 1146 1344 Zacharias
1170 1286 1425 1355 pr0pheta
1445 1287 1554 1356 (c):
1587 1307 1605 1338 ι
1623 1286 1765 1341 Cou-

187 1378 450 1432 lortentur
471 1394 654 1430 manus
678 1377 989 1441 Zorobabel,
1019 1377 1144 1430 dicit
1173 1376 1448 1437 Dominus,
1478 1385 1530 1430 et
1553 1376 1764 1430 coal‘or-

188 1480 366 1525 tentur
407 1485 593 1523 manus
633 1469 859 1524 Josedec
893 1468 1202 1532 sacerdotis,
1241 1477 1295 1522 et
1327 1485 1512 1522 manus
1555 1470 1759 1537 populi,

183 1564 306 1628 quia
341 1576 439 1630 ego
477 1562 746 1615 vobiscum
793 1576 929 1624 sum,
976 1559 1100 1613 dicit
1149 1559 1422 1623 Dominus,
1453 1571 1504 1612 et
1534 1560 1762 1613 Verbum

186 1670 362 1710 meum
404 1654 631 1715 bonum;
661 1652 955 1721 etSpiritus
985 1665 1134 1704 meus
1181 1650 1231 1702 iit
1265 1649 1439 1703 medio
1474 1660 1704 1703 vestrum
1739 1668 1758 1701 ι

185 1745 354 1818 (Agg.
393 1745 446 1798 2.
477 1747 528 1800 5.
562 1745 649 1815 6).
682 1746 944 1799 Praeterea
991 1759 1134 1808 vero,
1179 1742 1392 1807 fratres,
1435 1744 1765 1812 regeneratio

184 1845 368 1889 nostra
393 1836 677 1890 creationis
704 1834 1058 1888 testimonium
1090 1844 1190 1887 est.
1217 1833 1326 1887 Nisi
1366 1833 1592 1903 Spiritus
1624 1835 1764 1888 Patri

180 1937 238 1980 et
283 1926 418 1980 Filio
445 1941 666 1980 consors
690 1925 872 1980 luisset
903 1927 952 1978 in
982 1925 1275 1988 creatione,
1319 1940 1491 1994 neque
1524 1925 1678 1978 fuerit
1710 1926 1761 1978 itt

183 2017 604 2087 rrgeneratione.
636 2017 912 2082 Quir-modo
942 2015 1307 2084 baptizamur?
1340 2016 1402 2068 ln
1437 2019 1635 2069 nomine
1661 2015 1767 2070 Pa-

182 2109 274 2160 tris
313 2117 357 2159 et
389 2105 513 2159 Fiiii
538 2118 583 2159 et
625 2107 849 2176 Spiritus
894 2110 1050 2160 sancti
1101 2109 1328 2178 (Matth.
1358 2108 1446 2163 28.
1483 2110 1603 2178 19).
1637 2109 1766 2174 Quae

184 2197 356 2266 major
381 2198 678 2266 generatio,
706 2212 772 2250 an
817 2198 1122 2264 creationis,
1172 2214 1235 2251 au
1286 2200 1628 2254 initiationis?
1658 2202 1768 2255 Illic

183 2289 498 2357 principium
527 2289 647 2343 vita:
675 2290 726 2342 in
758 2301 1003 2354 mortem,
1037 2291 1120 2341 hic
1154 2292 1465 2359 principium
1500 2293 1685 2345 mortis
1712 2293 1765 2345 in

180 2381 366 2434 vitam.
399 2379 496 2447 Qui
527 2395 652 2451 ergo
685 2381 796 2435 licri
824 2389 1016 2450 potest,
1049 2395 1104 2435 ut
1127 2385 1354 2450 Spiritus
1379 2393 1594 2439 sanctus
1623 2386 1670 2438 in
1701 2401 1766 2439 co

180 2471 328 2539 quod
361 2473 531 2540 majus
557 2480 640 2527 est
667 2489 886 2528 eoosors
914 2476 980 2527 sit
1007 2475 1176 2528 Pattit
1221 2485 1274 2529 et
1306 2476 1454 2540 Filii;
1490 2478 1539 2530 in
1570 2494 1762 2546 corpo-

182 2563 280 2615 rali
304 2573 480 2617 autem
499 2567 768 2619 creatione
784 2582 811 2618 a
835 2569 1097 2620 connuuni
1122 2568 1377 2636 dignitate
1402 2572 1764 2624 removeatur?

183 2655 482 2723 Numquam
527 2656 726 2710 conditi
778 2659 1079 2722 fuissemus,
1119 2659 1218 2710 nisi
1265 2673 1294 2710 a
1337 2658 1537 2726 Spiritu
1582 2670 1765 2713 sancto

183 2744 398 2797 formati
429 2760 686 2799 essemus.
715 2747 780 2800 Et
809 2749 929 2816 quia
961 2749 1012 2800 in
1067 2748 1236 2816 prima
1276 2750 1546 2802 creatione
1589 2750 1766 2803 socius

180 2844 267 2887 est
294 2833 463 2888 Patris
508 2846 561 2890 et
608 2836 747 2900 Filii,
785 2839 1026 2891 similiter
1071 2847 1126 2890 et
1163 2839 1214 2890 in
1255 2838 1570 2907 baptismate
1592 2839 1766 2893 socius

181 2933 267 2975 est
290 2934 342 2976 et
362 2925 590 2992 adjutor.
619 2927 819 2981 ltursus
840 2927 896 2980 in
925 2927 1314 2983 resurrectione
1355 2926 1465 2981 llet-i
1492 2928 1674 2997 nequit
1714 2938 1768 2982 ttt

183 3029 287 3070 nos
313 3015 418 3069 alio
453 3017 610 3071 modo
637 3032 997 3088 resurgamus,
1020 3034 1178 3088 quam
1209 3019 1366 3074 Patre
1385 3020 1611 3084 volente,
1635 3019 1767 3074 Filio

181 3115 543 3172 cooperante,
590 3115 645 3159 et
693 3106 890 3174 Spiritu
938 3118 1121 3161 saneto
1160 3110 1402 3162 virtutem
1459 3120 1764 3177 praestante.

182 3196 324 3248 Audi
381 3197 658 3250 Dominum
722 3200 1021 3263 dicentem;
1079 3207 1221 3254 recte
1277 3201 1386 3254 dixi
1443 3202 1767 3254 Dominum:

181 3287 396 3341 etiamsi
432 3291 572 3342 enim
604 3290 748 3343 Pauli
796 3306 890 3343 vox
924 3293 1012 3356 sit,
1047 3291 1250 3344 Domini
1287 3302 1462 3346 tamen
1493 3304 1572 3348 cst
1605 3312 1616 3346 :
1645 3295 1768 3349 licet

181 3377 331 3429 enim
361 3393 423 3431 ex
457 3379 568 3445 ipso
596 3380 778 3434 audire
804 3398 816 3432 :
858 3382 932 3432 An
957 3382 1348 3448 experimentum
1375 3385 1596 3452 qua’ritis
1635 3387 1762 3454 ejus,

179 3467 271 3533 qui
295 3467 346 3518 in
371 3485 446 3521 me
476 3469 710 3534 loquitur,
735 3470 921 3523 Christi
949 3470 1039 3540 (9..
1067 3471 1182 3524 Cor.
1227 3474 1312 3527 15.
1340 3473 1437 3543 5)?
1481 3475 1567 3527 Ait
1613 3474 1768 3544 igitur

182 3556 239 3608 in
286 3556 446 3610 Paulo
495 3559 715 3627 loquens
750 3578 760 3612 :
804 3578 820 3609 ι
854 3559 956 3612 Vos
987 3570 1163 3614 autem
1199 3577 1302 3614 non
1338 3563 1464 3616 estis
1493 3564 1543 3616 in
1575 3579 1766 3629 carne,

179 3646 279 3700 sed
306 3647 354 3698 in
373 3648 560 3714 Spiritu
591 3668 601 3702 :
627 3649 667 3701 si
692 3650 901 3717 quidem
925 3650 1152 3719 Spiritus
1176 3653 1265 3705 Dei
1295 3653 1496 3708 habitat
1519 3657 1570 3708 in
1598 3657 1765 3708 vobis.

181 3738 243 3790 Si
268 3739 388 3806 quis
409 3748 583 3794 autem
613 3741 866 3810 Spiritunt
897 3743 984 3795 Dei
1018 3759 1120 3796 non
1159 3744 1368 3808 habeat,
1415 3745 1499 3799 hic
1537 3763 1640 3798 non
1690 3755 1769 3800 est

176 3831 323 3899 ejus.
369 3832 424 3886 Si
465 3840 640 3887 autem
679 3834 922 3889 Christus
945 3835 996 3888 itt
1029 3837 1174 3890 \obis
1204 3845 1303 3901 est,
1338 3852 1529 3906 corpus
1555 3839 1765 3907 quidem

180 3932 454 3980 mortuum
484 3935 566 3980 est
610 3940 828 3996 propter
878 3937 1148 3996 peccatum
1180 3968 1195 3993 ,
1245 3929 1464 3996 Spiritus
1503 3945 1626 3984 vero
1663 3932 1766 3985 vita

182 4024 405 4084 propter
425 4016 706 4084 justitiam.
730 4018 878 4085 Quod
906 4020 948 4070 si
981 4019 1208 4087 Spiritus
1235 4022 1347 4088 ejus
1375 4023 1464 4088 qui
1495 4026 1768 4078 suscitavit

178 4104 454 4158 Christum
488 4106 690 4160 habitat
719 4109 769 4161 in
803 4109 973 4172 vobis,
1006 4110 1092 4175 qui
1123 4111 1401 4164 suscitavit
1438 4112 1704 4167 Christum
1736 4131 1765 4169 a

179 4197 413 4250 mortuis
435 4197 714 4251 vivilicabit
737 4208 790 4252 et
810 4200 1051 4253 mortalia
1078 4214 1296 4269 corpora
1325 4211 1520 4268 vestra,
1552 4216 1767 4273 propter

179 4285 566 4340 inhabitantem
597 4288 667 4355 Sp
691 4288 850 4341 ritum
877 4289 990 4355 ejus
1013 4289 1063 4342 in
1087 4291 1232 4343 vobis
1258 4311 1275 4342 ι
1303 4290 1477 4358 (Rom.
1507 4293 1558 4346 8.
1588 4293 1763 4363 9-H).

178 4375 349 4430 Extra
398 4375 607 4430 Patrem
660 4387 714 4432 et
761 4378 956 4432 Filium
1006 4388 1060 4432 et
1110 4379 1364 4450 Spiritum
1399 4394 1639 4435 sanctum
1670 4399 1766 4438 nec

177 4467 356 4535 prima
388 4468 586 4522 creatio
611 4477 711 4534 est,
761 4483 857 4523 nec
910 4470 1140 4525 secunda
1193 4473 1482 4540 generatio,
1535 4489 1630 4527 ncc
1674 4490 1768 4543 po-

173 4565 383 4610 strema
407 4560 746 4613 resurrectio.
797 4558 1068 4613 Faciamus
1103 4563 1373 4616 hominem.

250 4649 308 4705 3.
340 4649 436 4706 llic
480 4650 590 4718 jam
639 4666 732 4706 eos
768 4653 856 4721 qui
901 4653 1296 4721 reprehendunt
1329 4660 1760 4724 praemonuimus.

172 4741 425 4794 Hominis
460 4743 744 4810 appellatio
808 4743 1062 4798 llcbraica
1132 4747 1306 4814 lingua
1353 4747 1524 4815 ignem
1566 4749 1763 4817 signiti-

170 4840 266 4884 cat
415 4831 510 4886 llic
532 4833 763 4886 animum
783 4833 995 4897 adhibe,
1018 4853 1085 4903 qu
1106 4852 1198 4888 cso
1220 4854 1231 4888 :
1253 4839 1339 4904 qui
1369 4838 1576 4890 sincere
1594 4838 1760 4904 audit,

170 4928 365 4990 utpote
388 4923 624 4976 veritatis
654 4925 854 4977 amicus
875 4925 1207 4988 etaluntnus,
1233 4927 1458 4982 salutem
1485 4931 1762 4996 consequi-

171 5021 267 5064 tur
295 5029 309 5064 :
337 5011 427 5080 qui
457 5027 582 5066 vero
615 5013 806 5081 iniquis
832 5022 912 5067 est
939 5015 1176 5076 auribus,
1207 5031 1310 5068 non
1343 5018 1533 5084 quaerit
1565 5019 1616 5070 in
1657 5034 1761 5086 quo

167 5103 461 5157 utilitatem
489 5106 734 5172 accipiat,
761 5105 853 5160 sed
883 5106 933 5158 in
963 5121 1069 5175 quo
1105 5108 1433 5160 criminetur.
1471 5108 1638 5163 llomo
1661 5110 1763 5163 lle-

169 5194 358 5245 liraica
375 5191 598 5247 dialecto
618 5195 752 5262 ignis
771 5195 979 5249 dicitur.
1004 5197 1112 5249 lloc
1134 5212 1328 5251 nomen
1350 5213 1449 5251 non
1470 5203 1583 5253 sine
1604 5215 1760 5253 causa

167 5285 406 5338 inditum
433 5294 515 5338 est
539 5285 742 5338 Adzuuo
790 5305 802 5338 :
838 5287 928 5339 sed
965 5295 1192 5354 quatuor
1232 5298 1357 5341 sunt
1398 5289 1656 5343 elementa
1707 5292 1757 5344 iit

162 5371 378 5428 mundo
406 5372 653 5442 (rursum
681 5375 747 5427 de
777 5374 931 5428 rebus
958 5390 1055 5444 ago
1088 5379 1438 5440 naturalibus,
1473 5380 1633 5432 velint
1667 5396 1759 5433 no-

235 5503 315 5570 (ᾳ)
347 5508 493 5570 locus
515 5505 690 5570 citatus
714 5512 787 5552 est
807 5504 974 5570 Aggagi
997 5543 1008 5560 ,
1039 5513 1091 5553 ut
1132 5506 1275 5570 nihlia
1318 5508 1512 5558 adeunti
1555 5511 1756 5570 patebit.

239 5563 318 5623 (b)
353 5563 452 5629 .V'iri
491 5564 749 5629 appellatio
786 5563 1016 5614 Ilebi'aica
1056 5569 1241 5629 acet-dit
1281 5570 1336 5615 ad
1379 5571 1502 5629 ignis
1541 5563 1753 5620 nomen:

158 5630 286 5677 2“}:
329 5623 399 5672 vir
437 5623 670 5672 Hebraice
708 5627 1009 5684 dicitur-Avis
1050 5628 1186 5689 ignis.
1217 5630 1304 5676 sed
1329 5632 1366 5676 si
1396 5623 1547 5690 ipsum
1582 5646 1756 5681 nomen

162 5700 297 5748 cas:
320 5692 465 5741 Adam
482 5693 581 5742 vult
604 5693 662 5742 ad
683 5696 810 5753 ignis
833 5710 1007 5746 nomen
1033 5699 1288 5757 accedere,
1305 5699 1448 5762 longe
1469 5709 1596 5750 errat
1614 5711 1756 5751 Seve-

161 5775 354 5814 riguus.

1219 353 1304 408 DE
1341 347 1554 407 MUNDI
1591 346 1981 405 CREATIONE
2020 349 2271 404 ORATIO
2317 350 2376 404 ν.

3324 372 3437 429 474

1867 466 2002 526 lint)
2039 475 2422 537 :terra,aqna,
2467 480 2573 530 at-r,
2629 466 2781 535 ignis.
2842 468 3045 521 (Ia-tera
3091 467 3350 521 elementa
3394 478 3450 522 ttt

1865 565 2216 612 suntmanent
2239 573 2252 620 ;
2277 555 2502 624 exempli
2526 571 2704 619 causa,
2724 556 2766 608 si
2797 566 2948 609 terra:
2975 557 3184 624 glebam
3206 570 3450 625 sumpse-

1869 649 1961 712 ris,
1992 662 2093 701 non
2125 658 2276 716 potes
2299 663 2364 701 ex
2388 663 2446 701 ea
2487 663 2644 716 quant
2689 658 2836 702 tenes
2877 649 3084 715 glebam
3130 663 3400 717 apponere
3435 666 3448 700 :

1867 754 1994 808 ergo
2025 738 2068 791 si
2098 738 2306 807 glebam
2331 739 2642 806 sumpseris,
2669 739 2721 792 id
2748 747 2925 792 tnanet
2954 741 3092 807 quod
3120 751 3220 792 est.
3245 742 3454 805 Aquam

1869 844 2078 882 rursum
2105 827 2151 882 si
2177 843 2421 882 mensura
2450 830 2672 896 quadam
2705 830 2996 896 sumpseris
3015 871 3028 893 ,
3059 840 3234 882 manet
3263 830 3452 883 eadem

1868 935 2025 989 aqua,
2058 930 2402 987 augmentum
2433 935 2536 972 non
2560 921 2772 985 accipit.
2811 925 2947 974 Aere
2977 921 3019 973 si
3071 930 3240 973 utrem
3278 920 3451 988 reple-

1869 1013 2030 1075 v.-ris,
2078 1012 2237 1062 alimn
2283 1020 2454 1062 utrem
2486 1025 2550 1062 ex
2580 1011 2669 1063 illo
2711 1011 2931 1077 implere
2968 1027 3072 1065 non
3109 1021 3279 1079 poles.
3318 1011 3456 1079 Ignis

1868 1119 1994 1158 vero
2023 1118 2127 1156 non
2156 1113 2334 1156 manet
2365 1102 2536 1169 qualis
2565 1112 2663 1155 est.
2698 1103 2862 1155 Parva
2886 1103 3193 1156 accenditur
3215 1105 3453 1163 lucerna,

1870 1196 2279 1266 innumerasque
2299 1212 2365 1248 cx
2398 1196 2482 1248 illa
2513 1194 2652 1248 faces
2678 1195 2944 1257 accendis,
2992 1196 3248 1265 integram
3281 1196 3456 1249 forna-

1869 1301 2006 1351 cem,
2043 1286 2310 1340 ﬂammam
2361 1287 2649 1355 ingentem,
2705 1300 2805 1340 nec
2855 1294 3036 1339 manet
3087 1287 3225 1354 ignis
3268 1287 3453 1339 eadem

1871 1378 2058 1442 forma,
2089 1378 2182 1432 sed
2211 1378 2594 1446 quantumlibet
2621 1380 2895 1431 materiam
2925 1379 3270 1446 corripuerit,
3300 1395 3456 1431 exsu-

1871 1472 2144 1538 perantins
2165 1483 2406 1540 augetur.
2436 1471 2567 1524 Cum
2604 1472 2875 1538 pra-sciret
2913 1487 3040 1540 ergo
3071 1471 3226 1531 Deus.
3261 1487 3322 1524 ex
3353 1488 3458 1524 uno

1871 1577 2097 1629 oorpore
2121 1563 2350 1615 humano
2381 1563 2661 1632 replendus
2710 1579 2830 1618 esse
2878 1564 3023 1617 orbis
3056 1565 3311 1618 terminos
3340 1565 3455 1631 (Iu-

1872 1667 2030 1705 cerna
2063 1653 2256 1720 quippe
2290 1668 2390 1706 una
2421 1665 2496 1706 tot
2536 1655 2778 1707 accendit
2802 1654 2962 1715 faces.
2994 1667 3214 1722 eratque
3241 1656 3454 1719 oriens,

1872 1743 2142 1809 occidens,
2186 1746 2480 1810 septentrio
2511 1754 2562 1797 et
2592 1745 2841 1798 meridies
2866 1748 2913 1812 ),
2941 1762 3132 1798 nomen
3163 1745 3353 1798 indidit
3380 1747 3457 1799 rei

1872 1845 2308 1890 consentaneum.
2344 1836 2546 1890 Idcirco
2577 1839 2746 1905 ipsum
2789 1837 2976 1890 Adatni
3024 1852 3215 1890 nomen
3273 1841 3459 1904 pignus

1872 1935 1987 1979 erat
2013 1926 2157 1978 orbis
2191 1937 2472 1980 terrarum.
2509 1927 2639 1991 Quia
2677 1927 2822 1979 enim
2852 1926 3082 1980 lulurum
3109 1939 3221 1980 erat
3253 1937 3307 1979 ut
3332 1942 3462 1994 qua-

1875 2028 1992 2070 tuor
2030 2018 2241 2072 climata
2267 2033 2333 2071 ex
2369 2019 2483 2085 ipso
2515 2018 2883 2085 implerentur,
2919 2018 3142 2085 imponit
3171 2019 3218 2072 ei
3263 2035 3458 2071 nomen

1874 2109 2042 2162 Adam
2071 2126 2084 2161 ἔ
2115 2116 2244 2180 ei)?“
2268 2111 2473 2169 ἀνατολὴ
2497 2150 2508 2172 ,
2537 2110 2717 2163 oriens
2744 2151 2757 2174 ,
2791 2115 2930 2162 δέλτα
2965 2116 3089 2167 auat;
3115 2151 3129 2174 ,
3181 2110 3454 2171 tiCCldClIS,

1871 2210 1924 2256 ἄ)
1936 2226 1996 2272 ,16:
2020 2209 2204 2273 ἄρκτος,
2229 2204 2539 2271 septentrio,
2566 2215 2628 2263 μῦ
2653 2214 2936 2271 μεσημϐρία,
2960 2204 3231 2256 meridies.
3265 2204 3330 2256 ΕΙ.
3355 2220 3456 2255 no-

1875 2310 1995 2347 men
2031 2294 2265 2348 etliterte
2291 2293 2658 2358 testificantur,
2690 2295 2956 2348 hominem
2981 2296 3307 2363 repleturum
3339 2310 3458 2347 esse

1873 2387 2055 2439 orbem
2087 2397 2368 2440 terrarum.
2403 2387 2630 2440 Vocatur
2655 2403 2780 2457 ergo
2805 2387 3059 2441 llcbraica
3095 2389 3268 2456 lingua
3303 2388 3456 2455 ignis.

1872 2480 2002 2543 Quia
2052 2479 2209 2546 igitur
2251 2479 2383 2546 ignis
2422 2479 2827 2546 appellationem
2872 2478 3050 2543 habet,
3103 2494 3206 2531 non
3258 2479 3463 2531 dubitat

1873 2573 2145 2640 Scriptura
2175 2571 2332 2624 etiam
2355 2572 2569 2638 angelos
2588 2571 2832 2623 homines
2851 2585 3058 2624 vocare.
3081 2569 3303 2634 Quando
3318 2570 3459 2621 enim

1875 2671 2132 2717 venerunt
2161 2661 2319 2714 Maria
2361 2670 2413 2714 et
2444 2661 2602 2714 sccite
2629 2659 2879 2712 mulieres
2911 2658 2977 2712 ad
3012 2669 3410 2711 monumentum
3445 2699 3459 2722 ,

1873 2755 2000 2808 dicit
2033 2773 2042 2805 :
2071 2752 2201 2806 Ecce
2242 2753 2540 2805 adstiterant
2579 2751 2680 2804 illis
2730 2753 2830 2804 duo
2879 2753 2970 2804 viri
3015 2750 3170 2820 (Luc.
3226 2751 3313 2804 21.
3363 2751 3459 2819 4).

1877 2847 2245 2900 Erautautetn
2290 2845 2480 2912 angeli.
2528 2845 2629 2912 Ipsi
2675 2859 2802 2898 vero
2837 2845 3008 2914 angeli
3059 2858 3267 2912 quoque
3329 2844 3463 2911 ignis

1876 2947 2129 2992 vocantur
2158 2956 2170 2990 :
2202 2953 2345 3002 nam,
2376 2937 2473 3002 Qui
2501 2938 2620 3006 facit
2659 2938 2863 3006 angelos
2892 2955 3006 2990 suos
3037 2938 3262 3004 spiritus,
3291 2947 3334 2988 et
3376 2937 3465 2987 nti-

1874 3034 2056 3084 nistros
2085 3047 2202 3084 suos
2228 3031 2392 3100 ignem
2421 3040 2642 3082 urentent
2667 3024 2834 3092 (Psal.
2870 3030 2985 3083 105.
3017 3031 3097 3097 Al).
3127 3029 3281 3082 Viros
3311 3039 3465 3082 vocat

1876 3123 2012 3186 illus,
2045 3125 2167 3191 quia
2195 3136 2529 3174 communem
2560 3121 2890 3174 habentcum
2921 3121 3133 3173 ltomine
3167 3120 3458 3175 notionem.

1877 3215 2076 3284 Ecquid
2124 3214 2356 3268 mirum?
2386 3214 2502 3281 Ipse
2553 3214 2692 3267 Deus
2725 3224 2940 3266 vocatur
2970 3214 3122 3279 ignis,
3153 3223 3370 3266 vocatur
3402 3223 3454 3264 et

1877 3307 2054 3360 homo.
2087 3308 2176 3360 Ait
2202 3307 2453 3360 Serv-ator
2479 3305 2544 3358 de
2573 3305 2730 3358 Patre
2757 3321 2854 3357 suo
2883 3326 2892 3356 :
2927 3304 3092 3356 Homo
3129 3305 3331 3372 quidam
3354 3313 3459 3355 erat

1877 3396 2259 3467 paterfamilias,
2282 3397 2364 3465 qui
2392 3397 2630 3462 plantavit
2653 3395 2865 3447 vineam.
2895 3393 2956 3445 Et
2981 3395 3112 3446 misit
3139 3410 3302 3446 servos
3321 3409 3458 3456 suos,

1876 3499 1919 3540 tt
1950 3488 2099 3541 occisi
2126 3497 2239 3539 sunt
2266 3487 2391 3539 servi
2417 3485 2634 3555 (Matth.
2661 3485 2752 3538 21.
2776 3485 2862 3538 55.
2897 3501 3001 3552 sqq.
3032 3487 3069 3552 ).
3105 3483 3272 3551 thue
3301 3499 3451 3535 com-

1878 3580 2068 3646 pcndio
2095 3578 2264 3632 dicam
2295 3596 2304 3630 :
2340 3577 2404 3630 Et
2435 3577 2559 3630 dixit
2585 3577 2732 3629 homo
2761 3576 2866 3640 ille,
2905 3576 3082 3627 Adhuc
3113 3591 3267 3626 unum
3297 3575 3462 3640 filiuni

1875 3671 2280 3734 habeo;mittam
2309 3669 2474 3732 illum,
2514 3670 2556 3721 si
2601 3672 2730 3737 forte
2776 3676 3111 3719 revereantur.
3165 3665 3302 3730 Quid
3354 3666 3455 3717 sibi

1876 3764 1982 3815 vult
2038 3777 2230 3816 nomen
2290 3764 2448 3816 homo
2503 3777 2597 3830 pro
2650 3760 2866 3814 nomine
2905 3760 3126 3813 divino?
3169 3759 3284 3812 Non
3317 3759 3459 3811 enim

1874 3853 2006 3906 dixit
2037 3851 2339 3919 parabolam
2381 3871 2392 3904 :
2441 3867 2545 3904 non
2575 3850 2726 3912 dixit,
2774 3849 2953 3903 Simile
2999 3859 3110 3913 est;
3142 3849 3257 3912 sed,
3291 3847 3460 3900 llonto

1872 3942 2074 4010 quidant
2097 3952 2222 3993 erat.
2253 3940 2456 3995 Idcirco
2485 3939 2692 4008 Moyses
2718 3957 2730 3991 :
2763 3938 2903 3992 Deus
2930 3949 3094 3991 noster
3123 3939 3251 4007 ignis
3278 3954 3462 3990 consu-

1875 4052 2010 4088 mens
2037 4035 2054 4106 (
2080 4034 2226 4088 Deut.
2257 4035 2310 4087 4.
2343 4033 2412 4087 24
2431 4034 2470 4103 ).
2496 4032 2738 4087 Salvator
2754 4047 2963 4100 quoque
2989 4039 3262 4099 postquam
3295 4046 3459 4082 vene-

1874 4135 1954 4178 rat
1982 4125 2110 4179 dicit
2143 4142 2154 4175 :
2185 4123 2363 4194 Ignem
2385 4124 2494 4176 veni
2513 4124 2704 4175 mittere
2733 4123 2783 4173 in
2812 4123 3030 4190 terram(
3055 4119 3182 4173 Luc.
3217 4119 3302 4173 1‘2.
3327 4120 3394 4173 49
3418 4127 3456 4186 ).

1874 4215 2101 4268 Adhibet
2127 4214 2303 4282 itaque
2327 4228 2517 4266 nomen
2548 4212 2622 4265 rei
2650 4219 3086 4264 consentaneum.
3113 4212 3457 4278 Quattquui-

1872 4305 1994 4357 deni
2052 4303 2208 4372 ignis,
2255 4312 2312 4356 ut
2330 4303 2438 4371 jam
2470 4302 2599 4368 dixi,
2629 4317 2690 4355 ex
2736 4316 2900 4370 parvo
2927 4316 3149 4368 magnus
3179 4301 3377 4366 evadit,
3409 4314 3462 4354 ct

1873 4394 2033 4449 homo
2054 4409 2083 4447 a
2132 4409 2299 4464 parvo
2341 4394 2524 4448 orbem
2560 4402 2819 4446 terrarmn
2849 4392 3105 4462 implevit,
3133 4402 3349 4445 vocatus
3381 4406 3463 4446 est

1875 4486 2032 4540 homo
2080 4486 2244 4555 ignis,
2275 4501 2369 4553 per
2396 4485 2545 4548 illttd,
2579 4484 2852 4538 Faciamus
2880 4485 3169 4538 hominem:
3199 4502 3318 4538 naut
3352 4485 3458 4539 lit--

1873 4579 2050 4633 braice
2073 4589 2154 4633 est
2183 4597 2194 4631 :
2229 4578 2504 4631 Faciamus
2533 4581 2714 4648 ignem.

1942 4673 2128 4728 Contra
2145 4672 2682 4741 Ant/tmpomorphitas
2703 4688 2719 4724 :
2737 4673 2870 4725 Deus
2889 4691 2988 4725 non
3008 4673 3449 4726 circumscribat”.

1871 4797 1938 4804 —-
1966 4764 2239 4817 Faciamus
2285 4766 2536 4818 hominem
2581 4767 2649 4817 ad
2694 4768 2964 4835 imaginem
3014 4777 3259 4818 nostram.
3307 4766 3454 4820 Multi

1872 4857 2151 4909 stultorum
2175 4865 2226 4908 et
2249 4856 2612 4923 imperitorum
2637 4865 2905 4924 putarunt,
2933 4857 3201 4909 hominem
3231 4857 3296 4910 ad
3324 4857 3456 4910 ima-

1869 4948 2045 5016 ginem
2073 4948 2162 5000 Dei
2195 4962 2334 5009 esse,
2367 4945 2504 5014 quod
2542 4945 2678 4998 Deus
2708 4961 2864 5000 nares
2896 4946 3104 5009 habeat,
3131 4959 3216 4998 aut
3248 4948 3452 5011 oculos,

1871 5037 1952 5090 vel
1983 5052 2156 5098 aures,
2189 5037 2268 5088 vel
2299 5051 2381 5101 os,
2411 5046 2464 5088 ut
2490 5050 2587 5088 nos
2620 5037 2876 5090 habemus
2907 5053 2918 5088 :
2949 5047 3002 5089 at
3033 5037 3162 5089 falsa
3193 5038 3452 5090 absurda-

1869 5144 1970 5196 que
1993 5138 2071 5180 cst
2101 5128 2215 5181 ha-c
2243 5127 2443 5196 opinio.
2467 5127 2665 5196 Estque
2693 5127 2950 5182 hactenus
2982 5127 3201 5182 ha-resis
3227 5144 3344 5198 qua:
3376 5129 3453 5182 di-

1869 5221 1938 5271 cit
1977 5219 2180 5272 Numen
2220 5221 2454 5272 divintnn
2506 5220 2736 5273 hominis
2781 5220 3005 5274 formam
3056 5221 3272 5275 habere.
3317 5221 3449 5288 Quia

1868 5312 2008 5361 enim
2029 5309 2328 5371 audierunt,
2357 5308 2504 5360 Oculi
2530 5308 2752 5372 Domini,
2778 5326 2922 5362 aures
2949 5309 3147 5363 Domini
3168 5309 3337 5379 (Psal.
3360 5313 3446 5364 55.

1868 5400 1979 5467 16),
2021 5408 2093 5461 et,
2141 5399 2394 5451 ()tloratus
2433 5413 2500 5449 cst
2543 5398 2788 5452 Dominus
2831 5400 2978 5466 (σουλ
3017 5402 3068 5456 8·
3108 5404 3220 5471 2')’
3254 5413 3327 5468 Cl’
3379 5406 3448 5455 “‘-

1871 5493 2073 5544 Domini
2102 5493 2360 5560 loquutunt
2389 5502 2456 5544 cst
2485 5493 2634 5558 (lsai.
2671 5494 2718 5544 1.
2753 5493 2868 5561 ‘20),
2896 5504 2967 5559 et,
2996 5494 3179 5548 Manus
3210 5494 3300 5547 bri
3329 5499 3447 5562 [erit

1867 5584 2009 5650 (Job.
2059 5584 2144 5638 12.
2175 5585 2246 5651 9),
2295 5595 2366 5648 el,
2406 5583 2563 5636 Pedes
2598 5584 2690 5636 Dei
2731 5595 2969 5639 steterunt
3002 5589 3168 5656 (l’sal.
3221 5590 3335 5641 l3l.
3366 5591 3469 5650 7)..

1868 5679 2241 5743 incorporeum
2282 5693 2400 5727 cum
2452 5677 2706 5730 membris
2749 5676 3119 5746 depinxerunt.
3169 5686 3446 5734 δυηιίῚιιῗςεθ

1870 5766 2244 5822 absurditalent
2284 5783 2386 5819 non
2425 5768 2795 5834 percipietttes.
2831 5768 2963 5822 Dicit
3001 5770 3158 5836 Dctzs,
3191 5781 3242 5824 ut
3273 5771 3446 5826 discas
