3982 6218
517 344 632 401 475

520 443 723 498 mullum
762 442 995 500 hominis
1035 459 1158 499 cum
1189 443 1298 498 Deo
1338 456 1462 499 esse
1485 442 1912 511 similitudinem,
1939 460 2109 515 quan-

521 544 632 590 tum
664 535 867 591 scilicet
897 535 965 591 ad
991 536 1324 605 corporalem
1364 535 1622 606 speciem.
1651 536 1765 592 Non
1796 539 1940 593 enim
1968 536 2109 592 hanc

519 645 705 685 vocem
733 629 883 696 tollo,
918 629 1193 685 Faciamus
1222 631 1476 684 hominem
1503 632 1572 683 ad
1591 630 1880 700 imaginem.
1913 631 2110 685 Verum

519 721 942 776 demonstratum
965 730 1070 789 est,
1093 721 1367 792 quomodo
1387 722 1454 776 ad
1475 723 1749 794 imaginem
1773 723 1919 778 dicat
1947 722 2107 778 Deus.

518 814 713 870 Caium
739 823 784 868 et
811 823 997 870 terram
1037 833 1129 884 ego
1168 815 1375 885 impleo,
1408 815 1531 868 dicit
1573 814 1823 870 Dominus
1856 816 1987 885 (λεν.
2016 814 2109 870 25.

515 907 634 980 ει).
676 907 884 964 Rursus
913 908 1055 967 Idem
1085 925 1101 961 :
1129 906 1321 964 Culum
1365 908 1490 961 mihi
1517 908 1733 974 solium;
1780 919 1916 962 terra
1943 917 2114 961 autem

516 998 796 1054 scabellum
825 997 1010 1067 pedum
1053 1015 1280 1055 meorum
1316 998 1470 1071 (Isai.
1504 998 1596 1053 66.
1631 998 1707 1070 1).
1746 999 2112 1057 Vocesnese-

515 1089 789 1159 quemur?
813 1089 1182 1147 servicmusne
1224 1091 1439 1146 literae?
1467 1091 1574 1148 Sed
1611 1107 1734 1163 quae
1765 1091 1890 1146 hinc
1917 1104 2113 1147 conse-

515 1191 754 1251 quuntur
792 1197 885 1238 me
924 1182 1268 1253 redarguent.
1309 1183 1591 1256 Quomodo
1624 1182 1872 1253 cogitabo
1919 1183 2110 1240 caelum

515 1273 708 1328 solium
747 1273 909 1329 esset
948 1274 1153 1330 Solium
1193 1277 1568 1345 complectitur
1609 1273 1924 1338 sedentem;
1971 1274 2114 1330 Deus

515 1380 646 1421 vero
671 1381 778 1420 non
812 1365 1290 1424 circumscribitur.
1317 1367 1457 1422 Nihil
1481 1376 1566 1422 est
1597 1367 1739 1421 circa
1782 1367 1954 1420 Deum
1975 1382 1990 1431 ;
2015 1365 2112 1422 sed

517 1457 633 1528 ipse
677 1458 847 1514 ambit
883 1459 1065 1514 omnia
1109 1467 1165 1514 et
1208 1457 1600 1528 circumcingit.
1641 1455 1696 1513 Si
1749 1472 1878 1526 ergo
1918 1456 2110 1512 caelum

516 1548 713 1603 haheat
764 1550 982 1617 solium,
1034 1550 1306 1622 quomodo
1357 1551 1546 1605 uelum
1597 1551 1776 1620 palmo
1823 1550 2112 1607 metietur?

513 1641 786 1710 quomodo
820 1641 974 1697 sedet
1015 1643 1066 1696 in
1103 1641 1276 1697 emlo?
1303 1641 1496 1697 Coelan:
1528 1642 1654 1695 milii
1677 1643 1817 1696 sedes
1855 1651 1950 1706 est.
1977 1651 2113 1696 terra

514 1744 679 1787 autem
706 1733 981 1788 scabellum
1008 1735 1195 1805 pedum
1213 1751 1437 1800 mearum
1461 1735 1614 1806 (lsai.
1632 1734 1724 1792 40.
1746 1734 1856 1805 i2).
1881 1734 2110 1792 Ubinam

513 1825 705 1881 sedet?
734 1827 789 1881 in
824 1827 957 1882 caelo
988 1827 1131 1899 quod
1165 1829 1472 1884 cernimus?
1502 1827 1686 1884 Stella:
1730 1837 1857 1882 sunt
1885 1828 1986 1884 sub
2020 1827 2112 1882 fir-

516 1929 826 1984 momento;
866 1935 1020 1989 λίνιτο
1065 1934 1229 1989 super
1259 1920 1388 1975 illud
1424 1922 1613 1991 positae
1653 1929 1795 1974 sunt.
1844 1917 1900 1976 Si
1950 1933 2111 1988 supra

514 2009 686 2074 sedet,
732 2025 837 2067 non
884 2026 1047 2080 super
1086 2012 1268 2076 caalos,
1321 2011 1414 2066 sed
1459 2013 1510 2066 in
1543 2014 1824 2079 superiore
1867 2011 2020 2066 caelo.
2055 2011 2112 2067 Si

515 2101 668 2156 sedet
687 2101 929 2168 omnino,
952 2103 1114 2156 etiam
1145 2101 1307 2171 pedes
1330 2117 1502 2173 usque
1529 2103 1597 2156 ad
1625 2111 1820 2157 terram
1854 2102 2107 2172 pendent.

514 2192 774 2248 Talemne
819 2192 1042 2263 figuram
1074 2193 1338 2250 adscribis
1375 2194 1453 2258 ei,
1483 2193 1574 2265 qui
1604 2194 1723 2250 sine
1767 2195 1934 2262 tigura
1979 2195 2109 2250 est?

514 2286 708 2338 Annon
738 2284 960 2352 impium
990 2294 1072 2339 cst
1101 2284 1232 2342 illud
1259 2286 1327 2338 ita
1352 2285 1625 2353 cogitare?
1647 2286 1893 2350 Demum,
1923 2286 1968 2341 si
1996 2286 2111 2355 ejus

515 2373 680 2444 pedes
729 2381 928 2428 terram
964 2375 1192 2436 calcant,
1235 2374 1506 2441 quomodo
1541 2377 1770 2430 serimus
1792 2377 1817 2429 ἲ
1843 2379 2113 2446 quomodo

517 2465 817 2521 metimus?
838 2466 1108 2534 quomodo
1140 2465 1549 2535 pertransimus,
1581 2482 1678 2521 nec
1706 2468 1758 2521 in
1791 2468 1956 2537 pedes
1995 2469 2113 2539 ejus

518 2557 900 2628 impingimus?
944 2556 1229 2624 Quomodo
1269 2558 1457 2613 malum
1511 2559 1689 2628 palmo
1730 2575 1950 2615 mensus
1989 2561 2115 2616 est?

516 2665 677 2720 quam
709 2665 933 2721 magnos
973 2650 1156 2705 habuit
1182 2650 1377 2721 digitos
1403 2652 1751 2721 proportione
1776 2652 2071 2708 divinitatis
2089 2656 2114 2706 Υ

517 2750 572 2796 ct
599 2741 870 2812 quomodo
913 2741 1106 2796 talibus
1148 2742 1328 2812 digitis
1371 2742 1592 2813 exiguas
1633 2743 1842 2799 tabulas
1873 2745 2105 2815 scripsit,

520 2848 695 2903 neque
736 2833 843 2888 illis
893 2833 1178 2903 pluribus?
1207 2833 1316 2889 Nos
1365 2835 1534 2888 tribus
1572 2835 1765 2905 digitis
1804 2836 2109 2902 scribimus,

517 2925 739 2995 reliquis
766 2941 984 2994 operam
1009 2925 1439 2990 cenferentibus;
1472 2926 1610 2980 Deus
1639 2942 1747 2981 uno
1766 2928 1932 2997 digito
1961 2927 2116 2982 tabu-

519 3020 602 3074 las
629 3020 865 3088 scripsit.
895 3017 1144 3073 Vidistin’
1173 3019 1406 3088 aliquem
1429 3034 1537 3073 uno
1564 3019 1732 3089 digito
1752 3020 2114 3076 scribentem?

518 3108 657 3164 Sunt
681 3109 797 3163 Ιιςιιο
825 3110 993 3178 magis
1023 3111 1330 3171 sententiae.
1360 3125 1520 3179 quam
1544 3111 1729 3165 verba.

590 3205 646 3257 4.
688 3201 869 3274 Imago
911 3203 1004 3256 Dei
1033 3220 1226 3268 sumus,
1255 3205 1528 3272 quomodo.
1550 3233 1625 3244 --
1648 3201 1924 3258 Faciamus
1951 3204 2116 3257 Itami-

521 3311 638 3348 nem
661 3296 729 3348 ad
756 3296 1029 3365 imaginem
1054 3305 1299 3349 nostram.
1331 3293 1460 3349 Vult
1489 3296 1628 3350 Deus
1666 3304 1725 3350 ut
1758 3307 2019 3366 quantum
2045 3302 2112 3352 ad

521 3387 774 3441 virtutem
812 3386 1017 3441 similes
1043 3387 1144 3460 ipsi
1169 3387 1357 3440 simus.
1381 3386 1518 3452 Quid
1545 3398 1648 3453 est,
1691 3389 1774 3442 Ad
1802 3390 2113 3459 imaginem!

527 3479 666 3533 Deus
699 3490 915 3534 sanetus
961 3489 1078 3544 est;
1121 3479 1165 3532 si
1199 3479 1368 3533 sancti
1413 3477 1686 3544 fuerimus,
1720 3480 1786 3534 ad
1827 3481 2110 3547 imaginem

524 3569 619 3624 Dei
647 3586 852 3624 sumus.
886 3569 1038 3635 Nam,
1079 3569 1255 3624 Estote
1288 3572 1468 3634 sancti,
1498 3573 1616 3640 quia
1644 3589 1735 3643 ego
1760 3584 1965 3626 sanctus
2003 3590 2116 3628 sum

527 3661 708 3733 (Leuit.
756 3661 843 3717 l9.
888 3661 969 3729 2).
1004 3661 1144 3716 Deus
1169 3662 1350 3731 justus
1392 3670 1513 3725 est;
1557 3663 1600 3716 si
1629 3663 1891 3732 justitiam
1937 3673 2116 3720 seote-

525 3770 666 3820 tnur,
702 3754 876 3824 imago
905 3753 998 3807 Dei
1026 3767 1234 3808 sumus.
1279 3751 1408 3806 Nam
1437 3753 1616 3806 Justus
1644 3753 1912 3818 Dominus,
1963 3765 2010 3808 et
2025 3757 2119 3823 ju-

525 3851 715 3904 stitiam
746 3848 922 3908 dilexit
967 3846 1139 3916 (Psal.
1177 3847 1261 3902 l0.
1291 3847 1369 3916 8).
1416 3846 1472 3902 Si
1513 3847 1899 3903 misericordes
1923 3849 2113 3915 simus,

523 3945 701 4012 imago
731 3954 920 3994 sumus
947 3939 1060 3994 Dei.
1086 3939 1175 3994 Ait
1200 3940 1342 3994 enim
1382 3939 1638 3994 Servator
1669 3957 1681 3993 :
1713 3938 1889 3994 Estow
1917 3941 2116 3995 miseri-

527 4035 727 4100 cordes,
766 4033 894 4088 sicut
925 4030 1083 4085 Pater
1106 4041 1268 4090 vester
1306 4032 1590 4086 misericors
1630 4042 1704 4085 est
1730 4031 1880 4103 (Luc.
1914 4034 1967 4087 6.
2001 4033 2115 4104 56).

525 4125 690 4183 Vides
735 4142 836 4196 qua
883 4125 936 4178 in
964 4133 1115 4193 parte
1159 4125 1229 4178 sit
1271 4123 1490 4192 imago?
1535 4123 1783 4179 Ostendit
1825 4133 1880 4178 et
1923 4125 2120 4179 Paulus

525 4218 812 4288 imaginem
840 4233 853 4281 ;
879 4216 953 4271 ait
984 4216 1129 4271 enim
1155 4233 1168 4270 :
1194 4215 1380 4272 Exuite
1419 4230 1505 4268 vos
1535 4224 1750 4268 veterem
1789 4215 2042 4268 hominem
2073 4224 2120 4269 et

524 4310 720 4366 induite
744 4326 946 4376 novum,
978 4309 1065 4380 qui
1080 4308 1360 4364 secundum
1389 4307 1552 4360 Deum
1573 4316 1772 4362 creatus
1793 4319 1868 4361 est
1895 4308 1947 4360 in
1973 4307 2120 4378 agni-

528 4405 662 4457 tione
702 4403 946 4466 veritatis,
999 4401 1278 4457 secundum
1330 4400 1599 4470 imaginem
1646 4400 1756 4467 eius
1800 4400 1888 4469 qui
1933 4400 2120 4454 creavit

527 4514 641 4552 eum
680 4495 814 4570 (Col.
847 4496 900 4548 5.
947 4497 1000 4549 9.
1041 4493 1154 4564 10).
1198 4492 1361 4547 Vides
1413 4491 1697 4546 virtutibus
1749 4491 1929 4557 tribui,
1976 4489 2119 4560 quod

529 4589 806 4658 Scriptura
848 4586 998 4649 dicit,
1049 4583 1131 4637 Ad
1173 4583 1443 4654 imaginem
1483 4583 1748 4636 nostram?
1797 4582 1853 4636 In
1897 4598 2002 4650 quo
2040 4591 2123 4636 est

526 4683 664 4737 ratio
711 4678 992 4750 imaginis?
1023 4677 1077 4732 lu
1106 4686 1369 4747 potestate
1409 4677 1535 4730 item
1563 4694 1576 4729 :
1601 4675 1858 4745 Imperant
1904 4675 2122 4745 piscibus

525 4777 706 4841 maris,
735 4785 781 4828 et
804 4772 1093 4827 volatilibus
1120 4772 1251 4836 celi,
1280 4781 1326 4825 et
1353 4769 1535 4834 bestiis,
1567 4780 1612 4822 et
1640 4768 1923 4839 reptilibus,
1957 4778 2001 4820 et
2024 4773 2120 4837 ju-

527 4869 724 4930 mentis,
754 4877 799 4919 et
844 4867 1090 4920 universa
1117 4874 1262 4920 terra
1288 4860 1444 4932 (Gen.
1490 4863 1541 4920 1.
1583 4862 1697 4932 26).
1730 4861 1777 4916 Ο
1803 4862 1897 4916 Dei
1930 4876 2122 4916 consc-

527 4969 782 5028 qucntcm
806 4957 1085 5012 ordinem!
1117 4971 1150 5010 o
1178 4957 1461 5010 verborum
1488 4963 1792 5010 accuratam
1822 4953 2117 5007 rationem!

528 5051 635 5105 Cur
667 5050 800 5103 dixit
849 5048 1019 5118 prius,
1068 5046 1288 5101 Prcesint
1329 5046 1546 5115 piscibus
1588 5045 1780 5098 muris?
1815 5043 2121 5099 Secundum

528 5142 772 5198 ordinem
829 5140 1119 5194 creationis
1190 5146 1272 5192 est
1331 5137 1464 5191 ordo
1519 5136 1921 5190 dominationis.
1986 5136 2119 5200 Quia

527 5234 687 5301 primi
717 5250 781 5286 ex
816 5231 948 5285 mari
981 5229 1106 5285 facti
1157 5236 1280 5282 sunt
1322 5231 1498 5298 pisces
1547 5237 1601 5281 et
1639 5227 1899 5292 volatilia,
1935 5236 2119 5294 postea

529 5338 660 5378 vero
701 5339 766 5377 ex
800 5332 936 5377 terra
967 5318 1341 5391 quadrupedes
1387 5326 1442 5371 et
1473 5317 1671 5384 reliqua
1717 5332 1929 5385 pecora,
1962 5317 2120 5369 indu-

530 5417 604 5470 cit
635 5415 778 5485 prius
817 5431 876 5467 ca
911 5431 1027 5484 qua.-
1056 5413 1230 5482 priora
1261 5409 1396 5465 faeta
1430 5419 1571 5463 sunt.
1619 5408 1845 5461 Ρ-νίεεὺιι
1880 5409 2120 5478 piscibus,

530 5522 575 5562 et
625 5508 933 5574 volatilibus,
989 5517 1035 5560 et
1086 5506 1274 5570 bestiis,
1327 5514 1374 5558 et
1440 5503 1721 5573 reptilibus,
1764 5511 1812 5555 et
1852 5501 2120 5572 jumentis.

530 5600 886 5667 Quamobrem
913 5608 1022 5653 tres
1049 5597 1198 5665 pueri
1233 5595 1612 5652 benediceutes
1641 5596 1690 5648 iu
1726 5593 1942 5647 fornace
1970 5591 2125 5646 ordi-

532 5709 654 5750 ucm
695 5698 949 5746 servant:
984 5707 1002 5740 ι
1034 5687 1370 5752 Bcncdicite,
1422 5686 1588 5740 maria
1629 5692 1684 5740 et
1723 5684 1963 5747 flumina,
2014 5681 2125 5736 Do-

536 5800 700 5842 unuo.
747 5783 1072 5848 Benedicitc,
1116 5790 1234 5837 cete
1281 5790 1331 5835 et
1373 5779 1553 5834 omnia
1583 5792 1702 5844 quae
1745 5790 2030 5833 moventur
2071 5781 2121 5834 in

1983 329 2349 390 SEVERIANI

3709 362 3818 418 476

2216 443 2384 513 aquis,
2423 443 2671 499 Domino.
2697 445 3021 515 Benedicite,
3043 466 3234 508 omnes
3262 454 3508 510 volucres
3535 456 3677 522 cadi,
3713 457 3819 510 Do-

2225 537 2390 589 mino.
2424 534 2749 604 Benedicite,
2782 538 2967 595 bestia:
3007 551 3064 596 et
3103 557 3319 613 pecora.
3361 545 3694 613 Benedicite,
3729 549 3816 604 tilii

2219 627 2494 684 hominum
2520 646 2539 681 ι
2573 627 2736 702 (Dan.
2753 629 3059 704 2.78382).
3091 635 3207 689 Alia
3225 647 3542 706 supererant
3561 639 3816 695 conside-

2216 721 2420 786 randa;
2459 721 2553 777 sed
2589 720 2658 776 ad
2695 723 3028 794 propositum
3075 735 3426 794 revertamur.
3478 729 3548 783 Et
3579 732 3819 802 formavit

2216 809 2358 865 Deus
2385 811 2636 866 hominem
2664 811 2816 885 (Gen.
2838 813 2895 876 2.
2929 816 3007 885 7).
3037 816 3155 872 Non
3191 820 3510 888 simpliciter
3533 821 3692 887 dixit,
3719 821 3820 877 Fe-

2216 903 2323 965 cit;
2363 900 2479 967 sed,
2532 901 2814 958 Formavit.
2865 905 3144 962 Formatio
3175 909 3374 965 dicitur
3412 910 3480 966 de
3519 911 3720 969 deeone
3766 921 3819 969 et

2217 1003 2446 1053 omatu:
2479 1003 2538 1049 ut
2559 995 2774 1066 quando
2810 996 3006 1067 aliquis
3033 999 3218 1055 videns
3259 1002 3553 1058 formiisum
3582 1005 3813 1070 vultum,

2216 1086 2340 1156 quia
2371 1087 2592 1157 pulchre
2621 1087 2958 1144 efl‘ormatum
2999 1101 3102 1159 est,
3149 1091 3297 1155 dicit,
3329 1094 3469 1151 Nihil
3497 1095 3627 1152 fecit
3674 1096 3814 1153 Dens

2219 1178 2272 1234 in
2301 1194 2528 1250 corpore
2574 1189 2770 1252 prater
2795 1181 3072 1248 decorum,
3120 1184 3214 1240 sed
3260 1195 3317 1240 et
3355 1185 3554 1242 decoro
3599 1197 3658 1244 et
3697 1189 3813 1243 usui

2217 1277 2510 1346 prospexit.
2541 1276 2782 1348 Exempli
2807 1291 2990 1344 causa,
3020 1278 3208 1335 oculus
3235 1279 3345 1336 duo
3369 1281 3551 1350 habet,
3575 1297 3734 1338 usum
3761 1294 3812 1338 et

2216 1369 2466 1425 decorem
2498 1388 2510 1425 :
2541 1385 2664 1425 nam
2703 1380 2757 1428 et
2780 1371 2948 1436 videt,
2981 1381 3036 1427 et
3073 1382 3354 1429 venustum
3380 1374 3556 1432 reddit
3583 1376 3811 1439 vultum,

2217 1459 2514 1532 faciemque
2556 1471 2736 1528 eruat,
2782 1463 3072 1532 omniaque
3120 1463 3398 1532 conspicit.
3451 1465 3614 1519 Auris
3664 1480 3811 1522 usam

2219 1554 2404 1618 habet.
2439 1565 2763 1626 aspectuque
2784 1555 3019 1626 jucunda
3065 1556 3350 1626 estzquod
3392 1557 3536 1612 enim
3577 1558 3810 1612 circum-

2217 1648 2450 1716 positum
2496 1656 2578 1701 est
2602 1647 2903 1718 cymbalum
2940 1647 3135 1702 animal
3167 1657 3409 1704 exornat.
3453 1649 3814 1712 Similiterque

2219 1753 2381 1792 nasus
2428 1737 2625 1793 olfactu
2679 1739 2986 1794 necessario
3035 1739 3287 1808 pmditus
3330 1748 3442 1804 est;
3493 1738 3612 1803 sed,
3660 1754 3811 1795 secus

2217 1844 2376 1896 quam
2409 1829 2461 1882 in
2486 1830 2696 1884 cmteris
2722 1829 3065 1892 animalibus,
3097 1829 3244 1884 velut
3275 1831 3513 1884 medium
3556 1831 3812 1900 parietem

2215 1919 2381 1974 efficit
2408 1919 2475 1974 ad
2501 1919 2754 1976 decorem
2781 1919 3158 1991 complendum
3186 1937 3200 1974 :
3229 1919 3281 1975 id
3307 1922 3448 1975 enim
3490 1922 3581 1976 uni
3615 1921 3811 1976 homini

2217 2013 2475 2084 competit
2505 2021 2736 2069 :eaatera
2758 2015 2955 2086 quippe
2973 2015 3221 2069 animalia
3252 2030 3436 2069 nasum
3459 2030 3565 2069 non
3592 2014 3808 2080 habent,

2217 2105 2313 2161 sed
2345 2120 2506 2170 unam
2533 2114 2738 2163 tantum
2770 2107 2978 2163 narium
3019 2105 3359 2176 positionem.
3389 2105 3503 2162 Hoc
3529 2119 3660 2161 vero
3699 2122 3811 2161 eam

2217 2198 2286 2252 ob
2308 2212 2421 2253 rem
2450 2197 2700 2252 formavit
2735 2197 2896 2253 Deus.
2927 2197 3053 2252 Ideo
3092 2197 3280 2261 David,
3317 2195 3419 2262 Qui
3442 2197 3695 2268 plantavit
3722 2213 3808 2252 au-

2217 2305 2345 2354 rem,
2368 2305 2471 2343 non
2499 2288 2718 2342 audiet?
2742 2298 2832 2342 aut
2860 2290 2946 2360 qui
2973 2290 3121 2357 ﬁnxit
3151 2289 3376 2356 oculum,
3404 2305 3502 2342 non
3530 2288 3810 2342 considerat

2222 2379 2393 2448 (Psal.
2423 2379 2510 2435 95.
2543 2380 2639 2449 9)?
2682 2380 2772 2436 Sic
2821 2395 3019 2436 terram
3064 2380 3185 2436 fecit
3232 2380 3298 2435 ad
3347 2393 3593 2434 ornatum
3646 2388 3700 2434 et
3748 2379 3811 2434 ad

2220 2485 2397 2526 usum.
2427 2471 2506 2524 Ac
2522 2485 2589 2524 ne
2629 2470 2782 2538 plura
2824 2469 2918 2524 tibi
2955 2469 3149 2524 decora
3175 2485 3503 2532 recenseam,
3537 2479 3811 2538 postquam

2220 2577 2383 2616 unum
2410 2561 2598 2618 dixero
2625 2561 3058 2634 prartergrediar.
3092 2562 3247 2617 Dedit
3273 2562 3412 2617 Deus
3443 2561 3671 2628 homini,
3703 2562 3810 2614 viro

2219 2651 2442 2719 scilicet,
2467 2667 2590 2708 eum
2616 2652 2736 2706 aliis
2764 2653 2926 2708 etiam
2960 2651 3181 2708 uberum
3212 2651 3656 2708 concinnitatem.
3691 2650 3810 2705 Viro

2218 2757 2315 2799 cur
2339 2744 2542 2801 ubera?
2567 2743 2789 2800 Deeoris
2817 2757 2999 2799 causa.
3037 2743 3171 2798 Nam
3201 2754 3318 2800 esto
3352 2743 3562 2799 mulieri
3593 2757 3814 2798 conces-

2220 2836 2352 2892 serit
2376 2837 2538 2891 ubcra
2563 2835 2633 2890 ob
2663 2845 2870 2890 natura:
2911 2836 3308 2898 necessitatem,
3339 2834 3407 2889 ad
3436 2834 3588 2889 lactis
3614 2833 3814 2888 submi-

2221 2930 2590 2986 nistrationem
2612 2944 2627 2995 ;
2652 2929 2768 2983 viro
2795 2943 2892 2984 cur
2915 2928 3112 2983 ubera?
3143 2929 3223 2983 Ad
3253 2928 3532 2993 decorum,
3557 2925 3626 2982 ad
3654 2942 3814 2980 orna-

2223 3035 2354 3079 tum.
2383 3021 2846 3091 Quemadmodum
2892 3021 3037 3077 enim
3085 3023 3136 3075 in
3168 3021 3408 3076 :vdiflciis
3446 3021 3550 3075 alia
3579 3019 3712 3075 ﬁunt
3748 3020 3816 3074 ob

2221 3117 2620 3182 necessitatem,
2645 3116 2746 3171 alia
2774 3115 2842 3175 ob
2861 3115 3116 3172 decorum
3147 3133 3163 3183 :_
3191 3116 3267 3170 sic
3296 3115 3434 3171 Deus
3463 3125 3516 3169 et
3549 3114 3817 3167 hominem

2221 3209 2451 3273 ornavit,
2479 3216 2535 3263 et
2556 3209 2655 3279 ipsi
2679 3207 2746 3262 ad
2773 3223 2926 3262 usum
2951 3206 3253 3262 necessaria
3274 3207 3519 3262 contulit.
3548 3204 3819 3259 [formavit

2221 3317 2346 3357 eum
2377 3310 2599 3370 accepto
2627 3299 2849 3370 pulvere
2874 3299 2941 3355 de
2980 3310 3144 3355 terra.
3174 3299 3354 3354 Beata:
3381 3297 3814 3352 Christianorum

2222 3407 2367 3461 spes,
2415 3391 2459 3446 si
2516 3391 2938 3446 intellexerimus
2986 3405 3048 3443 ea
3087 3405 3206 3458 quae
3245 3389 3511 3444 audimus.
3559 3388 3670 3443 Cur
3712 3403 3817 3441 non

2223 3483 2376 3544 dixit.
2404 3482 2625 3552 Accepit
2648 3483 2857 3551 glebam
2888 3482 2956 3536 de
2985 3482 3162 3535 terra?
3191 3481 3418 3534 Tantum
3435 3495 3632 3550 corpus
3658 3479 3818 3534 effor-

2223 3575 2388 3630 mavit
2416 3593 2428 3628 :
2455 3589 2518 3628 ac
2563 3590 2628 3626 ne
2670 3573 2823 3644 gleba
2854 3573 3070 3643 quidem
3097 3587 3230 3642 opus
3276 3572 3482 3636 habuit,
3513 3571 3606 3625 sed
3641 3571 3822 3639 pulve-

2222 3680 2337 3722 rem
2379 3663 2624 3734 accepit?
2657 3664 2795 3717 Deus
2837 3661 3082 3733 prsevidit
3125 3660 3302 3716 futura
3346 3675 3408 3714 ae
3459 3661 3501 3715 si
3536 3661 3819 3729 prmsentia

2225 3766 2426 3813 essent.
2456 3757 2588 3824 Quia
2618 3756 2943 3826 praevidebat
2973 3754 3076 3810 hoc
3095 3753 3293 3808 animal
3328 3766 3447 3808 esse
3479 3753 3820 3815 moriturum,

2225 3859 2280 3904 et
2308 3849 2365 3903 in
2395 3848 2671 3918 pulverem
2715 3847 3200 3912 transmutandum,
3245 3847 3353 3915 jam
3399 3844 3528 3899 olim
3574 3845 3626 3898 in
3671 3859 3823 3899 crea-

2227 3940 2373 3994 tione
2403 3954 2553 4008 spem
2583 3936 2992 3992 resurrectionis
3015 3936 3270 3991 ostendit.
3303 3936 3510 4005 Accipit
3545 3937 3823 4004 pulverem

2226 4029 2296 4086 de
2326 4041 2489 4089 terra.
2526 4037 2582 4084 ut
2609 4044 2729 4085 cum
2776 4028 2977 4083 videris
3022 4028 3074 4083 in
3116 4027 3363 4097 sepulcro
3391 4028 3691 4099 pulverem,
3733 4041 3826 4080 no-

2227 4125 2368 4178 veris
2397 4139 2542 4185 eum,
2575 4122 2661 4193 qui
2710 4121 2838 4177 illud
2870 4120 3186 4184 efformavit,
3219 4119 3321 4176 hoc
3347 4135 3559 4191 quoque
3598 4119 3823 4174 suscita-

2227 4224 2405 4270 turum
2446 4229 2587 4270 esse.
2627 4213 2893 4268 Formavit
2936 4212 3191 4266 hominem
3217 4220 3419 4280 sumpto
3450 4211 3510 4264 de
3551 4219 3689 4263 terra
3717 4210 3826 4278 pul-

2226 4322 2356 4370 vere,
2376 4314 2421 4359 et
2437 4306 2702 4375 insuﬂlavit
2731 4305 2781 4358 in
2805 4305 2984 4376 faciem
3004 4304 3112 4374 ejus
3132 4304 3440 4374 spiraculum
3463 4303 3578 4355 vita:
3599 4300 3751 4373 (Gen.
3769 4301 3818 4355 9.

2227 4397 2305 4466 7).
2341 4395 2472 4450 Vide
2511 4396 2797 4450 discrimen
2844 4396 2985 4450 inter
3014 4395 3259 4450 homines
3304 4403 3356 4449 et
3402 4394 3581 4451 bruta.
3621 4393 3824 4448 Caztera

2228 4488 2404 4544 omnia
2435 4501 2554 4541 cum
2587 4487 2786 4541 faceret
2816 4487 2977 4553 Deus,
3005 4485 3163 4540 simul
3190 4485 3367 4539 omnia
3401 4482 3674 4552 produxit,
3704 4498 3822 4537 curn

2229 4595 2455 4649 corpore
2482 4580 2734 4632 animam.
2767 4577 3164 4640 Animadverte,
3199 4589 3402 4645 quaeso.
3438 4573 3589 4629 Fecit
3625 4575 3821 4629 natati.

2232 4673 2321 4736 lia,
2351 4671 2509 4726 simul
2536 4673 2766 4726 animam
2796 4678 2851 4725 et
2886 4684 3102 4739 corpus.
3135 4668 3335 4723 Educat
3380 4679 3514 4722 terra
3541 4669 3817 4731 aniinatia,

2231 4765 2407 4835 prodit
2449 4763 2609 4818 simul
2657 4778 2778 4818 eum
2828 4777 3054 4832 corpore
3102 4761 3299 4816 anima.
3355 4758 3600 4814 Hominis
3657 4759 3824 4828 primo

2229 4873 2423 4926 corpus
2451 4854 2596 4922 facit,
2627 4854 2821 4910 deinde
2841 4855 3094 4908 animam.
3127 4851 3291 4922 Cujus
3319 4852 3430 4920 spei
3457 4849 3662 4904 causa?
3683 4849 3824 4916 Qua-

2231 4949 2297 5003 lis
2327 4947 2597 5012 formatio,
2639 4946 2759 4999 talis
2787 4944 3006 5000 solutio.
3056 4942 3180 4998 ideo
3209 4942 3509 4996 animantes
3555 4955 3712 5009 Spem
3741 4954 3826 4992 rc-

2230 5039 2584 5096 surrectionis
2613 5053 2720 5092 non
2750 5038 2971 5101 habent,
3005 5037 3129 5105 quia
3161 5051 3266 5104 quo
3294 5032 3456 5087 modo
3497 5032 3652 5086 facta:
3682 5040 3823 5094 sunt,

2231 5132 2420 5188 eodem
2449 5130 2607 5185 modo
2644 5130 2962 5183 moriuntur.
2993 5126 3164 5182 Simul
3192 5140 3388 5194 corpus
3413 5132 3468 5177 et
3492 5123 3672 5175 anima
3701 5121 3823 5173 abo-

2233 5224 2429 5278 lentur.
2455 5221 2663 5290 Corpus
2685 5219 2916 5275 hominis
2938 5218 3004 5274 dc
3034 5227 3173 5272 terra
3195 5217 3421 5286 accepit,
3445 5214 3686 5268 animam
3717 5214 3825 5280 ipse

2235 5316 2418 5370 tribuit
2445 5313 2700 5378 creando,
2737 5328 2841 5366 non
2874 5328 2939 5366 ex
2966 5325 3061 5364 sua
3102 5307 3401 5364 substantia
3435 5305 3822 5376 producendo:

2233 5417 2293 5462 ut
2332 5423 2451 5462 cum
2493 5413 2758 5459 mortuum
2805 5404 2965 5458 fuerit
2994 5416 3210 5472 corpus,
3256 5402 3368 5454 sive
3395 5398 3582 5462 homo,
3632 5412 3706 5450 uc
3735 5397 3826 5450 de-

2233 5515 2510 5570 speremus
2548 5499 2615 5554 de
2657 5499 2854 5552 anima.
2902 5495 3038 5563 Quid
3082 5496 3248 5558 enim,
3293 5491 3432 5563 quod
3479 5492 3530 5546 in
3577 5490 3826 5559 sepulcro

2234 5593 2534 5662 depositum
2560 5592 2628 5645 sit
2662 5589 2896 5659 corpus“?
2923 5589 2996 5642 Nc
3027 5585 3292 5656 putaveris
3325 5584 3395 5638 ibi
3422 5596 3543 5637 esse
3569 5582 3824 5634 animam.

2235 5684 2350 5739 Non
2377 5685 2519 5739 enim
2551 5683 2618 5737 de
2647 5691 2783 5737 terra
2825 5689 3034 5749 sumpta
3064 5688 3167 5744 est,
3211 5692 3308 5732 nec
3337 5677 3388 5728 in
3419 5686 3616 5728 terram
3649 5684 3827 5726 rever-

2241 5796 2394 5841 lctnr.
2432 5787 2591 5856 spem
2625 5787 2753 5845 ergo
2778 5773 2979 5828 statuit.
3016 5770 3139 5827 ideo
3165 5769 3323 5824 etiam
3373 5766 3422 5821 in
3459 5761 3713 5820 Ezechiel
3743 5775 3825 5817 rs-
