3982 6218
194 353 310 413 475

189 462 610 538 περιγράφεται.
649 462 816 517 Οὐδέν
853 462 970 516 ἐστι
1017 461 1142 532 περὶ
1181 460 1275 514 τὸν
1303 459 1466 513 Θεόν·
1501 458 1681 513 πάντα
1710 455 1767 508 δέ

193 554 382 608 κυκλοῖ
407 555 501 606 καὶ
524 554 748 625 τειχίζει
777 556 805 607 6
835 553 986 618 Θεὸς.
1016 553 1079 606 El
1108 547 1200 606 οῦν
1233 552 1459 624 οὐρανὸν
1497 551 1611 620 εχει
1641 547 1767 619 θρό-

193 661 304 707 νον,
333 643 449 708 πῶς
473 645 734 716 μετρήσει
760 645 852 698 τὸν
873 645 1100 717 οὐρανὸν
1125 643 1370 715 σπιθαμῇ
1397 660 1412 708 ;
1442 641 1565 704 Πῶς
1587 640 1644 691 δὲ
1675 638 1770 692 καὶ

192 736 427 808 κάθηται
456 739 537 800 είς
569 739 658 790 τὸν
684 738 943 809 οὐρανόν;
993 739 1054 791 Ὀ
1089 735 1345 805 οὐρανὸς
1371 734 1502 804 ἐμοὶ
1536 732 1766 798 θρόνος.

189 835 229 902 ἠ
257 835 327 890 δὲ
353 834 430 904 τῇ
458 835 790 890 ὑποπόδιον
821 835 940 889 τῶν
964 834 1166 889 ποδῶν
1182 852 1322 903 μου.
1354 829 1467 885 Ποῦ
1493 829 1726 898 κάθηται
1750 842 1765 892 ;

190 929 286 980 ἐπὶ
329 925 420 979 τὸν
465 926 818 996 φαινόμενον;
880 927 1134 998 Ἀστέρες
1193 927 1450 978 ὑποκάτω
1502 920 1595 974 τοῦ
1652 935 1769 971 στε-

195 1017 497 1090 ρεώματος,
561 1018 704 1090 ὕδωρ
762 1019 965 1073 ἐπάνω.
1023 1019 1086 1073 Εἰ
1137 1017 1322 1071 ἐπάνω
1376 1013 1628 1084 κάθηται,
1670 1011 1769 1065 οὐκ

190 1109 378 1161 ἐπάνω
403 1108 511 1161 τῶν
544 1109 804 1179 οὐρανῶν,
841 1109 955 1162 ἀλλ’
984 1113 1064 1174 είς
1092 1111 1183 1163 τὸν
1219 1107 1490 1177 ἀνώτερον
1520 1102 1766 1175 οὐρανόν.

188 1201 254 1252 Εἰ
293 1200 520 1271 κάθηται
553 1202 788 1264 πάντως,
817 1203 910 1254 καὶ
935 1203 983 1255 οἱ
1015 1201 1174 1262 πόδες
1204 1199 1507 1270 κρέμανται
1543 1196 1646 1258 ἕως
1669 1194 1770 1263 τῆς

186 1292 315 1361 γῆς.
355 1291 604 1345 Τοιοῦτον
655 1293 839 1363 σχῆμα
889 1291 1175 1362 περιτίθης
1219 1289 1302 1361 τῷ
1342 1287 1765 1359 ἀσχηματῖστψῖ

187 1383 308 1435 Οὐκ
338 1382 482 1438 ἐστιν
515 1383 709 1448 ἀσεϐὲς
748 1387 839 1438 καὶ
866 1384 1026 1438 τοῦτο
1066 1383 1210 1437 οὕτω
1238 1381 1460 1452 νοῆσαι;
1496 1375 1638 1432 Εἶτα·
1657 1376 1766 1428 λοι-

185 1473 316 1536 πὸν,
346 1477 392 1526 εί
416 1477 466 1528 οί
493 1476 650 1539 πόδες
678 1475 843 1529 αὐτοῦ
874 1476 1102 1529 πατοῦσι
1123 1476 1222 1546 τὴν
1249 1474 1374 1544 γῆν.
1400 1470 1517 1534 πῶς
1545 1467 1765 1537 σπείρο·

191 1580 328 1633 μενῦ
354 1564 469 1628 πῶς
489 1566 774 1638 θερίζομεν
800 1585 814 1633 ;
845 1569 959 1632 πῶς
987 1565 1313 1638 διερχόμεθα
1335 1565 1409 1635 μὴ
1437 1558 1768 1630 συγκρούον-

183 1665 280 1713 τες
314 1651 477 1704 αὐτοῦ
503 1655 617 1717 τοῖς
649 1655 835 1718 ποσίν;
868 1653 991 1716 Πῶς
1023 1654 1077 1705 δὲ
1121 1654 1392 1723 ἐμέτρησε
1424 1649 1514 1701 τὸν
1542 1643 1768 1714 οὐρανὸν

188 1743 471 1813 σπιθαμῇ;
520 1745 636 1808 πῶς
681 1745 973 1807 δακτύλους
1021 1740 1133 1814 εἶχε
1173 1742 1440 1813 μεγάλους
1473 1737 1767 1803 ἀναλόγους

185 1835 256 1904 τῇ
314 1833 561 1908 θεότητις
620 1841 713 1890 καὶ
768 1837 889 1900 πῶς
925 1838 981 1889 ἐν
1039 1836 1265 1898 ἐκείνοις
1318 1836 1431 1894 τοῖς
1485 1827 1765 1889 δακτύλοις

184 1926 393 1997 ίγραψε
421 1927 628 1991 πλάκας
658 1928 858 1999 μικρὰς
884 1927 1165 1990 δακτύλοις
1201 1925 1464 1985 τοιούτοις
1482 1962 1496 1984 ,
1525 1920 1617 1973 καὶ
1645 1917 1766 1970 οὐδὲ

184 2018 428 2084 πολλοῖς;
472 2018 659 2089 Ἡμεῖς
694 2021 839 2091 τρισὶ
876 2020 1158 2082 δακτύλοις
1196 2017 1496 2086 γράφομεν,
1528 2013 1636 2066 τῶν
1675 2012 1769 2065 ἀλ-

183 2109 295 2161 λων
337 2109 769 2182 συνεργούντων*
819 2111 950 2175 Θεὸς
998 2112 1078 2164 ἐνὶ
1127 2109 1372 2178 δακτύλῳ
1412 2106 1511 2169 τὰς
1555 2103 1766 2164 πλάκας

182 2200 445 2273 ἔγραψεν.
477 2200 627 2267 Εἱδές
645 2221 765 2260 τινα
792 2206 872 2259 ἐνὶ
892 2204 1139 2276 δακτύλῳ
1160 2201 1471 2274 γράφοντα;
1501 2195 1767 2268 Νοήματά

183 2299 306 2349 ἐστι
329 2296 503 2352 ταῦτα
538 2298 736 2368 μᾶλλον
765 2299 796 2370 ἢ
823 2301 1060 2370 ῥήματα.

257 2434 320 2491 δ’.
342 2437 694 2506 Ποιήσωμεν
730 2439 1044 2509 ἄνθρωπον
1071 2434 1194 2490 κατ’
1221 2434 1424 2488 εἰκόνα
1451 2427 1760 2500 ἡμετέραν.

185 2527 442 2580 Βούλεται
472 2532 619 2601 ήμᾶς
644 2534 671 2583 6
683 2532 811 2592 Θεὸς
828 2528 1066 2601 μιμητάς
1081 2526 1243 2581 αὐτοῦ
1258 2521 1392 2579 εἶναι
1411 2521 1762 2592 κατ”ἀρετήν.

182 2619 252 2672 Τί
299 2619 434 2684 ἐστι,
474 2625 610 2675 Κατ’
650 2624 889 2686 εἰκόνα;
929 2622 1059 2684 Θεὸς
1109 2620 1295 2689 ἀγιος·
1337 2617 1432 2671 ἐάν
1481 2612 1766 2685 γενώμεθα

181 2714 353 2780 ἅγιοι,
396 2717 512 2770 κατ’
543 2718 726 2769 εἰκόνα
755 2717 919 2785 ἐσμὲν
958 2713 1114 2768 Θεοῦ.
1159 2713 1413 2766 Γίνεσθε
1447 2711 1556 2779 γάρ
1591 2707 1764 2774 ἅγιοι,

181 2803 278 2857 ὅτι
308 2806 422 2874 ἐγὼ
452 2806 621 2874 ἅγιός
659 2809 795 2874 εἶμι.
842 2805 972 2868 Θεὸς
1003 2804 1241 2866 δίκαιος·
1287 2801 1380 2853 ἐάν
1423 2795 1768 2864 δικαιοσύνην

183 2902 554 2975 μετέλθωμεν,
572 2900 733 2954 είκών
763 2906 926 2971 ἐσμεν
948 2895 1102 2954 Θεοῦ.
1128 2898 1361 2963 Δίκαιος
1400 2894 1506 2964 γάρ
1531 2891 1767 2959 Κύριος,

182 2996 285 3048 καὶ
315 2995 708 3060 δικαιοσύνην
749 2993 1082 3063 ἠγάπησεν.
1126 2989 1252 3044 Ἐάν
1287 2982 1436 3057 ὦμεν
1468 2982 1768 3054 φιλάνθρω⁶

183 3103 302 3147 ποι,
335 3087 621 3154 ἐλεήμονες
643 3125 656 3149 ,
696 3085 856 3137 εἰκών
891 3087 1057 3154 ἐσμεν
1085 3081 1175 3135 τοῦ
1207 3079 1362 3133 Θεοῦ.
1393 3078 1553 3144 Λέγει
1594 3075 1702 3143 γάρ
1742 3073 1770 3124 6

185 3178 412 3247 Σωτήρ·
457 3177 711 3232 Γίνεσθε
756 3177 1141 3245 οἰκτίρμονες,
1185 3175 1264 3239 ὠς
1303 3177 1334 3227 ό
1373 3169 1572 3236 Πατὴρ
1605 3165 1770 3235 ὑμῶν

182 3271 480 3336 οίκτείρει.
519 3265 670 3332 Εἶδες
701 3268 803 3321 ποῦ
837 3272 869 3339 ή
914 3268 1106 3331 εἰκὼν;
1139 3268 1388 3318 Δείκνοσι
1429 3263 1522 3313 καὶ
1560 3257 1770 3318 Παῦλος

181 3365 289 3432 τὴν
332 3361 532 3414 εἰκόνα·
562 3361 708 3428 λέγει
747 3360 854 3430 γάρ
881 3378 893 3390 ·
943 3358 1350 3413 Ἀποδύσασθε
1384 3355 1488 3407 τὸν
1512 3349 1772 3403 παλαιὸν

183 3455 540 3520 ἄνθρωπον,
594 3453 691 3506 καί
740 3451 1079 3505 ἐνδύσασθε
1120 3451 1229 3502 τὸν
1266 3448 1407 3501 νέον
1429 3488 1443 3510 ,
1474 3445 1584 3498 τὸν
1623 3441 1773 3493 κατὰ

187 3548 343 3600 Θεὸν
381 3544 696 3600 κτισθέντα
721 3547 807 3609 είς
843 3543 1168 3612 ἐπίγνωσιν
1193 3539 1475 3606 ἀληθείας
1496 3578 1509 3600 ,
1540 3536 1665 3587 κατ’
1695 3536 1774 3586 εί-

185 3641 342 3695 κόνα
373 3638 479 3692 τοῦ
510 3638 830 3700 κτίσαντος
857 3636 1061 3688 αὐτόν.
1100 3628 1250 3694 Εἶδες
1280 3632 1366 3684 ὅτι
1408 3630 1528 3689 ταῖς
1555 3626 1774 3695 ἀρεταῖς

186 3733 558 3803 ἐπιγράφεται
584 3731 665 3795 τὸ,
704 3729 842 3788 Κατ’
877 3728 1078 3783 είκόνα
1109 3725 1440 3795 ἡμετέραν;
1492 3721 1579 3772 Ἐν
1605 3718 1710 3771 τίνι
1738 3719 1771 3785 ή

185 3824 390 3889 είκώνς
459 3824 546 3876 Ἐν
597 3823 662 3892 τῇ
728 3819 943 3889 ἐξουσία
994 3817 1191 3870 πάλιν·
1255 3812 1620 3881 Ἀρχέτωσαν
1659 3808 1776 3862 τῶν

187 3919 417 3986 ἰχθύων
446 3917 553 3982 τῆς
581 3914 918 3978 θαλάσσης.
950 3910 1043 3963 καί
1074 3907 1190 3962 τῶν
1217 3905 1501 3960 πετεινῶν
1533 3903 1638 3957 τοῦ
1672 3903 1775 3954 οὐ⁴

179 4011 401 4080 ρανοῇ
433 4010 530 4063 καί
561 4006 674 4060 τῶν
696 4006 932 4074 θηρίων,
953 4000 1188 4056 καὶτῶν
1215 3998 1497 4068 ἑρπετῶν,
1531 3996 1628 4049 καί
1659 3993 1777 4048 τῶν

186 4100 449 4168 κτηνῶν,
480 4100 580 4154 καὶ
607 4100 810 4165 πάσης
833 4098 940 4164 τῆς
969 4096 1101 4166 γῆς.
1138 4096 1203 4146 Ὢ
1233 4095 1330 4162 τῆς
1365 4091 1456 4144 τοῦ
1487 4090 1620 4142 Θεοῦ
1651 4091 1779 4141 ἀκο-

186 4192 412 4254 λουθίας
431 4209 444 4223 ·
470 4190 516 4243 ὣ
535 4191 632 4261 τῆς
653 4190 756 4245 τῶν
782 4188 1042 4258 ῥημάτων
1061 4185 1363 4256 ἀκριϐείας.
1387 4182 1539 4235 Διατί
1564 4181 1779 4251 πρῶτον

188 4285 217 4350 ζ
229 4284 622 4354 μνημόνευσον,
660 4281 1023 4352 Ἀρχέτωσαν
1047 4278 1164 4332 τῶν
1186 4277 1405 4347 ίχθύων
1424 4273 1534 4341 τῆς
1553 4272 1780 4327 θαλάσ-

187 4392 353 4442 σης-ς
393 4375 550 4430 Κατά
574 4373 672 4445 τὴν
701 4373 850 4437 τάξιν
875 4373 973 4440 τῆς
1004 4368 1362 4441 δημιουργίας
1392 4365 1540 4439 [685]
1569 4367 1601 4435 ή
1628 4364 1779 4428 τάξις

190 4470 297 4539 τῆς
311 4467 646 4530 δεσποτείας.
686 4466 903 4536 Ἐπειδὴ
934 4465 1138 4536 πρῶτοι
1163 4465 1224 4516 ἐκ
1251 4464 1347 4532 τῆς
1367 4461 1639 4529 θαλάσσης
1660 4457 1778 4526 ἐγέ-

192 4580 352 4619 νοντο
383 4562 597 4632 ίχθύες,
637 4562 730 4614 καὶ
762 4559 1013 4618 πετεινά,
1059 4556 1193 4626 μετά
1229 4557 1399 4610 ταῦτα
1437 4555 1494 4607 δὲ
1525 4553 1633 4607 ἀπὸ
1677 4551 1782 4620 γῆς

191 4655 271 4710 τά
301 4654 605 4725 τετράποδα
644 4653 738 4706 καὶ
782 4651 850 4704 τὰ
894 4650 1057 4703 λοιπά
1103 4649 1295 4718 κτήνη.
1345 4646 1555 4712 εἰσάγει
1597 4639 1688 4696 οὖν
1714 4641 1784 4694 τά

195 4749 398 4820 πρῶτα
423 4749 708 4817 γενόμενα.
751 4744 1117 4814 Ἀρχέτωσαν
1138 4740 1253 4794 τῶν
1276 4741 1513 4807 ἰχθύων,
1544 4736 1638 4789 καὶ
1667 4735 1785 4788 τῶν

197 4840 520 4904 πετεινῶν,
549 4839 648 4893 καὶ
675 4837 794 4891 τῶν
825 4835 1075 4903 θηρίων,
1106 4833 1198 4886 καί
1229 4831 1347 4884 τῶν
1375 4826 1655 4896 ἑρπετῶν,
1686 4823 1783 4878 και

199 4933 328 4987 τῶν
353 4930 604 4999 κτηνῶν.
643 4928 806 4982 Ὅθεν
842 4928 934 4980 καὶ
958 4928 1007 4979 οἱ
1037 4927 1182 4995 τρεῖς
1220 4921 1406 4982 παῖδες
1439 4916 1785 4984 εὐλογοῦντες

202 5029 267 5078 ἐν
318 5027 382 5095 τῇ
427 5023 640 5094 καμίνῳ
689 5021 1015 5090 φυλάττουσι
1060 5020 1157 5086 τὴν
1207 5013 1395 5078 τάξιν·
1444 5009 1783 5078 Εὐλογεῖτε,

203 5115 514 5171 θάλασσαι
547 5116 642 5168 καὶ
680 5112 928 5182 ποταμοὶ
951 5151 966 5176 ,
1006 5110 1112 5164 τὸν
1148 5109 1384 5175 Κύριον.
1433 5100 1784 5169 Εὑλογεῐτε,

206 5207 367 5274 κήτη
397 5206 492 5259 καὶ
529 5203 726 5258 πάντα
757 5204 829 5257 τὰ
867 5202 1188 5270 κινούμενα
1213 5199 1283 5250 ἐν
1310 5197 1509 5256 ὕδασι,
1538 5193 1645 5246 τὸν
1675 5192 1789 5245 Κύ-

201 5314 362 5368 ριον.
393 5297 707 5363 Εὑλοτεῖτε
729 5335 743 5358 ,
785 5294 982 5348 πάντα
1007 5294 1078 5346 τὰ
1105 5290 1345 5344 πετεινὰ
1378 5286 1483 5340 τοῦ
1510 5283 1786 5354 οὐρανοῦ,

207 5390 323 5444 τὸν
352 5389 587 5455 Κύριον.
618 5386 952 5454 Εὐλοτεῖτε.
977 5383 1048 5436 τὰ
1076 5381 1249 5450 θηρία
1273 5380 1369 5432 καί
1397 5378 1467 5430 τὰ
1493 5375 1684 5436 νηκτὰ
1712 5377 1786 5443 (ί.

211 5484 444 5553 κτήνη).
477 5481 824 5549 Εὑλοτεῖτε,
864 5479 979 5532 υἱοί
1024 5476 1142 5529 τῶν
1177 5473 1521 5540 ἀνθρώπων.
1554 5465 1662 5521 Ἦν
1693 5469 1792 5537 μὲν

209 5573 309 5631 οὖν
340 5577 433 5628 καὶ
453 5576 614 5646 ἕτερα
647 5574 1010 5644 ἐπιθεωρῆσαι
1033 5587 1045 5599 ⁸
1075 5569 1190 5624 ἀλλ’
1224 5570 1301 5631 είς
1334 5567 1395 5618 τὸ
1436 5564 1792 5636 προκείμενον

213 5668 623 5738 ἐπανέλθωμεν.
649 5669 758 5722 Καί
786 5670 1055 5722 ἔπλασεν
1084 5668 1116 5718 ό
1151 5663 1292 5728 Θεὸς
1312 5661 1417 5715 τὸν
1457 5659 1790 5725 ἄνθρωπον.

213 5760 338 5820 Οὐκ
375 5756 527 5816 εἶπεν
557 5760 760 5826 ἁπλῶς,
785 5759 1070 5828 ἐποίησεν,
1111 5755 1222 5812 ἀλλ’
1261 5755 1552 5810 ἔπλασεν.
1588 5750 1791 5812 Πλάσις

1222 341 1308 396 DE
1346 338 1564 397 MUNDI
1605 334 2000 394 CREATIONE
2036 331 2293 390 ORATIO
2331 330 2396 385 ι’.

3333 311 3447 369 476

1875 453 2092 523 λέγεται
2131 450 2229 503 ἐπὶ
2251 448 2351 519 τῆς
2376 442 2727 516 εὐπρεπείας·
2751 440 2826 503 ὡς
2851 439 2977 492 ὅταν
3003 452 3087 498 τις
3112 433 3448 502 θεασάμενος

1873 548 2172 619 πρόσωπον
2187 543 2479 614 εῦμορφον,
2507 538 2694 609 ἐπειδὴ
2712 535 2878 590 καλὸν
2899 533 3142 602 πλάσμα,
3169 531 3320 599 λέγῃ.
3346 529 3447 580 Οὐ-

1869 641 1960 694 δὲν
1989 637 2243 708 ἐποίησεν
2261 638 2290 689 6
2313 634 2444 697 Θεὸς
2469 635 2526 686 ἐν
2548 631 2626 702 τῷ
2661 629 2874 700 σώματι
2900 626 3166 697 ἀπρεπὲς,
3191 621 3327 677 ἀλλά
3351 621 3446 673 καὶ

1869 731 2006 802 πρὸς
2032 730 2133 800 τὴν
2164 727 2493 798 εὐπρέπειαν
2531 723 2625 777 καὶ
2659 721 2794 792 πρὸς
2831 719 2929 790 τὴν
2960 718 3175 788 χρῆσιν.
3218 709 3376 779 Οἷον,
3413 711 3447 765 6

1868 824 2143 894 ὀφθαλμὸς
2175 820 2267 874 δύο
2297 819 2409 890 ἔχει
2431 860 2445 882 ,
2476 819 2567 871 καὶ
2600 817 2797 887 χρῆσιν
2829 811 2924 866 καλ¹
2954 808 3317 880 εὐπρέπειαν·
3352 806 3446 859 καὶ

1868 917 1978 988 γάρ
2009 916 2213 986 βλέπει,
2240 913 2334 966 καὶ
2366 908 2646 979 φαιδρύνει
2676 907 2735 959 τὸ
2764 905 3087 976 πρόσωπον,
3126 899 3220 953 καὶ
3252 899 3446 967 κοσμεῖ

1868 1010 1966 1080 τήν
1991 1010 2134 1079 ὄψιν,
2165 1007 2257 1060 καὶ⁹
2293 1006 2395 1076 ὁρᾷ
2420 1003 2614 1055 πάντα.
2659 1000 2726 1051 Ἥ
2765 997 2902 1067 ἀκοὴ
2931 996 3043 1066 ἔχει
3082 994 3180 1065 τήν
3226 993 3442 1064 χρῆσιν,

1870 1101 1981 1173 ἔχει
2035 1103 2132 1172 τὴν
2181 1100 2353 1169 δψινι
2382 1112 2400 1130 ο
2454 1095 2516 1148 τὸ
2565 1093 2673 1164 γάρ
2724 1089 3104 1160 περικείμενον
3168 1084 3446 1156 κύμϐαλον

1871 1201 2064 1268 κοσμεῖ
2105 1197 2166 1250 τὸ
2205 1193 2361 1259 ζῶον.
2415 1188 2645 1260 Ὁμοίως
2675 1187 2709 1256 ή
2745 1185 2831 1256 ῥὶς
2873 1182 2986 1252 ἔχει
3031 1182 3127 1252 τὴν
3177 1181 3445 1250 ὄσφρησιν

1869 1288 2199 1356 ἀναγκαίαν·
2234 1283 2347 1338 ἀλλ’
2374 1281 2507 1352 ἔχει,
2540 1279 2692 1348 παρά
2713 1275 2780 1328 τὰ
2805 1272 2938 1328 ἄλλα
2967 1271 3100 1335 ζῶα,
3130 1271 3319 1340 ὥσπερ
3355 1286 3447 1339 με-

1873 1381 2131 1450 σότοιχον,
2165 1378 2255 1432 καὶ
2283 1371 2521 1444 πληροῦν
2547 1371 2642 1440 τὴν
2670 1364 3002 1438 εὐπρέπειαν
3025 1379 3038 1392 ·
3071 1361 3229 1414 τοῦτο
3249 1359 3324 1429 τῷ
3356 1361 3444 1411 ἀν-

1871 1470 2072 1543 θρώπῳ
2118 1468 2385 1537 ὑπάρχει·
2419 1463 2488 1516 τὰ
2530 1462 2640 1530 γάρ
2677 1457 2812 1514 ἀλλα
2858 1455 2972 1520 ζῶα
3017 1452 3296 1524 μυκτῆρας
3344 1451 3444 1502 οὐκ

1870 1540 2101 1632 ἔχουσιν,
2128 1558 2262 1611 ἀλλὰ
2303 1557 2428 1627 μίαν
2461 1552 2689 1606 καθόλου
2719 1551 2817 1619 τὴν
2857 1546 3025 1600 θέσιν.
3058 1542 3227 1598 Τοῦτο
3268 1541 3325 1595 δὲ
3355 1540 3444 1594 διὰ

1868 1654 2027 1706 τοῦτο
2065 1651 2293 1704 ἔπλασεν
2322 1651 2350 1700 ό
2377 1646 2527 1707 Θεός.
2561 1643 2650 1695 Διὸ
2677 1642 2770 1693 καὶ
2801 1638 2960 1691 Δαυῖδ
2980 1655 2993 1666 ·
3044 1637 3104 1688 '0
3138 1634 3444 1704 φυτεύσας

1868 1743 1935 1796 τὸ
1960 1738 2088 1808 οὖς,
2122 1739 2253 1808 οὑχί
2291 1737 2528 1796 ἀκούεις
2565 1733 2602 1800 ἢ
2648 1735 2679 1786 ό
2714 1729 2954 1793 πλάσας
2980 1729 3084 1780 τὸν
3111 1722 3443 1794 ὀφθαλμὸν,

1868 1833 2003 1901 οὐχί
2047 1827 2352 1889 κατανοεῖ;
2401 1825 2555 1879 Οῦτω
2595 1823 2688 1876 καὶ
2731 1821 2829 1888 τὴν
2869 1818 2968 1888 γῆν
3022 1815 3277 1885 ἐποίησε,
3309 1813 3444 1883 πρὸς

1868 1925 2216 1995 εὐπρέπειαν,
2241 1920 2376 1991 πρὸς
2402 1918 2614 1988 χρῆσιν.
2639 1912 2744 1966 Καὶ
2770 1913 2857 1965 ἵνα
2887 1910 2960 1980 μὴ
2983 1905 3141 1972 δείξω
3168 1923 3247 1959 σοι
3278 1904 3446 1958 πολλά

1868 2021 2142 2092 εὐπρεπῆ,
2173 2019 2229 2072 ἓν
2252 2016 2421 2070 εἰπὼν
2458 2014 2859 2085 ὑπερϐήσομαι.
2893 2011 3132 2065 Ἔδωκεν
3152 2008 3180 2059 6
3209 2007 3340 2069 Θεὸς
3369 2005 3446 2074 τῷ

1866 2113 2160 2185 ἀνθρώπῳ,
2182 2112 2325 2180 λέγω
2346 2110 2411 2179 δὴ
2437 2106 2514 2177 τῷ
2537 2106 2710 2176 ἀνδρὶ,
2741 2103 2878 2174 μετά
2900 2101 3008 2154 τῶν
3035 2100 3205 2154 ἄλλων
3225 2099 3317 2150 καὶ
3345 2114 3447 2167 μα-

1869 2206 2009 2260 στῶν
2036 2203 2318 2275 ἁρμονίαν.
2358 2199 2537 2269 Ἀνδρὶ
2565 2198 2767 2267 μαστὸς
2794 2194 2967 2257 διατίς
2999 2193 3098 2245 Διά
3123 2191 3221 2260 τὴν
3253 2188 3448 2258 εὐπρέ-

1867 2313 2046 2352 πειαν.
2090 2297 2270 2348 Ἔστω
2302 2293 2411 2363 γάρ
2438 2289 2656 2357 γυναικὶ
2688 2287 2775 2338 διὰ
2802 2286 2860 2337 τὸ
2889 2285 3182 2353 ἀναγκαῖον
3216 2281 3314 2349 τῆς
3349 2278 3445 2348 φύ-

1874 2404 2034 2452 σεως,
2058 2385 2147 2440 διά
2170 2384 2267 2455 τὴν
2299 2381 2560 2452 χορηγίαν
2597 2377 2689 2431 τοῦ
2717 2376 3017 2444 γάλακτος·
3060 2372 3209 2442 ἀνδρὶ
3243 2369 3444 2441 μαστὸς

1867 2481 2008 2535 διατί
2026 2497 2039 2545 ;
2057 2477 2156 2531 Διά
2173 2479 2272 2547 τὴν
2297 2475 2648 2542 εὐπρέπειαν,
2672 2469 2865 2538 διά-τὴν
2895 2465 3212 2534 εὐκοσμίαν.
3236 2464 3446 2530 Ὥσπερ

1868 2574 1975 2643 γὰρ
2021 2573 2078 2624 ἐν
2117 2574 2228 2632 τοῖς
2282 2566 2674 2635 οἰκοδομήμασι
2719 2560 2839 2613 τινά
2887 2557 2984 2627 μὲν
3016 2557 3224 2624 γίνεται
3261 2553 3349 2607 διά
3385 2553 3446 2604 τὸ

1868 2642 2161 2731 ἀναγκαῖον
2180 2704 2193 2727 ,
2222 2661 2344 2712 τινά
2374 2659 2427 2710 δέ
2453 2658 2540 2710 διὰ
2563 2655 2661 2724 τὴν
2687 2651 3038 2720 εὐπρέπειαν·
3066 2647 3233 2704 οὕτως
3259 2647 3287 2696 6
3316 2642 3445 2703 Θεὸς

1869 2756 1964 2808 καὶ
2009 2753 2281 2822 ἐκόσμησε
2323 2750 2413 2801 τὸν
2454 2747 2768 2816 ἄνθρωπον,
2806 2741 2900 2791 καὶ
2942 2736 3077 2805 πρὸς
3115 2737 3213 2803 τὴν
3254 2733 3445 2803 χρῆσιν

1870 2845 2189 2916 ἀπήρτισεν.
2217 2839 2487 2894 Ἐπλασεν
2513 2837 2673 2889 αὑτὸν
2703 2831 2830 2904 χοῦν
2859 2827 3038 2883 λαϐὼν
3062 2825 3170 2879 ἀπὸ
3196 2825 3293 2892 τῆς
3319 2825 3442 2892 γῆς.

1870 2911 2150 3008 Μακάριαι
2183 2937 2238 2987 αἰ
2271 2929 2609 3004 Χριστιανῶν
2640 2924 2850 2986 ἐλπίδες
2873 2962 2887 2985 ,
2930 2920 3024 2973 ἐὰν
3057 2917 3366 2985 ἐπιγνῶμεν
3413 2911 3449 2966 ἃ

1870 3027 2156 3099 ἀκούομεν.
2183 3025 2332 3078 Διατί
2358 3024 2456 3076 οὐκ
2476 3016 2595 3073 εἷπε
2617 3036 2629 3049 ·
2656 3017 2851 3070 Ἐλαϐε
2874 3013 3040 3083 βῶλον
3059 3011 3163 3065 ἀπὸ
3181 3008 3281 3077 τῆς
3309 3008 3409 3076 γῆς
3432 3023 3446 3070 ;

1872 3120 2134 3174 Τοσοῦτον
2171 3118 2326 3186 σῶμα
2375 3115 2605 3168 ἔπλασε·
2652 3112 2743 3164 καὶ
2787 3108 2847 3160 οὐ
2892 3106 3081 3177 χρείαν
3126 3102 3284 3171 ἔσχεν
3326 3099 3448 3151 οὐδὲ

1875 3211 2065 3281 βώλου,
2089 3210 2223 3262 ἀλλὰ
2250 3207 2376 3278 χοῦν
2403 3204 2699 3275 λαμϐάνεις
2742 3201 2800 3253 '0
2831 3197 2961 3259 Θεὸς
2986 3195 3200 3264 προεῖδε
3231 3193 3299 3246 τά
3332 3190 3450 3261 μὲλ-

1870 3303 2028 3354 λοντα
2059 3301 2132 3362 ὼς
2165 3301 2312 3351 ὄντα.
2361 3295 2576 3364 Ἐπειδὴ
2603 3291 2844 3362 προῄδει,
2874 3290 2954 3342 ὅτι
2985 3286 3165 3357 μέλλει
3193 3283 3448 3352 τελευτᾷν

1873 3395 1934 3446 τὸ
1966 3392 2121 3456 ζῶον,
2165 3390 2256 3441 καὶ
2291 3389 2369 3447 εἰς
2408 3385 2535 3456 χοῦν
2573 3381 3032 3453 μεταϐάλλεσθαι,
3065 3374 3352 3445 προλαϐὼν
3391 3376 3449 3426 ἐν

1875 3487 1940 3554 τῇ
1989 3479 2314 3553 δημιουργίᾳ
2363 3475 2526 3540 ἔδειξε
2564 3474 2661 3544 τὴν
2707 3470 2897 3523 ἐλπίδα
2940 3467 3040 3537 τῆς
3081 3466 3447 3525 ἀναστάσεως.

1874 3574 2154 3644 Δαμϐάνει
2185 3569 2311 3640 χοῦν
2341 3567 2447 3621 ἀπὸ
2483 3565 2583 3634 τῆς
2610 3564 2735 3634 γῆς,
2769 3561 2835 3614 ἵν’
2879 3562 3006 3613 ὅταν
3049 3558 3164 3627 ἴδῃς
3198 3558 3254 3608 ἐν
3297 3555 3450 3621 τάφῳ

1877 3673 2026 3743 χοῦν,
2059 3669 2200 3739 γνῷς
2227 3670 2308 3721 ὅτι
2336 3665 2364 3716 6
2401 3665 2573 3716 ἐκεῖνο
2605 3661 2810 3722 πλάσας
2846 3659 2938 3710 καὶ
2962 3657 3120 3708 τοῦτο
3149 3652 3448 3720 ἀνίστησιν.

1882 3738 2154 3818 δεπλασε
2176 3760 2280 3813 τὸν
2305 3760 2635 3825 ἄνθρωπον,
2658 3752 2811 3820 χοῦν
2830 3748 3031 3804 λαϐὼν
3049 3745 3166 3799 ἀπὸ
3186 3743 3296 3812 τῆς
3317 3738 3448 3810 γῆς,

1878 3856 1972 3909 καί
2023 3853 2404 3920 ἐνεφύσησεν
2434 3849 2521 3912 είς
2551 3845 2616 3897 τὸ
2665 3843 2987 3910 πρόσωπον
3025 3835 3210 3891 αὑτοῦ
3253 3832 3454 3898 πνοὴν

1877 3947 2043 4014 ζωῆς.
2092 3945 2264 3997 Βλέπε
2311 3938 2574 4008 διαφορὰν
2616 3934 2915 4005 ἀνθρώπων
2959 3927 3052 3983 ia}.
3097 3928 3325 3996 ἀλόγων.
3372 3923 3453 3977 Τά

1877 4040 2011 4094 ἄλλα
2039 4039 2213 4091 πάντα
2244 4033 2409 4088 ποιῶν
2431 4032 2458 4082 6
2487 4030 2638 4092 Θεὸς,
2661 4025 2795 4097 ὁμοῦ
2829 4026 3002 4078 πάντα
3020 4023 3288 4092 ἐπήγαγε,
3315 4016 3452 4088 μετά

1878 4132 1972 4185 τοῦ
2007 4136 2252 4200 σώματος
2302 4125 2395 4177 καὶ
2427 4124 2525 4193 τὴν
2568 4121 2769 4190 ψυχήν.
2810 4119 3081 4188 Πρόσεχε,
3128 4111 3449 4185 παρακαλῶ.

1894 4227 2145 4295 Ἐποίησε
2189 4223 2254 4276 τά
2299 4218 2490 4290 νηκτὰ,
2537 4213 2672 4286 ὁμοῦ
2722 4212 2879 4283 σῶμα
2927 4208 3076 4282 [486]
3119 4209 3213 4262 καὶ
3254 4209 3449 4277 ψυχήν.

1897 4314 2259 4384 Ἐξαγιιγέτω
2305 4313 2342 4378 ἠ
2387 4309 2463 4378 γῆ
2505 4306 2648 4368 ζῶα·
2692 4303 2955 4376 προῆλθεν
2995 4300 3130 4371 ὁμοῦ
3175 4299 3310 4368 μετά
3347 4299 3454 4350 τῶν

1886 4410 2152 4478 σωμάτων
2185 4403 2276 4456 καὶ
2301 4403 2332 4470 ἠ
2355 4401 2519 4470 ψυχή,
2545 4398 2649 4450 Τὸν
2667 4396 2950 4466 ἄνθρωπον
2975 4394 3116 4444 ποιεῖ
3139 4389 3215 4459 τῷ
3244 4389 3456 4458 σώματι

1887 4499 2121 4570 πρῶτον,
2160 4491 2276 4548 εἶτα
2301 4496 2365 4563 τῇ
2391 4491 2556 4560 ψυχῇ.
2588 4487 2684 4541 Διά
2709 4487 2866 4540 ποίαν
2894 4484 3112 4545 ὲλπίδα;
3140 4484 3238 4534 Οῖα
3263 4483 3295 4551 ἡ
3324 4483 3457 4533 πλά-

1887 4609 1990 4656 σις,
2025 4587 2247 4656 τοιαύτη
2283 4584 2434 4654 καλή
2471 4581 2622 4643 λύσις
2644 4596 2655 4609 ·
2683 4578 2751 4630 τὰ
2792 4576 2904 4642 ζῶα
2943 4576 3029 4628 διά
3053 4573 3208 4626 τοῦτο
3234 4574 3458 4625 ἀνάστα-

1888 4703 1970 4738 σιν
1993 4683 2090 4735 οὐκ
2112 4679 2245 4750 ἔχει,
2277 4675 2460 4744 ἐπειδὴ
2482 4675 2555 4735 ὼς
2576 4671 2809 4740 ἐγένετο,
2831 4667 2972 4720 οὕτω
2995 4667 3086 4718 καὶ
3106 4665 3454 4733 ἀποθνήσκει·

1886 4775 2020 4846 ὁμοῦ
2060 4774 2118 4826 τὸ
2149 4771 2304 4838 σῶμα
2347 4768 2440 4820 καὶ
2467 4767 2499 4835 ἡ
2525 4763 2670 4832 ψυχὴ
2697 4761 3035 4830 ἀφανίζεται.
3074 4757 3147 4807 Τὸ
3178 4755 3336 4823 σῶμα
3367 4753 3458 4804 τοῦ

1888 4843 2174 4937 ἀνθρώπου
2210 4860 2398 4914 ἐλαϐεν
2440 4856 2547 4908 ἀπὸ
2577 4855 2676 4922 τῆς
2710 4856 2841 4918 γῆς,
2873 4850 2970 4919 τὴν
3000 4847 3055 4899 δὲ
3090 4845 3266 4913 ψυχὴν
3301 4843 3463 4905 αὐτὸς

1887 4935 2067 5011 δίδωσι
2107 4954 2327 5015 κτίσας,
2357 4946 2786 5018 δημιουργήσας,
2822 4941 2920 4992 οὐκ
2965 4939 3029 4989 ἐκ
3062 4937 3157 5006 τῆς
3190 4935 3325 4996 ίδίας
3371 4936 3464 4987 οὐ-

1892 5050 2010 5113 σίας
2033 5044 2294 5107 ἐκϐαλὼν,
2326 5044 2391 5095 ἵν’
2417 5044 2542 5093 ὅταν
2580 5035 2825 5104 ἀποθάνῃ
2856 5032 2915 5084 τὸ
2946 5030 3124 5099 σῶμα,
3151 5029 3184 5098 ἢ
3212 5027 3240 5078 6
3263 5027 3466 5095 ἀνθρω-

1892 5159 2012 5206 πος,
2047 5140 2120 5210 μή
2148 5134 2474 5203 ἀπογνῶμεν
2504 5131 2601 5200 τῆς
2629 5129 2824 5198 ψυχῆς.
2859 5124 2925 5175 Τί
2949 5122 3077 5189 γὰρ,
3102 5120 3183 5172 ὅτι
3206 5117 3378 5188 ἐτάφη
3407 5117 3466 5169 ἐν

1891 5208 2131 5302 τάφῳ-τὸ
2164 5227 2355 5297 σῶμα;
2385 5225 2475 5292 Μὴ
2503 5221 2879 5294 προσδοκήσῃς
2916 5216 3032 5267 ἐκεῖ
3070 5208 3208 5265 εἶναι
3242 5211 3338 5280 τὴν
3364 5210 3466 5278 ψυ-

1890 5325 2012 5394 Χήν·
2042 5320 2118 5374 Οὐ
2157 5319 2263 5389 γὰρ
2296 5314 2404 5370 ἀπὸ
2429 5315 2531 5384 γῆς
2561 5311 2787 5382 ἐλήφθη,
2828 5310 2947 5362 ούδέ
2974 5308 3053 5369 εἰς
3091 5306 3193 5375 γῆν
3231 5303 3467 5371 ἀπέρχε-

1891 5435 2001 5470 ται.
2044 5416 2311 5482 Ἐστησεν
2341 5406 2433 5462 οὖν
2464 5410 2563 5478 τὴν
2607 5406 2813 5460 ἐλπίδα.
2850 5403 2947 5455 Διά
2979 5399 3136 5453 τοῦτο
3173 5398 3264 5450 καὶ
3303 5397 3359 5448 ἐν
3391 5394 3469 5464 τῷ

1905 5507 2160 5578 Ἰεζεκιὴλ
2205 5501 2537 5573 προφητεύει
2587 5499 2683 5569 τὴν
2733 5495 3028 5550 ἀνάστασιν
3074 5490 3215 5543 οὕτω
3260 5487 3467 5554 λέγων·

1962 5686 1987 5715 ⁸
2011 5683 2268 5736 Combeﬂs.
2294 5680 2558 5740 legendum
2577 5684 2715 5741 putat
2737 5676 2858 5738 ἔχειν
2887 5673 2970 5730 τὴν
2992 5671 3170 5735 τέρψιν.
3194 5665 3296 5718 Sed
3320 5662 3474 5714 lectio

1899 5752 1952 5798 ut
1974 5753 2051 5798 est
2078 5745 2193 5795 ferri
2219 5749 2401 5806 potest.
