3982 6218
209 356 323 412 477

200 462 581 521 surrectionem
612 458 928 515 vaticinatur
955 455 1037 509 his
1079 453 1257 509 verbis
1285 470 1298 505 :
1332 453 1547 506 Mortuis
1585 452 1778 505 ossibus

200 573 384 625 corpus
409 560 595 625 factum
620 561 692 605 est
720 548 929 621 (Eseeli.
964 547 1048 603 57.
1082 544 1159 614 9).
1192 543 1391 598 Deinde
1416 543 1489 596 ait
1514 560 1527 597 :
1558 541 1639 595 Ex
1658 558 1783 608 qua-

201 658 316 700 tuor
352 646 505 700 ventis
543 644 704 697 veniat
747 641 975 709 spiritus,
1025 648 1070 689 et
1109 635 1423 705 ingrediatur
1466 634 1517 686 in
1560 642 1783 684 mortuos

198 739 315 805 bos,
344 746 389 790 et
429 737 613 789 vivant.
652 733 739 786 Sic
771 740 824 785 et
857 729 1016 783 David
1049 728 1242 781 clamat
1271 743 1283 777 :
1315 724 1525 793 Auferes
1554 723 1784 793 spiritum

199 845 393 893 eorum,
436 837 484 880 et
510 824 767 891 deﬁcient,
815 832 860 874 et
900 822 949 872 in
980 819 1231 885 pulverem
1279 832 1426 868 suum
1457 821 1782 866 revertentur.

205 918 416 973 Emittes
449 915 695 985 Spiritum
725 922 885 976 tuum,
918 919 960 961 et
993 909 1311 971 creabantur,
1346 915 1390 957 et
1420 902 1678 956 renovabis
1701 900 1785 967 [a-

201 1008 329 1061 ciem
353 1018 497 1059 terra:
519 1003 688 1077 (l’sal.
726 1002 848 1057 105.
878 1000 968 1053 29.
999 999 1112 1065 50).
1145 996 1330 1049 Vidisti
1356 995 1609 1064 Spiritum
1636 1006 1785 1045 etca—

204 1109 375 1153 torem
398 1098 420 1148 ‘l
448 1096 620 1150 vidisti
648 1110 767 1146 cum
803 1093 910 1146 Deo
932 1089 1281 1158 operantem?

287 1190 340 1244 5.
383 1188 486 1241 Sed
525 1186 587 1239 ad
620 1184 948 1254 propositum
980 1194 1325 1233 revertamur.
1363 1174 1659 1244 lusu/ﬂavit.
1690 1172 1790 1225 Per

205 1279 374 1343 illud,
424 1276 740 1347 lnsuﬁlavit,
794 1274 985 1326 aniut-e
1047 1269 1440 1337 simplicitatem
1493 1263 1727 1318 ostendit.
1775 1282 1788 1317 :

205 1371 329 1425 ideo
357 1383 452 1422 nec
480 1368 656 1420 multis
684 1368 1052 1419 concinnatur.
1085 1358 1315 1413 Attende
1335 1358 1467 1425 jam.
1492 1355 1623 1420 Quia
1644 1368 1794 1406 crea-

207 1472 325 1519 tura
354 1462 761 1519 inveteraverat,
788 1455 933 1508 illam
959 1454 1204 1508 Christus
1229 1452 1278 1502 iu
1302 1448 1696 1517 ιΙὶδιιριιδιιιίυιιε
1720 1443 1793 1513 (ιι)

211 1554 493 1606 instaurat.
547 1550 829 1605 Formatus
870 1557 951 1601 est
996 1545 1161 1598 Adam
1209 1542 1275 1596 de
1320 1552 1459 1594 terra
1505 1537 1797 1592 :formavit

205 1647 452 1700 Christus
492 1645 618 1699 casei
665 1642 849 1695 oculos
883 1656 946 1693 ex
976 1640 1086 1692 luto
1107 1680 1120 1701 ,
1154 1646 1207 1690 ut
1240 1636 1361 1689 hinc
1392 1635 1608 1687 noveris
1636 1648 1754 1685 eum
1780 1671 1793 1693 ,

209 1738 300 1806 qui
341 1736 545 1805 accepit
573 1734 838 1803 pulverem
865 1731 929 1784 dc
962 1740 1097 1783 terra
1121 1771 1134 1787 ,
1165 1739 1217 1781 ct
1248 1726 1513 1779 fortnavit.
1548 1722 1791 1777 lnsuflla—

207 1828 287 1880 vit
331 1829 466 1880 Deus
508 1828 560 1880 in
606 1825 789 1878 facient
818 1822 984 1875 Adam
1036 1820 1295 1887 spiracula
1328 1818 1481 1879 vita};
1514 1813 1795 1868 iusulllavit

205 1919 451 1975 Christus
502 1917 552 1970 in
593 1915 781 1969 faciem
826 1918 1221 1981 apostolorum,
1266 1918 1319 1963 et.
1359 1907 1493 1961 dixit
1539 1904 1802 1972 :Accipite

208 2009 463 2079 Spiritum
506 2018 733 2061 sanctum
782 2005 957 2075 (Joan.
1000 2005 1088 2056 20.
1117 2003 1230 2071 22).
1262 2002 1391 2053 [Satn
1422 2016 1540 2068 qua:
1572 1999 1801 2066 perierat

207 2100 401 2155 Adami
447 2097 896 2159 iusulﬁat'toucm,
944 2095 1185 2146 Christus
1238 2091 1504 2152 restituit,
1549 2100 1603 2142 et
1632 2087 1801 2140 factus

210 2200 294 2243 est
333 2202 514 2243 rursus
542 2187 701 2240 homo
728 2187 777 2238 in
801 2186 1031 2237 animam
1060 2182 1346 2235 viventem.
1382 2180 1476 2231 llic
1503 2177 1657 2231 seriei
1682 2177 1800 2228 ani—

211 2296 357 2333 mum
401 2278 612 2332 adhibe.
666 2274 887 2329 Etiamsi
934 2273 1075 2326 enim
1108 2273 1249 2325 vocis
1296 2284 1551 2339 organum
1583 2267 1796 2333 deﬁcit,

210 2380 464 2429 Consueta
516 2381 690 2425 tamen
745 2384 840 2438 spe
892 2382 1256 2435 praecurrens,
1309 2364 1638 2429 fratrumque
1682 2372 1800 2411 vota

210 2467 555 2530 acceleraus,
603 2464 766 2517 credo
809 2462 1039 2515 dandum
1090 2459 1216 2514 mihi
1253 2474 1372 2511 esse
1404 2457 1661 2516 verbum,
1699 2469 1801 2505 ltuit

213 2555 393 2609 meriti
443 2554 547 2609 mei
590 2569 786 2617 causa,
830 2551 922 2604 sed
964 2548 1255 2603 alacritatis
1281 2547 1583 2599 auditorum
1611 2543 1800 2610 gratia.

213 2646 438 2700 Etiamsi
467 2645 665 2700 sanctis
688 2659 791 2696 non
818 2644 984 2695 simus
1014 2638 1397 2708 comparandi;
1422 2646 1475 2689 at
1496 2637 1567 2687 illi
1595 2648 1805 2703 quoque

212 2739 339 2794 talia
381 2745 506 2791 sunt
546 2736 715 2805 passi,
745 2733 1094 2802 corporisque
1120 2727 1517 2784 inﬁrmitatibus
1548 2724 1804 2794 impedie-

213 2830 426 2884 bantur.
467 2828 525 2881 Id
568 2828 878 2880 testiﬁcatur
922 2823 1087 2877 David
1130 2822 1310 2874 dicens
1356 2838 1368 2872 :
1410 2817 1657 2870 Laborat-i
1697 2818 1804 2867 ela-

216 2938 361 2974 nutns
381 2962 395 2984 ,
418 2936 583 2971 rauca:
611 2920 759 2985 facta:
787 2927 901 2969 sunt
927 2918 1099 2984 fauces
1131 2929 1252 2965 mea:
1282 2910 1451 2983 (Psat.
1486 2916 1572 2963 US.
1608 2911 1679 2977 4).
1705 2908 1807 2959 Me-

216 3014 320 3069 lius
367 3028 523 3083 porro
564 3023 645 3064 cst
684 3027 838 3063 rauca
872 3024 1001 3061 Voce
1030 3016 1171 3060 recta
1202 3006 1413 3067 dicere,
1442 3019 1598 3071 quam
1621 3043 1636 3067 ,
1666 3014 1807 3053 recta

217 3123 385 3169 voce,
429 3106 607 3156 animo
642 3116 949 3171 perversum
981 3113 1117 3150 esse.
1157 3095 1409 3148 l’tuutavit
1441 3092 1573 3146 Deus
1604 3091 1813 3161 paradi-

216 3215 331 3251 sum
355 3198 405 3250 in
432 3196 589 3249 Edent
616 3197 682 3247 ad
704 3195 940 3247 orien‘em
969 3190 1117 3262 (Gen.
1152 3189 1205 3241 2.
1241 3189 1317 3255 8).
1344 3186 1479 3251 Quid
1502 3194 1582 3238 est
1608 3183 1810 3237 Edent?

220 3289 389 3346 Edam
419 3288 680 3357 signiﬁcat
710 3285 927 3339 delicias
956 3299 970 3346 ;
1004 3298 1065 3334 ac
1094 3282 1136 3335 si
1165 3280 1281 3348 quis
1303 3278 1526 3341 diceret,
1554 3275 1813 3329 Plantavit

221 3378 530 3449 paradisum
563 3379 613 3430 in
644 3376 849 3430 deliciis
873 3418 885 3438 ,
912 3375 1023 3427 sive
1055 3374 1103 3425 in
1136 3372 1391 3425 delicioso
1422 3369 1571 3429 loco,
1608 3367 1659 3419 itt
1694 3367 1812 3435 pul-

220 3474 357 3527 citro
397 3472 532 3525 loco.
579 3471 805 3538 Ideoque
847 3469 896 3520 in
940 3469 1040 3519 line
1068 3465 1193 3518 dicit
1228 3481 1237 3514 :
1274 3460 1342 3513 Et
1368 3462 1508 3531 ejecit
1537 3459 1736 3521 Adam,
1770 3466 1813 3509 et

222 3563 487 3617 collocavit
519 3578 633 3613 eum
659 3577 719 3612 ex
746 3560 952 3611 adverso
982 3555 1204 3626 paradisi
1230 3551 1520 3619 voluptatis.
1554 3548 1814 3601 Plantavit

221 3654 365 3712 Deus
386 3652 676 3721 paradisum
706 3650 757 3701 in
788 3647 948 3700 Edent
976 3646 1043 3696 ad
1067 3646 1302 3697 orientem
1327 3640 1479 3712 (Gen.
1504 3641 1555 3695 5.
1578 3638 1690 3707 21).
1707 3638 1815 3691 Cur

224 3761 333 3798 non
362 3744 413 3796 itt
441 3743 544 3795 alio
571 3741 805 3800 climate,
829 3736 920 3790 scd
945 3735 1009 3788 ad
1031 3735 1294 3788 orientem
1322 3728 1640 3799 paradisus?
1663 3726 1816 3780 Unde

226 3836 435 3893 initium
466 3848 653 3887 cursus
678 3828 1047 3891 luutiuarium,
1078 3826 1199 3878 inde
1226 3823 1540 3891 principium
1573 3822 1692 3873 vit-.e
1718 3821 1813 3870 lto-

226 3931 451 3983 minum.
480 3926 861 3996 Prtesigniﬁcat
892 3924 1028 3976 Deus
1055 3920 1293 3973 futurum
1330 3936 1339 3970 :
1373 3917 1437 3969 ad
1470 3915 1730 3968 orientem
1764 3912 1817 3965 itt

229 4019 478 4087 paradiso
526 4018 673 4085 ponit
720 4016 1017 4075 hominem,
1068 4020 1123 4064 ut
1163 4009 1441 4070 ostendat,
1472 4004 1816 4075 quemadmo—

228 4112 358 4166 dum
401 4108 680 4162 luminaria
728 4107 813 4159 illa
852 4102 1078 4157 orientia
1110 4110 1330 4154 currunt
1359 4097 1423 4149 ad
1454 4095 1817 4156 occidentem,

228 4213 286 4255 ct
313 4199 557 4253 occidunt
600 4215 613 4253 :
646 4197 717 4249 ita
764 4205 817 4249 et.
858 4193 997 4247 hunc
1036 4202 1287 4259 eportcre
1315 4204 1344 4241 a
1374 4188 1476 4239 vita
1512 4186 1563 4239 in
1596 4193 1819 4237 mortem

232 4306 453 4344 currere
478 4288 811 4351 etoceiderc,
839 4276 1599 4352 quemadmodumlmuinaria,
1628 4273 1822 4325 alium-

232 4396 342 4451 que
408 4395 615 4434 rursum
685 4379 943 4430 orientem
1015 4386 1227 4426 sumere
1304 4386 1366 4421 cx
1437 4364 1824 4419 resurrectione

235 4450 588 4524 mortuorum.
636 4466 881 4521 Cucurrit
918 4463 1084 4517 Adam
1132 4462 1195 4514 ad
1237 4457 1602 4518 occidentem,
1634 4450 1826 4506 occidit

238 4564 293 4617 iu
339 4562 634 4630 sepulcrum
683 4578 695 4613 :
743 4567 981 4625 sequuta:
1029 4564 1151 4608 sunt
1193 4552 1336 4604 illum
1377 4566 1462 4601 res
1524 4556 1715 4607 teme,
1772 4552 1825 4596 et

236 4669 361 4708 eum
409 4652 498 4705 illo
536 4649 813 4703 occidente
858 4646 1077 4714 sepulta:
1116 4652 1253 4695 sunt.
1294 4640 1444 4690 Venit
1470 4636 1744 4697 Christus,
1775 4641 1829 4685 ct

239 4758 364 4801 eutn
388 4741 475 4809 qui
496 4738 765 4793 occiderat
790 4737 915 4789 oriri
947 4733 1168 4787 curavit.
1198 4730 1320 4783 ideo
1344 4730 1469 4781 dicit
1498 4727 1563 4779 de
1592 4725 1680 4777 illo
1709 4737 1829 4789 pro-

243 4838 403 4907 pheta
434 4851 447 4888 :
482 4832 611 4886 Ecce
633 4833 705 4884 vir
726 4872 740 4895 ,
776 4830 952 4881 Oriens
980 4840 1159 4878 nomen
1188 4824 1315 4890 ejus,
1340 4830 1386 4872 et
1412 4820 1503 4872 sub
1525 4817 1612 4869 illo
1641 4815 1830 4867 orietur

247 4906 431 5001 (lacti.
474 4927 527 4981 6.
582 4926 668 4993 12)
696 4943 708 4984 ς
753 4936 944 4988 nempe
970 4934 1032 4973 ex
1063 4914 1338 4983 sepulcris.
1372 4911 1422 4962 In
1454 4910 1656 4961 Adatuo
1685 4906 1824 4958 orci-

243 4996 324 5076 dtt
364 5019 557 5077 homo,
606 5016 656 5067 itt
702 5013 911 5066 Christo
951 5019 1098 5061 ortus
1121 5015 1201 5059 cst
1236 5023 1247 5056 :
1279 5004 1327 5055 id
1361 5002 1671 5055 testiﬁcatur
1698 4996 1826 5049 Pau-

248 5114 334 5167 lus
384 5128 396 5163 :
451 5129 468 5159 ι
503 5108 632 5161 Nam
675 5106 808 5158 sicut
838 5105 886 5155 iu
920 5102 1086 5154 Adam
1120 5110 1306 5152 omnes
1332 5092 1648 5153 moriuntur,
1682 5089 1749 5140 ita
1778 5097 1831 5140 et

249 5206 303 5257 in
332 5202 540 5257 Christo
564 5212 747 5250 omnes
768 5194 1169 5247 viviﬁcabuntur
1200 5209 1217 5239 ι
1254 5189 1327 5258 (1.
1348 5186 1463 5239 Cor.
1489 5185 1575 5238 15.
1590 5181 1736 5249 22).‹
1766 5178 1833 5231 Ει

248 5292 459 5361 accepit
491 5290 627 5343 Deus
656 5287 946 5350 hominem,
976 5299 1132 5351 quem
1164 5281 1377 5341 iecerat,
1402 5286 1456 5330 et
1488 5274 1655 5343 posuit
1687 5271 1830 5323 illum

251 5389 305 5440 in
332 5360 573 5453 paradiso
599 5398 616 5430 ›
648 5376 795 5447 (Gen.
822 5375 1003 5441 215).
1035 5373 1211 5427 Intulit
1234 5370 1379 5421 illum
1413 5369 1461 5419 in
1491 5374 1724 5434 paratam
1748 5360 1834 5411 do-

253 5492 421 5533 mum.
454 5469 909 5540 Quemadmodum
943 5468 985 5520 is
1006 5508 1018 5527 ,
1048 5466 1133 5533 qui
1162 5465 1386 5531 aliqui-tn
1411 5461 1595 5511 invitat
1622 5456 1682 5505 ad
1708 5469 1835 5506 cou-

257 5569 490 5633 tttium,
536 5563 707 5632 primo
753 5566 973 5626 apparat.
1012 5556 1185 5619 mdes,
1226 5562 1278 5605 ct
1317 5562 1437 5603 tunc
1482 5545 1683 5600 inducit
1712 5559 1832 5595 euttt

320 5719 394 5776 (ut
426 5714 613 5764 Scilicet
634 5753 645 5769 ,
682 5711 749 5776 iu_
772 5707 1095 5775 incarnatione
1127 5717 1229 5772 sua.
1258 5707 1465 5776 Mosest
1498 5696 1836 5776 t‘ct'lesiast‘icis

255 5756 1115 5840 ssiuvenibuspct'vdispensatisnem,
1142 5761 1515 5817 itu'arna.‘ionem
1537 5756 1831 5817 intelligere.

1284 340 1372 396 DE
1411 339 1625 397 MDNDI
1664 334 2054 395 CBEATIONE
2093 336 2346 391 ORATIO
2381 338 2439 390 \'.

3361 345 3473 399 478

1887 463 2045 517 quem
2084 449 2325 502 invitavit
2358 468 2369 502 :
2403 449 2479 503 sic
2509 459 2565 503 et
2591 449 2677 503 hic
2705 465 2920 519 quoque
2946 468 2959 504 :
2986 451 3189 520 paravit
3218 452 3295 505 il'ii
3324 452 3467 507 mdes

1890 540 2235 609 magniﬁcas,
2293 538 2594 610 paradisum
2626 579 2641 601 ,
2688 549 2742 593 et
2791 541 2869 594 sic
2919 542 3194 595 invitatum
3241 542 3465 597 induxit.

1890 630 2114 685 Ubinant
2164 630 2418 685 formatus
2465 631 2594 685 est?
2637 630 2693 685 in
2736 641 2915 698 terra,
2954 642 3103 687 extra
3147 635 3467 702 paradisum.

1891 720 2355 787 Quemadmodum
2394 722 2537 774 enim
2570 723 2847 776 luminaria
2869 764 2883 787 ,
2919 722 3043 781 alibi
3073 723 3206 777 facta
3234 736 3355 778 sunt
3376 767 3391 791 ,
3419 735 3466 779 et

1895 812 2060 879 posita
2104 821 2227 864 sunt
2265 812 2317 864 in
2344 812 2478 866 caelo
2511 830 2523 865 :
2552 812 2627 865 sic
2658 821 2711 866 ct
2739 812 2905 866 Adam
2931 825 3080 868 extra
3110 816 3364 869 formatus
3392 825 3472 868 est

1895 904 1943 954 in
1989 902 2089 955 alia
2142 913 2293 957 terra:
2341 912 2522 971 parte,
2564 913 2617 957 et
2657 913 2780 958 tunc
2809 904 3051 957 inductus
3078 914 3157 957 est
3186 907 3235 958 in
3268 906 3473 974 paradi—

1893 1006 2030 1044 sum.
2075 991 2351 1046 Uudeuam
2399 992 2542 1046 huc?
2587 993 2674 1046 Ait
2724 994 2993 1061 Scriptura
3022 994 3073 1047 in
3101 996 3204 1047 ﬁne
3226 1037 3238 1057 ,
3264 1000 3479 1063 quando

1894 1085 2096 1149 ejectus
2135 1092 2217 1138 est
2256 1083 2422 1136 Adam
2454 1102 2466 1136 :
2504 1102 2520 1136 ι
2558 1084 2623 1137 Et
2652 1084 2827 1137 emisit
2859 1084 2995 1138 Deus
3024 1085 3190 1138 Adam
3224 1087 3290 1141 de
3320 1102 3477 1156 para-

1896 1175 2013 1227 diso
2044 1175 2350 1241 voluptatis,
2377 1186 2432 1228 ut
2453 1186 2764 1244 operaretur
2783 1188 2998 1241 terram,
3018 1177 3201 1247 dequa
3229 1192 3475 1248 sumptus

1896 1275 1997 1321 est.
2044 1266 2228 1319 Posuit
2259 1268 2402 1320 illum
2443 1268 2491 1319 in
2524 1268 2769 1337 paradiso
2799 1269 3113 1335 voluptatis,
3145 1279 3199 1323 ut
3228 1286 3481 1340 operare-

1902 1365 1984 1408 tur
2013 1365 2067 1409 et
2095 1358 2387 1411 custodiret
2419 1358 2595 1410 illunn
2629 1358 2780 1426 (Gen.
2813 1359 2867 1411 2.
2901 1360 3013 1427 25).
3049 1359 3117 1414 Ut
3147 1372 3479 1428 operaretur.

1899 1445 2033 1509 Quid
2077 1446 2127 1498 in
2173 1447 2416 1514 paradiso
2460 1448 2897 1502 desiderabatur?
2936 1450 3014 1503 sin
3057 1452 3302 1519 operario
3347 1467 3483 1521 opus

1900 1546 2015 1589 erat
2040 1578 2053 1601 ,
2106 1538 2368 1590 uudcuam
2413 1540 2689 1591 aratrum?
2738 1539 2875 1593 unde
2900 1542 2997 1592 alia
3031 1542 3370 1609 agricultura:
3398 1544 3483 1596 in-

1900 1628 2231 1680 strumenta?
2255 1629 2473 1694 Operari
2504 1640 2552 1681 et
2580 1630 2847 1683 custodire
2877 1642 3193 1699 pt‘arceptum
3221 1632 3309 1685 Dei
3335 1676 3348 1697 ,
3378 1633 3485 1686 illi-

1902 1734 2003 1784 quc
2044 1717 2304 1780 credere,
2354 1719 2444 1772 Dei
2482 1734 2615 1787 opus
2660 1729 2794 1772 erat.
2835 1720 2922 1773 Ait
2947 1720 3197 1775 Servatur
3230 1739 3241 1773 :
3278 1722 3389 1775 lloc
3414 1734 3486 1776 est

1903 1823 2029 1874 opus
2053 1806 2180 1869 Dei,
2215 1818 2266 1858 ut
2296 1809 2511 1859 credatis
2537 1810 2587 1860 in
2620 1826 2758 1873 eum,
2790 1826 2931 1877 quem
2955 1811 3085 1863 misit
3110 1812 3195 1864 ille
3226 1811 3401 1882 (Joan.
3430 1814 3483 1868 6.

1903 1899 2015 1969 29).
2057 1898 2515 1964 Quemadmodum
2548 1899 2703 1966 igitur
2728 1901 2939 1954 Ulttisto
2967 1902 3186 1955 credere
3216 1918 3348 1971 opus
3372 1914 3451 1957 est
3470 1946 3487 1971 ,

1905 1991 1980 2041 sic
2008 1989 2165 2042 etiam
2199 1989 2417 2043 Credere
2444 2002 2705 2059 prtecepto
2725 2032 2738 2054 ,
2778 1993 3090 2044 moriturum
3119 2008 3235 2046 esse
3256 2033 3272 2059 ,
3298 1994 3339 2045 si
3366 1996 3488 2047 teti—

1904 2082 2073 2148 gerit;
2105 2082 2363 2134 victurmn
2387 2122 2401 2144 ,
2436 2083 2477 2134 si
2511 2097 2613 2134 non
2646 2082 2892 2149 tetigerit.
2932 2087 3077 2151 Opus
3104 2093 3217 2136 erat
3242 2083 3490 2149 Spiritua-

1908 2173 2031 2225 liutn
2057 2174 2338 2225 verborum
2366 2175 2685 2226 observatio.
2717 2174 2859 2226 Pauli
2882 2190 3013 2241 Opus
3036 2174 3341 2242 quodnam?
3364 2191 3491 2230 num

1906 2264 2134 2333 agricola
2165 2264 2357 2317 Paulus
2387 2274 2501 2317 erat
2526 2265 2547 2316 ?
2578 2282 2705 2317 num
2733 2265 2886 2317 aliam
2914 2265 3093 2317 [tabuit
3118 2266 3495 2319 voeationem?

1909 2374 2085 2410 nonne
2131 2366 2295 2409 totuttt
2337 2358 2452 2424 ejus
2480 2372 2611 2424 Opus
2640 2368 2750 2409 erat
2772 2397 2785 2419 ,
2814 2357 3032 2409 verbum
3057 2356 3079 2408 ?
3108 2373 3279 2411 nonne
3307 2358 3497 2426 pra'di—

1910 2450 2093 2501 catio'l
2128 2448 2260 2501 Dicit
2292 2458 2463 2502 tamen
2494 2448 2769 2517 discipulis
2792 2490 2805 2511 ,
2838 2447 2980 2517 Opus
3005 2464 3162 2499 meum
3183 2464 3266 2500 vos
3297 2450 3414 2500 estis
3439 2450 3490 2499 in

1911 2539 2126 2592 Domino
2149 2538 2355 2607 (μίζων.
2386 2541 2441 2593 0.
2472 2540 2545 2603 1).
2580 2538 2645 2593 Ut
2676 2547 2990 2603 operaretur,
3024 2539 3221 2607 inquit,
3255 2548 3302 2591 et
3332 2548 3493 2591 custo-

1911 2632 2038 2684 diret
2064 2633 2229 2683 illum.
2266 2632 2308 2683 A
2343 2630 2611 2699 quonam?
2638 2630 2744 2683 Fur
2773 2646 2876 2682 non
2906 2638 3051 2691 erat,
3082 2632 3254 2681 viator
3284 2630 3457 2683 nullus
3480 2671 3495 2695 ,

1913 2722 2187 2776 insidiator
2214 2722 2388 2775 nullus
2417 2741 2427 2775 :
2459 2738 2486 2773 a
2518 2737 2622 2790 quo
2652 2719 2985 2773 custodiret?
3016 2718 3083 2773 Ut
3111 2718 3403 2773 custodiret
3431 2720 3493 2771 il-

1912 2816 2018 2867 lum
2061 2814 2199 2879 sibi;
2242 2830 2309 2867 ne
2340 2814 2716 2882 pr.evaricatus
2738 2811 3033 2870 amitteret;
3065 2810 3156 2863 sed
3187 2820 3241 2861 ut
3269 2809 3493 2862 manda—

1916 2921 2022 2960 tum
2066 2907 2371 2960 custodiens
2419 2913 2657 2957 servaret
2697 2902 2798 2955 sibi
2847 2901 3166 2969 paradisum.
3222 2899 3333 2954 Una
3380 2916 3498 2953 cum

1915 3014 2044 3054 voce
2073 3013 2222 3051 meus
2248 2999 2464 3051 deﬁcit:
2499 3011 2678 3048 verum
2709 2994 2986 3047 Sententiis
3019 2993 3345 3046 insistemus.
3379 2991 3500 3045 Ρο-

1913 3092 2011 3144 suit
2052 3091 2193 3142 illum
2232 3090 2283 3141 in
2317 3088 2573 3158 paradiso.
2613 3086 2872 3153 Deinceps
2898 3083 3169 3151 Scriptura
3201 3098 3265 3136 ex
3294 3083 3356 3135 iis
3382 3098 3501 3151 qua:

1916 3190 2305 3250 praicesserunt
2346 3178 2646 3231 subiudicat
2684 3175 2880 3229 futura.
2916 3174 3127 3227 Flavius
3157 3185 3324 3226 autem
3346 3190 3503 3243 egre—

1916 3272 2146 3325 diebatur
2189 3289 2251 3325 ea:
2294 3271 2480 3333 Edent,
2530 3269 2749 3337 irrigans
2797 3264 3265 3335 paradisumwen.
3297 3265 3351 3317 2.
3388 3264 3501 3331 10).

1918 3364 1959 3418 ll
1986 3381 2051 3416 uc
2090 3362 2236 3416 disce
2267 3378 2368 3413 non
2400 3359 2668 3412 hortulum
2702 3356 2866 3409 fuisse
2898 3355 3236 3425 paradisum,
3267 3355 3505 3422 augusﬁs

1919 3454 2160 3508 terminis
2186 3452 2665 3518 circumscriptum.
2699 3448 2912 3500 lt'luvius
2942 3458 3117 3499 tantus
3141 3445 3391 3513 irrigabat
3410 3486 3425 3513 ,
3452 3454 3506 3497 ut

1919 3562 1983 3601 ex
2020 3547 2135 3615 ejus
2174 3543 2521 3598 redundantia
2547 3549 2772 3611 quatuor
2800 3539 2940 3591 ﬁuvii
2968 3540 3255 3591 orirentur.
3287 3535 3505 3589 Flavius

1922 3650 2089 3693 autem
2133 3638 2477 3707 egrediebatur
2515 3651 2579 3687 ea:
2629 3633 2786 3685 Edem
2808 3673 2822 3697 ,
2853 3643 2904 3682 ut
2931 3631 3161 3699 irrigaret
3189 3629 3505 3697 paradisum.

1924 3732 2123 3786 Dcimle
2152 3740 2425 3799 postquam
2468 3726 2771 3792 irrigavt-rat
2793 3763 2804 3783 ,
2839 3720 3173 3773 ditidchatur
3202 3722 3250 3771 in
3280 3727 3506 3788 quatuor

1921 3822 2088 3891 capita
2119 3837 2132 3884 ;
2180 3822 2228 3871 in
2279 3817 2509 3885 Tigrim,
2558 3817 2607 3866 in
2655 3814 2826 3865 Nilum
2850 3851 2864 3874 ,
2900 3812 2949 3863 iu
2984 3811 3339 3877 Euphratem,
3372 3818 3424 3862 et
3459 3811 3507 3860 ιιι

1924 3915 2206 3969 l’hisoueut
2232 3954 2245 3975 ,
2287 3910 2363 3962 sic
2401 3911 2449 3961 iu
2491 3906 2762 3974 Scriptura
2804 3904 2999 3956 dictum
3023 3943 3043 3968 ,
3068 3916 3223 3970 quem
3251 3916 3389 3952 nunc
3422 3916 3507 3952 ιυ-

1923 4015 2044 4059 eaut
2072 4001 2384 4056 Danubium.

1997 4098 2048 4149 b’.
2098 4093 2200 4147 Cur
2235 4103 2334 4143 tam
2371 4091 2468 4141 late
2505 4096 2694 4153 pateret
2720 4084 3016 4153 paradisus,
3046 4097 3160 4133 cum
3184 4082 3345 4131 Adam
3374 4081 3515 4133 solm

1926 4188 2245 4241 inltabitaret.
2299 4182 2592 4234 Flauiorum
2615 4194 2675 4230 ea:
2698 4176 2934 4244 paradiso
2957 4174 3267 4225 manantium
3289 4170 3520 4239 explica-

1930 4282 1996 4332 tio
2035 4276 2328 4347 singularis.
2361 4303 2430 4311 —
2459 4271 2588 4325 Vide
2635 4268 3055 4337 magnitudinem
3099 4264 3241 4317 ﬂuvii
3274 4262 3425 4316 ditisi
3462 4260 3516 4313 in

1930 4382 2155 4441 quatuor
2200 4368 2415 4421 ﬁutnina
2465 4382 2477 4416 :
2532 4365 2721 4431 hicque
2766 4361 2910 4413 solus
2958 4360 3140 4426 irrigat
3188 4354 3509 4424 paradisum.

1931 4472 2193 4530 Quorsum
2250 4458 2412 4512 labs?
2461 4457 2604 4509 solus
2656 4461 2773 4506 erat
2820 4452 3022 4511 Adam;
3066 4464 3183 4516 qua:
3228 4442 3517 4497 necessitas

1936 4556 2065 4610 tanti
2105 4554 2288 4607 ﬂuvii?
2324 4549 2427 4603 Sed
2474 4563 2578 4599 non
2621 4546 2707 4596 ιιιιί
2754 4552 2953 4595 tantum
3004 4538 3276 4608 pat'adisus
3306 4542 3517 4601 paratus

1932 4659 2078 4713 crat,
2118 4659 2301 4700 verum
2352 4641 2542 4694 ﬁnibus
2584 4649 2759 4692 terraz.
2790 4636 3120 4703 Pra‘paratus
3147 4636 3263 4681 erat
3290 4625 3516 4693 patriar-

1935 4743 2047 4795 cbis
2068 4782 2083 4806 ,
2114 4735 2387 4809 prophetis
2406 4773 2422 4798 ,
2446 4730 2731 4801 apostolis,
2757 4720 3101 4792 evangelistis
3124 4758 3137 4783 ,
3171 4714 3514 4785 martyribus,

1936 4829 2329 4889 conlessoribus
2352 4826 2569 4885 sanctis,
2602 4821 2865 4882 ﬁdelibus,
2894 4815 2977 4883 pie
3000 4810 3317 4873 viventibus,
3343 4807 3519 4861 omni-

1940 4928 2036 4979 bus
2056 4925 2235 4993 justis.
2264 4920 2319 4974 Si
2341 4918 2480 4971 enim
2511 4913 2699 4967 latroni
2728 4926 2825 4962 una
2857 4907 2985 4959 hora
3018 4900 3289 4957 conﬁtenti
3315 4898 3519 4968 paradi-

1938 5032 2054 5070 sum
2091 5008 2341 5067 Servator
2371 5005 2611 5076 promisit
2652 5002 2834 5055 dicens
2877 5014 2889 5049 :
2938 4993 3103 5047 llodie
3129 5007 3321 5045 mecum
3347 4988 3442 5042 eris
3472 4988 3521 5039 iu

1940 5107 2176 5179 paradiso
2222 5101 2369 5173 (Luc.
2411 5098 2503 5152 25.
2548 5096 2673 5165 45);
2702 5093 2791 5162 qui
2818 5107 2846 5143 a
2876 5089 3151 5159 iuventute
3180 5085 3516 5140 laborarunt,

1942 5200 2204 5254 Abraham
2228 5238 2240 5258 ,
2290 5193 2467 5254 Isaac,
2508 5188 2701 5250 Jacob,
2756 5183 2910 5251 hujus
2946 5179 3034 5233 [iiii
3069 5173 3376 5245 patriarcha:
3400 5212 3412 5232 ,
3446 5170 3520 5235 (ιι)

1943 5292 2109 5363 [.llum
2145 5287 2323 5354 utique
2344 5292 2466 5337 sunt
2492 5274 2849 5347 couscquuti.]
2880 5278 2941 5325 .\t
2974 5280 3095 5322 ante
3122 5268 3217 5320 ltus
3238 5276 3423 5317 omnes
3450 5264 3521 5309 la-

1944 5351 2025 5436 iro
2052 5378 2350 5447 paradisum
2373 5371 2729 5438 consequitur.
2757 5366 2925 5431 Opera
2956 5376 3081 5427 ergo
3107 5358 3242 5410 Deus
3267 5351 3394 5409 edit,
3418 5364 3521 5400 non

1944 5476 2058 5542 ejus
2092 5485 2248 5524 eausa
2277 5466 2414 5536 quod
2448 5471 2694 5530 apparet,
2731 5460 2819 5511 sed
2848 5456 2963 5523 ejus
2994 5450 3129 5519 quod
3161 5450 3517 5511 exspectatur.

1944 5531 2048 5619 (iur
2089 5531 2307 5614 tautaut—
2329 5566 2486 5610 terra:
2516 5550 2843 5605 latitudinem
2872 5544 3022 5598 fecit?
3052 5558 3115 5591 an
3149 5542 3361 5605 prOpter
3384 5531 3523 5584 Ada-

1948 5673 2087 5710 munt
2112 5697 2125 5716 ,
2172 5668 2239 5705 an
2279 5658 2492 5717 promer
2532 5658 2624 5697 eos
2665 5640 2751 5709 qui
2786 5640 2927 5691 illam
2957 5648 3093 5685 nunc
3124 5624 3515 5681 inhabitabth

2016 5749 2087 5808 (ιι)
2122 5755 2231 5803 igua:
2259 5740 2442 5790 uncinis
2465 5734 2766 5791 clauduntur,
2793 5730 2969 5779 desunt.
2994 5726 3039 5771 ιιι
3062 5728 3239 5768 Gt'tccu.
