3982 6218
484 347 600 405 479

486 465 618 521 Inde
641 462 882 517 dividitur
907 462 959 516 in
989 470 1201 530 quatuor
1230 459 1506 529 principia.
1539 455 1650 510 Non
1673 455 1806 511 dixit
1827 496 1841 514 .
1872 455 1923 508 lo
1953 467 2085 524 qua-

487 569 609 614 tuor
652 569 885 627 expansa
923 553 1140 608 ﬂumina
1161 592 1176 618 ,
1224 552 1318 607 sed
1366 553 1420 604 in
1451 561 1679 620 quatuor
1707 548 1963 618 principia
1990 587 2006 613 ,
2033 545 2084 601 id

491 657 576 706 est
599 690 614 715 ,
654 647 850 703 fontes.
882 644 1084 698 Nomen
1116 642 1203 697 uni
1229 641 1462 705 Phison,
1492 655 1650 712 quem
1683 639 1841 693 modo
1871 637 2086 694 diceba-

487 757 606 797 mus
636 758 651 808 ;
687 739 882 796 deinde
910 738 1095 794 Gehon
1122 780 1137 802 ,
1179 736 1263 791 hic
1294 746 1370 792 est
1401 736 1570 792 Nilus.
1599 734 1788 793 Gehon
1814 745 1964 790 vetus
1991 751 2088 788 no-

485 851 607 890 men
645 833 762 903 ejus
803 841 884 886 est
922 849 937 886 :
978 831 1031 886 id
1067 829 1378 885 testiﬁcatur
1418 827 1674 884 leremias
1696 827 1880 883 dicens
1907 848 1919 883 :
1950 828 2086 892 Quid

483 934 574 986 tibi
603 941 650 984 et
680 935 771 985 via!
796 928 1034 1000 .Egypti,
1060 938 1113 981 ut
1139 927 1277 981 bibas
1303 942 1488 991 aquam
1511 924 1685 979 Gehon
1709 923 1843 998 μετ’.
1871 924 1924 978 2.
1958 923 2084 993 i8)?

483 1023 580 1077 llic
627 1022 863 1076 animum
909 1019 1122 1074 adhibe.
1171 1019 1355 1084 Cogita
1403 1015 1543 1070 hunc
1586 1030 1706 1070 esse
1751 1015 2076 1084 paradisum.

484 1113 610 1168 llmc
637 1115 780 1168 enim
806 1111 993 1166 melius
1014 1120 1232 1180 aspectu
1253 1123 1411 1180 quam
1436 1107 1602 1163 verbo
1627 1114 1928 1162 traduntur.
1954 1108 2083 1161 Pro-

480 1205 560 1259 dit
602 1205 788 1274 ingens
830 1202 1056 1266 ﬂuvius,
1101 1203 1323 1272 cepioso
1368 1199 1618 1270 praeditus
1658 1201 1846 1262 alveo,
1871 1211 1924 1254 et
1949 1209 2084 1269 rigat

485 1296 810 1364 paradisum.
861 1294 988 1349 Inde
1037 1295 1087 1348 in
1134 1295 1541 1348 subterraneum
1566 1292 1848 1362 quemdam
1879 1293 2080 1346 hiatum

482 1385 674 1452 fertur,
707 1386 1128 1456 iuunensamque
1152 1387 1252 1440 sub
1279 1395 1417 1440 terra
1443 1395 1686 1456 penetrat
1707 1383 1874 1448 viam,
1901 1395 1955 1438 ut
1982 1399 2081 1440 no-

483 1484 560 1534 vit
589 1487 632 1536 is
662 1480 748 1551 qni
783 1479 918 1533 viam
946 1480 1132 1533 stravit
1161 1480 1416 1535 Dominus
1446 1497 1460 1532 :
1493 1478 1773 1551 ﬂexusque
1798 1480 1890 1535 diu
1918 1481 2078 1547 latet,

477 1584 642 1644 atque
675 1575 724 1627 in
753 1573 962 1628 diversa
995 1574 1105 1627 loco
1135 1573 1423 1639 dividitur,
1457 1577 1826 1644 inveniturque
1857 1575 1995 1628 alius
2028 1577 2080 1627 in

479 1667 786 1736 Ethioma,
830 1667 966 1722 alius
1003 1667 1054 1721 in
1095 1667 1372 1723 occidente
1394 1708 1410 1733 ,
1442 1667 1578 1722 alius
1607 1669 1658 1721 in
1690 1668 1896 1722 oriente
1921 1710 1935 1733 ,
1971 1667 2081 1722 Deo

477 1759 557 1814 sic
587 1774 675 1828 per
707 1761 1115 1815 subterraneum
1145 1759 1357 1816 alveum
1387 1760 1650 1824 trahente,
1679 1760 1961 1831 primoque
1984 1759 2081 1814 llu-

477 1865 566 1904 \'l0
601 1859 884 1905 extraneos
928 1849 1102 1905 fontes
1147 1862 1391 1908 curante.
1428 1851 1533 1908 Cur
1560 1852 1673 1905 ita?
1698 1851 1774 1906 Ne
1795 1851 2077 1906 ﬂuviorum

479 1945 704 2007 vestigia
745 1954 1065 2013 sequentes,
1112 1943 1415 2015 paradisum
1447 1945 1770 2007 invenirent.
1808 1959 1874 2000 ne
1901 1953 2079 2014 posset

480 2035 786 2089 hominibus
831 2036 1044 2104 pervius
1091 2051 1230 2092 esse.
1262 2036 1395 2092 Nam
1423 2037 1467 2091 si
1499 2051 1564 2091 eo
1595 2037 1699 2092 iter
1723 2053 1842 2092 esse
1875 2048 2075 2108 posset,

477 2141 639 2184 nemo
664 2141 787 2183 ante
813 2129 1006 2184 divites
1039 2129 1340 2200 paradisum
1375 2131 1635 2186 inveniret
1671 2149 1685 2185 :
1719 2147 1903 2186 verum
1936 2132 2076 2186 Deus

476 2222 704 2278 occlusit
727 2235 832 2276 tam
859 2224 1182 2293 pauperibus
1206 2263 1220 2284 ,
1248 2239 1406 2293 quam
1435 2223 1706 2287 divitibus,
1738 2233 1796 2278 ut
1822 2224 1934 2278 sola
1967 2227 2076 2276 vir-

477 2324 591 2370 tute
617 2316 755 2370 viam
801 2316 1116 2370 invenirent.
1151 2317 1417 2384 Quantum
1447 2317 1644 2371 laboris
1671 2332 1956 2386 suscepere
1988 2333 2078 2386 pa-

478 2405 760 2472 triarchae,
801 2407 1106 2476 propheta:,
1156 2407 1357 2474 sancti,
1392 2419 1693 2476 qnmrentes
1729 2409 2074 2478 paradisum,

478 2512 578 2552 uec
597 2497 940 2552 invenerunt.
965 2499 1128 2553 Latro
1151 2540 1164 2562 ,
1197 2500 1364 2569 quiin
1391 2501 1478 2554 illa
1511 2506 1590 2553 via
1625 2516 1729 2555 non
1760 2502 2073 2568 incesserat,

475 2589 569 2644 sed
617 2590 872 2655 credidit,
914 2607 1040 2646 vere
1072 2596 1208 2646 viam
1237 2593 1474 2658 invenit,
1506 2609 1628 2648 enin
1658 2608 1850 2663 nempe
1877 2593 1964 2664 qui
1997 2593 2076 2648 di-

476 2683 583 2748 xit,
634 2680 747 2753 Ego
791 2699 902 2736 sum
933 2684 1030 2736 ria.
1060 2685 1266 2738 Invenit
1298 2685 1638 2752 paradisum,
1668 2702 1825 2754 quem
1857 2686 2073 2740 inobse-

477 2776 692 2844 quentia
725 2777 898 2844 primo
928 2774 1130 2830 homini
1158 2775 1384 2830 occlusit
1411 2775 1590 2846 (Joan.
1623 2777 1706 2830 l4.
1738 2778 1816 2845 ti).
1848 2779 2074 2831 Causam

474 2876 653 2922 autem
709 2883 893 2938 quer
948 2884 1046 2922 cur
1095 2868 1600 2938 bistoriographus,
1654 2876 2074 2922 commemorato

477 2959 650 3028 primo
693 2958 854 3014 ﬂuvio
873 3000 888 3026 ,
914 2957 1110 3014 dixerit
1140 2978 1152 3013 :
1183 2957 1264 3012 Ibi
1290 2970 1362 3014 est
1394 2977 1578 3013 mirum
1606 2961 1818 3023 bonum,
1851 2961 2072 3014 carbun-

472 3053 616 3107 culus
655 3061 702 3106 et
740 3053 871 3121 lapis
897 3053 1132 3123 prasinus
1159 3051 1310 3121 (Gen.
1342 3053 1398 3106 2.
1427 3053 1540 3124 12).
1571 3053 1624 3108 Si
1659 3068 1876 3122 prorsus
1905 3062 2073 3107 terra-

476 3159 594 3198 rum
642 3143 826 3198 orbem
870 3144 1231 3210 describeret,
1262 3153 1534 3213 Oporteret
1573 3161 1700 3199 sane
1742 3146 1792 3198 in
1835 3145 2072 3214 qualibet

474 3235 694 3305 regione
731 3233 912 3289 dicere
938 3250 1057 3304 qua:
1086 3235 1191 3289 illic
1225 3237 1361 3288 bona
1394 3236 1696 3300 orirentur,
1728 3235 2066 3304 smaragdos,

473 3329 819 3400 hyacinthos,
855 3328 941 3382 ubi
975 3329 1266 3398 topazium,
1302 3330 1388 3383 ubi
1411 3330 1637 3385 diversa:
1661 3330 1763 3384 illae
1789 3333 2065 3396 materne;

473 3421 568 3475 sed
597 3435 785 3474 aurum
813 3428 1017 3474 tantum
1043 3435 1106 3476 ac
1133 3421 1269 3476 duos
1299 3423 1502 3490 lapides
1529 3424 1784 3489 assumit,
1819 3423 2067 3477 sacerdo-

471 3511 529 3565 tii
559 3512 838 3580 primitias,
862 3516 981 3582 quia
1012 3514 1265 3569 sacerdos
1289 3530 1504 3569 auream
1535 3517 1780 3570 laminam
1803 3517 2064 3586 gestabat,

470 3608 523 3659 iu
569 3620 671 3674 qua
722 3604 818 3659 Dei
859 3620 1052 3659 nomen
1082 3616 1196 3660 erat
1234 3607 1566 3676 inscriptum.
1594 3608 1758 3662 Erant
1785 3607 2063 3662 duodecim

469 3697 671 3766 lapides
719 3711 879 3766 supra
924 3698 1218 3753 sacerdotis
1261 3707 1476 3767 pectus,
1517 3700 1761 3767 sardius,
1793 3700 2064 3768 topazius,

467 3788 780 3858 smaragdus
800 3829 815 3855 ,
848 3788 1234 3852 carbunculus,
1263 3791 1576 3859 sapphirus,
1595 3792 1797 3861 jaSpis,
1824 3792 2061 3862 ligurius,

465 3879 716 3943 achates,
762 3879 1095 3950 amethystus
1120 3923 1134 3943 ,
1183 3882 1580 3952 ebrySolithus.
1619 3885 1887 3955 beryllus,
1922 3899 2062 3955 onyx

470 3967 664 4041 (Exod.
709 3967 797 4024 28.
832 3969 1040 4039 17-20).
1076 3971 1153 4024 Ex
1182 3970 1264 4024 his
1291 3971 1570 4026 duodecim
1604 3975 1866 4042 lapidibus
1897 3975 2061 4043 prasi-

467 4074 568 4114 nus
605 4071 914 4130 segregatus
954 4070 1034 4115 est
1067 4061 1225 4116 tribui
1251 4065 1600 4130 sacerdotali,
1631 4076 1684 4119 et
1709 4067 2063 4121 carbunculus

465 4154 646 4222 regim.
689 4151 825 4220 Quid
865 4153 935 4207 ita
960 4154 982 4206 ?
1008 4154 1137 4220 Quia
1167 4155 1301 4224 ignis
1329 4162 1599 4227 proprium
1629 4168 1710 4213 est
1738 4175 1893 4214 urere
1919 4169 1972 4213 et
2003 4161 2064 4214 il-

465 4247 725 4300 luminare
774 4264 788 4299 :
834 4245 1078 4316 regisque
1124 4251 1395 4318 propriqu
1427 4251 1739 4307 benefacere
1768 4261 1822 4307 et
1850 4254 2057 4322 punire.

464 4337 621 4392 Ponit
645 4337 836 4391 Ruben
865 4339 1087 4405 primam
1119 4340 1312 4394 tribum
1342 4342 1394 4393 in
1424 4342 1618 4406 sardio,
1653 4343 1976 4413 Symeonem
2006 4345 2057 4398 in

462 4428 701 4498 topazio,
735 4427 861 4481 Levi
891 4428 942 4481 in
967 4428 1138 4498 lapide
1161 4431 1375 4499 prasino
1397 4473 1412 4497 ,
1441 4431 1634 4486 Judam
1652 4476 1664 4495 ,
1689 4449 1757 4486 ex
1782 4450 1886 4502 quo
1906 4433 2061 4487 Chri-

463 4529 598 4580 stus,
631 4519 679 4571 in
709 4517 1031 4574 carbunculo
1057 4519 1367 4574 rubicundo.
1401 4521 1557 4577 Certe
1585 4521 1744 4577 Isaias
1775 4531 1892 4589 post
1918 4524 2057 4576 mul-

463 4619 513 4660 ta
563 4607 741 4675 elapsa
766 4617 1002 4678 tempora
1029 4609 1524 4683 dicitlerosolymm
1554 4631 1566 4667 :
1593 4609 1658 4665 In
1681 4614 1912 4667 manibus
1938 4615 2060 4668 meis

462 4697 670 4764 depinzi
691 4713 858 4750 muros
882 4708 1012 4764 tuos,
1040 4709 1087 4753 et
1111 4703 1162 4753 in
1187 4712 1453 4770 conspectu
1483 4720 1590 4757 meo
1607 4720 1658 4758 es
1687 4721 1902 4773 semper.
1927 4703 2057 4757 Ecce

463 4802 695 4856 praparo
724 4788 1083 4843 carbunculum
1109 4792 1329 4859 lapidem
1354 4803 1491 4845 tuum
1510 4793 1662 4864 (1εαί.
1689 4795 1777 4848 40.
1801 4797 2051 4850 16.ει5ιι.

462 4879 553 4949 ll)
573 4920 587 4942 ,
618 4878 954 4933 Servatorcm
984 4881 1308 4950 signiﬁcans.
1343 4883 1476 4937 Ecce
1503 4885 1635 4937 enim
1661 4925 1675 4948 ,
1724 4885 1926 4954 inquit,
1959 4903 2055 4954 p0-

460 4985 578 5022 nam
606 4969 658 5021 in
688 4969 816 5023 Sion
841 4971 1061 5040 lapidem
1095 4975 1423 5044 angularem,
1458 4978 1699 5040 electum,
1731 4977 2002 5045 pretiosum
2035 4995 2053 5031 :

457 5068 506 5112 et
553 5061 640 5128 qui
681 5062 848 5115 credet
875 5062 926 5115 in
956 5079 1102 5130 eum,
1137 5082 1237 5118 non
1264 5066 1604 5136 confundetur
1631 5064 1782 5138 (Isai.
1817 5066 1908 5121 28.
1944 5069 2051 5135 l6).

459 5150 824 5208 Carbunculus
863 5169 990 5223 ergo
1019 5167 1323 5226 segregatus
1351 5167 1431 5212 est
1458 5159 1618 5228 regite
1648 5158 1807 5214 tribui
1838 5173 1852 5223 ;
1879 5158 2053 5229 prasi-

459 5257 563 5298 nus
609 5243 920 5299 sacerdotali
969 5263 982 5298 :
1024 5261 1145 5300 nam
1191 5249 1471 5302 sacerdotii
1513 5257 1596 5303 est
1620 5257 1768 5305 recte
1805 5257 2048 5320 πράττιιν,

457 5351 636 5405 agere.
678 5338 719 5390 Δ
749 5334 907 5392 ﬂuvio
935 5337 1026 5394 illo
1053 5337 1376 5393 dirimuntur
1399 5349 1626 5409 quatuor
1648 5341 1822 5396 fontes
1847 5341 2052 5395 ﬂuvio-

460 5439 598 5478 rum.
627 5427 734 5480 Cur
763 5441 889 5496 ergo
909 5442 1043 5496 aqua
1065 5443 1249 5483 eorum
1279 5445 1384 5482 non
1406 5431 1626 5498 aequalis
1647 5430 1766 5484 est?
1792 5431 2050 5498 Quaerunt

459 5515 600 5570 enim
629 5520 884 5584 studiosi,
915 5521 961 5574 si
984 5519 1053 5574 ab
1077 5536 1182 5574 uno
1210 5520 1369 5574 ﬂuvio
1390 5563 1404 5587 ,
1435 5533 1520 5573 aut
1545 5522 1612 5573 ab
1635 5537 1740 5575 uno
1761 5522 1926 5586 fonte,
1952 5537 2048 5577 cur

462 5621 568 5662 non
616 5623 719 5662 una
764 5614 998 5666 omnium
1038 5614 1310 5682 qualitas?
1340 5613 1477 5678 Quid
1508 5628 1635 5682 ergo
1663 5614 1737 5667 rei
1765 5617 1888 5667 est?
1919 5615 2052 5667 Alli-

459 5698 673 5754 cluntur
698 5703 990 5756 secundum
1022 5713 1238 5769 terram,
1268 5719 1322 5761 et
1346 5704 1633 5775 qualitates
1661 5706 1920 5770 locorum,
1954 5721 2048 5773 per

456 5804 576 5861 qua:
600 5798 892 5848 transeunt.
916 5792 1373 5862 Quemadmodum
1403 5798 1514 5868 ipsa
1546 5811 1678 5868 aqua
1703 5812 1860 5853 unum
1890 5799 2045 5856 habet

1936 333 2302 392 SEVERIANI

3701 372 3816 428 480

2196 465 2443 514 naturam
2490 467 2545 516 et
2588 466 2936 535 qualitatem,
2989 469 3085 525 sed
3127 472 3172 527 si
3199 474 3557 538 absinthium.
3585 478 3632 534 si
3669 495 3806 536 arte-

2198 546 2379 616 thum,
2407 553 2456 606 si
2480 563 2596 608 ruta
2628 555 2934 614 infundatur
2953 602 2968 624 ,
2997 561 3156 616 aliam
3187 565 3416 635 acquirit
3437 568 3803 638 qualitatem;

2195 654 2259 695 ac
2283 650 2474 697 natura
2505 645 2718 714 quidem
2748 664 2850 704 una
2871 689 2886 715 ,
2917 650 3010 706 sed
3038 655 3273 710 materia:
3305 665 3683 716 trausmutant.
3711 662 3804 718 Sic

2193 736 2354 789 etlam
2382 733 2436 791 in
2467 736 2672 805 ﬂuviis,
2697 741 2816 812 quia
2849 757 2943 813 per
2961 753 3211 801 extranea
3238 748 3349 803 loca
3377 763 3627 820 manant;
3661 755 3804 809 alius

2196 840 2290 893 per
2330 835 2557 896 terram,
2607 846 2725 902 quae
2766 832 3031 889 diversam
3072 835 3232 893 habet
3272 841 3615 910 qualitatem,
3662 845 3805 901 alius

2193 931 2290 985 per
2312 919 2470 975 aliam
2492 960 2506 986 ,
2539 937 2570 975 a
2598 923 2728 980 locis
2755 925 3076 981 inliciuntur.

2265 1010 2316 1064 7.
2348 1009 2446 1066 Ubi
2476 1028 2505 1066 a
2533 1014 2797 1083 positione
2830 1017 3067 1073 locorum
3099 1019 3315 1076 ﬂumina
3345 1023 3693 1094 qualitatibus
3719 1027 3797 1081 af-

2191 1104 2410 1170 fecerat,
2437 1106 2652 1163 demum
2700 1110 2756 1164 in
2799 1113 3043 1180 paradiso
3071 1115 3194 1168 facit
3229 1115 3392 1170 Omne
3435 1117 3627 1188 lignum
3673 1119 3798 1190 pul-

2191 1199 2368 1251 chrum
2392 1200 2521 1267 visu,
2551 1211 2597 1254 et
2623 1201 2693 1254 ad
2720 1219 2884 1257 escam
2903 1221 3054 1258 suave
3080 1204 3230 1273 (Gen.
3261 1209 3314 1261 2.
3343 1206 3418 1278 9).
3449 1208 3605 1265 Prius
3623 1221 3799 1266 trans-

2188 1292 2452 1359 gressoris
2496 1295 2898 1350 excusationem
2953 1299 3187 1354 abstulit.
3232 1301 3365 1365 Quia
3396 1303 3537 1356 enim
3581 1304 3648 1359 de
3681 1321 3798 1358 mu-

2189 1382 2320 1440 liere
2347 1385 2500 1453 dixit,
2549 1385 2686 1442 Vidit
2730 1391 2912 1443 mulier
2951 1392 3165 1462 lignum,
3196 1394 3334 1462 quod
3364 1397 3638 1465 pulchrum
3685 1399 3797 1449 visu

2189 1490 2336 1548 esset,
2377 1495 2421 1536 et
2450 1483 2517 1536 ad
2547 1485 2844 1538 vescendum
2871 1502 3025 1539 suave
3053 1485 3204 1556 (Gen.
3236 1488 3288 1542 5.
3319 1488 3374 1553 6)
3402 1507 3414 1542 :
3446 1505 3513 1543 ne
3542 1491 3667 1560 quis
3698 1507 3793 1558 pu-

2191 1582 2346 1638 taret,
2373 1576 2512 1632 inter
2535 1577 2635 1632 alia
2666 1579 2803 1648 ligna
2834 1578 2936 1633 hoc
2964 1581 3137 1634 solum
3167 1581 3418 1636 decorum
3445 1582 3630 1649 fuisse,
3656 1582 3798 1638 hanc

2191 1670 2554 1736 prmstantiam
2594 1672 2842 1726 oomibus
2887 1672 3064 1728 inesse
3103 1673 3412 1729 testificatus
3440 1683 3546 1742 est,
3586 1685 3641 1730 et
3676 1677 3795 1730 visu

2185 1758 2470 1828 elegantia,
2500 1771 2552 1815 et
2579 1761 2733 1816 valde
2761 1762 2918 1828 bona,
2955 1771 3009 1817 ut
3036 1765 3207 1818 discas
3235 1782 3354 1819 eum
3390 1782 3494 1820 non
3525 1782 3590 1821 ex
3617 1783 3792 1837 penn-

2186 1851 2262 1904 ria
2310 1859 2699 1923 trnnSgressum
2746 1870 2896 1920 esse,
2942 1856 3033 1910 sed
3065 1857 3114 1910 in
3161 1856 3429 1913 afﬂuentia
3477 1875 3599 1913 cum
3645 1869 3795 1914 esset

2187 1954 2508 2012 pros'ratum
2537 1944 2720 2000 fuisse.
2744 1945 2808 1999 Et
2833 1948 3026 2017 lignum
3054 1950 3186 2014 vita,
3216 1950 3404 2020 inquit,
3423 1953 3478 2004 in
3503 1952 3667 2004 medio
3696 1970 3792 2020 ρα-

2185 2036 2363 2098 radisi,
2394 2046 2440 2088 et
2468 2037 2661 2107 lignum
2689 2039 2910 2092 scientia:
2932 2038 3052 2094 boni
3076 2050 3124 2094 et
3149 2043 3270 2094 mali
3292 2042 3440 2113 (Gen.
3470 2043 3523 2096 2.
3555 2042 3630 2112 9).
3665 2041 3793 2096 Tria

2186 2127 2446 2196 lignorum
2492 2130 2804 2185 discrimina
2836 2150 2848 2185 :
2880 2133 2980 2186 alia
3015 2134 3088 2186 illi
3135 2133 3255 2188 data
3287 2143 3429 2200 sunt,
3460 2146 3514 2188 ιιι
3545 2136 3792 2198 viveret;

2183 2219 2306 2279 alia,
2342 2229 2396 2272 ut
2437 2221 2573 2276 bene
2615 2223 2851 2287 viveret;
2893 2225 3018 2289 alia,
3070 2236 3124 2278 ut
3154 2241 3366 2295 semper
3406 2227 3625 2281 viveret.
3655 2228 3795 2281 Erat

2185 2309 2324 2362 unde
2347 2311 2482 2364 bene
2511 2313 2730 2378 viveret,
2759 2331 2823 2369 ex
2847 2316 3042 2385 quibus
3068 2316 3228 2372 edere
3257 2318 3478 2383 licebat;
3507 2328 3616 2374 erat
3641 2321 3792 2375 unde

2183 2400 2320 2455 bene
2349 2403 2643 2465 viveret,ex
2676 2406 2975 2474 prohibitis.
3009 2408 3223 2463 Poterat
3246 2411 3388 2464 enini
3419 2410 3552 2465 bene
3576 2413 3792 2476 vivere,

2182 2493 2224 2547 si
2255 2495 2512 2564 tetigisset
2544 2512 2648 2552 non
2681 2497 2966 2567 prohibita,
3000 2511 3174 2557 etnon
3209 2504 3464 2574 tetigisset
3497 2505 3792 2573 prohibita.

2180 2583 2310 2639 illud
2343 2597 2457 2641 erat
2495 2589 2630 2644 bene
2656 2591 2855 2657 vivere,
2896 2592 3004 2647 Deo
3033 2594 3276 2664 obsequi.
3313 2595 3545 2650 Positum
3574 2607 3697 2650 erat
3733 2598 3798 2650 li-

2179 2692 2340 2746 gnum
2371 2680 2490 2732 vitae
2517 2681 2566 2733 in
2613 2682 2808 2746 medio,
2838 2683 2988 2752 quasi
3023 2687 3331 2752 prmmium;
3367 2686 3562 2756 lignum
3605 2689 3796 2742 scien-

2183 2769 2268 2822 tia:
2293 2809 2306 2831 ,
2339 2779 2396 2824 ut
2427 2771 2695 2839 pztlu'Sira,
2729 2783 2787 2827 ut
2832 2777 3186 2844 gymnasium.
3216 2776 3270 2830 Si
3324 2778 3625 2832 mandatum
3670 2794 3796 2832 ser-

2180 2875 2272 2914 ves
2293 2861 2432 2916 circa
2462 2863 2659 2932 lignum
2688 2864 2810 2932 hoc,
2851 2868 3049 2935 accipis
3081 2868 3381 2936 prmmium.
3412 2873 3488 2923 Ac
3516 2869 3633 2922 vide
3688 2871 3794 2923 mi—

2179 2956 2438 3009 raculum.
2474 2956 2708 3012 Paradisi
2738 2959 2876 3029 ligna
2901 2960 3100 3025 omnia,
3125 2960 3318 3030 ubique
3341 2963 3390 3014 in
3420 2962 3638 3016 circuitu
3663 2976 3797 3014 ver-

2179 3047 2390 3110 nantia,
2447 3049 2643 3118 ubique
2693 3048 2962 3106 fructifera
3013 3069 3025 3104 :
3076 3051 3182 3105 duo
3233 3061 3436 3106 tantum
3493 3053 3543 3106 in
3605 3053 3793 3107 medio

2176 3147 2344 3200 erant,
2379 3139 2443 3192 ad
2466 3141 2798 3210 gymnasium
2829 3151 2880 3195 et
2908 3143 3155 3196 stadium.
3188 3143 3317 3210 Quae
3353 3143 3404 3196 in
3435 3143 3656 3198 circuitu
3688 3144 3794 3197 ali-

2177 3239 2414 3284 mentum
2461 3222 2788 3300 prmbebant.
2841 3232 3034 3287 Verum
3088 3234 3525 3304 transgressionis
3565 3245 3618 3289 et
3653 3235 3790 3305 ligni

2173 3335 2352 3375 sermo
2394 3323 2535 3377 aliud
2565 3324 2616 3378 in
2651 3335 2860 3393 tempus
2888 3335 3219 3389 reservetur;
3246 3327 3570 3394 propositum
3603 3336 3790 3381 autem

2176 3412 2275 3466 hoc
2298 3412 2407 3481 jam
2451 3426 2530 3467 est
2565 3431 2577 3466 :
2609 3414 2825 3468 adducit
2863 3416 3000 3469 Deus
3027 3418 3271 3470 animalia
3319 3418 3498 3470 omnia
3525 3417 3592 3471 ad
3642 3418 3790 3472 Ada-

2175 3519 2339 3557 mtun.
2401 3505 2629 3559 Audiant
2659 3505 2890 3561 lueretici
2923 3524 2936 3560 :
2972 3523 3070 3562 nec
3117 3509 3327 3563 mireris
3370 3509 3416 3563 si
3456 3509 3523 3563 ad
3571 3511 3788 3579 singula

2174 3596 2314 3651 dicta
2340 3639 2355 3663 ,
2397 3599 2463 3652 ad
2508 3601 2744 3669 singulas
2790 3615 2947 3655 voces
2991 3611 3178 3656 contra
3227 3601 3509 3656 haereticos
3553 3611 3787 3672 agatur;

2172 3703 2269 3758 per
2323 3705 2538 3744 omnem
2603 3691 2745 3746 enim
2815 3694 3150 3750 occasionem
3214 3694 3685 3764 reprehenduntur
3753 3697 3790 3750 ii

2171 3778 2261 3848 qui
2318 3792 2503 3835 contra
2561 3782 2851 3852 gloriosum
2897 3800 3120 3852 regnum
3167 3785 3468 3855 insurgunt.
3509 3785 3670 3855 Lapis
3726 3804 3790 3840 ea:

2170 3887 2315 3924 muro
2359 3873 2545 3927 clamat
2580 3871 2804 3942 (Hebae.
2848 3874 2901 3927 2.
2937 3878 3054 3946 tl);
3091 3892 3195 3930 non
3241 3877 3383 3941 dico,
3433 3879 3662 3932 verbum
3717 3893 3787 3933 ex

2172 3963 2471 4032 Scriptura,
2519 3965 2635 4020 Iota
2667 3985 2845 4033 unum,
2873 3980 2959 4022 aut
2988 3986 3115 4023 unus
3143 3986 3272 4040 apex
3299 3970 3516 4040 (Matth.
3566 3971 3620 4025 5.
3664 3971 3783 4040 18),

2173 4057 2452 4111 Itatrcticos
2487 4059 2782 4130 inculpatos
2821 4078 2922 4116 non
2951 4063 3165 4125 sinunt;
3216 4063 3284 4116 ab
3326 4062 3579 4116 omnibus
3623 4077 3784 4116 accu-

2169 4157 2356 4202 santur
2402 4149 2490 4219 qui
2530 4161 2726 4220 negant
2754 4151 2987 4207 omnium
3034 4153 3338 4206 Dominum.
3395 4152 3782 4208 Animadverte

2171 4240 2348 4310 igitur.
2378 4241 2567 4297 Videre
2592 4252 2708 4298 erat
2729 4259 2839 4299 rem
2863 4243 3203 4314 stupendam,
3227 4243 3494 4297 Adamum
3519 4253 3777 4312 stantem,

2167 4341 2223 4386 et
2263 4333 2427 4388 Deum
2474 4335 2626 4404 quasi
2655 4337 2954 4390 ministrum
2985 4335 3049 4388 ad
3082 4333 3346 4388 Adamum
3387 4334 3772 4391 adducentem.

2169 4425 2387 4477 Addunt
2416 4427 2558 4479 enim
2588 4426 2726 4480 Deus
2752 4426 3013 4479 animalia.
3047 4425 3143 4479 Hic
3183 4425 3421 4492 attende,
3467 4440 3579 4480 non
3611 4427 3774 4495 dicm,

2169 4514 2260 4568 sed
2304 4517 2643 4569 sententiam.
2687 4515 2870 4586 Cogita
2901 4517 3066 4570 Deum
3097 4527 3351 4579 stantem,
3402 4525 3456 4571 et
3501 4517 3774 4572 Adamnm

2168 4603 2556 4672 explorantem.
2581 4605 2814 4659 Adduxit
2843 4607 2978 4660 Deus
3003 4606 3200 4668 omnia,
3231 4606 3440 4660 Adamo
3461 4605 3604 4660 dixit
3627 4607 3774 4661 verbi

2167 4695 2334 4762 gratia
2367 4712 2380 4747 :
2413 4695 2529 4762 Quo
2565 4697 2780 4750 nomine
2812 4696 2897 4750 hic
2929 4696 3019 4750 tibi
3063 4696 3272 4750 videtur
3302 4697 3577 4751 vocandus
3609 4696 3780 4752 esse?

2169 4784 2320 4854 Isque
2349 4789 2424 4839 ait
2456 4803 2469 4838 :
2522 4786 2750 4840 Vocetur
2797 4787 2899 4841 leo.
2936 4786 3044 4840 lloc
3091 4787 3230 4840 Deus
3257 4788 3454 4841 sanxit.
3505 4787 3608 4841 Hic
3640 4801 3772 4842 vero

2167 4894 2272 4947 quo
2303 4880 2560 4934 nomine?
2589 4879 2793 4932 Taurus
2829 4889 3063 4933 vncetur.
3093 4879 3256 4933 Recte
3285 4880 3540 4934 statuisti.
3569 4879 3772 4936 Simili-

2169 4982 2351 5040 terque
2378 4971 2705 5040 singulorum
2738 4975 2952 5025 nomina
2981 4972 3121 5024 Deus
3148 4970 3468 5039 obsignavit.
3502 4973 3592 5024 Ait
3625 4973 3768 5023 enim

2164 5065 2436 5135 Scriptura
2470 5084 2482 5117 :
2516 5065 2747 5118 Adduxit
2776 5081 2834 5118 ea
2860 5065 2927 5116 ad
2953 5062 3141 5126 Adam,
3178 5074 3231 5115 ut
3264 5065 3474 5128 videret,
3519 5064 3649 5134 quid
3677 5079 3767 5116 ro-

2165 5166 2302 5209 caret
2328 5173 2386 5208 ea
2437 5154 2504 5207 Et
2550 5171 2698 5208 omne
2733 5153 2864 5224 quod
2896 5154 3086 5207 vocavit
3113 5153 3298 5220 Adam,
3332 5154 3428 5208 hoc
3465 5165 3538 5208 est
3582 5170 3768 5207 nomen

2163 5249 2292 5315 ejus.
2331 5246 2480 5301 Vide.
2515 5246 2645 5314 Quia
2677 5247 2741 5299 ad
2791 5245 3071 5315 imaginem
3105 5245 3274 5314 ipsum
3317 5255 3624 5309 creaverat,
3671 5259 3769 5297 \0°

2162 5339 2260 5394 luit
2288 5347 2341 5393 et
2368 5337 2622 5392 honorem
2653 5338 2702 5391 in
2731 5347 3073 5406 conspectum
3103 5337 3367 5408 proferre,
3397 5347 3452 5392 et
3475 5335 3768 5391 ostendere

2161 5445 2288 5484 vere
2314 5430 2486 5500 ipsum
2515 5430 2797 5499 imaginem
2823 5431 3095 5499 sapientia:
3119 5430 3281 5484 ferre.
3319 5431 3395 5484 Ac
3426 5444 3540 5483 rem
3571 5430 3768 5482 miram

2161 5523 2302 5577 vide.
2337 5523 2474 5576 Deus
2515 5523 2615 5575 sibi
2662 5523 2875 5575 nomina
2921 5531 3046 5577 ante
3089 5522 3393 5583 definierat,
3440 5520 3765 5589 volebatquo

2159 5631 2257 5684 per
2303 5615 2585 5684 imaginem
2631 5629 2778 5669 suam
2811 5616 3112 5676 ostendere,
3158 5613 3345 5667 Adami
3377 5611 3598 5667 decreta
3641 5628 3764 5666 cuin

2162 5706 2255 5760 Dei
2288 5706 2554 5760 voluntate
2583 5707 2906 5760 consentire.
2943 5705 3102 5760 Certe
3127 5719 3248 5757 cum
3280 5704 3444 5757 vellet
3473 5701 3764 5757 ostendere

2158 5800 2448 5869 Scriptura,
2480 5797 2594 5854 btcc
2619 5814 2735 5870 quae
2768 5799 3004 5855 Adamus
3033 5796 3286 5867 imposuit
3317 5797 3558 5863 nomina,
3593 5794 3762 5850 Deum
