3982 6218
213 405 329 462 479

222 522 426 595 ἀρτίως
464 523 766 594 είρηκαμεν
791 539 805 554 ο
835 519 952 578 εἶτα
971 525 1000 577 6
1028 525 1182 595 Γηών
1200 541 1214 556 ·
1247 519 1403 588 οὗτός
1445 524 1592 575 ἐστιν
1618 524 1647 575 6
1673 523 1797 575 Νετ-

219 606 333 668 λος.
366 604 517 673 Γηὼν
544 606 604 658 τὸ
637 606 861 675 ἀρχαῖον
889 607 1054 660 αὑτοῦ
1079 607 1270 677 ὄνομα.
1307 605 1593 675 Μαρτυρεῖ
1635 605 1798 674 Ἰερε-

223 689 355 758 μίας
401 688 600 753 λέγων·
641 689 702 741 Τί
748 703 846 742 σοι
887 689 980 742 καί
1039 690 1112 757 τῇ
1144 690 1263 755 ὀδῷ
1317 690 1659 758 Αίγύπτου,
1691 685 1799 740 τοῦ

221 771 382 825 πιεῖν
441 772 598 840 ὕδωρ
650 773 868 840 Γηὼν;
933 771 1195 826 Ἐνταῦθα
1253 772 1509 842 πρόσεχε.
1557 771 1797 839 Νόμισον

220 852 408 906 τοῦτον
455 848 594 907 εἶναι
624 855 714 908 τὸν
744 855 1090 928 παράδεισον.
1123 856 1188 907 Ἀ
1227 867 1252 895 ι
1309 854 1418 925 γάρ
1445 854 1564 922 ὄψει
1599 851 1798 923 μᾶλλον

220 935 254 1004 ἢ
303 935 443 1006 λόγῳ
493 937 862 1006 παραδίδοται.
914 938 1248 1010 Προέρχεται
1304 937 1548 1006 ποταμὸς
1598 934 1798 998 πολὺς,

221 1019 476 1072 πλούσιον
508 1022 653 1089 νᾶμα
681 1021 818 1091 ἔχων
847 1063 861 1084 ,
915 1021 1010 1074 καὶ
1056 1021 1272 1091 ἀρδεύει
1315 1021 1407 1073 τὸν
1448 1017 1795 1090 παράδεισον.

232 1101 471 1165 Ἐκεῖθεν
504 1103 725 1175 φέρεται
766 1107 844 1167 είς
883 1104 1150 1174 ὑπόνομόν
1187 1121 1238 1156 τι
1289 1102 1420 1174 χάος
1444 1144 1459 1164 ,
1513 1101 1606 1154 καὶ
1651 1099 1798 1153 δύνει

221 1185 330 1238 ὑπὸ
360 1186 463 1256 γῆν
491 1185 715 1256 ἄπειρον
739 1228 753 1251 ,
789 1188 864 1250 ὡς
893 1185 1031 1240 οἶδεν
1059 1189 1088 1240 ὁ
1114 1187 1213 1259 τὴν
1255 1187 1372 1240 ὁδὸν
1423 1184 1670 1256 στρώσας
1705 1186 1800 1236 Δε-

221 1270 426 1338 σπότης
451 1287 465 1300 ο
499 1273 590 1323 καὶ
622 1269 872 1324 λανθάνει
927 1273 1018 1325 ἐπὶ
1065 1273 1198 1325 πολὺ
1233 1271 1292 1324 τὸ
1327 1271 1538 1342 ῥεῦμα.
1578 1269 1672 1320 καὶ
1718 1267 1800 1329 εἰς

217 1351 509 1422 διαφόρους
545 1353 742 1418 τόπους
775 1353 1112 1416 ἀναδίδοται,
1155 1355 1249 1407 καὶ
1287 1355 1597 1424 εὑρίσκεται
1625 1354 1654 1403 6
1700 1351 1800 1420 μὲν

217 1436 298 1498 εἰς
339 1438 434 1506 τὴν
464 1437 749 1490 Αἰθιοπίαν
772 1480 787 1502 ,
814 1439 842 1488 ὁ
875 1437 930 1490 δὲ
965 1439 1044 1501 εἰς
1067 1438 1238 1501 δύσιν,
1264 1440 1292 1490 ὁ
1319 1438 1374 1491 δὲ
1406 1439 1485 1499 εἰς
1510 1434 1796 1504 ἀνατολὴν,

216 1517 312 1569 τοῦ
341 1519 472 1570 Θεοῦ
500 1519 641 1572 οὕτω
669 1520 737 1573 δι’
772 1521 1042 1590 ὑπόνομον
1088 1520 1333 1581 ἕλκοντος
1366 1520 1426 1572 τὸ
1468 1517 1673 1589 ῥεῦμα,
1703 1516 1798 1569 καὶ

218 1599 499 1664 ποιοῦντος
526 1602 681 1666 ξένας
707 1603 889 1671 πηγάς
933 1603 1013 1673 τῷ
1055 1602 1256 1674 πρώτῳ
1286 1601 1534 1670 ποταμῷ.
1564 1602 1717 1654 Διατί
1741 1599 1796 1652 δὲ

215 1682 406 1745 τοῦτος
434 1685 551 1739 Ἵνα
581 1685 655 1756 μὴ
683 1687 794 1749 τοῖς
822 1687 993 1755 ἴχνεσι
1020 1686 1129 1738 τῶν
1157 1678 1415 1754 ποταμῶν
1441 1682 1796 1737 ἀκολουθοῦνο

213 1783 308 1828 τες
333 1767 532 1836 ε’ύρωσι
564 1769 655 1820 τὸν
683 1770 1028 1840 παράδεισον,
1059 1769 1144 1822 ἵνα
1174 1770 1248 1840 μὴ
1347 1771 1459 1831 τοῖς
1492 1765 1796 1837 ἀνθρώποις

216 1850 583 1920 καταληπτός.
614 1852 674 1904 El
711 1852 816 1924 γάρ
849 1848 918 1924 ἦν
941 1852 1176 1916 ὁδεῦσαι,
1209 1851 1386 1913 οὐδεὶς
1417 1851 1484 1904 ἂν
1528 1845 1652 1919 εὑρε
1692 1847 1799 1918 πρὸ

215 1930 326 1982 τῶν
357 1933 624 1986 πλουσίων
653 1933 744 1986 τὸν
774 1936 1100 2006 παράδεισον
1119 1951 1130 1963 °
1161 1935 1274 1987 ἀλλ’
1300 1937 1328 1988 6
1352 1933 1482 1996 Θεὸς
1507 1931 1798 1986 ἀπέκλεισε

216 2015 314 2067 καὶ
348 2017 541 2084 πένησι
574 2018 665 2069 καὶ
697 2015 970 2080 πλουσίοις
993 2056 1009 2082 ,
1061 2019 1148 2070 ἵνα
1183 2018 1348 2087 ἀρετῇ
1397 2015 1555 2086 μόνον
1596 2013 1796 2084 εὑρωσι

216 2099 318 2169 τὴν
344 2100 478 2152 ὁδόν.
507 2100 655 2152 Πόσα
683 2099 887 2168 ἔκαμον
912 2101 1267 2172 πατριάρχαι,
1301 2099 1598 2169 προφῆται,
1631 2098 1794 2164 ἆγιοι,

215 2179 510 2251 ζητοῦντες
536 2181 628 2234 τὸν
650 2182 1000 2252 παράδεισον,
1025 2183 1118 2235 καὶ
1151 2183 1247 2252 οὑχ
1273 2177 1464 2252 εὑρον;
1511 2181 1567 2230 ’0
1597 2178 1798 2252 λῃστὴς

189 2259 316 2332 ἒτὴν
349 2263 466 2316 ὁδὸν
495 2265 593 2333 οὑχ
616 2265 840 2329 ὁδεύσας
865 2307 880 2328 ,
909 2265 1044 2319 ἀλλὰ
1068 2265 1362 2325 πιστεύσας
1388 2305 1401 2326 ,
1430 2262 1643 2332 ἀληθῶς
1670 2255 1796 2331 εὑρε

212 2348 314 2416 τὴν
341 2348 457 2400 ὁδὸν
479 2389 492 2411 ,
522 2348 612 2400 τὸν
654 2348 878 2418 λέγοντα
900 2366 914 2381 ⁶
961 2349 1102 2418 Ἐγώ
1132 2351 1246 2416 ειμι
1279 2348 1314 2414 ὴ
1347 2347 1502 2412 ὁδός.
1540 2343 1678 2416 Εὗρε
1708 2345 1798 2396 τὸν

213 2431 576 2502 παράδεισον,
625 2433 684 2485 δν
744 2433 1064 2487 ἀπέκλεισεν
1116 2432 1430 2502 ἡπαρακοὴ
1477 2429 1554 2497 τῷ
1597 2426 1799 2497 πρώτῳ

217 2513 510 2584 ἀνθρώπῳ.
541 2513 697 2586 Ζητῶ
724 2515 780 2567 δὲ
805 2515 904 2585 τὴν
925 2516 1102 2569 αίτίαν
1124 2514 1210 2567 διὰ
1239 2515 1289 2566 τί
1315 2515 1344 2566 6
1387 2511 1799 2581 ἱστοριογράφος

215 2598 596 2667 μνημονεύσας
625 2599 720 2652 τοῦ
767 2597 984 2671 πρώτου
1020 2597 1263 2668 ποταμοῦ
1297 2592 1448 2649 εἶπεν
1479 2635 1492 2659 ,
1521 2595 1603 2647 ὃτι
1654 2592 1806 2645 Ἐκεῖ

211 2681 435 2748 γίνεται
466 2681 530 2733 τὸ
553 2684 813 2748 χρυσίον
854 2682 921 2735 τὸ
951 2683 1162 2744 καλὸν,
1206 2681 1300 2734 καί
1338 2683 1370 2732 ό
1400 2677 1628 2746 ἄνθραξ
1657 2719 1668 2736 ,
1700 2676 1797 2730 καί

213 2766 247 2815 ό
271 2764 440 2828 λίθος
480 2766 510 2816 d
542 2763 851 2831 πράσινος.
889 2763 948 2816 Εἰ
991 2764 1127 2826 ὅλως
1160 2761 1536 2832 ἐχωρογράφει
1587 2759 1683 2829 τὴν
1722 2761 1801 2810 01-

215 2846 486 2914 κουμένην
508 2883 522 2906 ,
553 2847 716 2915 ἐχρῆν
753 2849 926 2898 εἰπεῖν
957 2846 1024 2898 τὰ
1079 2847 1137 2896 ὲν
1188 2845 1393 2912 ἑκάστῃ
1433 2842 1587 2913 χώρᾳ
1612 2841 1797 2908 γιγνό-

217 2945 355 2994 μενα
390 2927 529 2980 καλὰ
555 2971 568 2991 ,
609 2929 733 2990 τοὺς
767 2927 1112 2997 σμαράγδους
1139 2965 1152 2989 ,
1179 2927 1303 2988 τοὺς
1334 2923 1657 2985 ὑακίνθους,
1692 2921 1796 2975 ποῦ

212 3010 504 3073 τοπάζιον,
568 3010 668 3062 ποῦ
730 3011 785 3062 αί
845 3011 1095 3078 διάφοραι
1160 3008 1270 3060 τῶν
1322 3006 1464 3059 ὑλῶν
1545 3005 1664 3058 ὗλαι
1724 3005 1751 3045 b
1780 3021 1793 3034 '

214 3090 332 3141 ἀλλ’
364 3091 672 3156 ἐπιλέγεται
701 3092 898 3160 χρυσὸν
922 3091 1015 3142 καὶ
1043 3089 1137 3142 δύο
1169 3088 1380 3151 λίθους,
1405 3086 1505 3149 τὰς
1543 3086 1799 3158 ἀπαρχὰς

211 3173 312 3242 τῆς
346 3173 670 3244 ἱερωσύνης,
709 3173 895 3244 ἐπειδὴ
925 3174 952 3224 ὁ
987 3173 1166 3242 ἱερεὺς
1194 3170 1380 3238 ἐφόρει
1423 3170 1653 3221 πέταλον
1675 3187 1801 3240 χρυ-

215 3255 365 3318 σοῦν,
400 3255 548 3326 [489]
574 3250 618 3320 ᾧ
653 3257 1034 3326 ἐπεγέγραπτο
1070 3254 1130 3306 τὸ
1166 3253 1260 3305 τοῦ
1291 3251 1424 3304 Θεοῦ
1470 3252 1661 3320 ὄνομα.
1687 3251 1800 3302 Δώο

215 3340 351 3392 δεκα
375 3340 509 3394 λίθοι
532 3337 672 3410 ἦσαν
697 3341 786 3392 ἐπὶ
819 3341 912 3392 τοῦ
940 3339 1166 3408 στήθους
1183 3337 1276 3390 τοῦ
1309 3336 1497 3406 ἱερέως
1518 3352 1530 3364 ο
1558 3335 1795 3402 σάρδιον,

213 3423 470 3488 τοπάζιον
493 3465 506 3483 ,
546 3423 856 3493 σμάραγδος
881 3463 895 3483 ,
925 3419 1126 3491 ἄνθραξ
1145 3460 1159 3481 ,
1203 3420 1504 3489 σάπφειρος
1523 3458 1536 3478 ,
1589 3419 1792 3480 ξάσπις,

213 3505 453 3575 λιγύριος
477 3546 488 3568 ,
526 3505 731 3575 ἀχάτης
752 3546 765 3566 ,
803 3503 1103 3572 ἀμέθυστος
1124 3543 1137 3562 ,
1189 3501 1509 3570 χρυσόλιθος
1538 3539 1551 3560 ,
1597 3500 1798 3570 βήρυλ-

213 3591 308 3653 λος
330 3631 341 3651 ,
374 3589 603 3658 ὁνύχιον.
654 3589 747 3640 Ἐκ
777 3589 882 3639 τῶν
916 3586 1120 3638 δώδεκα
1161 3585 1323 3636 λίθων
1354 3583 1558 3635 τούτων
1600 3586 1626 3635 6
1656 3584 1794 3651 πρά-

215 3688 364 3735 σινος
399 3674 704 3741 ἀφώρισται
731 3673 796 3740 τῇ
834 3671 1079 3739 ίερατικῇ
1116 3668 1292 3736 φυλῇ,
1322 3669 1350 3719 6
1375 3666 1579 3736 ἄνθραξ
1608 3671 1669 3733 τῇ
1704 3666 1799 3734 βα-

214 3755 416 3823 σιλικῇ,
443 3755 626 3819 Διατί;
672 3754 892 3824 Ἐπειδὴ
923 3753 1094 3824 πυρὸς
1123 3752 1254 3805 ίδιον
1276 3751 1338 3802 τὸ
1365 3751 1540 3803 καίειν
1569 3750 1659 3801 καὶ
1685 3767 1797 3817 φω-

211 3837 414 3899 τίζειν·
448 3838 540 3889 καὶ
587 3836 846 3905 βασιλέως
877 3836 1006 3888 ίδιον
1053 3835 1360 3904 εὐεργετεῖν
1391 3833 1484 3886 καὶ
1530 3831 1794 3894 κολάζειν.

212 3921 410 3990 Τίθησι
450 3921 539 3973 τὸν
582 3919 822 3989 Ῥουὸὴμ
851 3920 951 3988 τὴν
997 3916 1219 3988 πρώτην
1262 3915 1432 3985 φυλὴν
1463 3917 1518 3967 ἐν
1556 3915 1634 3984 τῷ
1668 3932 1800 3985 σαρ-

211 4005 345 4072 δίῳ,
386 4003 476 4055 τὸν
523 4001 745 4071 Συμεὼν
793 4004 850 4055 ἐν
892 3999 970 4068 τῷ
1018 3999 1261 4068 τοπαζίῳ
1286 4039 1299 4062 ,
1337 3999 1426 4051 τὸν
1476 3999 1604 4050 Λευὶ
1636 3999 1692 4049 ἐν
1720 3996 1798 4065 τῷ

213 4092 466 4162 πρασίνῳ
492 4091 654 4160 λίθῳ’
691 4089 779 4141 τὸν
832 4089 1054 4152 Ἰούδαν,
1087 4089 1144 4151 ἐξ
1175 4083 1237 4140 οῦ
1287 4091 1314 4141 6
1347 4087 1602 4158 Χριστὸς,
1634 4088 1688 4138 ἐν
1721 4085 1798 4157 τῷ

212 4173 448 4243 ἄνθρακι
480 4171 556 4238 τῷ
587 4171 836 4243 πυρριῖμτ.
884 4170 1096 4239 Ἀμέλει
1137 4170 1361 4232 Ἡσαΐας
1399 4170 1536 4238 μετὰ
1570 4169 1798 4231 πολλοὺς

213 4257 442 4327 χρόνους
475 4255 621 4323 λέγει
676 4257 743 4324 τῇ
789 4253 1178 4324 ’1ερουσαλήμ’
1231 4252 1354 4304 Ἐπὶ
1409 4253 1528 4303 τῶν
1586 4251 1799 4320 χειρῶν

205 4357 332 4407 μου
372 4336 754 4406 ἐζωγραφηκὰ
787 4353 902 4389 σου
936 4338 1004 4389 τὰ
1033 4337 1196 4403 τείχη
1215 4375 1227 4395 ,
1256 4336 1351 4388 καὶ
1380 4334 1636 4387 ἐνώπιόν
1677 4350 1797 4401 μου

211 4419 272 4474 εἴ
295 4421 393 4474 διὰ
427 4422 671 4485 παντός.
716 4420 859 4472 Ἰδοὺ
886 4418 1160 4487 ἐτοιμὰζω
1182 4418 1449 4486 ἄνθρακα
1478 4417 1583 4469 τὸν
1625 4417 1800 4469 ,λίθον

211 4519 354 4565 σου,
395 4505 484 4556 τὸν
520 4501 750 4572 Σωτῆρα
796 4503 989 4570 λέγων.
1040 4501 1184 4555 Ἰδοὺ
1231 4501 1368 4570 γὰρ,
1404 4501 1570 4571 φησὶ,
1603 4501 1797 4568 τίθημι

210 4587 285 4637 ἐν
317 4586 465 4637 Σιὼν
491 4589 666 4639 λίθον
702 4584 1127 4653 ἀκρογωνιαῖον
1144 4626 1158 4650 ,
1182 4584 1472 4637 ἐκλεκτὸν
1492 4623 1504 4646 ,
1532 4583 1795 4650 ἔντιμον,

213 4669 313 4722 καί
371 4672 402 4718 ό
442 4670 740 4722 πιστεύων
789 4668 859 4719 ἐν
911 4664 1071 4731 αὐτῷ
1114 4670 1187 4720 οὺ
1221 4666 1306 4734 μὴ
1359 4663 1794 4733 καταισχυνθῇ.

222 4754 286 4804 ὐ
320 4750 500 4804 τοίνυν
552 4751 758 4823 ἄνθραξ
793 4750 1098 4820 ἀφώρισται
1130 4752 1195 4818 τῇ
1248 4748 1498 4817 βασιλικῇ
1534 4746 1675 4816 φυλῇ
1704 4764 1715 4776 ·
1770 4745 1798 4795 6

212 4835 478 4904 πράσινος
525 4838 588 4903 τῇ
626 4836 909 4904 ίερατικῇ·
943 4836 1004 4886 τὸ
1037 4833 1144 4901 γάρ
1186 4833 1446 4902 πράττειν
1483 4831 1662 4892 καλῶς
1697 4829 1798 4898 τῆς

216 4915 540 4986 ἱερωσύνης.
588 4917 718 4968 Ἀπὸ
767 4917 858 4969 τοῦ
893 4915 1138 4984 ποταμοῦ
1185 4916 1394 4966 ἐκείνου
1444 4913 1797 4983 ἀφορίζονται

209 5001 479 5067 τέσσαρες
513 5000 689 5064 πηγαὶ
723 5001 999 5068 ποταμῶν.
1039 4997 1190 5050 Διατί
1221 4993 1314 5048 οὖν
1344 4997 1403 5048 τὸ
1435 4997 1580 5064 ὕδωρ
1620 4996 1798 5048 αὑτῶν

210 5083 315 5134 οὑκ
349 5083 493 5143 fama;
537 5080 768 5148 Ζητοῦσι
801 5082 909 5151 γάρ
941 5083 986 5133 οί
1025 5079 1341 5149 φιλομαθεῖς
1367 5119 1380 5140 ,
1431 5082 1478 5130 εί
1529 5078 1637 5130 ἀπὸ
1679 5078 1797 5140 ἐνὸς

212 5162 463 5232 ποταμοῦ
485 5205 498 5223 ,
531 5162 563 5232 ἢ
597 5165 726 5230 μιᾶς
761 5165 970 5233 πηγῆς,
1007 5163 1144 5216 διατί
1174 5164 1248 5233 μὴ
1284 5164 1380 5233 μία
1409 5163 1634 5231 ποιότης
1662 5164 1796 5216 πάν-

209 5262 355 5309 των;
382 5244 444 5296 Τί
470 5241 560 5296 οῦν
594 5247 740 5310 ἐστι;
776 5247 1266 5316 Μεταλαμϐάνουσι
1293 5247 1389 5314 τῆς
1423 5246 1554 5314 γῆς,
1580 5247 1672 5297 καὶ
1698 5246 1796 5313 τῆς

212 5329 500 5395 ποιότητος
524 5327 628 5379 τῶν
652 5327 852 5391 τόπων,
875 5328 944 5379 δι’
966 5323 1038 5381 ὧν
1067 5330 1450 5400 παρέρχονται.
1470 5331 1679 5399 ’Ὠσπερ
1707 5331 1796 5380 καὶ

209 5411 348 5463 αὑτὸ
377 5409 436 5462 16
466 5410 608 5481 ὕδωρ
638 5409 765 5481 μίαν
799 5410 897 5479 μὲν
927 5410 1036 5480 ἔχει
1061 5414 1222 5480 φύσιν
1253 5412 1346 5465 καὶ
1371 5411 1648 5479 ποιότητα,
1682 5410 1794 5462 ἀλλ’

277 5557 303 5583 ⁸
331 5555 443 5617 Sav.
467 5557 514 5604 in
537 5569 688 5617 marg.
713 5573 786 5616 79.
812 5556 929 5602 τινα.

276 5617 305 5654 h
332 5616 557 5665 Fortasse
602 5616 863 5678 legendum
887 5621 933 5664 αἱ
974 5617 1191 5678 διαφοραὶ
1215 5619 1310 5664 τῶν
1336 5618 1462 5664 ὑλῶν
1485 5618 1604 5664 ὅλαι.
1643 5616 1790 5664 Savil.

278 5678 342 5724 ni.
368 5681 462 5723 τῶν
487 5679 630 5724 ξύλων
655 5683 780 5724 ὕλαι.

210 5681 342 5737 conj.
368 5681 462 5723 τῶν
487 5681 630 5732 ξύλων
655 5683 780 5726 ὕλαι.

214 5799 244 5810 __
279 5738 591 5810 °._Vali.canu§
633 5741 781 5789 habet
817 5741 884 5802 τῷ
908 5739 1061 5802 πυρῷ,
1100 5736 1292 5790 scilicet
1312 5739 1474 5804 πυῤῥῷ
1501 5736 1788 5787 rubicundo.

214 5799 369 5850 savii.
393 5801 460 5860 τῷ
473 5802 599 5861 πυρί.

1229 405 1317 461 DE
1356 404 1573 462 MUNDI
1608 403 2005 463 CREATIONE
2042 397 2300 464 ORATIO
2342 409 2402 464 Υ.

3357 417 3471 472 480

1904 523 1998 576 ἐὰν
2034 525 2323 596 συμϐραχῇ
2365 523 2594 595 ἀψινθίῳ
2619 563 2633 585 ,
2674 523 2838 593 ἄλλην
2874 522 3132 592 ποιότητα
3163 523 3338 575 ποιεῖ·
3379 522 3474 574 ἐὰν

1899 607 2084 676 ἀνήθῳ
2106 649 2119 667 ,
2153 608 2350 677 ἄλλην·
2385 609 2480 660 ἐὰν
2513 607 2738 677 πηγάνῳ
2764 645 2777 667 ,
2817 606 2984 675 ἄλλην
3004 625 3017 638 ο
3060 605 3152 658 καὶ
3182 606 3215 674 ἡ
3249 605 3346 674 μὲν
3376 603 3476 673 φύ-

1901 707 1983 752 σις
2012 690 2126 759 μία,
2163 693 2218 742 αί
2248 691 2304 743 δὲ
2336 690 2458 743 ὑλαι
2494 688 2879 759 μεταποιοῦσιν
2899 706 2912 719 ·
2945 688 3085 740 οὑτω
3116 689 3208 738 καὶ
3249 687 3343 740 ἐπὶ
3367 687 3476 738 τῶν

1900 774 2160 843 ποταμῶν
2183 814 2196 832 ,
2248 774 2434 844 ἐπειδὴ
2465 773 2552 826 διά
2582 771 2749 840 ξένων
2776 773 3018 826 ὁδεύουσι
3048 772 3259 836 τόπων,
3306 773 3334 823 ὁ
3378 770 3475 839 μὲν

1899 855 1985 909 διὰ
2029 859 2129 926 γῆς
2181 858 2374 928 ἑτέραν
2407 859 2636 928 ἐχούσης
2670 856 2930 926 ποιότητα
2953 897 2969 922 ,
2999 857 3027 907 6
3063 855 3118 906 δὲ
3163 854 3227 908 δι’
3263 855 3473 924 ἐτέρας,

1899 939 2177 993 ποιοῦνται
2206 943 2316 1003 τοῖς
2345 940 2549 1004 τόποις.

1971 1044 2035 1108 ζ’.
2056 1045 2205 1098 Ἐπεὶ
2220 1045 2276 1099 δὲ
2301 1047 2367 1116 τῇ
2397 1044 2543 1098 θέσει
2570 1043 2680 1099 τῶν
2698 1044 2877 1097 τόπων
2907 1041 3138 1095 ἐποίωσε
3164 1041 3290 1102 τοὺς
3309 1055 3479 1091 ποτα-

1903 1129 2070 1197 μοὺς.
2101 1129 2284 1182 λοιπὸν
2321 1131 2464 1182 ποιεῖ
2504 1129 2562 1182 ἐν
2594 1127 2670 1198 τῷ
2701 1127 3014 1196 παραδείσῳ
3055 1125 3184 1179 Πᾶν
3222 1121 3476 1189 δένδρον

1899 1212 2091 1264 καλὸν
2126 1215 2213 1278 εις
2252 1211 2467 1280 ὅρασιν
2488 1252 2502 1275 ,
2547 1211 2646 1265 καὶ
2686 1211 2905 1278 ὡραῖον
2934 1211 3020 1274 εις
3045 1207 3298 1275 βρῶσιν.
3335 1207 3476 1276 Προ-

1899 1297 2070 1350 ανεῖλε
2121 1295 2212 1350 τοῦ
2256 1297 2571 1367 παραδάτου
2610 1295 2707 1365 τὴν
2757 1293 3070 1361 ἀπολογίαν.
3102 1290 3319 1357 Ἐπειδὴ
3368 1288 3478 1357 γὰρ

1898 1379 2026 1448 περὶ
2060 1379 2158 1449 τῆς
2183 1377 2436 1447 γυναικὸς
2469 1375 2620 1432 εἶπεν
2641 1419 2655 1443 ,
2682 1379 2764 1430 ὅτι
2805 1371 2982 1430 Εἷδεν
3009 1375 3046 1438 ἡ
3077 1372 3231 1443 γυνὴ
3278 1370 3345 1422 τὸ
3381 1370 3479 1432 ξύ-

1896 1461 2031 1518 λον.
2065 1460 2152 1514 ὅτι
2183 1463 2376 1516 καλὸν
2407 1463 2494 1528 εις
2525 1461 2739 1528 ὅρασιν
2763 1500 2778 1524 ,
2819 1458 2917 1511 καί
2956 1457 3171 1525 ὡραῖον
3206 1457 3294 1520 είς
3318 1451 3479 1521 βρῶ·

1897 1559 2002 1596 σιν
2027 1561 2040 1576 ·
2075 1545 2161 1597 ἵνα
2198 1548 2272 1617 μή
2307 1564 2391 1610 τις
2423 1545 2654 1616 νομίσῃ,
2707 1544 2786 1596 ὅτι
2840 1541 2990 1611 παρὰ
3047 1539 3112 1590 τὰ
3160 1537 3293 1590 ἄλλα
3347 1534 3476 1599 ξύλα

1898 1628 2076 1680 ἐκεῖνο
2103 1631 2264 1699 μόνον
2294 1625 2362 1700 ἦν
2390 1629 2660 1698 εὐπρεπὲς
2684 1669 2697 1692 ,
2728 1625 2935 1694 ταύτην
2967 1625 3065 1691 τὴν
3089 1619 3286 1692 ἀρετὴν
3312 1620 3478 1688 ἐμαρ-

1895 1709 2098 1780 τύρησε
2132 1713 2328 1773 πᾶσιν,
2363 1712 2443 1765 ὅτι
2477 1711 2654 1782 ὡραία
2685 1712 2750 1780 τῇ
2793 1707 2913 1776 ὄψει
2956 1707 3051 1759 καὶ
3082 1703 3221 1772 καλὴ
3249 1700 3474 1770 σφόδρα.

1899 1792 1985 1846 ἵνα
2018 1793 2196 1866 μάθῃς
2227 1797 2306 1848 ὅτι
2338 1797 2397 1848 οὑ
2430 1795 2496 1848 δι’
2538 1794 2746 1847 ἔνδειαν
2783 1791 2998 1864 παρέϐη
3021 1832 3035 1853 ,
3073 1787 3186 1841 ἀλλ’
3212 1784 3476 1866 ἀφθονίαν

1897 1874 2035 1943 ἔχων
2059 1865 2353 1948 ἐξετράπη.
2393 1877 2496 1930 Καὶ
2537 1877 2604 1930 τὸ
2647 1877 2838 1940 ξύλον
2859 1915 2871 1935 .
2907 1873 3059 1944 φησὶ.
3089 1869 3199 1937 τῆς
3230 1865 3378 1934 ζωῆς
3407 1866 3478 1918 έν

1889 1959 2058 2025 μέσῳ
2092 1960 2199 2014 τοῦ
2235 1961 2604 2029 παραδείσου
2631 2002 2644 2021 ,
2690 1960 2787 2013 καί
2826 1958 2892 2011 τὸ
2933 1957 3123 2020 ξύλον
3165 1953 3273 2006 τοῦ
3306 1949 3477 2020 γινώ-

1895 2057 2070 2094 σκειν
2101 2043 2294 2097 καλὸν
2322 2044 2418 2096 καί
2464 2044 2752 2110 πονηρόν.
2786 2042 2946 2111 Τρεῖς
2986 2037 3235 2107 διαφοραὶ
3268 2034 3438 2097 ξύλων

1893 2124 1964 2176 τά
1993 2125 2090 2195 μέν
2124 2127 2279 2197 ἐδόθη
2312 2127 2488 2196 αὑτῷ,
2541 2127 2624 2179 ἵνα
2677 2127 2740 2194 ζῇ
2770 2141 2783 2154 °
2834 2125 2901 2175 τὰ
2936 2123 3019 2184 δὲ,
3052 2122 3138 2172 ἴνα
3167 2115 3225 2170 εὖ
3265 2116 3361 2185 ζῇ·
3406 2113 3476 2166 τὰ

1896 2205 1973 2268 δὲ,
2004 2207 2088 2260 ἵνα
2123 2210 2208 2262 ἀεὶ
2239 2209 2326 2279 ζῇ.
2365 2206 2523 2278 Εἷχεν
2559 2203 2651 2261 οὖν
2678 2207 2738 2260 τὸ
2766 2207 2884 2276 ζῇν,
2922 2203 2980 2268 ἐξ
3027 2197 3101 2255 ὧν
3135 2199 3433 2279 ἐπέτρεψεν
3457 2212 3472 2226 ·

1896 2285 2006 2359 εἷχε
2035 2291 2094 2343 τὸ
2123 2288 2180 2345 εὖ
2226 2278 2346 2362 ζῇν,
2377 2292 2434 2357 ἐξ
2464 2284 2538 2342 ὧν
2571 2288 2863 2343 ἐκώλυσεν.
2895 2283 3004 2338 Ἦν
3042 2283 3149 2354 γάρ
3192 2278 3250 2335 εὖ
3289 2281 3472 2362 ζῆσαι.

1897 2374 2202 2445 ἀπτόμενον
2239 2361 2338 2446 μὲν
2388 2368 2463 2427 ὧν
2509 2374 2608 2426 οὑκ
2651 2370 2923 2433 ἐκώλυσε,
2965 2367 3038 2440 μὴ
3080 2365 3385 2436 ἀπτόμενον
3418 2361 3475 2415 δὲ

1896 2451 1969 2510 ῶν
1999 2457 2260 2514 ἐκώλυσε.
2288 2458 2458 2511 Τοῦτο
2477 2453 2545 2528 ῆν
2580 2453 2639 2509 εὖ
2677 2456 2858 2526 ζῆσαι,
2900 2454 2980 2523 τῷ
3012 2453 3132 2522 Θεῷ
3162 2449 3471 2516 πεισθῆναι.

1900 2538 2118 2594 Ἐκειτο
2173 2541 2233 2594 τὸ
2280 2540 2436 2606 ξύλον
2471 2541 2571 2610 τῆς
2605 2539 2747 2607 ζωῆς
2792 2540 2850 2590 ἐν
2902 2537 3068 2607 μέσῳ,
3119 2534 3308 2601 ὥσπερ
3347 2530 3476 2600 βρα-

1898 2622 2078 2676 ϐεῖονο
2130 2623 2191 2676 16
2249 2624 2402 2688 ξύλον
2443 2626 2541 2694 τῆς
2594 2621 2878 2690 γνώσεως,
2913 2620 2988 2682 ὡς
3041 2618 3351 2684 πάλαισμα,
3397 2612 3473 2672 ὡς

1896 2706 2212 2775 γυμνάσιον.
2245 2707 2488 2772 Φυλάξας
2516 2706 2614 2776 τὴν
2646 2703 2861 2774 ἐντολὴν
2891 2704 2982 2754 ἐπὶ
3004 2702 3176 2770 τούτῳ
3206 2699 3284 2767 τῷ
3309 2697 3471 2762 ξύλῳ.

1897 2789 2192 2859 λαμϐάνεις
2220 2790 2281 2843 16
2309 2791 2579 2860 βραϐεῖον.
2614 2789 2723 2842 Καὶ
2749 2789 2845 2856 ὅρα
2877 2785 2935 2838 16
2967 2784 3300 2854 θαυμαστόν.
3336 2778 3473 2831 ’Ὁλα

1896 2872 1962 2923 τὰ
1996 2872 2126 2936 ξύλα
2166 2871 2260 2925 τοῦ
2289 2871 2617 2942 παραδείσου
2657 2870 2842 2939 κύκλῳ
2880 2867 3156 2936 πανταχοῦ
3193 2863 3472 2932 κομῶντα,

1901 2955 2049 3025 [490]
2086 2957 2363 3025 πανταχοῦ
2398 2955 2660 3026 βρύοντα*
2690 2953 2758 3005 τά
2800 2953 2893 3004 δύο
2919 2953 3076 3020 μόνον
3109 2952 3165 3000 ἐν
3195 2947 3343 3026 μέσῳ
3378 2962 3475 3011 γυμ-

1900 3038 2124 3106 μνάσιον
2159 3033 2225 3108 ἦν
2258 3038 2350 3090 καὶ
2392 3037 2624 3090 στάδιον.
2666 3035 2747 3087 Τά
2771 3034 2957 3104 κύκλῳ
2995 3032 3170 3101 τροφὴ
3198 3025 3286 3098 ῆν.
3331 3027 3470 3078 Ἀλλ’

1896 3124 1924 3176 ὁ
1957 3123 2052 3192 τῆς
2083 3124 2445 3193 παραϐάσεως
2480 3123 2571 3176 καὶ
2597 3121 2690 3174 τοῦ
2746 3119 2961 3188 δένδρου
2994 3117 3182 3188 καιρὸς
3215 3114 3240 3154 ά
3302 3112 3472 3180 ἐτέρῳ

1895 3208 2237 3276 ταμιευέσθω
2264 3207 2440 3276 και.ρῷ
2464 3225 2478 3237 ·
2512 3206 2576 3258 τὸ
2608 3204 2663 3257 δὲ
2708 3203 3096 3275 προκείμενον·
3137 3200 3257 3266 ἄγει
3289 3199 3317 3249 ὁ
3341 3196 3472 3257 Θεὸς

1895 3289 1963 3341 τὰ
1995 3291 2104 3352 ζῶα
2134 3291 2226 3343 ὅλα
2275 3291 2411 3360 πρὸς
2447 3289 2537 3342 τὸν
2581 3289 2773 3356 Ἀδάμ.
2818 3285 3193 3338 Ἀκουέτωσαν
3224 3283 3272 3333 οί
3316 3281 3471 3349 αἱρε-

1895 3372 2064 3422 τικοίο
2109 3373 2202 3424 καὶ
2247 3373 2322 3441 μὴ
2352 3371 2667 3441 θαυμάσῃς,
2707 3373 2752 3422 εί
2793 3369 2859 3422 δι’
2887 3367 3122 3433 ἑκάστης
3153 3363 3351 3428 λέξεως
3379 3360 3474 3415 καὶ

1893 3452 1958 3504 δι’
1994 3454 2228 3522 ἑκάστης
2263 3456 2496 3522 φωνῆςὸ
2535 3454 2671 3523 πρὸς
2709 3453 2830 3514 τοὺς
2858 3451 3164 3520 αἱρετικοὺς
3201 3445 3475 3499 ἀποτείνε-

1894 3552 1982 3588 ται
2024 3537 2210 3602 λόγος·
2257 3535 2345 3587 ὃιά
2374 3536 2554 3605 πάσης
2595 3535 2702 3604 γὰρ
2743 3535 3065 3603 προφάσεως
3102 3526 3474 3597 κατηγοροῦν-

1900 3636 1982 3671 ἀι
2016 3620 2065 3670 οἱ
2095 3619 2234 3672 κατὰ
2271 3623 2367 3689 τῆς
2405 3619 2678 3687 βασιλείας
2702 3619 2798 3686 τῆς
2831 3616 3226 3682 δεδοξασμένης
3255 3610 3475 3682 ἐπαιρό-

1899 3717 2066 3770 μενοι.
2103 3703 2280 3766 Λίθος
2317 3703 2383 3754 ἐκ
2412 3701 2617 3769 τοίχου
2657 3699 2808 3766 βοᾷ·
2843 3699 2903 3751 οὑ
2951 3699 3123 3765 λέγω,
3165 3695 3321 3764 λόγος
3366 3692 3477 3746 ἀπὸ

1897 3798 2153 3867 Γραφῆς,
2201 3797 2354 3852 Ὶῶτα
2380 3797 2468 3860 ἐν,
2502 3798 2540 3863 ἢ
2565 3797 2674 3864 μία
2713 3795 2918 3862 κεραία
2963 3795 3023 3846 οὑ
3061 3791 3473 3862 παραλιμπάνει

1894 3883 2017 3943 τοὺς
2046 3884 2351 3951 αίρετικοῦς
2375 3881 2724 3951 ἀμέμπτουςο
2752 3878 2839 3931 διὰ
2869 3879 3084 3931 πάντων
3107 3873 3474 3947 κατηγοροῦν-

1896 3983 1984 4017 ται
2044 3967 2091 4018 οί
2121 3965 2211 4018 τὸν
2269 3965 2485 4017 πάντων
2515 3965 2790 4033 Δεσπότην
2847 3961 3185 4033 ἀρνούμενοι.
3235 3961 3473 4030 ῐιρόσεχε

1894 4049 2095 4102 τοίνυν.
2122 4045 2228 4100 Ἦν
2261 4049 2387 4100 ίδεῖν
2418 4046 2566 4111 ξένον
2587 4089 2600 4111 ,
2634 4047 2722 4100 τὸν
2760 4045 2930 4115 Ἀδάμ
2961 4045 3169 4098 ἑστῶτα
3195 4084 3210 4107 ,
3260 4046 3352 4095 καὶ
3385 4044 3474 4094 τὸν

1895 4133 2026 4185 Θεὸν
2081 4133 2155 4195 ὡς
2201 4132 2478 4203 ὑπηρέτην
2531 4131 2870 4201 προσάγοντα
2918 4129 2994 4197 τῷ
3035 4129 3224 4196 Ἀδάμ.
3263 4128 3476 4195 "Hydra

1895 4216 2003 4285 γὰρ
2035 4219 2066 4268 ό
2109 4214 2251 4281 Θεὸς
2301 4215 2373 4267 τὰ
2414 4214 2544 4274 ζῶα.
2580 4210 2704 4266 Ὧδε
2767 4213 2998 4283 πρόσεχε
3025 4251 3038 4274 ,
3093 4212 3166 4282 μὴ
3205 4213 3270 4279 τῇ
3307 4209 3469 4274 λέξει,

1896 4298 2031 4350 ἀλλά
2061 4301 2126 4367 τῇ
2153 4298 2349 4364 ἐννοίᾳ.
2393 4298 2673 4366 Ἐννόησον
2701 4297 2790 4348 τὸν
2821 4295 3027 4348 ἐστῶτα
3059 4295 3189 4346 Θεὸν
3211 4333 3224 4352 ,
3257 4293 3350 4344 καὶ
3383 4293 3476 4343 τὸν

1909 4381 2077 4450 Ἀδὰμ
2099 4381 2478 4450 δοκιμάζοντα.
2520 4383 2844 4450 Παρήγαγεν
2871 4381 2898 4431 6
2919 4380 3049 4441 Θεὸς
3076 4377 3190 4442 ὅλα,
3221 4377 3368 4444 λέγει
3397 4376 3475 4446 τῷ

1909 4466 2078 4534 Ἀδάμ
2104 4477 2116 4492 ⁹
2157 4466 2291 4534 φέρε
2326 4467 2497 4517 εἰπεῖν
2520 4481 2533 4496 ·
2570 4466 2633 4516 Τί
2670 4481 2750 4516 σοι
2781 4464 2926 4515 δοκεῖ
2963 4461 3224 4532 κληθῆναι
3255 4461 3470 4540 τοῦτον;

1898 4547 2182 4600 Καλείσθω
2225 4549 2380 4600 λέων.
2422 4549 2481 4600 'U
2515 4546 2678 4613 Θεὸς,
2717 4548 2880 4615 φησὶν
2905 4588 2918 4610 ,
2973 4546 3269 4597 ἐτύπωσεν.
3318 4539 3471 4605 Εἶτα.

1896 4625 2047 4690 οὗτος
2075 4632 2159 4696 τί;
2192 4632 2234 4682 Τ
2238 4631 2402 4700 αῦρος
2429 4629 2719 4682 καλείσθω.
2750 4628 2942 4689 Καλῶς
2983 4626 3196 4689 ἔταξας.
3242 4626 3472 4695 Ὀμοίως

1896 4713 2002 4763 τῶν
2037 4712 2384 4780 καλουμένων
2439 4711 2664 4762 ἕκαστον
2696 4711 2724 4761 ὁ
2770 4710 2900 4772 Θεὸς
2933 4709 3282 4779 ἐσφράγισεν.
3314 4709 3472 4776 Λέγει

1897 4796 2002 4862 γὰρ
2056 4794 2087 4864 ἠ
2140 4793 2328 4862 Γραφή
2360 4808 2371 4820 ’
2425 4794 2676 4859 Ἦγαγιει·
2714 4792 2867 4844 αὐτὰ
2929 4791 3076 4858 πρὸς
3132 4790 3237 4842 τὸν
3278 4791 3466 4857 Ἀδὰμ,

1899 4877 2044 4929 ιδεῖν
2070 4877 2125 4929 τί
2151 4875 2392 4928 καλέσει
2415 4875 2585 4929 αὐτὰ.
2608 4875 2714 4927 Kal
2743 4873 2866 4928 πᾶν
2892 4871 2922 4926 δ
2949 4874 3241 4926 ἐκάλεσεν
3275 4871 3469 4938 Ἀδάμ,

1897 4960 2069 5013 τοῦτο
2148 4960 2330 5027 ὄνομα
2407 4956 2584 5022 αὐτῷ.
2665 4956 2858 5009 Βλέπε.
2924 4955 3142 5025 Ἰεὶπειδη
3217 4956 3469 5024 ἐποίησεν

1895 5043 2054 5095 αὑτὸν
2095 5043 2211 5093 κατ’
2246 5041 2428 5093 εἰκόνα
2453 5082 2465 5102 ,
2515 5040 2774 5109 ἠθέλησεν
2830 5041 2909 5100 είς
2949 5039 3069 5107 ὄψιν
3107 5039 3468 5107 προσενέγκαι

1897 5126 1988 5177 καὶ
2009 5127 2101 5194 τὴν
2123 5124 2305 5193 τιμὴν,
2335 5125 2426 5176 καὶ
2454 5124 2617 5187 δεῖξαι
2640 5122 2853 5190 ἀληθῶς
2884 5124 2966 5174 ὅτι
2991 5122 3143 5192 φέρει
3166 5122 3262 5189 τὴν
3285 5121 3468 5172 εἰκόνα

1895 5211 1993 5278 τῆς
2027 5208 2234 5275 σοφίας.
2267 5208 2377 5260 Καὶ
2411 5207 2572 5276 βλέπε
2607 5206 2666 5258 τὸ
2697 5207 3024 5275 θαυμαστόν.
3075 5207 3130 5257 '0
3166 5205 3294 5266 Θεὸς
3330 5221 3466 5273 προ-

1897 5293 2173 5344 ετύπωσεν
2203 5290 2380 5359 ἐαυτῷ
2409 5289 2475 5342 τά
2517 5288 2783 5358 ὀνόματα·
2830 5290 3079 5341 ἐϐούλετο
3111 5289 3166 5341 δὲ
3191 5287 3465 5356 δειχθῆναι

1894 5374 1980 5426 διὰ
2007 5377 2105 5444 τῆς
2134 5375 2337 5435 εἰκόνος
2355 5412 2369 5436 ,
2393 5373 2472 5424 ὅτι
2505 5375 2782 5441 συμφωνεῖ
2805 5373 2897 5424 τοῦ
2931 5371 3100 5440 Ἀδὰμ
3127 5371 3196 5423 τά
3223 5371 3469 5438 δόγματα

1892 5459 2004 5518 τοῖς
2051 5455 2144 5508 τοῦ
2195 5451 2331 5507 Θεοῦ
2396 5455 2749 5524 βουλήμασιν.
2811 5454 3024 5524 Ἀμέλει
3079 5452 3370 5522 βουλομένη
3428 5453 3462 5520 ὴ

1895 5539 2083 5609 Γραφὴ
2118 5538 2306 5604 δεῖξαι,
2340 5539 2419 5590 ὃτι
2451 5536 2642 5600 ταῦτα,
2673 5536 2708 5589 δ.
2736 5536 2916 5607 ἔθηκε,
2950 5537 2978 5588 ὁ
3017 5535 3144 5596 Θεὸς
3169 5533 3462 5604 προώρισε,

1955 5736 1982 5776 d
2007 5737 2152 5785 Pulat
2176 5734 2431 5785 Combeﬂs.
2469 5733 2735 5794 legendum
2770 5732 2922 5792 λόγος,
2957 5737 3092 5780 recte
3112 5730 3310 5792 quidem
3338 5730 3466 5780 ισεὰ

1896 5798 2056 5853 καιρὸς
2073 5797 2197 5846 forte
2228 5796 2342 5846 ferri
2367 5802 2529 5857 potest
2554 5797 2603 5844 in
2628 5803 2721 5844 tam
2745 5797 3019 5843 inaccurato
3041 5795 3298 5856 scriptore.
