3982 6218
513 495 653 570 φησί
675 513 687 526 ·
723 494 831 549 Καὶ
862 493 985 548 πᾶν
1010 491 1041 545 ὃ
1068 490 1364 545 ἐκάλεσεν
1403 489 1555 544 αὐτὰ
1587 491 1621 542 ό
1671 488 1844 558 Ἀδὰμ
1874 529 1892 556 ,
1921 490 2099 544 τοῦτο

515 580 703 648 ὄνομα
747 577 938 641 αὐτῷ·
978 576 1098 629 ἀντὶ
1150 575 1278 641 τοῦ,
1329 572 1641 645 Προὼριστο
1683 573 1874 637 τοῦτο,
1909 575 1940 627 6
1970 572 2100 636 Θεὸς

513 660 786 714 ἐδόξασεν.

597 660 848 806 ξξιλλῗνέἰς
875 740 935 796 τὸ
954 741 1312 813 προκείμενον
1342 738 1747 809 ἐπανέλθωμεν.
1784 740 1979 811 Στήκει
2011 749 2036 778 ι
2071 739 2099 791 6

524 825 716 895 Ἀδὰμ.
751 827 843 879 καὶ
865 827 892 878 6
923 825 1054 887 Θεὸς
1087 826 1401 894 προήγαγεν
1435 823 1584 892 αὑτῴ
1617 823 1684 875 τὰ
1715 823 1852 887 ζῶα,
1879 823 1973 875 καὶ
2000 822 2098 891 οὐχ

511 908 790 980 ὑϐρίζεται
821 908 1114 978 προσάγων
1149 907 1226 977 τῷ
1271 908 1442 976 δούλῳ
1474 907 1504 958 6
1536 905 1831 974 Δεσπότης.
1861 905 1972 958 Καὶ
1999 903 2096 958 ἐὰν

510 991 817 1044 ἀκούσωσιν
848 991 1134 1061 αἱρετικοῖ.
1162 992 1242 1043 ὅτι
1276 989 1510 1063 Χριστὸς
1540 990 1688 1060 ήμάς
1721 988 1991 1060 προσάγει
2017 987 2096 1059 τῷ

509 1075 686 1146 Πατρὶ
711 1116 727 1141 ,
763 1074 962 1138 εὑθέως
1020 1073 1265 1143 λέγουσιν
1290 1091 1304 1106 ο
1344 1074 1509 1144 Ὀρᾷς
1561 1073 1643 1125 ὃτι
1672 1071 1856 1135 δοῦλός
1905 1074 2091 1136 ἐστιν;

513 1160 763 1227 Ἥῃαγεν
804 1160 958 1213 αὐτὰ
1001 1157 1150 1226 πρὸς
1192 1159 1301 1211 τὸν
1345 1157 1534 1226 Ἀδάμ.
1569 1158 1824 1227 Εἱστήκει
1852 1158 1881 1208 ὁ
1908 1156 2093 1220 δοῦλος

508 1241 732 1310 κρίνων,
766 1232 860 1294 καὶ
903 1243 931 1294 ὁ
963 1243 1238 1310 Δεσπότης
1269 1242 1580 1312 προσάγων.
1612 1241 1721 1292 Καὶ
1757 1241 1786 1292 6
1816 1239 1948 1302 Θεὸς
1993 1238 2092 1309 μὲν

507 1321 585 1392 τῷ
633 1323 804 1393 Ἀδάμ
836 1324 1126 1396 προσάγων
1161 1325 1258 1396 οὑχ
1291 1323 1544 1392 ὑϐρίζετο
1570 1339 1582 1352 ·
1633 1322 1867 1394 Χριστὸν
1896 1323 1952 1376 δέ
1996 1322 2090 1376 ἐὰν

506 1405 780 1461 ἀκούσωσι
810 1394 1154 1478 προσάγοντα
1183 1394 1260 1478 τῷ
1292 1410 1487 1480 Πατρῖ,
1521 1413 1600 1471 εἰς
1635 1408 1907 1479 ὑπηρέτου
1938 1406 2091 1472 τάξιν

505 1492 772 1547 ἕλκουσιν,
818 1492 941 1543 Ἐάν
965 1491 1093 1562 εἴπῃ
1124 1493 1152 1544 6
1187 1493 1376 1562 Σωτήρ
1401 1510 1414 1524 ο
1451 1492 1658 1557 Οὐδεὶς
1683 1493 1914 1559 ἔρχεται
1940 1490 2090 1558 πρὸς

503 1577 609 1626 τὸν
635 1573 867 1640 Πατέρα
894 1615 908 1637 ,
941 1577 993 1627 ει
1049 1574 1129 1644 μὴ
1163 1574 1238 1627 δι’
1270 1575 1416 1643 ἐμοῦ
1442 1593 1456 1607 ο
1490 1574 1690 1637 εὑθέως
1733 1576 1782 1626 οί
1822 1574 2088 1643 αίρετικοὶ

501 1659 636 1727 ὀρθὰ
666 1658 732 1711 τά
760 1652 873 1710 ὦτα
911 1658 962 1722 ι),
999 1659 1198 1727 μᾶλλον
1234 1660 1289 1712 δὲ
1319 1659 1666 1730 στρεϐλά.Τῴ
1709 1659 1880 1725 Ἀδὰμ
1916 1675 2086 1729 προσ-

501 1743 652 1810 άγων
680 1745 710 1795 6
733 1742 864 1806 Θεὸς
894 1742 960 1795 τὰ
982 1742 1117 1806 ζῶα,
1143 1744 1242 1796 οὑκ
1273 1743 1419 1796 ἔστιν
1449 1742 1612 1795 αὑτοῦ
1645 1743 1926 1814 ὑπηρέτης
1948 1758 1961 1771 '
1995 1742 2088 1795 ἄν·

500 1826 717 1896 θρωπον
750 1826 880 1889 Θεὸς
909 1825 1029 1896 Θεῴ
1067 1826 1163 1879 ἐὰν
1215 1828 1540 1898 προσαγάγῃ
1562 1867 1576 1888 ,
1613 1827 1886 1898 ὑπηρέτου
1934 1825 2087 1890 τάξιν

499 1910 647 1980 ἔχει;
683 1911 799 1962 ’Ὶνα
840 1908 895 1961 δὲ
925 1909 998 1978 μὴ
1029 1908 1202 1982 θρέψῃ
1246 1927 1340 1962 σου
1371 1912 1470 1982 τὴν
1501 1911 1654 1963 νόσον
1687 1912 1720 1981 ή
1753 1912 1943 1978 ἄγνοια
1977 1910 2085 1963 τῶν

497 1991 700 2060 λόγων·
762 1991 872 2060 ἐγὼ
919 1987 1038 2044 οἶδα
1081 1994 1176 2044 καὶ
1220 1993 1344 2046 Υἱὸν
1381 1994 1728 2063 προσάγοντα
1759 1993 1835 2062 τῷ
1886 1993 2081 2064 Πατρὶ,

496 2075 592 2127 καὶ
616 2075 705 2127 τὸν
729 2075 947 2143 Πατέρα
973 2076 1050 2145 τῷ
1083 2075 1216 2144 mp.
1249 2075 1351 2128 Καὶ
1375 2077 1483 2145 γὰρ
1504 2075 1674 2129 είπὼν
1693 2093 1705 2105 ·
1751 2075 1962 2140 οὐδεὶς
1991 2076 2084 2142 ἕρ-

494 2176 663 2227 χεται
696 2160 849 2226 πρὸς
874 2158 982 2212 τὸν
1013 2159 1245 2227 Πατέρα
1267 2199 1279 2221 ,
1312 2163 1364 2212 εἰ
1385 2160 1470 2229 μὴ
1506 2160 1578 2213 δι’
1612 2161 1759 2229 ἐμοῦ
1791 2176 1806 2190 ⁶
1850 2163 1878 2214 6
1919 2160 2082 2224 αὑτὸς

494 2244 686 2296 πάλιν·
722 2243 932 2309 Οὐδείς
986 2244 1219 2311 ἔρχεται
1253 2245 1405 2311 πρός
1430 2260 1540 2312 με,
1581 2247 1634 2297 εὶ
1679 2244 1766 2313 μὴ
1801 2247 1834 2298 ὁ
1880 2244 2082 2312 ﬂat-{La

486 2345 607 2397 μου
641 2329 675 2380 ὁ
715 2325 993 2394 οὐράνιος
1021 2327 1255 2393 ἐλκύσῃ
1289 2327 1497 2381 αὐτόν.
1543 2326 1703 2392 Ἀλλ’,
1740 2330 1877 2397 ὅπερ
1911 2327 2082 2398 ἔφθην

493 2409 682 2474 εἰπὼν,
714 2405 830 2463 οῖδα
855 2408 1202 2480 προειρηκὼς
1221 2450 1236 2473 ,
1269 2409 1402 2462 ἀλλὰ
1445 2412 1702 2479 συγγενὲς
1730 2414 1794 2482 τῇ
1826 2412 2080 2465 ὑποθέσει

491 2494 552 2546 τὸ
591 2493 780 2564 ῥῆμα·
814 2492 1100 2562 συμϐαίνει
1134 2492 1190 2545 δὲ
1219 2493 1338 2546 τότε
1377 2494 1451 2564 μὴ
1497 2494 1823 2566 ἀκηκοέναιο
1864 2497 1957 2548 καὶ
1984 2496 2079 2550 νῦν

491 2577 650 2644 λέγω.
697 2577 979 2646 Ἐννόησον
1024 2575 1164 2628 πόσα
1210 2576 1328 2628 ἐστὶ
1376 2577 1444 2629 τὰ
1501 2575 1654 2648 [491]
1722 2579 2030 2649 τετράποδα
2060 2595 2075 2610 ο

489 2662 602 2713 ἀλλ’
627 2660 878 2730 ἐννόησον
915 2658 984 2712 τά
1010 2660 1193 2728 ἥμερα
1214 2698 1229 2721 ,
1264 2658 1332 2712 τὰ
1373 2659 1539 2730 ἄγρια
1565 2701 1577 2723 ,
1611 2661 1678 2712 τὰ
1705 2662 1762 2713 ἐν
1789 2662 1938 2732 ὄρεσι
1962 2703 1975 2725 ,
2009 2661 2076 2714 τὰ

488 2747 546 2797 ἐν
577 2745 779 2806 πεδίοις
801 2785 814 2804 ,
836 2743 904 2795 τὰ
931 2743 988 2794 ἐν
1020 2741 1273 2805 Γαλλίαις
1298 2782 1312 2807 ,
1345 2743 1413 2796 τὰ
1446 2745 1503 2797 ἐν
1537 2743 1695 2815 Ἰνδία
1715 2784 1730 2805 ,
1755 2746 1822 2798 τὰ
1849 2749 1904 2798 ἐν
1935 2747 2076 2810 ὅλοις

484 2830 597 2890 τοῖς
623 2828 848 2897 κλίμασι
875 2827 973 2896 τῆς
997 2827 1318 2895 οἰκουμένης
1339 2841 1351 2853 ·
1384 2826 1544 2879 πάλιν
1566 2828 1794 2896 ἑρπετὰ,
1824 2829 1889 2881 τὰ.
1917 2831 2071 2900 γένη.

484 2909 554 2962 τὰ
583 2909 696 2979 είδη
724 2949 738 2970 ,
772 2909 839 2962 τὰ
879 2908 1100 2961 πετεινὰ
1135 2907 1231 2960 ὅλα
1257 2949 1271 2973 ,
1307 2909 1376 2961 τά
1406 2910 1582 2979 νηκτά
1606 2926 1619 2939 ·
1653 2909 1749 2962 ὅλα
1785 2910 1853 2962 τὰ
1885 2911 1941 2962 ἐν
1982 2912 2076 2965 θα·

485 2993 689 3063 λάσσῃ,
743 2992 812 3044 τὰ
864 2992 921 3044 ἐν
965 2990 1182 3060 λίμναις
1205 3031 1219 3054 ,
1251 2991 1317 3043 :6
1351 2993 1408 3043 ἐν
1440 2995 1703 3062 ποταμοῖς
1725 3007 1737 3020 °
1771 2993 1869 3045 ὅλοι
1901 2994 2073 3048 ταῦτα

487 3074 859 3144 παρηγάγετο,
896 3073 991 3126 καὶ
1021 3073 1236 3142 ἑκάστῳ
1269 3073 1438 3143 ὄνομα
1469 3074 1636 3127 ἐτίθει
1668 3077 1697 3126 ὀ
1739 3075 1911 3145 Ἀδάμ
1931 3093 1944 3106 ⁶
1979 3078 2073 3130 καὶ

486 3159 516 3209 6
554 3159 684 3220 Θεὸς
713 3160 811 3210 οὑκ
849 3159 1099 3210 ἀντεῖπεν
1124 3196 1137 3220 ,
1180 3157 1292 3210 ἀλλ’
1321 3159 1614 3229 ἐνέμεινεν.
1640 3160 1914 3229 Μυριάδες
1957 3161 2072 3214 ὀνο-

487 3242 692 3311 μάτων,
725 3241 820 3294 καὶ
852 3243 1054 3310 στοιχεῖ
1083 3250 1108 3289 (ἱ
1147 3241 1175 3292 6
1215 3240 1346 3302 Θεός
1371 3258 1383 3270 ·
1417 3240 1474 3292 ἓν
1507 3241 1679 3312 ὄνομα
1713 3241 1905 3311 λέγειὸ
1939 3244 2071 3308 Θεὸς

485 3323 777 3396 μαρτυρῶν
805 3325 868 3375 ἐκ
893 3321 986 3375 τοῦ
1013 3321 1243 3392 οὑρανοῦ
1267 3341 1279 3352 ·
1299 3319 1487 3390 Οὗτός
1513 3325 1686 3378 ἐστιν
1712 3329 1745 3378 ὁ
1776 3327 1907 3390 Υἱός
1927 3345 2066 3396 μου.

481 3412 574 3461 καὶ
617 3408 1071 3478 παραγράφονται
1101 3405 1150 3458 οἱ
1189 3406 1455 3476 αίρετικοὶ
1486 3407 1585 3476 τὴν
1620 3407 1802 3478 φωνὴν
1836 3409 1916 3462 ἐνὶ
1957 3410 2070 3462 ὀνό-

481 3508 612 3561 ματι
648 3488 1065 3562 μαρτυροῦσαν·
1115 3488 1329 3558 ἐκείνην
1362 3489 1460 3558 τὴν
1501 3489 1658 3556 ἁγίαν
1706 3491 1925 3562 φωνὴν,
1970 3493 2067 3564 τὴν

482 3573 651 3644 μυρία
686 3573 924 3641 ὀνόματα
968 3570 1268 3641 δεξαμένην
1299 3572 1392 3624 καὶ
1454 3572 1528 3642 μὴ
1577 3575 2060 3643 παραχαράξασαν.

479 3657 830 3728 Προσηνέχθη
864 3655 932 3708 τα
965 3655 1081 3718 ζῶα
1127 3656 1220 3708 καὶ
1248 3654 1562 3725 ὠνομάσθη.
1595 3656 1795 3709 Λοιπὸν
1823 3658 2065 3730 εἱστήκει

475 3741 552 3805 ὡς
578 3739 852 3811 βασιλεύς.

546 3825 836 3895 η’.”Ωσπερ
863 3823 958 3875 ἐὰν
978 3819 1372 3892 στρατευθῶσι,
1398 3824 1652 3893 σφραγῖδι
1687 3823 1938 3898 βασιλικῇ
1964 3843 2059 3896 ση-

479 3907 786 3978 μειοῦνταν
823 3906 994 3968 οὕτως
1042 3903 1230 3974 ἐπειδὴ
1269 3903 1492 3975 ἔμελλεν
1550 3907 1698 3976 αὑτῴ
1742 3908 1838 3980 τὴν
1871 3911 2063 3963 δεσπο-

473 3994 622 4046 τείαν
653 3990 1023 4063 παραδιδόναι,
1050 3993 1195 4042 ποιεῖ
1219 3990 1457 4060 ὀνόματα
1485 3990 1653 4044 θεῖναι
1676 3993 1751 4056 ὡς
1772 3994 2057 4063 δεσπότην,

471 4078 711 4145 ὀνόματα
739 4075 847 4144 γὰρ
876 4074 936 4126 οὑ
973 4073 1187 4144 τίθησιν
1213 4112 1226 4135 ,
1255 4072 1287 4143 ἢ
1315 4073 1592 4144 Δεσπότης
1639 4077 1797 4144 μόνος
1824 4079 1918 4130 καὶ
1945 4080 2054 4133 Πα-

469 4161 594 4228 τήρ.
644 4159 906 4227 Πρόσεχε.
937 4157 1057 4210 Τῶν
1091 4157 1370 4226 ὀνομάτων
1396 4157 1432 4209 ἃ
1480 4159 1578 4228 μὲν
1609 4159 1804 4228 έθηκεν
1831 4164 1859 4214 6
1890 4163 2020 4227 Θεὸς
2041 4204 2056 4227 ,

468 4243 504 4294 ἃ
530 4244 585 4295 δὲ
614 4244 643 4294 6
682 4242 871 4310 Ἀδάμ.
896 4242 1005 4295 Καὶ
1026 4243 1054 4294 6
1079 4242 1176 4312 μὲν
1198 4241 1330 4304 Θεὸς
1359 4242 1616 4296 ἐκάλεσεν
1649 4245 1896 4313 οὑρανὸν,
1931 4249 2054 4319 γῆν,

469 4325 763 4388 θάλασσαν,
801 4325 1106 4393 στερέωμα,
1146 4325 1386 4393 ἡμέραν,
1419 4325 1534 4392 φῶς
1555 4369 1569 4390 ,
1601 4327 1791 4392 νύκτα,
1824 4332 2053 4402 καρπὸν,

469 4410 721 4479 βοτάνην,
757 4408 968 4478 χόρτον,
1012 4406 1141 4470 ξύλα
1168 4420 1180 4431 ·
1216 4408 1284 4459 τὰ
1313 4409 1484 4477 κτήνη
1514 4408 1567 4460 δὲ
1601 4412 1695 4461 καὶ
1724 4415 1792 4464 τὰ
1834 4416 2055 4469 πετεινὰ

466 4496 494 4546 6
540 4490 706 4561 'A6'6p.
760 4488 911 4543 εἶπεν
941 4507 952 4519 ·
985 4489 1202 4547 ταῶνα.
1233 4489 1389 4542 ἀετὸν
1412 4530 1426 4551 ,
1480 4491 1676 4562 μόσχον
1695 4532 1711 4557 ,
1744 4497 2010 4566 πρόϐατον
2037 4513 2050 4526 ·

465 4571 620 4639 οἶτος
648 4575 716 4628 τὰ
746 4575 858 4643 εἴδη
883 4615 895 4636 ,
924 4576 1131 4636 ἐκεῖνος
1154 4571 1222 4624 τὰ
1261 4573 1392 4644 γένη
1413 4617 1426 4638 ,
1464 4575 1548 4626 ἶνα
1584 4577 1658 4646 μὴ
1686 4577 1950 4651 ψεύσηται
1994 4581 2054 4635 τὸ

466 4663 617 4731 ῥῆμα
664 4658 758 4711 τοῦ
815 4659 1061 4720 εἰπόντος
1098 4674 1112 4685 ⁸
1149 4657 1501 4725 Ποιήσωμεν
1556 4661 1869 4729 ἄνθρωπον
1925 4667 2052 4718 κατ’

462 4743 670 4796 εἰκόνα
703 4740 1016 4810 ἡμετέραν.
1068 4741 1128 4794 '0
1161 4740 1292 4803 Θεὸς
1320 4742 1560 4810 ὀνόματα
1593 4745 1772 4815 τίθησι
1801 4749 1913 4810 τοῖς
1943 4766 2054 4817 φω-

465 4831 562 4896 στῆ
573 4845 661 4896 per:
683 4843 696 4858 ·
739 4827 832 4895 τὴν
863 4826 1093 4896 ἄρκτον,
1119 4824 1213 4877 τὸν
1254 4824 1472 4894 ὼρίωνα
1492 4866 1507 4884 ,
1537 4829 1635 4897 τὴν
1665 4830 1894 4884 πλειάδα
1916 4874 1929 4897 ,
1963 4833 2052 4885 τὸν

461 4910 693 4978 ἕσπερον
717 4952 731 4965 ,
763 4911 852 4962 τὸν
894 4908 1201 4980 φωσφόρον.
1232 4908 1419 4961 Ταῦτα
1455 4911 1629 4962 πάντα
1662 4915 1689 4965 6
1739 4914 1870 4977 Θεὸς
1918 4916 2048 4968 ιτ)νὸ-

464 5010 655 5060 μασεν.
688 4995 976 5062 Μαρτυρεῖ
1013 4993 1177 5046 Δαυῒδ
1209 4994 1382 5061 λέγων
1408 5013 1418 5025 ·
1466 4997 1527 5046 '0
1550 4997 1814 5065 ἀριθμῶν
1843 5001 2048 5070 π.ῖὴοη

458 5076 719 5141 ἄστρων,
761 5075 860 5127 καί
898 5076 1089 5129 πᾶσιν
1115 5077 1320 5143 αὐτοῖς
1348 5079 1612 5144 ὀνόματα
1661 5081 1881 5135 καλῶν.
1917 5083 2049 5148 Θεὸς

459 5160 838 5228 ὀνοματοποιεῖ
883 5159 949 5212 τὰ
984 5159 1096 5212 ἄνω
1122 5199 1134 5219 ,
1183 5161 1357 5230 Ἀδὰμ
1400 5162 1466 5214 τὰ
1515 5164 1608 5214 ἐπί
1638 5165 1740 5234 γῆς
1765 5181 1780 5194 ⁸
1834 5169 1991 5220 καλεῖ
2019 5172 2048 5221 6

458 5243 590 5308 Θεὸς
615 5242 864 5313 οὐρανὸν,
897 5241 1023 5311 γῆν,
1051 5241 1231 5294 πάντα
1255 5243 1323 5296 :6
1356 5245 1487 5297 ἄλλα
1504 5261 1516 5272 ·
1543 5249 1698 5300 καλεῖ
1721 5250 1810 5302 τὸν
1853 5251 2044 5322 Ἀδάμ,

461 5325 602 5396 πῦρ,
640 5324 945 5395 ἄνθρωπον.
1005 5325 1062 5377 Ὀ
1104 5324 1276 5395 Ἀδὰμ
1327 5328 1381 5378 τί
1429 5328 1620 5394 καλεῖς
1671 5334 1879 5404 Ὀνομα
1933 5339 2044 5400 τοῖς

459 5411 705 5479 κτήνεσι,
737 5411 848 5472 τοῖς
882 5409 1179 5472 πετεινοῖς,
1214 5411 1324 5472 τοῖς
1357 5411 1606 5480 ἑρπετοῖς
1628 5455 1642 5477 ,
1668 5417 1780 5479 τοῖς
1811 5417 2040 5488 θηρίοις.

529 5492 700 5545 Καλεῖ
732 5491 900 5563 ὄνομα
943 5491 1091 5556 ξένον
1122 5494 1150 5544 6
1191 5492 1361 5560 ’Λδὰμ
1386 5535 1398 5554 ,
1427 5493 1616 5549 ὀστοῦν
1656 5500 1830 5567 σάρκα
1855 5543 1868 5564 ,
1917 5505 2045 5573 περὶ

521 5627 548 5655 ⁸
572 5627 682 5675 Sav.
723 5627 950 5683 εἱστήκει.

518 5685 547 5724 ι’
571 5687 681 5736 92v.
704 5689 773 5736 ἶσ.
805 5689 956 5750 λείπει
992 5687 1173 5750 έχουσι.

520 5752 543 5779 ο
576 5751 660 5824 δίο
703 5749 961 5801 Combeﬁs.
1003 5749 1153 5799 Savil.
1197 5749 1247 5797 in
1274 5755 1414 5799 lexlu
1457 5754 1693 5815 στοιχεῖα,
1730 5756 1783 5804 in.
1817 5759 2038 5822 margine

451 5821 664 5874 οἵοιχιᾴ.

1900 373 2277 432 εενιεῐιιΑΝι

3679 384 3780 438 482

2208 492 2308 560 τῆς
2353 491 2614 559 γυναικὸς
2660 490 2872 560 λέγων’
2915 493 3095 547 Τοῦτο
3148 491 3265 546 νῦν
3313 488 3539 544 ὀστοῦν
3566 489 3637 547 ἐκ
3671 488 3777 545 τῶν

2209 573 2406 627 ὀστῶν
2439 592 2579 644 μου,
2608 577 2705 629 καὶ
2744 575 2904 644 σάρξ
2933 577 3002 630 ἐκ
3033 576 3145 644 τῆς
3169 575 3396 642 σαρκός
3421 593 3558 643 μου.
3596 573 3656 627 Ὀ
3680 574 3777 645 γὰρ

2207 657 2337 720 Θεὸς
2374 659 2463 711 ὅτε
2518 659 2682 712 αὑτὸν
2717 659 2949 712 ἔπλασεν
2974 702 2989 725 ,
3024 661 3123 712 οὑκ
3154 655 3305 711 εἶπεν
3330 699 3346 722 ,
3395 659 3477 711 ὃτι
3507 659 3564 722 ἐξ
3591 657 3777 710 ὀστέων

2206 741 2368 794 αὑτὸν
2394 741 2593 795 ἔπλασε
2623 743 2716 796 καὶ
2743 743 2965 813 σαρκός.
2998 743 3170 796 Πάλιν
3195 743 3223 794 6
3240 742 3372 804 Θεὸς
3397 742 3563 809 λέγει,
3598 741 3776 812 ἄρρεν’

2203 816 2358 886 οὗτος
2393 823 2559 893 λέγει,
2595 827 2734 897 ἁνήρ
2764 843 2774 855 ·
2807 828 2834 879 6
2870 826 3002 889 Θεὸς
3023 825 3191 892 λέγει.
3227 825 3358 894 θῆλυ
3385 841 3400 854 ο
3426 817 3580 886 οὗτος
3609 823 3775 890 λέγει,

2203 909 2360 978 γυνή.
2393 908 2501 961 Καὶ
2545 907 2606 960 τὸ
2658 908 3007 978 θαυμαστὸν,
3043 908 3230 978 ἐπειδὴ
3274 908 3583 977 Πνεύματος
3633 905 3775 972 ἁγίου

2201 992 2581 1064 ἐπεπλήρωτο,
2611 993 2707 1047 καὶ
2746 993 2958 1047 οὑδέπω
2983 988 3051 1064 ἦν
3088 992 3341 1064 παραϐάς
3372 996 3398 1045 6
3424 992 3604 1055 ἄθλιος
3627 1032 3642 1056 ,
3674 989 3775 1042 ἀλλ’

2202 1074 2367 1146 ἔγεμε
2402 1077 2621 1146 χάριτος
2643 1115 2656 1137 ,
2686 1078 2718 1146 ή
2755 1078 3086 1147 προφητεία,
3112 1077 3178 1146 ἥν
3208 1073 3398 1128 διεῖλον
3436 1075 3537 1146 πρὸ
3565 1073 3776 1144 ἡμερῶν

2200 1159 2294 1210 ἐπὶ
2332 1162 2428 1229 τῆς
2473 1160 2745 1231 ὑμετέρας
2789 1160 3014 1229 ἀγάπης
3037 1199 3051 1222 ,
3093 1159 3189 1230 ὅλη
3241 1155 3308 1230 ἦν
3341 1160 3398 1211 ἐν
3432 1157 3601 1228 αὑτῷ.
3634 1157 3776 1228 ᾝδει

2199 1241 2309 1313 γάρ
2334 1242 2404 1295 τὰ
2430 1243 2771 1314 προλαϐόντα
2796 1285 2810 1305 ,
2843 1244 2961 1315 ᾔδει
2992 1244 3059 1296 τὰ
3107 1243 3401 1304 ἐνεστῶτα,
3438 1242 3530 1296 καὶ
3563 1241 3632 1294 τὰ
3661 1241 3776 1310 μέλσ

2197 1323 2375 1378 λοντα.
2421 1326 2548 1390 Πῶς
2593 1325 2663 1380 τά
2714 1327 2957 1396 παρόντα
3003 1327 3156 1396 ᾔδει,
3198 1327 3286 1378 Ἑν
3326 1325 3536 1396 σώματι
3592 1322 3776 1390 ἐξωθεν

2197 1409 2381 1463 ὀστέον
2416 1411 2476 1463 οὑ
2505 1411 2756 1478 φαίνεται
2781 1429 2792 1440 ·
2831 1410 2943 1464 ἀλλ’
2973 1411 3162 1480 ἐπειδὴ
3191 1410 3250 1463 τὸ
3282 1410 3506 1479 Πνεῦμα
3531 1402 3668 1478 εἶχε.
3700 1407 3778 1460 λέ-

2197 1509 2283 1558 γει
2309 1509 2319 1521 ·
2365 1494 2544 1548 Τοῦτο
2567 1494 2683 1547 νῦν
2709 1495 2937 1548 ὀστοῦν
2969 1496 3038 1549 ἐκ
3077 1494 3195 1548 τῶν
3233 1496 3430 1551 ὀστῶν
3449 1510 3589 1562 μου.
3615 1491 3774 1546 Πόθεν

2197 1576 2334 1646 ᾔδει,
2386 1577 2548 1648 εἰμὴ
2577 1577 2802 1648 Πνεῦμα
2855 1577 3008 1647 ἅγιον
3062 1577 3452 1647 ἀπεκάλυψενς
3491 1575 3645 1628 Διατί
3690 1569 3774 1628 οῦν

2196 1660 2412 1730 πρῶτον
2434 1660 2647 1726 ὀστοῦν,
2666 1663 2761 1715 καὶ
2795 1661 2915 1714 τότε
2949 1663 3112 1732 σάρξ;
3140 1662 3358 1731 Ἐπειδὴ
3379 1660 3594 1731 πρῶτον
3624 1657 3775 1712 πλευ-

2198 1745 2298 1816 ρὰν
2322 1745 2513 1800 ἐλαϐεν
2552 1745 2613 1810 ἐξ
2642 1745 2831 1800 αὑτοῦ.
2873 1746 3070 1812 Αὕτη,
3106 1746 3261 1815 φησὶ,
3292 1744 3658 1811 κληθήσεται
3685 1759 3776 1810 τυ·-

2193 1827 2292 1896 νὴ,
2327 1827 2417 1882 ὅτι
2453 1829 2522 1882 ἐκ
2550 1827 2660 1881 τοῦ
2696 1829 2918 1896 ἀνδρὸς
2947 1828 3140 1896 αὐτῆς
3170 1829 3405 1897 ἐλήφθη
3445 1826 3621 1892 αῦτη.
3655 1826 3775 1895 Προ-

2196 1911 2418 1980 φητεύει
2449 1911 2517 1964 τά
2548 1911 2910 1981 προλαϐόντα,
2946 1909 3067 1964 εἷπε
3096 1911 3164 1964 τὰ
3204 1910 3449 1981 παρόντα
3478 1925 3492 1938 ·
3531 1909 3680 1976 λέγει
3714 1908 3775 1960 τὰ

2197 1993 2459 2064 μέλλοντα
2483 2011 2496 2024 ⁸
2544 1994 2694 2047 Ἀντί
2727 1993 2882 2065 [692]
2921 1996 3138 2048 τούτου
3167 1996 3515 2060 καταλείψει
3555 1993 3773 2058 drom-

2193 2091 2308 2142 πος
2353 2076 2460 2128 τόν
2485 2076 2713 2144 πατέρα
2751 2077 2938 2130 αὐτοῦ
2985 2078 3083 2130 καὶ
3133 2076 3249 2144 τὴν
3277 2076 3523 2146 μητέρα.
3557 2074 3773 2128 Οὐδέπω

2191 2159 2370 2226 γάμος
2394 2198 2407 2220 ,
2441 2160 2535 2211 καὶ
2568 2159 2733 2210 πόθεν
2768 2160 2951 2229 πατὴρ
2991 2160 3085 2212 καὶ
3119 2161 3342 2230 μήτηρ;
3384 2158 3543 2211 πάλιν
3586 2157 3772 2210 ἀκουέ-

2190 2258 2371 2295 τωσαν
2396 2241 2681 2311 αἱρετικοί.
2719 2242 3011 2311 Ἦθέλησεν
3038 2244 3066 2294 6
3091 2241 3222 2304 Θεὸς
3256 2240 3478 2310 ποιῆσαι
3508 2241 3586 2310 τῷ
3613 2239 3772 2308 ’Δδὰμ

2188 2323 2289 2394 τὴν
2313 2325 2569 2390 γυναῖκα.
2616 2323 2946 2377 Ἐπέϐα.ῖεν
2974 2325 3272 2378 ἔκστασιν
3295 2323 3391 2376 ἐπὶ
3419 2323 3528 2376 τὸν
3575 2322 3769 2391 Ἀδὰμ,

2189 2406 2287 2458 καί
2351 2405 2657 2459 ὕπνωσεν.
2720 2407 2835 2459 Πᾶν
2903 2407 3052 2476 ῥῆμα
3109 2406 3245 2460 Θεοῦ
3316 2407 3542 2476 ἀρχαῖον
3602 2405 3771 2458 κανὼν

2188 2490 2410 2556 ἐγένετο
2459 2489 2555 2558 τῆς
2594 2489 2830 2558 φύσεως.
2879 2490 3226 2544 Ἐπαὶδευσεν
3258 2491 3367 2544 ἀπὸ
3403 2489 3496 2542 τοῦ
3536 2488 3768 2560 πρώτου,

2189 2572 2306 2635 πῶς
2338 2573 2418 2626 δεῖ
2444 2573 2877 2645 άπομερίζεσθαι
2933 2574 3042 2627 άπὸ
3086 2574 3180 2628 τοῦ
3228 2573 3515 2647 ἀνθρώπου
3553 2574 3613 2627 τὸ
3642 2574 3772 2627 πλά-

2188 2672 2319 2725 σμα.
2363 2656 2693 2710 Ἐπέϐαλεν
2745 2660 2778 2710 ό
2833 2656 2977 2722 Θεὸς
3029 2654 3108 2721 τῷ
3155 2657 3338 2726 Ἀδὰμ
3377 2658 3594 2710 ῦπνον.
3630 2655 3768 2710 Θαυ-

2186 2739 2396 2808 μαστὸν
2442 2741 2695 2810 πρᾶγμα.
2732 2740 2835 2792 Τὸν
2885 2739 3076 2811 καιρὸν
3110 2740 3285 2808 λέγει,
3337 2740 3458 2794 καθ’
3506 2739 3564 2790 ὃν
3613 2740 3641 2791 6
3674 2741 3768 2806 γά-

2187 2839 2304 2891 μος.
2343 2822 2551 2884 ’Ύπνος
2584 2822 2842 2885 ἔκστασις
2888 2823 3144 2891 λέγεται,
3203 2824 3389 2894 ἐπειδὴ
3423 2823 3612 2894 ῶσπερ
3669 2822 3768 2888 ἔξω

2183 2903 2376 2956 ἑαυτοῦ
2414 2906 2606 2974 στήκει
2656 2906 2684 2956 6
2732 2905 3036 2975 ἄνθρωπος.
3076 2906 3225 2958 Ἐσω
3257 2909 3288 2977 ἡ
3332 2907 3475 2977 ψυχὴ
3500 2947 3515 2971 ,
3552 2907 3643 2959 καὶ
3671 2908 3767 2958 οὑκ

2181 2985 2290 3038 ἔσω
2327 2987 2495 3038 ἐστίν.
2529 2986 2644 3039 Οὑκ
2672 2986 3029 3050 αἰσθάνεται,
3073 2989 3134 3040 οὑ
3189 2992 3332 3050 νοεῖ,
3373 2989 3642 3042 ἀκούουσα
3673 2990 3767 3043 οὐκ

2181 3069 2608 3142 ἀκούει.Ὤσπερ
2629 3076 2868 3144 σήμερον
2892 3073 3140 3143 λέγομεν’
3173 3072 3459 3127 Ἐκστάσει
3482 3075 3762 3144 ἐχρήσατο,

2179 3152 2285 3218 ἔξω
2317 3153 2425 3206 τῶν
2451 3155 2794 3224 πραγμάτων
2822 3157 3112 3226 γενόμενος
3139 3175 3151 3186 ·
3185 3156 3356 3220 οὕτως
3378 3159 3410 3228 ή
3439 3156 3585 3228 ψυχὴ
3605 3199 3620 3221 ,
3644 3160 3765 3210 ὅταν

2179 3237 2284 3300 ἔξω
2313 3238 2538 3308 γένηται
2577 3240 2685 3293 τῶν
2723 3241 3028 3311 αἰσθήσεων
3051 3284 3066 3305 ,
3101 3242 3158 3294 ἐν
3197 3241 3451 3294 ἐκστάσει
3488 3241 3624 3295 ἐστι.
3659 3243 3763 3295 Καὶ

2179 3319 2446 3382 ὕπνωσε,
2474 3323 2627 3392 φησὶ,
2663 3325 2760 3376 καὶ
2793 3325 3011 3378 ἔλαϐεν
3033 3328 3066 3378 ὀ
3085 3325 3228 3389 Θεὸς
3253 3328 3401 3394 μίαν
3429 3323 3547 3378 τῶν
3581 3329 3758 3381 πλευ-

2169 3403 2298 3470 ρῶν
2349 3405 2556 3458 αὲιτοῦ.
2613 3406 3044 3476 Ἐρωτάσθωσαν
3086 3409 3352 3478 αίρετικοὶ
3397 3408 3572 3461 ταῦτα
3597 3425 3610 3439 ·
3650 3410 3761 3472 πῶς

2175 3487 2367 3541 ἐλαϐεν
2395 3492 2422 3541 6
2447 3489 2610 3554 Θεός;
2644 3490 2761 3552 πῶς
2781 3492 2880 3542 οὑκ
2915 3490 3152 3560 ἤλγησεν
3199 3493 3227 3544 ὀ
3281 3491 3487 3561 Ἀδάμς
3523 3492 3639 3555 7:5);
3668 3495 3759 3545 οὑκ

2175 3571 2421 3640 ὼδυνήθη
2447 3587 2460 3634 ;
2490 3571 2604 3622 Μία
2635 3571 2756 3641 θρὶξ
2781 3573 3095 3626 ἀποσπᾶται
3126 3574 3234 3626 άπὸ
3257 3574 3349 3627 τοῦ
3373 3574 3645 3644 σώματος,
3672 3578 3758 3628 καὶ

2173 3652 2514 3722 ὀδυνώμεθα·
2555 3653 2658 3706 κᾶν
2691 3655 2876 3707 ὑπνῶν
2920 3653 3063 3730 τιςῇ
3106 3659 3187 3718 εἰς
3217 3657 3285 3710 τὰ
3325 3657 3486 3726 βάθη,
3529 3659 3635 3711 ὑπὸ
3667 3659 3756 3729 τῆς

2173 3737 2364 3808 ὀδύνης
2396 3737 2745 3801 ἐξυπνίζεται
2777 3739 2806 3791 6
2837 3739 3117 3793 καθεύδων
3139 3756 3154 3770 ·
3186 3741 3439 3794 τοσοῦτον
3474 3742 3634 3812 μέλος
3669 3744 3756 3794 ἐπ-

2172 3821 2388 3891 αίρεται
2412 3861 2426 3882 ,
2464 3822 2700 3892 τοσαύτη
2741 3822 2952 3893 πλευρά
2996 3825 3363 3895 σπαράττεται
3384 3867 3398 3888 ,
3429 3826 3523 3879 καὶ
3555 3827 3656 3878 οὑκ
3681 3827 3756 3891 ἐξα

2173 3903 2452 3967 υπνίζεται
2475 3907 2502 3958 ὁ
2527 3906 2834 3970 καθεύδων;
2864 3907 2978 3960 Οὐκ
3008 3909 3327 3960 ἀπέσπασεν
3349 3909 3518 3980 αὑτὴν
3539 3909 3653 3978 βία.
3678 3912 3755 3962 ἵνα

2171 3987 2486 4057 ἐξυπνισθῇ,
2510 3989 2609 4042 οὑκ
2635 3989 3055 4060 ἀπεσπάραξεν⁶
3085 3991 3220 4044 ἀλλὰ
3253 3992 3478 4045 θέλουσα
3508 3995 3540 4060 ή
3571 3994 3753 4062 Γραφή

2169 4071 2229 4123 τὸ
2270 4071 2533 4141 σύντομον
2578 4073 2748 4138 δεῖξαι
2808 4073 2900 4126 τοῦ
2945 4077 3226 4144 τεχνίτου,
3267 4075 3434 4142 λέγει,
3479 4077 3748 4132 Ἔλαϐεν.

2186 4154 2489 4225 Ἐλύθησαν
2519 4157 2569 4208 οί
2600 4157 2788 4226 ἁρμοῖ,
2824 4159 2916 4210 καὶ
2949 4158 3049 4210 οὑκ
3073 4158 3302 4228 ᾔσθετος

2239 4237 2514 4292 θ’.”Ελαϐε
2529 4241 2630 4309 τὴν
2650 4239 2912 4311 πλευρὰν,
2939 4240 3129 4311 ὥσπερ
3148 4241 3303 4294 ἔλαϐε
3321 4241 3411 4294 τὸν
3428 4241 3576 4312 χοῦν.
3603 4243 3665 4295 Εἰ
3690 4237 3750 4310 ἦν

2165 4320 2381 4385 ἄλλοςό
2411 4324 2681 4392 ἁρμόσας,
2711 4325 2804 4377 καὶ
2837 4324 2995 4387 ἄλλος
3024 4327 3051 4377 6
3071 4325 3261 4387 λύσας,
3295 4324 3443 4394 μάχη
3482 4320 3581 4394 ἦν·
3621 4327 3668 4377 εί
3697 4325 3748 4378 δὲ

2163 4405 2191 4456 6
2215 4405 2381 4473 δήσας
2404 4405 2612 4470 ἔλυσεν,
2637 4405 2807 4476 ήδέως
2830 4424 2946 4468 πως
2973 4406 3182 4460 ἔλυσεν.
3202 4408 3416 4459 Ἕλαϐε
3435 4406 3550 4472 τὴν
3570 4411 3749 4460 κλει·-

2155 4487 2295 4554 ρὰν,
2337 4488 2435 4539 καὶ
2483 4489 2881 4554 ἀνεπλήρωσε
2927 4488 3127 4557 σάρκα
3156 4490 3284 4543 ἀντ’
3326 4487 3534 4556 αὐτῆς.
3587 4491 3748 4543 Πόθεν

2161 4568 2582 4638 ἀνεπλήρωσεν;
2622 4573 2685 4623 ἐκ
2705 4569 2797 4622 τοῦ
2820 4571 2979 4623 ἄλλου
3009 4572 3261 4642 σώματος
3283 4572 3566 4636 εἵλκυσεν;
3597 4573 3747 4626 Ἀλλά

2162 4654 2269 4705 πᾶν
2305 4653 2464 4720 σῶμα
2489 4654 2802 4723 ἑλκόμενον,
2836 4654 3161 4725 λεπτότερον
3195 4657 3420 4723 γίνεται.
3465 4657 3590 4718 Πῶς
3627 4658 3748 4708 ἀνε-

2163 4735 2484 4807 πλήρωσενς
2539 4737 2651 4790 Καὶ
2717 4740 2844 4809 περὶ
2909 4738 3159 4807 σώματος
3208 4739 3508 4808 λαλοῦμεν,
3548 4741 3642 4792 καὶ
3689 4741 3745 4791 οὑ

2161 4819 2388 4888 νοοῦμεν
2411 4837 2424 4849 ·
2466 4822 2596 4890 περὶ
2634 4819 2769 4873 Θεοῦ
2806 4821 3097 4890 λαλοῦμεν,
3130 4821 3222 4873 καὶ
3259 4820 3742 4890 πολυπραγμονοῦο

2163 4917 2295 4969 μεν;
2323 4903 2441 4954 ’Καὶ
2476 4903 2866 4971 ᾠκοδόμησεν
2892 4908 2924 4957 ό
2955 4906 3167 4972 Κύριος
3196 4905 3311 4970 τὴν
3344 4906 3640 4972 πλευρὰν,
3673 4905 3743 4971 ἢν

2159 4985 2377 5036 ἔλαϐεν
2415 4985 2534 5038 ἀπὸ
2575 4986 2682 5040 τοῦ
2713 4987 2906 5055 Ἀδὰμ,
2931 4990 3017 5053 εἰς
3045 4992 3315 5056 γυναῖκα.
3352 4988 3522 5042 Πόθεν
3550 4990 3742 5059 ὀφθαλ-

2161 5071 2251 5136 μοὶ
2283 5067 2392 5119 ἀπὸ
2437 5067 2679 5138 πλευρᾶς
2714 5071 3030 5137 ἐπάγησαν;
3079 5070 3244 5123 πόθεν
3295 5071 3493 5142 καρδία
3539 5074 3741 5138 λογιζο-

2160 5149 2332 5218 μένης
2365 5150 2527 5203 πόθεν
2559 5151 2774 5218 γλῶττα
2811 5153 3190 5223 φθεγγομένῳ
3228 5154 3346 5218 πῶς
3379 5155 3598 5226 διετάθη
3637 5157 3739 5209 ἀπὸ

2159 5233 2398 5303 πλευρᾶς
2427 5233 2673 5302 ἕντερον;
2714 5234 2828 5297 πῶς
2872 5236 3090 5303 ἐγένετο
3128 5238 3235 5290 άπὸ
3275 5239 3516 5309 πλευρᾶς
3549 5239 3735 5309 ἐπαρς

2155 5316 2340 5369 Ταῦτα
2382 5316 2497 5377 πῶς
2520 5317 2738 5384 ἐγένετο
2771 5319 2871 5370 οὑκ
2905 5319 3111 5389 ίσχύεις
3143 5322 3492 5385 καταλαϐεῖν,
3530 5324 3625 5375 καὶ
3651 5324 3737 5375 τὸν

2152 5400 2401 5469 τεχνίτην
2433 5398 2940 5470 πολυπραγμονεῖς;
2973 5403 3134 5455 Ἀλλά
3161 5405 3259 5474 τὴν
3291 5405 3474 5458 εἰκόνα
3501 5405 3735 5476 Χριστοῦ

2154 5481 2316 5550 βλέπε
2350 5482 2644 5552 πανταχοῦ.
2677 5485 2753 5535 Οὑ
2794 5485 3059 5556 πρότερον
3093 5486 3280 5540 ἔλαϐεν
3309 5490 3336 5541 6
3357 5489 3487 5549 Θεὸς
3513 5489 3622 5542 ἀπὸ
3647 5488 3735 5542 τοῦ

2165 5564 2334 5634 Ἀδάμ
2363 5565 2458 5633 τὴν
2491 5566 2751 5638 πλευρὰν,
2784 5569 2887 5631 ἓως
2929 5571 3017 5622 ὅτε
3067 5569 3233 5623 ὕπνον
3272 5570 3417 5638 αὑτῷ
3461 5570 3734 5625 ἐνέϐαλεν.

2151 5649 2335 5710 Διατί;
2372 5647 2504 5700 Ἀπὸ
2541 5650 2780 5722 πλευρᾶς
2816 5654 2847 5722 ή
2886 5653 3125 5723 ἁμαρτία
3168 5655 3359 5722 ἔμελλε
3401 5654 3668 5722 γίνεσθαι,
3701 5657 3733 5727 ﬁ

2149 5733 2235 5784 διὰ
2279 5733 2376 5802 τῆς
2429 5736 2688 5800 γυναικὸς
2717 5737 3055 5792 εἰσελθοῦσα.
3089 5735 3288 5792 Ἦλθεν
3331 5739 3358 5791 6
3390 5740 3581 5810 Σωτὴρ
3629 5740 3734 5794 ἀπὸ

2153 5816 2390 5884 πλευρᾶς
2419 5816 2598 5887 φέρων
2627 5817 2770 5890 ὕδωρ
2817 5824 2910 5875 καὶ
2953 5818 3112 5892 αἷμα,
3145 5821 3286 5895 ὕδωρ
3326 5822 3636 5876 ἀποπλύνον
3667 5823 3735 5878 τὰ
