3982 6218
188 407 292 459 481

180 519 491 589 ῃτωῐὶιιῐδεο,
525 519 597 573 ait
624 536 637 573 :
667 517 734 571 Et
763 532 908 572 omne
943 516 1076 586 quod
1119 518 1309 570 vocavit
1335 515 1520 577 Adam,
1562 514 1653 565 hoc
1698 518 1768 562 est

179 624 359 662 nomen
388 611 533 680 ejus;
573 622 633 663 ac
675 609 716 661 Si
757 606 916 669 dicat,
967 606 1289 660 Prmlittitttm
1333 615 1465 667 erat,
1502 605 1601 657 hoc
1632 602 1772 655 Deus

177 701 507 756 decreverat.

247 791 436 849 Contra
478 791 717 847 Arianos.
746 819 814 829 —
838 791 1036 845 Verum
1065 791 1131 844 ad
1169 790 1495 859 propositum
1535 794 1773 842 reverta-

177 901 317 939 mur.
348 886 463 939 Stat
502 884 693 945 Adam,
736 894 790 938 et
818 884 955 937 Deus
997 881 1213 936 adducit
1249 881 1324 935 illi
1353 881 1623 942 animalia,
1670 894 1771 933 nec

175 977 425 1031 dedecori
456 986 537 1029 est
566 976 811 1040 Domino,
840 973 978 1043 quod
1008 972 1238 1027 adducat
1266 972 1331 1026 ad
1363 987 1595 1027 servum.
1630 970 1695 1024 Et
1727 970 1769 1023 si

172 1072 391 1124 audiant
422 1069 680 1131 lueretici,
714 1068 984 1123 Christum
1018 1082 1114 1120 nos
1142 1066 1406 1119 adducere
1432 1064 1496 1117 ad
1528 1064 1765 1124 Patrem,

172 1162 351 1213 Statim
397 1161 623 1214 dicunt:
656 1158 841 1213 Viden‘
886 1158 1033 1210 illum
1080 1172 1199 1211 esse
1245 1155 1500 1210 servum?
1545 1154 1770 1207 Adduxit

172 1252 266 1306 illa
294 1254 361 1306 ad
388 1253 571 1306 Adam.
604 1251 787 1306 Stabat
813 1266 997 1303 servus
1022 1248 1287 1316 judicans,
1315 1257 1369 1302 et
1398 1247 1651 1300 Dominus
1677 1246 1770 1297 ad-

176 1345 398 1400 ducens.
426 1347 501 1400 Ac
525 1346 661 1399 Deus
682 1344 894 1413 quidem
924 1342 1128 1395 Adamo
1152 1341 1423 1396 adducens
1449 1356 1554 1394 non
1579 1340 1765 1408 injuria

169 1438 537 1495 afﬁciebatur:
568 1437 834 1490 Christum
860 1450 987 1489 vero
1014 1436 1055 1487 si
1078 1434 1296 1487 audiant
1322 1433 1555 1486 hzeretici
1578 1431 1643 1485 ad
1670 1431 1767 1485 Pa-

175 1540 314 1585 trem
348 1530 631 1593 adducere,
664 1530 840 1583 statim
870 1528 920 1581 in
963 1526 1190 1580 ministri
1218 1535 1271 1580 et
1312 1524 1492 1579 famuli
1523 1524 1765 1578 ordinem

169 1623 408 1675 trahunt.
439 1621 493 1675 Si
532 1621 675 1674 dicat
707 1619 979 1681 Servator,
1027 1616 1192 1671 Nemo
1237 1618 1369 1670 venit
1420 1616 1488 1668 ad
1538 1614 1763 1681 Patrem,

166 1716 271 1768 nisi
303 1731 389 1782 per
419 1730 495 1767 me
532 1712 707 1782 (Ioan.
754 1712 839 1766 14.
870 1711 927 1780 6)
973 1728 986 1764 :
1019 1709 1197 1764 statim
1244 1709 1479 1763 lueretiei
1520 1710 1764 1773 arrecti~,

167 1806 283 1860 imo
326 1805 588 1875 perversis
633 1811 777 1857 stant
814 1802 1051 1855 auribus.
1084 1799 1366 1853 Adducens
1404 1799 1468 1852 ad
1502 1799 1765 1851 Atlamum

164 1898 419 1951 animalia
468 1896 622 1957 Dens,
663 1909 766 1948 non
799 1904 878 1948 est
917 1892 1031 1960 ejus
1078 1893 1351 1954 minister;
1403 1890 1671 1943 hominem
1721 1889 1763 1941 si

170 1988 312 2042 Dens
343 1990 449 2043 Deo
476 1988 683 2049 OlTerat,
716 1988 941 2042 ministri
976 1986 1134 2039 habet
1163 1984 1446 2039 ordinem?
1486 1983 1561 2037 Ne
1586 1992 1762 2036 autem

166 2081 413 2134 morbum
444 2091 589 2134 tuum
621 2081 729 2132 alat
756 2081 1040 2132 verborum
1072 2078 1400 2146 ignorantia;
1432 2092 1530 2145 ego
1557 2076 1669 2130 scio
1712 2083 1765 2129 et

164 2171 361 2225 Filium
392 2172 585 2227 offerre
620 2171 781 2235 Patri,
812 2179 861 2225 et
898 2171 1108 2224 Patrem
1145 2170 1299 2224 Filio.
1333 2168 1462 2223 Cum
1492 2170 1715 2222 dixisset
1746 2186 1759 2221 :

164 2261 332 2317 Nemo
354 2265 481 2317 venit
502 2264 569 2315 ad
596 2264 819 2324 Patrem,
845 2263 943 2316 nisi
966 2280 1053 2328 per
1074 2279 1151 2314 me
1183 2260 1359 2329 (Joan.
1392 2261 1443 2313 6.
1471 2262 1560 2327 Μ)
1583 2277 1596 2324 ;
1621 2261 1760 2314 idem

164 2370 349 2408 rursus
393 2356 506 2408 ait:
546 2353 709 2407 Nemo
751 2356 880 2408 venit
915 2354 983 2406 ad
1024 2372 1121 2418 me,
1172 2354 1269 2406 nisi
1306 2354 1462 2407 Pater
1491 2371 1627 2406 meus
1664 2368 1765 2406 ca:-

161 2447 302 2499 lestis
328 2448 534 2501 traxerit
555 2464 685 2500 cum.
710 2447 813 2501 Sed
836 2447 974 2515 quod
994 2447 1100 2515 jam
1131 2456 1253 2501 ante
1282 2464 1365 2501 me
1394 2448 1591 2501 dixisse
1619 2447 1759 2512 scio;

158 2555 348 2593 verum
375 2540 473 2593 hoc
501 2540 565 2592 ad
591 2556 701 2593 rem
721 2541 829 2607 jam
853 2541 1075 2609 quadrat
1099 2558 1110 2592 :
1136 2541 1394 2610 contingit
1420 2550 1595 2593 autem
1620 2554 1762 2608 saepe

160 2639 221 2682 ut
245 2646 350 2682 non
378 2629 641 2693 audiatur,
668 2641 718 2684 et
744 2645 881 2683 nunc
911 2632 1069 2684 etiam
1098 2631 1236 2684 dico.
1268 2630 1453 2699 Cogita
1483 2639 1612 2700 quot
1638 2638 1762 2683 sunt

156 2720 572 2788 quadrupedes;
616 2721 707 2775 sed
740 2729 911 2775 tecum
956 2730 1137 2789 reputa
1166 2738 1284 2790 quce
1315 2723 1419 2775 sint
1460 2731 1757 2785 mansueta,

155 2829 281 2875 utne
313 2814 442 2875 fera,
483 2828 599 2881 quae
630 2813 679 2865 in
722 2814 1009 2874 montibus,
1042 2829 1159 2881 qua)
1202 2815 1253 2866 in
1287 2815 1523 2882 planitie,
1556 2830 1673 2883 qua:
1706 2815 1758 2867 in

155 2901 369 2965 Galliis,
402 2918 521 2972 qua:
550 2905 599 2956 in
632 2905 797 2964 lndta,
835 2920 951 2972 qute
982 2904 1031 2957 in
1063 2905 1311 2957 onmibns
1356 2905 1501 2958 orbis
1532 2906 1759 2958 climati-

152 2995 261 3049 ltus
294 3013 305 3046 :
336 3011 545 3050 rursum
579 2997 814 3066 reptilia;
841 3012 1025 3051 eorum
1055 3014 1248 3067 genera
1277 3008 1329 3052 et
1353 3000 1580 3067 species,
1616 2999 1762 3052 vola-

156 3084 274 3139 tilia
302 3088 501 3151 omuia,
532 3088 807 3152 natatilia;
841 3103 1190 3157 qumcumque
1218 3098 1343 3143 sunt
1371 3090 1419 3141 in
1455 3090 1608 3153 mari,
1638 3104 1757 3158 qua:

155 3177 212 3231 in
246 3180 467 3248 stagnis,
497 3196 615 3249 qua:
647 3180 698 3233 in
732 3180 904 3233 ﬂuviis
939 3199 952 3234 :
986 3180 1099 3234 haec
1125 3183 1300 3234 omnia
1334 3182 1755 3245 adducebantur,

152 3276 214 3320 et
259 3269 481 3338 si:.gulis
530 3271 742 3323 nomina
786 3271 1094 3339 itnpOnebat
1139 3273 1325 3336 Adam,
1359 3273 1604 3342 Deusque
1652 3289 1755 3327 non

151 3361 577 3426 cootradicehat,
629 3363 720 3415 sed
768 3364 1158 3432 acquiescebat.
1207 3364 1483 3419 ltinumera
1541 3367 1755 3419 nomina

149 3463 304 3516 sunt,
330 3453 516 3523 hisque
538 3454 822 3523 acquiescit
849 3455 1025 3509 Deus:
1056 3472 1215 3509 unum
1243 3472 1434 3511 nomen
1464 3458 1589 3511 dicit
1618 3459 1756 3513 Deus

149 3560 220 3598 ex
271 3544 403 3599 cado
435 3546 755 3601 testificaris:
798 3544 897 3600 llic
946 3556 1017 3601 cst
1062 3546 1229 3601 Filius
1273 3566 1411 3601 meus
1452 3549 1667 3617 (Matth.
1700 3551 1753 3604 '5.

148 3636 248 3705 17)
287 3655 297 3689 :
328 3647 380 3691 et
412 3636 547 3691 hanc
575 3653 759 3692 vocem
794 3654 955 3707 prave
983 3639 1303 3709 detorquent
1340 3640 1593 3703 haeretici,
1636 3658 1755 3711 quae

150 3729 247 3781 uni
283 3737 484 3783 tantum
534 3732 733 3783 nomini
767 3732 1126 3784 testimonium
1163 3733 1366 3799 praebet
1398 3751 1409 3785 :
1444 3735 1587 3788 illam
1627 3751 1754 3789 san-

148 3830 299 3875 ctam
326 3836 533 3885 vocem,
558 3838 675 3890 qum
699 3823 975 3877 innumera
1000 3827 1237 3893 suscepit
1269 3827 1486 3879 nomina
1522 3829 1755 3881 nullum-

146 3926 260 3979 que
292 3910 509 3966 delevit.
540 3913 782 3967 Adducta
811 3925 933 3967 sunt
963 3916 1235 3979 animalia,
1267 3924 1323 3970 ct
1348 3918 1560 3971 nomina
1602 3934 1757 3973 accc-

150 4014 370 4071 perunt.
398 4004 515 4057 Jam
546 4005 636 4059 ille
665 4008 839 4058 stabat
869 4015 923 4059 ut
956 4024 1068 4060 rex.

226 4094 280 4145 8.
314 4092 767 4159 Quemadmodum
790 4112 909 4150 cum
933 4101 1127 4151 milites
1148 4101 1579 4165 conscribuntur,
1606 4104 1755 4173 regio

146 4184 433 4253 signaculo
463 4194 754 4240 notantur:
789 4188 866 4240 sic
910 4190 1029 4257 quia
1062 4189 1292 4245 debebat
1339 4193 1409 4245 illi
1458 4194 1751 4247 dominium

148 4275 393 4341 tradere,
420 4276 467 4331 id
494 4275 657 4331 efficit
679 4287 733 4331 ιιι
762 4278 973 4331 nomina
1006 4280 1239 4349 imponat
1266 4293 1321 4335 ut
1346 4284 1595 4337 dominus
1620 4303 1633 4337 :
1662 4301 1756 4338 uo-

144 4368 298 4421 mina
341 4368 537 4437 quippe
565 4368 776 4422 nonnisi
807 4370 1061 4423 Dominus
1106 4372 1328 4440 imponit
1364 4384 1416 4427 et
1448 4375 1621 4428 Pater.
1660 4378 1754 4429 At-

144 4460 336 4515 tende.
378 4459 600 4514 Nomina
641 4462 741 4514 alia
777 4462 1031 4531 imposuit
1062 4463 1220 4527 Deus,
1253 4466 1355 4517 alia
1390 4466 1577 4519 Adam.
1612 4468 1752 4521 Deus

144 4552 364 4605 vocavit
406 4553 614 4615 cretum,
651 4562 869 4615 terram,
914 4569 1082 4618 mare,
1136 4555 1552 4621 ﬁrmamentum,
1583 4559 1747 4623 diem,

144 4646 351 4708 lucem,
378 4655 609 4709 noctem,
644 4644 894 4711 fructum,
925 4645 1165 4711 herbam,
1202 4647 1424 4714 faenum,
1456 4649 1593 4720 ligna
1620 4666 1633 4714 ;
1669 4665 1752 4719 pe-

140 4752 277 4791 cora
308 4745 481 4789 autem
507 4745 560 4789 et
587 4736 816 4789 volatilia
844 4736 1012 4789 Adam
1036 4739 1265 4799 vocavit,
1300 4754 1585 4806 pavonem,
1611 4740 1752 4808 aqui-

143 4829 280 4893 lam,
309 4827 552 4892 vitulum,
585 4843 737 4882 ovem
769 4846 780 4880 :
813 4827 896 4881 hic
922 4829 1149 4893 species,
1186 4830 1291 4883 illic
1317 4846 1535 4899 genera,
1563 4847 1627 4885 ne
1652 4831 1750 4885 fal-

139 4936 267 4973 sttui
291 4919 781 4988 deprehenderetur
802 4919 904 4974 hoc
930 4921 1126 4974 dictum
1156 4938 1168 4973 :
1203 4921 1475 4975 Faciamus
1498 4924 1749 4978 hominem

139 5012 216 5062 ml
248 5012 515 5078 imaqinem
546 5022 771 5063 nostram
802 5010 950 5079 (Gen.
990 5014 1037 5065 l.
1071 5013 1186 5081 26).
1224 5014 1362 5067 Dens
1405 5018 1617 5068 nomina
1652 5017 1749 5069 im-

145 5104 304 5169 νυιιίι
332 5101 703 5163 luminaribus,
739 5100 947 5165 Ursam,
983 5102 1273 5167 Orionem,
1310 5104 1610 5170 Pleiadem,
1649 5106 1747 5160 Ve-

141 5211 407 5260 sperum,
448 5193 772 5249 Luciferum.
828 5194 951 5249 Haec
1006 5199 1181 5249 omnia
1238 5198 1377 5251 Deus
1430 5199 1740 5253 nominavit.

140 5289 327 5344 Testis
365 5298 447 5343 est
489 5288 651 5343 David
690 5288 876 5342 dicens
916 5304 929 5343 :
965 5288 1062 5353 Qui
1108 5301 1335 5344 numerat
1376 5294 1744 5346 multitudinem

139 5381 408 5435 stellarum
453 5391 497 5435 et
526 5383 755 5436 omnibus
784 5383 854 5436 eis
898 5384 1100 5435 nomina
1132 5396 1269 5436 vocat
1300 5384 1467 5451 (Psal.
1515 5386 1635 5439 146.
1666 5388 1744 5455 4).

146 5475 296 5527 Deus
322 5476 531 5527 nomina
568 5476 698 5529 indit
725 5476 988 5543 supernis,
1019 5474 1187 5528 Adam
1214 5477 1461 5530 terrenis.
1496 5478 1743 5531 Nominat

149 5565 299 5617 Deus
325 5564 533 5627 emittm,
567 5574 785 5631 terram,
814 5575 1005 5619 cuncta
1036 5566 1157 5627 alia,
1194 5566 1384 5627 Adam,
1418 5568 1611 5637 ignem,
1646 5568 1741 5621 hoc

142 5654 371 5710 minem.
402 5654 637 5709 Adamus
667 5671 793 5710 vero
817 5656 942 5727 quid
975 5658 1251 5711 nominat?
1280 5657 1505 5725 lmponit
1545 5675 1737 5713 nomen

144 5745 425 5816 iumentis,
456 5746 754 5813 reptilibns,
789 5748 992 5801 bestiis.

223 5840 384 5892 .tdam
414 5840 688 5909 prophetia:
709 5842 893 5895 donum
918 5854 1194 5913 acceperat.
1221 5874 1288 5885 -—-
1310 5844 1513 5900 Novum
1544 5863 1734 5902 nomen

1231 400 1318 455 DE
1358 392 1570 453 unum
1610 388 2002 447 CREATIONE
2039 388 2296 451 ORATm
2338 395 2398 448 ν,

3345 423 3459 481 482

1888 507 2121 565 Adamus
2148 524 2324 580 vocat,
2352 529 2433 582 os,
2472 530 2711 583 carnem,
2744 517 2807 572 do
2840 519 3063 575 muliere
3103 520 3321 587 dicens;
3362 532 3465 578 ηυι

1884 615 2017 652 nunc
2042 617 2097 655 os
2123 619 2185 656 ea:
2206 605 2399 660 ossibus
2423 608 2565 670 meis,
2598 617 2645 661 et
2672 624 2790 662 caro
2816 610 2879 663 de
2902 626 3053 664 carne
3080 614 3229 682 mea(
3257 611 3384 667 Gen.
3414 619 3472 670 2.

1883 690 1999 762 2'5).
2028 693 2167 748 Deus
2195 696 2336 750 enim
2364 713 2483 753 cum
2518 702 2689 768 ipsum
2718 700 2984 767 formavit,
3030 719 3134 757 non
3165 703 3320 762 dixit.
3366 704 3478 759 for-

1884 800 2062 840 masse
2102 786 2249 841 illum
2277 804 2342 843 cx
2368 790 2578 846 ossibus
2612 800 2665 846 et
2694 807 2872 847 carne.
2914 794 3117 849 Rursus
3145 795 3272 851 dicit
3314 798 3474 863 Deus,

1883 875 2176 939 Masculus;
2228 879 2316 934 hic
2358 881 2505 947 dicit,
2535 882 2665 939 Vir:
2701 884 2839 938 Detts
2886 885 3031 946 dicit,
3084 887 3346 950 Femina;
3388 888 3475 943 hic

1882 967 2031 1031 dicit,
2067 969 2270 1023 Mulier.
2294 971 2553 1043 Quodque
2577 975 2767 1028 mirum
2791 985 2892 1039 est,
2917 977 3038 1045 quia
3063 977 3259 1047 Spiritu
3289 991 3476 1035 sancto

1884 1060 2071 1129 plenus
2101 1071 2233 1124 erat,
2278 1064 2618 1136 nondumque
2663 1067 2825 1120 miser
2870 1078 3233 1138 transgressus
3264 1070 3471 1136 fuerat;

1883 1150 1975 1205 sed
2007 1152 2174 1220 gratia
2202 1154 2436 1222 repletus
2461 1166 2596 1223 erat,
2622 1159 2922 1227 prophetia,
2957 1176 3115 1230 quam
3142 1162 3321 1230 paucis
3347 1174 3473 1217 ante

1881 1241 2071 1296 diebus
2096 1244 2235 1312 apud
2267 1259 2497 1301 vestram
2539 1250 2812 1305 caritatem
2839 1250 3252 1322 distiuguebam,
3285 1263 3392 1308 tota
3422 1255 3472 1308 iu

1882 1332 1996 1401 ipso
2026 1344 2157 1388 erat.
2203 1336 2415 1392 Sciebat
2446 1340 2586 1393 enim
2622 1343 2911 1406 prteterita,
2945 1344 3148 1397 sciebat
3191 1346 3475 1412 praisentil

1879 1434 1935 1479 ct
1959 1426 2151 1480 futura.
2181 1428 2459 1496 Quomodo
2492 1433 2772 1499 prmsentia
2806 1433 3045 1487 sciebat?
3078 1434 3131 1488 In
3158 1449 3384 1504 corpore
3412 1451 3475 1491 os

1878 1528 2029 1573 extra
2058 1534 2162 1574 non
2192 1531 2440 1589 apparet;
2467 1524 2559 1577 sed
2588 1525 2707 1594 quia
2734 1526 2989 1595 Spiritum
3021 1526 3272 1593 habebat,
3300 1526 3431 1583 dicit
3456 1544 3471 1585 :

1882 1607 1995 1661 lloc
2025 1627 2159 1663 nunc
2205 1627 2262 1665 os
2288 1628 2351 1666 ea:
2377 1615 2571 1668 ossibus
2600 1617 2741 1669 meis.
2774 1616 3057 1682 Quomodo
3100 1619 3320 1684 sciebat,
3372 1619 3475 1674 nisi

1879 1699 2109 1768 Spiritus
2134 1712 2349 1758 sanctus
2376 1704 2473 1773 ipsi
2504 1707 2830 1761 revelasset?
2860 1706 2967 1761 Cur
2986 1724 3116 1779 ergo
3144 1709 3371 1778 primum
3413 1725 3475 1764 os

1876 1803 1929 1847 et
1962 1803 2069 1847 tum
2098 1810 2315 1850 carnem
2345 1798 2623 1852 nominat?
2646 1798 2778 1867 Quia
2812 1802 2985 1869 primo
3008 1813 3208 1856 costam
3239 1802 3357 1872 ejus
3386 1816 3477 1858 ac-

1875 1884 2035 1954 cepit.
2072 1882 2215 1950 IIwc,
2260 1886 2450 1957 inquit,
2482 1890 2739 1943 vocabitur
2766 1892 2966 1957 mulier,
2999 1894 3119 1962 quia
3159 1894 3222 1947 de
3249 1896 3353 1948 viro
3382 1910 3476 1949 suo

1873 1987 2078 2047 sumpta
2108 1989 2181 2033 est
2216 1980 2342 2034 hac.
2378 1980 2708 2037 Vaticinatur
2737 1986 3025 2053 praeterita,
3072 1986 3207 2040 dixit
3236 2002 3475 2055 [inesca-

1876 2072 1982 2135 tia;
2021 2071 2148 2125 dicit
2169 2071 2278 2141 jam
2321 2072 2515 2127 futura.
2560 2074 2897 2140 Quamobrem
2924 2080 3170 2147 relinquet
3199 2080 3347 2132 homo
3374 2097 3475 2148 pa-

1877 2171 2002 2214 trem
2028 2173 2071 2215 et
2095 2173 2307 2216 matrem
2342 2164 2359 2233 (
2386 2163 2513 2218 Gen.
2546 2166 2600 2219 2.
2631 2166 2745 2235 24).
2779 2167 3025 2221 Nondum
3056 2177 3171 2222 erat
3199 2170 3476 2225 matrimo-

1876 2255 2042 2317 nium,
2073 2264 2127 2309 et
2153 2256 2290 2311 unde
2321 2267 2470 2327 pater
2495 2266 2548 2312 et
2570 2260 2778 2313 mater?
2810 2261 3038 2315 Rursum
3063 2263 3280 2317 audiant
3306 2265 3477 2320 luere-

1878 2348 1983 2401 tici.
2016 2347 2193 2400 Voluit
2225 2349 2363 2402 Dens
2394 2351 2599 2403 Atlamo
2628 2366 2852 2404 uxorem
2900 2352 3182 2407 eli‘ormare
3210 2372 3223 2406 :
3255 2354 3477 2408 Immisit

1874 2440 2101 2492 ecstasim
2133 2439 2184 2491 in
2223 2440 2407 2503 Adam,
2456 2450 2501 2493 et
2545 2442 2841 2493 obdormivit
2870 2441 3026 2509 (Ibid.
3059 2442 3112 2495 2.
3151 2443 3267 2512 2|).
3302 2442 3475 2500 Omne

1876 2530 1968 2584 Dei
1997 2531 2215 2584 verbum
2243 2531 2519 2599 autiquutn
2554 2534 2732 2601 regula
2765 2544 2968 2587 natura:
3000 2535 3115 2587 fuit.
3148 2535 3337 2589 Docuit
3360 2538 3471 2605 pri-

1874 2624 1943 2675 mi
1972 2624 2238 2692 exemplo,
2268 2624 2536 2692 quomodo
2561 2635 2804 2693 suscepta
2835 2627 3012 2694 proles
3052 2628 3118 2681 ab
3148 2627 3362 2683 homine
3388 2628 3472 2683 di-

1873 2713 1975 2765 vidi
2004 2714 2215 2765 debeat.
2250 2712 2468 2766 Immisit
2500 2713 2634 2767 Deus
2660 2732 2891 2769 somnum
2913 2716 2965 2770 in
2998 2718 3179 2770 Adam.
3212 2719 3344 2773 Rem
3373 2721 3474 2774 mi-

1873 2820 1985 2859 ram
2014 2806 2025 2857 Ξ
2060 2804 2290 2873 Tempus
2312 2805 2459 2869 dicit,
2484 2821 2589 2875 quo
2615 2808 3010 2863 matrimonium
3036 2811 3213 2864 initur.
3241 2814 3473 2869 Somnus

1871 2897 2092 2950 ecstasis
2120 2907 2359 2961 vocatur,
2387 2897 2508 2967 quia
2538 2898 2699 2953 homo
2720 2901 2869 2969 quasi
2898 2911 3050 2956 extra
3082 2905 3316 2971 seipsum
3345 2913 3471 2961 tunc

1871 2996 1973 3041 est.
2017 2986 2159 3041 lntns
2201 2988 2376 3042 anima
2422 2998 2523 3055 est,
2556 2999 2611 3044 et
2656 3002 2876 3045 nonest
2917 2993 3077 3047 intus.
3126 2994 3243 3049 Non
3287 2997 3472 3062 sentit,

1871 3093 1977 3131 non
2008 3077 2270 3147 intelligit,
2299 3080 2520 3134 audiens
2543 3097 2647 3135 non
2671 3084 2837 3136 audit.
2859 3083 3016 3137 Velut
3042 3084 3200 3140 hodie
3220 3086 3469 3155 dicimus,

1870 3170 2075 3224 Ecstasi
2110 3186 2233 3225 usus
2264 3182 2363 3238 est,
2409 3174 2548 3242 qttotl
2581 3185 2727 3228 extra
2770 3178 2978 3245 negotia
3012 3177 3171 3232 fuerit
3207 3198 3218 3233 :
3248 3179 3325 3233 sic
3350 3180 3470 3234 ani-

1870 3279 1976 3327 ma,
2005 3279 2123 3318 cmn
2154 3274 2300 3318 t'xlt‘u
2336 3280 2523 3319 sensus
2551 3266 2725 3332 fuerit,
2756 3270 2805 3322 in
2836 3272 3026 3323 ecstasi
3059 3282 3159 3325 est.
3198 3272 3261 3325 Et
3289 3273 3469 3327 obdor-

1868 3355 2025 3418 mivit,
2063 3355 2249 3423 inquit,
2285 3368 2329 3408 et
2357 3362 2470 3410 tulit
2501 3357 2638 3411 Deus
2670 3376 2823 3411 unam
2849 3359 2913 3413 de
2942 3361 3093 3414 costis
3120 3362 3250 3431 ejus.
3288 3363 3361 3418 De
3388 3362 3471 3418 his

1868 3445 2264 3515 interrogentur
2310 3446 2543 3502 haeretici
2578 3468 2589 3501 :
2624 3449 2904 3515 Quomodo
2952 3452 3070 3505 tulit
3109 3454 3286 3507 Dens?
3330 3470 3467 3523 quo-

1867 3538 2026 3592 modo
2067 3539 2232 3593 Adam
2273 3539 2511 3595 dolorem
2540 3556 2645 3596 non
2670 3543 2875 3597 sensit?
2905 3546 3172 3612 quomodo
3205 3563 3309 3601 nun
3338 3562 3466 3602 cru-

1865 3631 2036 3685 ciatus
2062 3632 2189 3685 est?
2220 3630 2273 3686 Si
2306 3633 2389 3685 vel
2424 3634 2559 3702 pilus
2583 3650 2611 3686 a
2641 3650 2866 3705 corpore
2896 3637 3143 3703 vellatur,
3178 3637 3423 3694 dolemus
3449 3657 3465 3705 ;

1864 3725 2106 3794 quamvis
2133 3725 2241 3779 alto
2283 3726 2402 3795 quis
2439 3742 2633 3795 sopore
2671 3727 2922 3794 dormiat,
2955 3728 3155 3783 doloris
3187 3731 3238 3785 vi
3275 3747 3468 3801 exper-

1863 3817 2082 3885 giscitur
2109 3816 2197 3885 qui
2227 3817 2454 3882 dormit;
2486 3827 2689 3874 tantum
2736 3820 2939 3875 tollitur
2968 3823 3287 3891 membrum,
3322 3834 3467 3879 tanta

1863 3909 2108 3962 evellitur
2135 3918 2303 3969 costa.
2335 3923 2433 3963 nec
2458 3909 2729 3964 dormiens
2760 3927 2788 3963 a
2811 3927 3001 3965 somno
3028 3914 3328 3968 excitatur?
3349 3914 3465 3970 Non

1864 4000 1911 4051 vi
1954 4000 2166 4063 avulsit,
2209 4010 2266 4055 ut
2310 4002 2725 4070 expergiscerot,
2775 4020 2876 4055 non
2912 4004 3228 4070 discerpsit;
3279 4021 3462 4059 verum

1864 4093 2157 4160 Scriptura,
2208 4102 2263 4146 ιιι
2308 4095 2541 4150 Arlilieis
2584 4095 2913 4150 celeritatem
2961 4098 3237 4161 ostendat,
3286 4095 3462 4162 Tulit,

1864 4184 2052 4252 inquit.
2088 4184 2289 4237 Solutze
2317 4194 2439 4238 sunt
2467 4200 2771 4255 compages,
2805 4195 2857 4240 et
2885 4201 2988 4239 non
3017 4187 3217 4241 sensit?

1934 4275 1986 4327 9.
2017 4272 2160 4325 Tulit
2188 4283 2414 4337 costam,
2442 4283 2500 4328 ut
2530 4276 2723 4329 tulerat
2750 4276 3044 4343 pulverem.
3073 4274 3128 4332 Si
3157 4278 3294 4331 alius
3319 4287 3464 4333 esset

1862 4370 1949 4439 qui
1978 4381 2337 4440 compegerat,
2363 4370 2499 4425 alius
2528 4371 2619 4440 qui
2651 4371 2830 4436 solvit,
2861 4388 3033 4441 pugna
3058 4380 3236 4438 esset;
3262 4375 3341 4426 sin
3366 4389 3460 4427 au-

1864 4469 1968 4513 tem
2001 4461 2089 4529 qui
2123 4461 2379 4530 ligaverat
2406 4460 2597 4525 solvit,
2628 4462 2671 4514 is
2698 4472 2845 4516 certe
2874 4456 3080 4531 placide
3110 4463 3286 4516 solvit.
3322 4462 3461 4516 Tulit

1860 4561 2069 4617 costam,
2103 4564 2149 4606 et
2177 4553 2383 4620 replevit
2409 4568 2501 4620 pro
2527 4569 2585 4605 ea
2614 4568 2833 4605 carnem.
2862 4552 3013 4606 Unde
3041 4552 3303 4620 replevit?
3328 4569 3456 4607 num

1860 4663 1923 4699 ex
1968 4647 2171 4714 reliquo
2200 4646 2358 4699 traxit
2392 4645 2660 4713 corpore?
2687 4646 2845 4712 Atqui
2878 4659 3035 4696 omne
3058 4658 3250 4712 corpus
3269 4687 3283 4709 ,
3313 4647 3456 4714 quod

1860 4739 2090 4791 trahitur
2118 4748 2173 4791 et
2202 4737 2551 4801 distenditur,
2596 4736 2844 4790 subtilius
2881 4736 3129 4790 efficitur.
3173 4736 3457 4803 Quomodo

1859 4832 2118 4902 replevit?
2154 4833 2223 4884 lle
2255 4846 2481 4899 corpore
2520 4830 2807 4899 loquimttr,
2838 4839 2891 4883 et
2930 4845 3033 4882 non
3077 4830 3456 4900 intelligimus;

1859 4926 1924 4980 de
1956 4926 2061 4978 Deo
2100 4924 2385 4992 loquimur,
2415 4934 2467 4975 ct
2495 4923 2756 4976 Curiosius
2785 4922 3162 4989 exploramus?
3193 4920 3258 4973 Et
3283 4924 3455 4990 (ediﬁ-

1857 5016 1985 5068 cavit
2018 5014 2263 5067 Dominus
2292 5025 2515 5077 costam,
2547 5030 2697 5078 quant
2725 5015 2906 5066 tulerat
2937 5014 2998 5065 de
3029 5014 3191 5065 Adam
3212 5055 3224 5078 ,
3257 5016 3307 5067 in
3336 5032 3453 5066 ntu-

1856 5109 2024 5160 lierem
2056 5106 2220 5171 ((-‘en.
2251 5105 2301 5159 2.
2332 5106 2459 5173 22).
2490 5105 2770 5173 Quomodo
2799 5106 2937 5158 oculi
2970 5122 3030 5158 ex
3065 5115 3209 5158 costa
3239 5106 3450 5161 formati

1854 5199 2018 5251 sunt?
2052 5198 2188 5250 unde
2217 5212 2309 5250 cor
2338 5197 2620 5265 cogitans?
2652 5197 2789 5249 unde
2824 5196 2999 5264 lingua
3030 5196 3291 5264 loquens?
3320 5213 3452 5266 quo-

1855 5291 2012 5345 modo
2048 5291 2344 5343 distensnm
2393 5299 2472 5343 est
2511 5305 2573 5341 rx
2616 5298 2759 5341 costa
2791 5288 3142 5340 intestinum?
3179 5288 3450 5355 quomodo

1854 5398 1915 5436 ex
1956 5393 2099 5436 costa
2146 5382 2294 5450 jecur
2339 5380 2532 5433 factum
2570 5380 2685 5433 est?
2716 5379 2838 5431 [hec
2874 5379 3143 5445 quomodo
3176 5379 3310 5432 facta
3340 5379 3450 5432 sint

1853 5491 2042 5545 capere
2072 5492 2175 5527 non
2209 5485 2385 5543 potes,
2417 5480 2470 5525 ct
2498 5472 2767 5527 Artificem
2797 5472 3006 5527 curiose
3038 5474 3310 5527 scrutaris!
3344 5472 3446 5526 Ve-

1851 5582 1967 5619 rum
2016 5566 2131 5619 vide
2174 5565 2455 5633 imaginem
2501 5563 2695 5618 Christi
2734 5562 2948 5633 ubique.
2996 5564 3108 5617 Non
3153 5564 3298 5632 prius
3330 5560 3449 5616 tulit

1850 5660 1989 5714 Deus
2018 5671 2220 5723 costam
2250 5661 2315 5711 tle
2349 5657 2574 5721 Adamo,
2606 5673 2762 5727 quam
2793 5658 2889 5727 ipsi
2918 5672 3162 5711 somnum
3196 5654 3446 5708 immitte-

1849 5763 1948 5806 ret.
1980 5749 2195 5819 Quare?
2229 5750 2303 5804 Ex
2333 5760 2477 5803 costa
2524 5759 2798 5819 peccatum
2832 5750 3092 5803 oriturum
3123 5754 3271 5807 erat;
3302 5742 3442 5815 quod

1855 5860 2045 5916 nempe
2075 5860 2167 5914 per
2207 5844 2485 5899 mulierem
2514 5844 2749 5898 intravit.
2786 5844 2936 5899 Venit
2964 5843 3216 5897 Servatur
3242 5857 3269 5895 e
3296 5851 3443 5895 costa
