3976 6218
503 440 618 494 483

502 541 696 598 aquam
727 525 903 580 ferens
931 531 986 579 et
1009 520 1322 592 sanguinem
1345 536 1360 584 ;
1385 532 1579 589 aquam
1608 530 1728 588 qum
1758 523 1976 586 peccata
2005 511 2104 566 ab-

506 618 700 684 lueret,
728 618 1040 688 sanguinem
1063 614 1154 685 qui
1181 613 1494 685 mysterium
1517 610 1673 665 nobis
1696 607 1951 663 traderet.
1976 603 2110 661 Vide

506 711 752 780 ﬁguram.
781 708 1090 763 Dormiente
1125 707 1351 766 Adamo,
1377 711 1529 758 costa
1559 701 1842 757 tollebatur
1875 718 1887 754 :
1917 712 2109 753 somno

505 802 719 873 corpori
749 801 947 857 Christi
985 799 1401 870 superveniente
1421 839 1435 860 ,
1468 805 1615 850 costa
1648 792 2024 864 aperiebatur,
2052 797 2111 845 ut

506 905 741 952 veterem
769 892 1083 963 tragmdiam
1108 892 1340 947 solveret
1367 904 1462 959 per
1484 903 1673 942 novam
1701 885 1978 940 historiam
2005 901 2017 936 :
2041 881 2110 938 de

508 1001 699 1044 somno
729 987 919 1056 loquor
948 999 1056 1055 quo
1082 985 1135 1039 in
1165 998 1326 1039 cruce
1362 990 1644 1050 correptus
1673 989 1776 1034 est.
1807 975 2110 1045 didi/iacvit

505 1090 700 1134 costam
725 1079 778 1133 in
800 1078 1079 1140 mulierem,
1112 1075 1325 1129 adduxit
1352 1091 1462 1127 eam
1492 1072 1560 1126 ad
1580 1071 1767 1125 Adam.
1797 1071 1840 1126 Ο
1869 1069 2112 1139 benigni-

510 1179 671 1224 tatem
705 1167 949 1222 Domini!
980 1167 1186 1234 Quanta
1219 1165 1365 1227 facit,
1396 1165 1610 1227 format,
1643 1171 1771 1231 quot
1799 1160 2110 1215 muneribus

508 1260 713 1315 afﬁcit?
737 1258 969 1314 Adducit
998 1258 1246 1311 animalia
1268 1300 1283 1318 ,
1316 1270 1569 1325 sponsam
1599 1254 1776 1308 tradit.
1806 1252 1937 1320 Quia
1964 1251 2109 1307 enim

509 1355 678 1409 Adam
712 1354 863 1421 quasi
893 1351 1126 1422 pupillus
1150 1361 1286 1416 erat,
1317 1359 1371 1403 ct
1399 1350 1505 1404 Eva
1533 1348 1700 1418 virgo,
1732 1347 1848 1401 sine
1877 1357 2029 1416 patre
2057 1353 2111 1400 et

509 1456 714 1506 matre,
747 1445 838 1515 qui
873 1442 1108 1498 officium
1141 1448 1496 1512 praestarent:
1531 1440 1669 1494 Deus
1699 1436 1863 1507 patris
1893 1436 2108 1491 matris-

508 1553 613 1607 que
653 1535 984 1591 funetionem
1011 1534 1143 1590 obit.
1185 1536 1264 1588 Ac
1301 1533 1423 1587 vide
1467 1532 1638 1601 legem
1671 1548 1685 1584 :
1713 1529 1889 1584 omnis
1914 1527 2111 1599 quippe

508 1644 610 1683 vox
658 1627 752 1683 Dei
795 1627 1052 1697 primaeva
1096 1635 1300 1681 natura:
1343 1639 1530 1679 norma
1569 1631 1672 1680 est.
1715 1621 1944 1676 Adduxit
1973 1621 2113 1676 Deus

511 1719 776 1772 mulierem
801 1717 871 1771 ad
895 1716 1062 1770 Adam
1088 1732 1107 1770 :
1132 1727 1187 1772 et
1218 1717 1301 1770 lex
1329 1715 1417 1770 illa
1447 1715 1643 1770 mansit
1677 1714 1744 1768 ad
1777 1714 1917 1768 hunc
1945 1728 2113 1783 usque

510 1809 677 1869 diem.
709 1822 768 1866 ut
797 1825 934 1863 uxor
963 1809 1137 1863 virum
1168 1809 1340 1873 adeat,
1375 1821 1481 1863 non
1512 1807 1684 1862 virum
1715 1806 1780 1860 ad
1808 1821 2028 1861 uxorem
2059 1805 2114 1861 in

511 1916 770 1972 sponsum
791 1901 1026 1956 adducit.
1047 1899 1210 1954 Erant
1236 1899 1384 1964 nudi,
1403 1910 1447 1954 et
1468 1917 1568 1954 non
1589 1899 1938 1954 erubescebant
1957 1898 2112 1968 (Gen.

511 1992 570 2046 2.
592 1992 708 2062 25).
735 1992 911 2046 Manet
933 1992 1136 2061 regula,
1161 1993 1246 2046 lex
1265 1992 1481 2046 clamat.
1504 1992 1701 2047 Omnes
1723 1991 1803 2046 vir
1822 1990 2110 2057 erubescit,

514 2093 709 2154 prater
737 2084 1006 2153 propriam
1037 2099 1283 2148 uxorem,
1307 2097 1496 2137 omnes
1521 2097 1654 2138 uxor
1679 2082 1953 2138 erubescit
1978 2098 2116 2152 prte-

514 2184 596 2230 ter
622 2175 899 2245 prOprium
925 2175 1120 2229 virum.
1165 2175 1344 2244 Itaque
1383 2177 1483 2229 hoc
1522 2174 1739 2245 quidem
1773 2174 1880 2229 dixi
1918 2189 2116 2229 secun-

513 2267 642 2320 dum
671 2266 844 2336 legem
868 2284 882 2320 :
906 2281 1066 2321 causa
1091 2277 1288 2332 autem,
1313 2282 1410 2320 cur
1433 2267 1558 2321 nudi
1586 2282 1688 2321 non
1713 2268 2114 2330 erubescerent,

513 2365 630 2412 erat
655 2357 797 2427 quod
830 2357 1234 2412 immortalitate
1260 2369 1443 2412 essent
1479 2357 1680 2423 induti,
1714 2359 1883 2428 gloria
1911 2359 2110 2414 amicti.

512 2449 628 2504 Non
669 2450 878 2505 sinebat
918 2451 1121 2520 gloria,
1158 2463 1212 2506 ut
1250 2452 1390 2506 nuda
1433 2450 1785 2507 viderentur:
1821 2453 1932 2522 ipsa
1972 2455 2114 2509 enim

513 2541 806 2597 nuditatem
829 2543 1133 2613 obtegebat.
1162 2543 1260 2598 Ubi
1289 2543 1493 2612 poteris
1519 2543 1718 2597 nudum
1742 2543 1922 2600 videre
1943 2545 2117 2601 virum

513 2647 620 2689 non
661 2633 1105 2688 erubescentem?
1135 2633 1191 2688 lu
1222 2632 1437 2688 Christo
1483 2634 1657 2704 ipsum
1701 2635 1928 2690 invenis.
1960 2636 2120 2692 Venit

515 2726 710 2782 Petrus
736 2736 787 2782 ct
815 2726 1052 2783 Joannes
1076 2737 1130 2781 et
1165 2725 1396 2781 Jacobus
1423 2727 1474 2781 in
1507 2737 1906 2782 monumentum
1925 2768 1941 2794 ,
1967 2743 2118 2800 qute-

515 2830 694 2874 rentes
719 2834 936 2889 corpus,
964 2827 1018 2874 et
1045 2834 1150 2874 non
1178 2819 1520 2880 invenerunt,
1553 2819 1645 2872 sed
1678 2819 1998 2875 invenerunt
2025 2837 2119 2876 ve-

515 2913 767 2966 stimenta
798 2912 1064 2976 involuta,
1093 2920 1150 2964 ut
1175 2909 1570 2976 ostenderetur,
1604 2919 1724 2980 post
1765 2912 2120 2966 resurrectio-

515 3017 638 3056 nem
662 3001 859 3056 Christi
879 3044 892 3062 ,
923 3003 973 3054 in
1005 3002 1120 3071 ipso
1144 3002 1347 3056 servari
1373 3011 1610 3056 veterem
1637 3001 1828 3055 Adami
1857 3001 2080 3056 formam
2101 3043 2116 3068 ,

513 3110 743 3164 esseque
790 3096 908 3149 sine
948 3094 1312 3161 vestimentis,
1359 3108 1466 3149 non
1515 3095 1715 3148 nudum
1762 3101 1940 3150 tamen
1967 3136 1982 3157 .
2023 3094 2117 3150 sed

515 3188 789 3242 vestitum.
814 3188 1058 3241 Surrexit
1085 3186 1351 3250 Christus,
1377 3187 1630 3256 exuitque
1658 3187 1976 3242 vestimenta
1998 3203 2119 3258 qua:

517 3282 755 3336 Adamus
778 3281 1047 3345 induerat,
1072 3291 1294 3352 eratque
1321 3281 1514 3346 nudus,
1542 3296 1640 3336 nec
1663 3281 1836 3336 nudus
1862 3281 2119 3337 cerneba-

519 3381 622 3426 tur.
644 3372 772 3429 Post
792 3373 1243 3428 resurrectionem
1268 3371 1520 3426 mulieres
1541 3371 1860 3427 vestimenta
1883 3372 2119 3443 proiecta

516 3461 719 3517 vident.
755 3461 959 3518 Martha
987 3470 1042 3517 et
1069 3461 1230 3516 Maria
1261 3461 1445 3516 vident
1472 3477 1617 3527 eum,
1651 3472 1966 3532 agnoscunt,
1993 3479 2120 3535 pro-

516 3551 810 3619 cumbunt,
843 3563 898 3607 et
925 3552 1125 3608 nudum
1158 3569 1262 3608 non
1292 3552 1495 3608 vident.
1527 3552 1679 3609 Unde
1707 3562 1884 3610 vestes
1911 3555 2120 3611 induit?

515 3644 786 3698 Amiserat
811 3645 954 3698 enim
984 3660 1077 3699 eos
1106 3646 1156 3698 in
1189 3653 1554 3701 monumento.
1590 3645 1774 3700 Priora
1801 3647 2118 3703 vestimenta

517 3733 811 3788 diviserant
850 3735 1066 3789 milites.
1095 3735 1378 3791 Undenam
1420 3735 1698 3791 induitur?
1727 3735 1866 3792 unde
1893 3738 1984 3808 qui
2014 3753 2119 3793 nu-

517 3823 657 3892 dus,
699 3838 806 3878 non
850 3823 1066 3879 nudus?
1105 3825 1262 3879 Aliud
1306 3840 1538 3897 quaero:
1580 3841 1678 3881 cur
1713 3827 2025 3882 vestimenta
2067 3835 2122 3882 et

518 3914 800 3970 sindonem
831 3916 883 3970 in
916 3932 1017 3970 una
1049 3927 1199 3987 parte
1229 3919 1498 3985 viderunt,
1525 3919 1800 3973 sudarium
1831 3935 1980 3983 vero,
2013 3937 2120 3989 quo

518 4018 680 4078 caput
719 4005 1024 4063 Servatoris
1062 4010 1297 4064 vinctum
1344 4011 1549 4076 fuerat,
1591 4013 1643 4066 in
1682 4012 1784 4067 alia
1824 4014 2013 4082 parte?
2053 4012 2120 4069 Ut

520 4098 698 4154 divina
746 4101 916 4168 gratia
970 4101 1382 4167 ostenderetur,
1433 4102 1683 4172 quodque
1730 4103 1848 4156 sine
1891 4104 2119 4157 tumultu

519 4191 851 4245 resurrectio
887 4187 1094 4246 fuisset.
1125 4191 1192 4246 Et
1219 4192 1341 4260 quia
1378 4207 1650 4247 rumorem
1679 4191 1846 4247 Judaei
1884 4194 2120 4263 sparsuri

519 4291 704 4338 erant.
750 4281 1042 4350 discipulos
1085 4283 1259 4353 ipsum
1296 4283 1496 4338 furatus
1536 4300 1682 4347 esse,
1723 4285 1980 4355 relinquit
2027 4300 2121 4340 ve-

520 4374 771 4428 stimenta
808 4389 901 4428 sua
944 4375 994 4429 in
1037 4385 1402 4430 monumento.
1439 4377 1570 4431 Nam
1611 4377 1700 4447 qui
1740 4388 2008 4433 mortuum
2037 4379 2122 4433 fu-

519 4476 691 4526 ratur,
723 4465 895 4534 ipsum
921 4481 1042 4520 cum
1069 4469 1404 4522 vestimentis
1427 4467 1650 4522 furatur.
1683 4468 1983 4538 Videreque
2007 4479 2124 4526 erat

521 4554 864 4611 Servatorem
887 4556 1253 4624 egredientem
1280 4573 1345 4613 ex
1371 4558 1634 4628 sepulcro,
1667 4560 1804 4613 sicut
1830 4559 2124 4630 Josepbum

521 4663 588 4704 ex
618 4648 782 4702 domo
812 4646 1101 4719 Egyptiae.
1144 4649 1210 4704 Et
1245 4649 1366 4705 vide
1406 4650 1535 4704 mihi
1568 4649 1925 4706 differentiam
1961 4670 1974 4705 :
2003 4661 2126 4722 post

521 4739 974 4795 resurrectionem
1010 4739 1158 4796 visus
1196 4749 1280 4796 est
1309 4740 1557 4796 Christus
1597 4741 1769 4796 nudus
1794 4783 1809 4806 ,
1841 4752 1895 4797 et
1935 4742 2127 4800 Petrus

525 4829 702 4885 nudus
742 4847 756 4881 :
802 4844 984 4884 verum
1035 4831 1125 4886 ille
1169 4832 1381 4902 quidem
1424 4833 1826 4889 immortalitate
1870 4836 2125 4905 przeditus

526 4929 644 4975 erat
666 4961 682 4985 ,
718 4921 805 4974 hic
831 4930 1008 4975 autem
1048 4923 1290 4978 mortalis
1318 4924 1493 4980 adhuc
1523 4934 1659 4980 erat.
1685 4925 1843 4980 Jesus
1869 4927 2042 4980 stabat
2071 4928 2123 4981 in

524 5013 729 5081 littore,
754 5012 923 5082 gloria
951 5012 1187 5078 indutus,
1214 5014 1400 5071 dicens
1423 5033 1437 5071 :
1462 5013 1609 5080 Filii,
1635 5034 1754 5071 num
1782 5018 1904 5088 quid
1928 5020 2128 5089 opsonii

527 5105 718 5157 habetis
748 5102 926 5172 (Joan.
954 5104 1045 5159 2i.
1079 5104 1176 5176 5)?
1206 5105 1352 5168 Non,
1387 5107 1664 5177 inquiunt,
1693 5125 1798 5163 non
1828 5111 2084 5165 habemus
2110 5129 2122 5166 :

527 5210 636 5249 non
661 5195 803 5249 enim
836 5206 1094 5251 noverant
1117 5212 1262 5252 eum.
1292 5197 1491 5253 Deinde
1516 5199 1640 5253 dicit
1665 5218 1680 5259 :
1715 5199 1904 5255 Mittite
1927 5203 1977 5254 in
2003 5204 2126 5257 dea:-

529 5299 688 5341 teram
718 5290 903 5356 navigii
937 5300 1127 5358 partem
1157 5290 1316 5362 (Ibid.
1357 5307 1401 5344 υ.
1433 5290 1510 5360 6).
1540 5291 1814 5358 Miserum,
1847 5310 1908 5348 ac
1942 5296 2126 5363 ingen-

531 5394 637 5438 tem
668 5382 896 5452 piscium
939 5384 1334 5438 multitudinem
1372 5393 1648 5451 ceperunt.
1685 5387 1941 5456 Agnoscit
1969 5387 2131 5442 Joan-

531 5489 659 5538 nes,
685 5482 740 5529 et
768 5472 898 5527 dicit
920 5474 1080 5528 Petro
1100 5516 1114 5539 ,
1144 5472 1393 5528 Dominus
1419 5483 1492 5527 est
1521 5474 1682 5545 (Ibid.
1705 5492 1752 5528 υ.
1784 5476 1858 5547 7).
1892 5477 1937 5532 Ο
1965 5481 2130 5532 mira-

531 5566 738 5620 culum!
768 5563 884 5619 Non
915 5577 1248 5635 agnoverunt
1269 5582 1336 5622 ex
1359 5580 1510 5629 voce,
1541 5565 1635 5621 sed
1668 5581 1732 5620 ex
1763 5568 2037 5638 Operibus.
2062 5568 2131 5622 Et

532 5663 782 5731 sumpsit,
825 5663 1036 5734 inquit,
1081 5659 1263 5716 Petrus
1307 5663 1533 5715 tunicam
1570 5677 1588 5714 :
1623 5671 1728 5715 erat
1772 5664 1902 5717 enim
1942 5667 2129 5718 nudus.

534 5754 757 5810 Mortale
794 5769 991 5824 corpus
1029 5753 1331 5819 erubescit,
1366 5752 1670 5808 immortale
1708 5769 1812 5810 non
1842 5757 2128 5812 erubescit.

537 5844 736 5901 Verum
762 5845 812 5902 ei
837 5847 926 5917 qui
959 5859 1057 5902 nos
1091 5841 1262 5915 gloria
1303 5844 1510 5911 induit,
1541 5852 1591 5898 et
1621 5845 1708 5913 qui
1738 5845 1921 5903 orbem
1960 5848 2130 5904 induit

1971 392 2344 452 SEVERIANI

3727 432 3828 482 484

2221 510 2623 567 immortalitate
2647 552 2662 577 ,
2691 510 2816 567 huic
2855 512 3196 583 procldamus
3216 556 3230 578 ,
3264 513 3388 571 huic
3418 517 3816 588 supplicemus,

2217 613 2273 656 ut
2303 617 2400 656 nos
2429 602 2613 658 induat
2637 602 2763 670 ﬁde,
2786 618 2881 674 spe
2907 605 3119 670 salutis,
3144 606 3309 672 gloria
3332 608 3385 661 in
3408 607 3622 666 Christo
3648 627 3662 665 :
3689 625 3820 683 quo.

2217 698 2358 750 nium
2386 695 2528 751 Patri
2559 697 2725 767 gloria
2749 739 2765 763 ,
2796 713 2917 752 cum
2948 698 3218 768 unigenito
3243 698 3379 755 Filio
3403 710 3458 756 et
3485 714 3674 759 sancto
3703 704 3820 776 Spi-

2217 786 2345 854 ritu,
2373 803 2515 843 nunc
2536 796 2591 843 et
2611 803 2848 860 semper,
2876 800 2928 846 et
2955 791 3007 843 in
3036 790 3228 846 saecula
3255 793 3600 848 smculorum.
3625 798 3816 853 Amen.

2216 919 2282 975 In
2311 923 2444 976 diem
2468 934 2664 978 sextum
2691 925 2979 988 creatiouis,
3004 935 3050 979 ct
3076 926 3128 978 in
3154 927 3343 995 primos
3368 941 3621 998 parentes,
3642 933 3696 985 in
3719 949 3820 985 scr-

2289 1023 2520 1082 pcntem,
2569 1025 2614 1068 et
2664 1017 2717 1068 in
2764 1017 2956 1087 lignum
3004 1017 3260 1082 scientiis,
3307 1019 3370 1072 de
3413 1019 3726 1076 habitatione
3771 1024 3819 1074 in

2289 1107 2560 1176 paradiso,
2605 1108 2764 1178 deque
2797 1109 2984 1163 Adami
3021 1126 3137 1164 eum
3184 1110 3292 1166 Deo
3333 1112 3604 1184 colloquio.
3640 1113 3819 1170 Oratio

2288 1209 2430 1254 sexta
2453 1199 2551 1272 (α).

2296 1337 2348 1392 l.
2373 1340 2488 1408 Age
2511 1338 2865 1409 rursus,quod
2889 1337 3108 1408 polliciti
3135 1355 3322 1396 sumus
3347 1343 3747 1413 aggrediamur,
3772 1356 3820 1400 et

2217 1438 2592 1499 argumentum
2620 1429 2688 1485 de
2716 1429 2967 1500 paradiso
2994 1430 3060 1486 ad
3089 1431 3250 1488 ﬁnem
3277 1449 3444 1506 usque
3466 1435 3818 1492 deducamus.

2219 1522 2330 1578 Etsi
2359 1524 2500 1576 enim
2535 1523 2869 1578 intolerabile
2899 1524 3098 1580 malum
3133 1524 3256 1579 illud
3296 1525 3469 1592 fuerit,
3500 1530 3638 1599 quod
3678 1530 3822 1585 Ada-

2222 1631 2342 1669 mns
2369 1615 2577 1685 ejectns
2605 1616 2674 1670 sit
2699 1615 2767 1671 de
2797 1616 3066 1686 paradiso,
3091 1617 3247 1688 longe
3275 1621 3443 1689 majus
3469 1623 3570 1676 erit
3596 1623 3821 1686 malum,

2220 1707 2263 1763 si
2297 1723 2394 1762 nos
2423 1723 2453 1760 a
2490 1707 2720 1778 paradisi
2762 1709 3026 1764 memoria
3066 1709 3420 1766 eliminemur.
3470 1713 3597 1768 Rem
3635 1725 3823 1770 autem

2219 1799 2562 1870 attingamus,
2593 1814 2699 1854 non
2730 1801 3105 1856 communibus
3132 1803 3426 1859 rationibus
3445 1820 3560 1860 eam
3589 1817 3827 1863 tractan-

2221 1900 2323 1954 tes,
2346 1892 2439 1947 sed
2471 1907 2535 1947 ex
2569 1891 2682 1961 ipsa
2710 1907 2861 1948 sacra
2891 1892 3162 1964 Scriptura
3189 1894 3469 1951 dubiorum
3497 1898 3822 1955 solutiOuem

2221 1984 2468 2038 mutuati.
2491 1983 2591 2051 Qui
2616 1985 2760 2040 enim
2785 2001 2881 2056 pro
2903 1986 3052 2041 libito
3079 1986 3241 2042 sentit
3269 1997 3322 2043 et
3345 1990 3555 2059 cogitat,
3582 1991 3822 2061 seipsum

2220 2073 2418 2144 decipit
2439 2091 2453 2128 :
2473 2075 2564 2146 qui
2589 2090 2717 2130 vero
2737 2091 2804 2131 ex
2824 2076 3095 2145 Scriptura
3119 2079 3469 2148 qumstionum
3496 2081 3822 2138 solutionem

2221 2175 2535 2234 mutuatur,
2581 2168 2751 2238 ipsam
2795 2167 2957 2223 habet
2997 2171 3276 2225 veritatem
3322 2173 3641 2243 magistram.
3691 2174 3824 2241 Quia

2221 2273 2352 2312 vero
2383 2258 2619 2313 ﬁdelium
2651 2259 2800 2314 multi
2845 2260 3082 2330 legentes
3123 2261 3400 2328 dubitant,
3438 2273 3491 2318 et
3528 2264 3822 2319 inﬁdelium

2223 2347 2437 2417 plurimi
2460 2348 2768 2419 ignorantes
2789 2348 3182 2419 blasphemant,
3207 2360 3339 2407 utet
3365 2353 3558 2408 sanctis
3581 2355 3823 2410 animum

2222 2440 2506 2495 certiorem
2534 2440 2846 2506 reddamus,
2878 2450 2933 2495 et
2961 2440 3203 2497 inﬁdeles
3237 2445 3585 2507 confutemus,
3620 2460 3727 2514 pro
3754 2448 3826 2501 vi-

2221 2530 2308 2586 rili
2348 2547 2461 2587 rem
2505 2532 2910 2604 aggrediamur,
2942 2533 3108 2588 Deum
3139 2533 3409 2589 vobiscum
3445 2538 3823 2600 obsecrantes.

2225 2635 2283 2679 ut
2322 2627 2559 2680 veritatis
2601 2626 2757 2681 nobis
2797 2627 3007 2696 copiam
3051 2627 3436 2684 subministret.
3466 2629 3575 2697 Qua
3615 2631 3823 2686 ratione

2227 2715 2387 2773 homo
2411 2717 2659 2774 conditus
2682 2717 2857 2782 fuerit,
2887 2733 2989 2789 qua
3015 2733 3242 2789 corpore
3270 2718 3546 2788 formatus,
3569 2737 3668 2791 qua
3697 2724 3822 2777 item

2223 2823 2252 2862 a
2288 2808 2398 2864 Deo
2426 2819 2604 2865 creata
2633 2811 2809 2864 anima
2867 2811 3010 2867 illius
3040 2811 3206 2866 indita
3233 2813 3445 2883 corpori
3474 2811 3653 2877 fuerit,
3686 2830 3821 2885 quo-

2224 2900 2386 2955 modo
2430 2901 2734 2971 paradisum
2773 2901 3098 2958 domicilium
3145 2901 3431 2969 habuerit,
3462 2905 3561 2959 etsi
3592 2919 3696 2960 non
3732 2922 3825 2973 pro

2225 2992 2303 3047 rei
2328 2992 2620 3063 dignitate,
2661 3008 2756 3064 pro
2791 2993 3042 3050 facultate
3070 3004 3217 3049 certe
3253 3005 3434 3050 nostra
3458 3035 3473 3062 ,
3505 2998 3634 3050 satis
3660 3012 3822 3067 supra

2225 3082 2424 3137 dictum
2453 3092 2554 3137 est.
2582 3083 2699 3138 .lam
2743 3084 2808 3139 ad
2851 3086 3181 3155 propositum
3216 3088 3512 3142 orationem
3543 3099 3820 3144 converta-

2225 3191 2368 3231 mus.
2402 3173 2531 3232 Data
2556 3177 2771 3247 quidem
2803 3177 3009 3232 Adamn
3033 3188 3116 3234 est
3140 3179 3386 3235 universa
3423 3191 3561 3237 terra
3583 3223 3600 3250 ,
3633 3185 3822 3253 praci-

2224 3282 2390 3338 puum
2422 3284 2550 3324 vero
2582 3269 2722 3323 illius
2749 3268 3105 3324 habitaculum
3137 3271 3416 3340 paradisus
3443 3285 3578 3329 erat.
3610 3275 3822 3332 Licebat

2223 3359 2384 3413 etiam
2413 3360 2458 3414 ei
2481 3371 2630 3416 extra
2659 3361 2965 3431 paradisum
2995 3362 3109 3429 ire;
3142 3377 3325 3417 verum
3358 3380 3478 3434 quae
3503 3376 3651 3418 extra
3681 3382 3821 3436 para-

2226 3447 2401 3502 disum
2423 3460 2578 3504 erant
2599 3449 2832 3505 hominis
2857 3449 3168 3506 habitationi
3189 3452 3437 3520 deputata
3462 3469 3568 3509 non
3589 3455 3818 3522 fuerant,

2225 3537 2317 3594 sed
2341 3538 2532 3607 brutis,
2553 3540 2855 3610 pecoribus,
2879 3540 3336 3612 quadrupedibus,
3356 3543 3500 3608 feris,
3524 3548 3818 3615 replilibus.

2226 3629 2392 3702 Regia
2433 3646 2562 3686 vero
2606 3641 2661 3685 et
2704 3631 2889 3686 herilis
2930 3631 3186 3687 habitatio
3231 3633 3330 3703 ipsi
3373 3643 3491 3690 erat
3525 3639 3817 3705 paradisus.

2226 3720 2354 3778 ldeo
2402 3723 2543 3778 Deus
2585 3725 2808 3778 adduxit
2843 3723 3092 3778 animalia
3129 3725 3197 3780 ad
3230 3725 3401 3780 Adam
3427 3768 3441 3791 ,
3473 3730 3636 3782 veluti
3669 3730 3736 3783 ab
3762 3745 3821 3786 eo

2225 3824 2493 3882 separata.
2532 3813 2649 3870 Non
2685 3815 2826 3870 enim
2870 3831 3083 3885 semper
3116 3818 3376 3886 mancipia
3410 3818 3539 3873 beru
3576 3821 3817 3885 adstant,

2226 3907 2320 3960 sed
2349 3921 2472 3961 cum
2514 3907 2619 3963 illis
2661 3922 2795 3978 Opus
2834 3907 3100 3964 habuerit.
3141 3909 3309 3965 lndita
3351 3911 3672 3967 animalibus
3704 3923 3822 3968 sunt

2229 3999 2468 4066 nomina,
2499 4009 2555 4054 et
2580 4002 2758 4055 statim
2780 4002 2952 4070 ejecta
2978 4010 3102 4056 sunt
3123 4017 3140 4058 :
3165 4003 3358 4056 mansit
3379 4015 3559 4058 autem
3583 4007 3751 4060 Adam
3775 4008 3820 4060 in

2227 4089 2495 4156 paradiso.
2515 4093 2614 4147 Hic
2626 4107 2756 4149 vero
2769 4090 3070 4160 Scriptura:
3084 4092 3411 4163 diligentiam
3433 4097 3816 4153 animadverte.

2301 4181 2649 4235 Animantium
2692 4183 2791 4236 tria
2836 4199 3040 4254 genera.
3082 4214 3153 4225 —
3189 4183 3346 4239 Jussa
3387 4195 3544 4241 erant
3578 4189 3821 4244 animalia

2229 4271 2494 4325 Adamum
2526 4273 2676 4327 adire
2699 4313 2714 4337 ,
2742 4289 2802 4327 se
2825 4273 2900 4329 illi
2933 4275 3221 4342 inclinare,
3256 4277 3461 4348 ipsique
3487 4278 3819 4345 abblandiri;

2228 4364 2463 4434 exempli
2503 4378 2699 4432 causa,
2744 4366 3192 4436 quemadmodum
3237 4377 3390 4422 erant
3425 4370 3524 4424 tria
3565 4371 3822 4441 lignorum

2229 4472 2425 4528 genera
2447 4499 2462 4525 ,
2492 4474 2687 4529 nempe
2715 4459 2856 4530 ligna
2886 4475 3007 4529 quae
3047 4459 3198 4514 illum
3229 4461 3436 4516 alerent
3455 4503 3468 4525 ,
3501 4471 3562 4517 ut
3585 4466 3789 4520 viveret
3813 4508 3825 4528 ,

2230 4551 2370 4622 ligna
2397 4569 2516 4623 qua:
2543 4552 2687 4606 illum
2715 4554 3023 4622 probarent,
3053 4563 3111 4608 ut
3142 4554 3276 4610 bene
3302 4555 3522 4623 viveret,
3552 4567 3604 4612 et
3633 4558 3822 4629 lignum

2229 4642 2372 4712 quod
2401 4643 2572 4713 ipsum
2601 4643 2914 4709 custodiret,
2941 4652 3000 4698 ut
3025 4658 3241 4716 semper
3270 4646 3498 4714 viveret;
3524 4649 3604 4705 sic
3631 4659 3684 4705 et
3710 4652 3825 4705 bru-

2231 4741 2405 4788 torum
2453 4735 2802 4790 animantium
2846 4735 2945 4790 tria
2991 4735 3092 4806 ipsi
3130 4750 3383 4794 concessa
3425 4748 3554 4794 sunt
3595 4757 3822 4812 genera;

2232 4839 2396 4879 unum
2425 4825 2490 4880 ad
2522 4840 2700 4882 escam
2721 4868 2736 4891 ,
2766 4826 2994 4881 alterum
3035 4827 3100 4882 ad
3141 4828 3489 4898 obsequium,
3522 4833 3738 4887 tertium
3765 4832 3824 4885 ad

2232 4918 2583 4972 recreandum
2606 4917 2842 4973 animum
2863 4936 2877 4973 :
2902 4919 3153 4973 nimirum
3175 4917 3241 4973 ad
3267 4934 3442 4976 escam
3463 4937 3527 4975 ea
3553 4938 3674 4992 qua:
3697 4937 3826 4976 nunc

2234 5019 2571 5074 mactantur;
2603 5010 2670 5064 ad
2710 5011 3086 5074 ministerium,
3112 5011 3254 5081 equi,
3287 5013 3495 5078 cameli,
3541 5015 3701 5072 asini.
3735 5015 3825 5068 bo-

2233 5117 2349 5168 ves,
2381 5104 2591 5172 aliaque
2616 5103 2808 5158 similia
2836 5103 2937 5174 ipsi
2963 5103 3348 5172 ministrantis;
3381 5106 3447 5160 ad
3478 5107 3825 5162 recreandum

2233 5194 2471 5247 animum
2499 5193 2748 5249 animalia
2775 5194 2840 5249 ad
2870 5193 3219 5253 imitationem
3245 5197 3470 5265 idonea,
3504 5199 3645 5253 lata:
3675 5213 3829 5252 mres

2234 5287 2497 5341 aeriarum
2520 5286 2720 5350 avium,
2743 5301 2862 5357 quze
2881 5285 3041 5343 etiam
3063 5302 3223 5346 aures
3241 5289 3536 5348 oblectant.
3560 5288 3828 5357 Quemad-

2235 5378 2452 5435 modum
2479 5381 2622 5436 enim
2649 5395 2843 5452 corpus
2870 5390 2990 5452 post
3013 5381 3242 5449 labores,
3273 5383 3373 5438 nisi
3397 5381 3828 5453 defatigationem

2237 5473 2522 5542 expulerit,
2550 5490 2657 5529 non
2686 5483 2859 5543 potest
2883 5473 3019 5528 alios
3046 5474 3196 5529 adire
3215 5473 3447 5536 labores,
3475 5473 3554 5527 sic
3578 5483 3633 5526 et
3659 5476 3830 5526 anima

2237 5567 2450 5622 virtutis
2477 5566 2747 5623 laboribus
2775 5566 3088 5638 perfuncta,
3122 5567 3221 5622 nisi
3247 5565 3498 5637 jucundis
3527 5568 3829 5636 aspectibus

2239 5667 2531 5726 recreetur,
2562 5659 2630 5714 ad
2657 5659 3107 5731 perseverandum
3146 5659 3200 5715 in
3233 5659 3424 5715 virtute
3465 5673 3573 5714 non
3617 5658 3825 5714 sufﬁcit.

2303 5795 2376 5859 (α)
2410 5805 2520 5846 ttazc
2542 5805 2683 5848 sexta
2706 5795 2902 5846 bomilia
2926 5809 3021 5846 non
3043 5794 3253 5844 habetur
3289 5793 3338 5844 in
3367 5791 3602 5844 Vaticano
3626 5789 3827 5850 Codice.

2245 5859 2334 5907 sed
2361 5871 2468 5909 eam
2486 5859 2688 5910 savilius
2713 5859 2877 5909 edidit.
