3976 6218
582 353 693 410 485

583 460 682 514 καὶ
706 458 852 532 ψυχὴ
887 463 1014 526 τοὺς
1047 463 1148 533 τῆς
1181 463 1381 535 ἀρετης
1426 479 1619 529 πονους
1656 465 2022 535 ὑπομένουσα,
2061 469 2156 522 ἐάν

586 542 663 613 μὴ
689 545 808 607 ταῖς
840 546 1047 615 ἡδείαις
1086 547 1239 614 ὄψεσι
1259 546 1636 620 ψυχαγωγηθῇ
1656 591 1670 612 ,
1713 551 1813 604 οὐκ
1836 552 1997 621 ἀρκεῖ
2023 552 2158 621 πρὸς

581 625 674 678 τὸν
707 627 858 679 τόνον
896 627 993 698 τῆς
1023 630 1244 698 ἀρετῆς.
1282 630 1450 682 Ὅταν
1478 631 1564 703 ῐδῃ
1607 633 1634 682 6
1668 631 1800 694 Θεὸς
1843 634 2156 702 κάμνουσαν

579 708 779 778 ψυχὴν,
812 708 1129 778 ψυχαγωγεῖ
1149 711 1316 780 αὐτὴν
1342 711 1429 763 διά
1458 714 1562 764 τῶν
1590 714 1786 783 ἡδέων·
1818 710 1926 767 οἷον
1949 717 2157 780 γίνεται

581 792 675 844 καὶ
707 793 793 860 ἐφ’
824 793 1000 862 ἡμῶν.
1037 793 1304 855 Πολλάκις
1333 794 1440 864 γὰρ
1477 794 1536 858 ἐξ
1565 797 1770 863 ἀγορᾶς
1799 797 2106 849 ἐπανελθών
2127 801 2156 850 6

580 872 892 943 ἄνθρωπος,
952 877 1044 927 καὶ
1096 877 1314 944 μυρίαις
1353 876 1547 936 λύπαις
1597 880 2009 949 περιαντληθεὶς
2059 881 2155 950 τὴν

577 953 836 1022 διάνοιαν,
864 959 958 1010 καὶ
993 957 1266 1028 συντυχὼν
1292 958 1444 1028 ὄψεσι
1480 960 1737 1024 πολλάκις
1769 961 2029 1033 βαρείαις,
2061 966 2156 1017 καὶ

578 1039 878 1111 ἀφορήτοις
901 1057 966 1091 πε
976 1040 1211 1110 ριπεσὼν
1235 1046 1538 1112 συμφοραῖς
1566 1044 1657 1095 καὶ
1677 1043 1899 1114 ζημίαις
1915 1057 1964 1109 ι,
1985 1046 2154 1098 ἐλθὼν

577 1124 659 1184 εἰς
683 1123 781 1192 τὴν
816 1123 996 1174 οἰκίαν
1025 1123 1272 1192 εὑρίσκει
1308 1124 1521 1177 παιδίου
1557 1125 1929 1194 ψυχαγωγίαν,
1971 1129 2063 1180 καὶ
2095 1129 2154 1180 τὸ

577 1201 812 1273 σκληρὸν
835 1205 945 1257 τῶν
978 1205 1154 1257 πόνων
1188 1206 1398 1274 ἀλείφει
1426 1209 1483 1260 τὸ
1522 1209 1727 1261 ἁπαλὸν
1759 1211 1858 1278 τῆς
1891 1211 2146 1273 διανοίας.

588 1283 804 1357 Ἐπειδὴ
850 1287 953 1357 γάρ
989 1287 1138 1356 αύτῷ
1173 1288 1466 1359 ἀθυμοῦντι
1515 1293 1575 1342 οὐ
1609 1294 1745 1362 γυνὴ
1793 1294 2152 1363 προσέρχεται

576 1370 1075 1441 παραμυθουμένη,
1130 1373 1205 1434 ώς
1246 1375 1471 1446 ἄκαιρον
1511 1375 1706 1445 ἔχουσα
1751 1377 1849 1448 τὴν
1897 1396 2152 1448 παραμυ-

575 1450 716 1516 θίαν,
747 1454 847 1505 οῦκ
873 1454 1091 1523 οἰκέτης
1123 1454 1293 1526 τολμᾷ
1325 1458 1846 1529 παραμυθήσασθαι,
1884 1463 2090 1528 εἰσάγει
2123 1464 2151 1514 ὁ

573 1533 705 1612 Θεὸς
742 1536 841 1606 τὴν
861 1537 1134 1589 ἄπλαστον
1163 1537 1323 1604 φύσιν
1352 1541 1450 1609 τὴν
1478 1541 1805 1612 συγγνώμης
1827 1543 2150 1612 ἀξιουμένην

570 1614 634 1680 ἐξ
657 1609 731 1670 ὧν
756 1618 856 1670 ούκ
877 1614 1004 1682 οἶδε,
1035 1620 1131 1672 καὶ
1158 1619 1224 1672 δι’
1261 1622 1430 1690 αὐτῆς
1466 1621 1674 1691 ἀλείφει
1698 1609 1795 1694 την
1825 1625 1889 1676 ὲκ
1918 1609 2024 1676 τῶν
2050 1609 2148 1677 πό-

572 1715 678 1752 νων
727 1704 1068 1770 ηκμηκυῖαν
1110 1704 1306 1773 ψυχήν.
1356 1706 1583 1772 Οἰκέτης
1629 1706 1724 1758 ἐάν
1782 1706 2146 1778 προσγελάσῃ.

568 1781 854 1852 νομίζεται
897 1784 1157 1855 ἐπιγελᾷν
1194 1790 1261 1857 τῇ
1297 1786 1452 1858 ὕϐρει
1487 1787 1582 1840 τοῦ
1612 1789 1869 1842 δεσπότου
1895 1804 1908 1817 ·
1946 1791 1979 1859 ἡ
2013 1792 2147 1859 γυνὴ

570 1865 668 1917 ἐὰν
709 1867 934 1940 γελάσῃ,
963 1871 1243 1940 νομίζεται
1279 1873 1631 1944 ἀναισθητεῖν
1662 1876 1790 1946 περὶ
1817 1875 1914 1946 τὴν
1943 1893 2150 1946 συμφο-

574 1950 673 2018 ράν
695 1966 708 1980 ·
744 1953 804 2003 τὸ
838 1953 1048 2006 παιδίον
1098 1954 1408 2008 ἀνύποπτον
1453 1957 1563 2026 ἔχει
1612 1956 1710 2027 τὴν
1745 1958 2032 2011 κολακείαν
2062 1960 2149 2012 διά

568 2033 667 2102 τὴν
695 2034 759 2087 ἐκ
784 2036 882 2105 τῆς
915 2035 1128 2103 φύσεως
1154 2037 1524 2108 ἀκεραιότητα
1545 2057 1556 2070 ·
1593 2041 1688 2092 καὶ
1731 2041 1989 2104 πολλάκις
2014 2041 2048 2092 ἀ
2074 2041 2148 2112 μὴ

570 2118 798 2186 ἴσχυσαν
826 2119 966 2186 φίλοι
1006 2118 1499 2190 συμϐουλεύοντες,
1541 2122 1697 2190 σοφοὶ
1735 2123 2145 2187 νουθετοῦντες,

571 2197 756 2268 ῖσχυσε
787 2201 997 2254 παιδίον
1023 2203 1260 2269 γελάσαν
1297 2203 1476 2273 μόνον,
1506 2204 1666 2258 λῦσαι
1689 2205 1786 2276 τὴν
1816 2209 1995 2260 πᾶσαν
2021 2224 2150 2277 συμο

569 2285 763 2352 φοράν.
796 2285 905 2337 Καὶ
939 2285 1126 2338 λοιπὸν
1152 2288 1183 2356 ἡ
1219 2285 1364 2357 ψυχὴ
1393 2290 1450 2340 ἐν
1474 2289 1613 2357 αὐτῇ
1644 2291 1710 2357 τῇ
1745 2289 1894 2359 ἀκμῇ
1929 2290 2028 2360 τῆς
2052 2288 2145 2342 λύ-

567 2383 708 2436 πης,
747 2368 850 2437 ὁρᾷ
885 2368 984 2436 μὲν
1014 2368 1075 2419 τὸ
1107 2368 1342 2431 παιδίον,
1378 2370 1472 2422 καὶ
1507 2371 1605 2432 τὰς
1652 2371 1828 2440 ἀρχὰς
1869 2371 2144 2436 ἀνανεύει,

567 2448 663 2501 καὶ
687 2448 988 2502 ἀπωθεῖται
1031 2451 1130 2520 τὴν
1165 2450 1391 2522 ἄκαιρον
1421 2452 1779 2520 ψυχαγωγίαν
1800 2469 1815 2483 ⁸
1845 2454 2060 2508 ’έλκεται
2091 2455 2146 2506 δὲ

564 2533 635 2600 τῇ
666 2535 980 2603 παραμονῇ,
1013 2533 1108 2586 καὶ
1149 2533 1280 2585 ὅταν
1306 2533 1566 2597 πολλάκις
1602 2535 1850 2607 ἐπικλίνῃ
1879 2538 1940 2589 τὸ
1971 2537 2143 2606 ὄμμα,

562 2614 872 2683 ἀρπάζεται
899 2616 998 2685 τὴν
1040 2615 1278 2669 διάνοιαν
1299 2632 1312 2646 ·
1355 2612 1476 2670 εἶτα
1521 2618 1805 2671 ἀναλαϐὼν
1841 2620 1932 2672 τὸν
1959 2621 2142 2685 παῖδα,

565 2696 885 2750 ἀποτίθεται
921 2698 1021 2768 τὴν
1048 2698 1246 2768 λύπην,
1292 2699 1382 2752 καί
1416 2717 1573 2769 φησι·
1613 2700 1813 2753 Τοῦτόν
1864 2718 1952 2770 μοι
1991 2703 2148 2772 χαρί-

561 2781 763 2832 σεταιι)
791 2783 818 2832 6
840 2779 972 2843 Θεὸς
1003 2781 1181 2851 μόνον,
1209 2782 1301 2834 καὶ
1329 2782 1500 2844 οὐδείς
1525 2800 1614 2852 μοι
1638 2783 1792 2850 λόγος
1816 2783 1923 2836 τῶν
1951 2785 2142 2838 ἀλλων.

637 2859 790 2925 Εἶδες
819 2862 934 2927 πῶς
967 2865 1058 2917 καὶ
1080 2864 1187 2917 ἀπὸ
1214 2865 1322 2917 τῶν
1348 2865 1615 2936 τυχόντων
1643 2867 1844 2937 ἐγείρει
1872 2869 1900 2920 6
1928 2867 2059 2930 Θεὸς
2080 2871 2143 2938 τῇ

562 2946 710 3016 ψυχῇ
740 2945 837 3016 τὴν
870 2947 1253 3018 παραμυθίαν;
1289 2950 1440 3002 Ἐπεὶ
1483 2946 1574 3002 οὖν
1607 2951 1767 3020 μόνος
1812 2945 1880 3021 ἧν
1911 2952 1940 3003 6
1977 2951 2147 3021 Ἀδάμ

563 3029 622 3080 ἐν
649 3028 727 3098 τῷ
753 3030 1086 3100 παραδείσῳ,
1111 3031 1172 3082 οὑ
1196 3031 1346 3097 φίλον
1379 3032 1535 3102 ἔχων,
1566 3034 1626 3085 οὐ
1656 3034 1888 3100 γείτονα,
1918 3035 1977 3086 ού
2014 3051 2144 3101 συγ-

563 3114 718 3181 γένη,
745 3113 1038 3182 εἰσήγαγεν
1063 3113 1212 3181 αὐτῷ
1239 3116 1264 3166 6
1287 3114 1416 3176 Θεὸς
1439 3115 1507 3166 τά
1542 3115 1656 3178 ζῶα
1689 3118 1768 3177 εἰς
1788 3116 2144 3186 ψυχαγωγίαν

565 3195 751 3248 αὑτοῦ
793 3191 924 3256 οἷον,
952 3195 1139 3266 ὥσπερ
1169 3198 1283 3248 ἐστὶ
1307 3199 1543 3269 σήμερον
1575 3200 1640 3250 τά
1674 3199 1787 3262 ζῶα
1816 3203 1884 3254 τὰ
1908 3201 2140 3271 μιμηλὰ,

562 3278 631 3331 τά
664 3278 761 3346 μέν
794 3295 1111 3347 μιμουμενα
1149 3280 1426 3348 σχήματα,
1462 3281 1530 3331 τά
1550 3281 1604 3331 δὲ
1638 3284 1854 3351 φωνήν·
1892 3277 2021 3346 οἷον,
2058 3301 2145 3352 μι-

565 3363 747 3430 μεῖται
784 3360 851 3412 τά
883 3362 1135 3430 σχήματα
1160 3362 1268 3413 τῶν
1303 3362 1602 3432 ἀνθρώπων
1636 3365 1886 3436 πίθηκος,
1920 3367 2011 3419 καὶ
2045 3368 2145 3420 ὅσα

560 3443 813 3496 τοιαῦτα·
852 3444 1034 3514 φωνὴν
1062 3443 1321 3512 ψιττακὸς
1349 3448 1442 3499 καὶ
1475 3448 1651 3518 ἕτεροι
1686 3450 1950 3519 στρουθοί,
1985 3447 2142 3522 Εἶχεν

561 3523 654 3581 οὖν
677 3527 1038 3598 ψυχαγωγίαν
1077 3529 1174 3597 τὴν
1202 3531 1351 3599 παρὰ
1389 3530 1496 3582 τῶν
1525 3531 1755 3599 ἀλόγων,
1790 3533 1897 3586 τῶν
1926 3535 2023 3603 μὲν
2061 3552 2144 3587 κε-

559 3609 886 3673 λαδοῦντων,
914 3609 1023 3661 τῶν
1049 3610 1103 3661 δὲ
1135 3610 1309 3663 ἀλλων
1354 3613 1770 3666 ὑποσαινόντων.
1798 3617 2012 3670 Πολλῶν
2036 3618 2144 3669 τοί-

561 3710 658 3745 νυν
687 3691 855 3745 ὄντων
885 3693 992 3744 τῶν
1022 3692 1372 3763 πληρούντων
1403 3695 1550 3764 αὐτῷ
1584 3696 1682 3765 τὴν
1716 3699 2088 3768 παραμυθίαν,
2115 3701 2144 3748 6

559 3774 683 3844 ὄφις
705 3773 1118 3845 φρονιμώτατος
1143 3773 1210 3846 ἦν
1243 3777 1380 3847 ὑπὲρ
1407 3779 1582 3830 πάντα
1609 3778 1679 3831 τὰ
1701 3779 1864 3851 θηρία
1893 3781 1991 3849 τῆς
2018 3783 2141 3850 γῆς,

561 3856 742 3919 καθὼς
768 3853 918 3909 εἶπεν
943 3858 976 3926 ή
1009 3858 1196 3928 Γραφή
1219 3874 1232 3887 ·
1272 3859 1334 3911 '0
1355 3857 1422 3911 δὲ
1447 3860 1580 3928 ὄφις
1599 3857 1678 3925 ἦν
1705 3862 2142 3930 φρονιμώτατος

560 3939 804 3993 πάντων
827 3937 947 3989 τῶν
977 3939 1214 4005 θηρίων,
1239 3933 1325 3992 ὧν
1359 3941 1608 4007 ἐποίησε
1632 3944 1846 4008 Κύριος
1878 3947 1909 3996 ό
1939 3947 2102 4009 Θεός.

633 4016 818 4091 β’ῘΗν
843 4016 937 4072 οῦν
965 4021 1057 4072 κα¹ι
1086 4021 1192 4073 τῶν
1225 4022 1475 4092 μιμηλῶν
1507 4025 1885 4094 μιμηλότερος,
1915 4029 2008 4078 καὶ
2037 4026 2141 4078 τῶν

561 4105 961 4158 ὑποσαινόντων
993 4103 1305 4172 ἐγγύτερος.
1352 4107 1441 4177 Μὴ
1480 4109 1723 4180 πρόσχῃς
1765 4112 1829 4178 τῇ
1863 4109 1955 4161 νῦν
1998 4110 2137 4177 ὄψει,

560 4188 642 4240 ὅτι
679 4186 772 4239 καὶ
801 4185 1093 4253 φεύγομεν,
1137 4188 1227 4238 καὶ
1284 4187 1707 4258 βδελυττόμεθα·
1740 4193 1839 4242 οὐκ
1871 4188 1938 4261 ἦν
1970 4191 2142 4255 οὕτως

560 4270 656 4323 an’
682 4268 875 4339 ἀρχῆς.
921 4268 1074 4330 Φίλος
1103 4265 1169 4339 ἦν
1199 4271 1226 4322 6
1252 4269 1375 4337 ὄφις
1401 4310 1414 4332 ,
1453 4272 1545 4322 καὶ
1587 4273 1694 4324 τῶν
1742 4275 2141 4326 ὑποσαινόντων

559 4357 652 4404 τὸν
671 4351 955 4421 ἄνθρωπον
979 4351 1290 4420 ἐγγύτερος.
1325 4353 1419 4413 Τίς
1436 4349 1528 4404 οὖν
1559 4354 1717 4404 αὑτὸν
1739 4356 1928 4424 ἐχθρὸν
1952 4358 2140 4424 ἐποίη-

562 4449 686 4489 σεν;
728 4433 789 4484 Ἦ
814 4431 906 4484 τοῦ
932 4432 1065 4484 Θεοῦ
1098 4434 1374 4502 ἀπόφασις
1397 4450 1408 4461 °
1447 4435 1906 4500 Ἐπικατάρατος
1929 4438 2036 4505 γὰρ
2060 4438 2140 4489 σὺ

560 4516 678 4569 ἀπὸ
700 4515 942 4568 πάντων
973 4515 1092 4568 τῶν
1120 4517 1358 4582 θηρίων.
1391 4517 1647 4584 Ἕχθραν
1679 4517 1843 4580 θήσω
1888 4519 2004 4570 ἀνὰ
2034 4518 2140 4585 μέ-

561 4617 679 4652 σον
704 4600 820 4651 σοῦ
851 4601 946 4651 καί
970 4601 1084 4653 ἀνὰ
1110 4601 1308 4667 μέσον
1353 4600 1464 4664 τῆς
1494 4602 1796 4668 γυναικός.
1863 4601 2074 4670 Ἐκείνη
2109 4605 2139 4670 ἡ

561 4683 730 4754 [χθρα
756 4682 852 4750 τὴν
883 4683 1063 4750 φιλίαν
1096 4685 1272 4738 ἔλυσε.
1291 4683 1476 4735 Φιλίαν
1501 4683 1662 4749 λέγω,
1691 4686 1749 4736 ού
1777 4684 1874 4754 τὴν
1896 4686 2137 4757 λογικὴν,

561 4766 697 4819 ἀλλά
723 4764 816 4834 τὴν
845 4764 1033 4832 ἄλογον
1060 4765 1259 4832 γνῶσιν
1281 4782 1294 4794 ·
1328 4765 1516 4834 ὥσπερ
1544 4767 1782 4834 σήμερον
1807 4767 2139 4819 ἐνδείκνυται

560 4855 704 4906 κύων
737 4851 884 4924 [496]
922 4853 1101 4922 φιλίας
1135 4853 1341 4922 σχῆμα,
1369 4853 1429 4905 οὑ
1463 4853 1625 4920 λόγῳ.
1662 4852 1797 4904 ἀλλά
1827 4857 2025 4923 φυσικῇ
2055 4873 2139 4907 κι-

561 4938 740 5006 νήσει·
768 4936 909 4989 οὕτω
939 4938 1029 4989 καὶ
1060 4939 1088 4989 6
1129 4937 1252 5002 ὄφις
1289 4936 1548 4988 ὑπέσαινε
1584 4935 1674 4986 τὸν
1704 4934 2007 5003 ἄνθρωπον.
2052 4937 2140 4998 Ὠς

559 5015 652 5072 οῦν
677 5019 810 5087 ἔχων
842 5018 1038 5087 πολλὴν
1083 5019 1389 5087 οἰκειότητα
1416 5059 1429 5082 ,
1466 5017 1621 5086 ὤφθη
1679 5016 1757 5085 τῷ
1807 5017 2036 5086 διαϐόλῳ
2067 5019 2141 5079 ώς

562 5101 860 5170 ἐπιτήδειον
885 5102 1128 5170 ὄργανον.
1168 5100 1311 5152 Ἰδὼν
1334 5095 1425 5152 οὖν
1469 5098 1639 5167 Ἀδάμ
1663 5099 1920 5168 χαίροντα
1941 5101 2032 5151 ἐπὶ
2064 5101 2141 5168 τῷ

561 5184 703 5249 ὄφει,
733 5184 979 5235 κάκεῖνον
1009 5182 1385 5244 ὑποσαίνοντα,
1413 5183 1506 5234 καὶ
1537 5181 1707 5232 πολλά
1733 5182 1841 5233 τῶν
1863 5183 2141 5250 ἀνθρωπί-

561 5288 666 5320 νων
721 5267 1073 5336 μιμούμενον,
1128 5264 1408 5332 ἐνενόησεν
1459 5267 1487 5316 6
1533 5266 1632 5333 τῆς
1667 5265 1862 5327 κακίας
1894 5265 2142 5334 τεχνίτης

561 5353 696 5421 ὅπερ
725 5353 774 5402 οί
807 5351 988 5412 δόλους
1018 5350 1327 5409 πλέκοντες,
1357 5347 1443 5399 διὰ
1486 5346 1595 5398 τῶν
1633 5346 1778 5399 ἰδίων
1834 5347 2140 5411 νοθεύοντες

561 5432 804 5486 ποιοῦσιν
825 5450 838 5464 ·
876 5432 1047 5492 οὐδεὶς
1077 5431 1185 5501 γὰρ
1212 5428 1547 5498 περιγίνεται
1573 5429 1658 5481 διά
1688 5429 1794 5482 τῶν
1822 5430 2140 5501 ἀλλοτρίων,

563 5516 654 5570 ἐὰν
690 5516 763 5584 μὴ
818 5514 906 5567 διὰ
939 5514 1046 5564 τῶν
1083 5513 1330 5566 οἰκείων·
1390 5511 1573 5574 καθὼς
1631 5508 1786 5564 εἶπεν
1835 5515 1864 5564 6
1913 5512 2135 5582 Σωτήρ·

574 5597 636 5652 Ἐ
641 5598 800 5663 χοροὶ
827 5596 906 5659 τῷ
933 5595 1218 5663 ἀνθρώπῳ
1243 5597 1298 5648 οι
1332 5594 1586 5646 οἰκιακοὶ
1611 5595 1817 5648 αὑτοῦ.
1849 5594 2013 5646 Λαλεῑ
2034 5594 2142 5646 τοί-

623 5701 651 5762 f‘
673 5700 762 5750 Hic
795 5705 932 5748 uolat
953 5701 1063 5750 Sav.
1089 5717 1162 5762 γρ.
1188 5701 1268 5748 καὶ
1291 5699 1526 5758 ἀθυμίαις.

620 5757 652 5802 1³
672 5762 864 5810 Slea.
886 5757 1153 5824 χαρίσηται.

2031 350 2396 410 SEVERIAM

2261 486 2352 521 νυν
2407 469 2492 521 δια
2544 484 2634 520 του
2681 467 2853 536 ὄφεως
2884 482 3118 536 εμφασιν
3158 464 3454 536 παρασχὼν
3505 465 3584 535 τῷ
3634 466 3813 534 Ἀδάμ.

2260 548 2566 617 Παρακαλῶ
2623 549 2720 618 τὴν
2772 549 3041 618 ὑμετέραν
3095 548 3351 617 ἀγάπην,
3409 547 3486 616 μὴ
3536 548 3820 617 παρέργως

2260 633 2544 702 προσέχειν
2570 642 2590 670 ε
2627 636 2736 694 τοῖς
2768 630 3099 700 λεγομένοις.
3156 630 3268 685 Οὐκ
3313 631 3428 682 ἐστι
3460 631 3520 682 τὸ
3551 630 3706 698 τυχὸν
3734 630 3815 698 ζὴ.

2257 732 2406 782 τημα
2433 731 2444 742 ·
2484 713 2666 766 πολλοὶ
2714 715 2821 783 γάρ
2871 712 3111 781 ζητοῦσι,
3149 712 3264 773 πῶς
3316 711 3575 781 ἐλάλησεν
3611 714 3638 763 6
3669 712 3818 779 ὄφις·

2258 794 2366 868 ἆρα
2397 798 2707 869 ἀνθρωπίνῃ
2737 801 2908 866 φωνῇ,
2939 797 2970 864 ἢ
3007 795 3253 865 συρισμῷ
3273 795 3468 862 ὄφεως,
3497 795 3590 846 καὶ
3617 795 3820 860 ἐνενόη-

2259 881 2564 951 σενήΕῦα.
2615 883 2671 933 Ὀ
2715 880 2884 948 Ἀδὰμ
2918 879 3022 950 πρὸ
3057 883 3154 949 τῆς
3188 878 3548 947 παραϐάσεως
3587 877 3819 945 ἐπεπλή-

2261 980 2396 1032 ρωτο
2435 963 2621 1029 σοφίας
2652 964 2743 1015 καὶ
2771 963 3035 1024 συνέσεως
3079 962 3170 1013 καὶ
3216 961 3568 1031 προφητείας.
3614 961 3817 1026 Ἐννόη-

2258 1061 2348 1095 σον
2378 1047 2507 1114 ὅσην
2541 1042 2652 1114 εἷχε
2688 1046 2907 1112 σοφίαν,
2942 1045 3022 1096 ὅτι
3063 1045 3365 1112 ἐπήρκεσεν
3414 1042 3696 1112 ἄνθρωπος
3724 1037 3819 1103 εἷς,

2254 1125 2572 1180 διδάσκαλον
2607 1129 2681 1197 μὴ
2710 1127 2909 1189 λαϐὼν,
2941 1127 3091 1196 παρά
3119 1125 3342 1196 μηδενὸς
3359 1124 3647 1194 ἀνθρώπου
3681 1124 3818 1176 διὸαο

2255 1208 2421 1278 χθεὶς,
2457 1210 2625 1263 θεῖναι
2653 1212 2892 1278 ὀνόματα
2921 1209 3060 1271 ὅλοις
3082 1211 3365 1270 πετεινοῖς,
3397 1209 3622 1269 καὶτοῖς
3649 1207 3817 1272 ζώοις,

2253 1294 2484 1356 καὶτοῖς
2519 1295 2767 1362 ἑρπετοῖς
2807 1293 3047 1362 θηρίοις,
3090 1293 3180 1344 καὶ
3218 1293 3380 1342 πᾶσιν
3426 1290 3628 1351 ἁπλῶς.
3677 1293 3818 1341 Ἀνα-

2257 1372 2616 1445 ζωγράφησον
2649 1378 2704 1426 ἐν
2736 1378 2800 1443 τῇ
2832 1373 3039 1443 διανοίᾳ
3065 1391 3155 1425 σου
3185 1373 3249 1424 τά
3289 1373 3422 1442 εἴδη,
3454 1372 3523 1425 τά
3542 1373 3674 1440 γένη
3698 1390 3710 1402 ·
3743 1373 3817 1423 ἵνα

2249 1458 2305 1509 δὲ
2349 1459 2624 1527 συντόμως
2664 1459 2804 1508 εἴπω
2831 1500 2843 1522 ,
2887 1457 3121 1509 τοσαῦτα
3177 1457 3367 1524 ἔθηκεν
3420 1457 3680 1526 ὀνόματα,
3729 1457 3816 1507 ὅσα

2253 1540 2489 1610 σήμερον
2517 1542 2674 1609 ἡμεῖς
2704 1539 2840 1608 μετά
2872 1539 2964 1607 τὴν
2994 1541 3186 1608 πεῖραν
3213 1538 3541 1608 δευτερῶσαι
3570 1539 3630 1589 ού
3666 1539 3814 1589 δυνά-

2255 1623 2410 1691 μεθα.
2446 1622 2575 1675 Ὅτε
2611 1618 2702 1674 οῦν
2733 1623 3104 1691 προσήνεγκεν
3137 1625 3163 1674 6
3197 1623 3326 1684 Θεὸς
3360 1622 3424 1673 τά
3458 1621 3571 1684 ζῶα
3619 1619 3698 1688 τῷ
3739 1621 3817 1670 άν-

2251 1705 2474 1775 θρώπῳ,
2509 1705 2582 1768 ὡς
2611 1705 2771 1771 σοφὸς
2803 1707 2895 1757 καὶ
2928 1705 3065 1773 ἔχων
3093 1704 3228 1757 Θεοῦ
3271 1705 3482 1772 πνεῦμα
3507 1744 3522 1767 ,
3557 1705 3658 1773 τὴν
3705 1705 3817 1756 ἐκά-

2252 1804 2377 1838 στου
2406 1788 2641 1856 ἰδιότητα
2670 1786 2884 1840 ἐϐλεπε.
2917 1789 3208 1858 Προσεῖχεν
3237 1783 3326 1839 οῦν
3363 1787 3432 1856 τῷ
3455 1787 3574 1854 ὄφει
3601 1787 3678 1848 ὡς
3703 1803 3816 1856 φρο-

2250 1869 2554 1938 νιμωτέρῳ,
2603 1870 2677 1932 ώς
2717 1869 2967 1938 αἴσθησιν
3011 1870 3207 1939 ἔχοντι,
3241 1870 3313 1931 ώς
3339 1870 3546 1921 νοοῦντι
3577 1870 3686 1921 ἀπὸ
3711 1886 3815 1919 vsu-

2252 1952 2437 2021 μάτων
2461 1953 2530 2004 τὰ
2567 1955 2860 2022 κινήματα.
2899 1953 3083 2016 Οῦτως
3113 1954 3324 2023 ἔχοντος
3356 1952 3448 2004 τοῦ
3490 1953 3681 2020 Ἀδάμ,
3714 1954 3813 2003 ἐνε-

2248 2035 2437 2104 νόησεν
2487 2038 2515 2088 ὁ
2555 2035 2798 2099 διάϐολος
2850 2038 2942 2090 καὶ
2975 2037 3067 2088 τοῦ
3104 2037 3276 2102 ὄφεως
3303 2037 3363 2088 τὸ
3416 2036 3700 2105 φρόνιμον,
3737 2038 3814 2085 καὶ

2247 2116 2342 2169 τοῦ
2393 2118 2561 2188 Ἀδάμ
2589 2119 2686 2188 τὴν
2725 2119 3025 2189 πρόληψιν·
3061 2114 3170 2188 εἶχε
3198 2118 3302 2188 γάρ
3342 2119 3471 2187 περὶ
3519 2116 3612 2169 τοῦ
3653 2118 3812 2183 ὄφεως

2249 2201 2322 2262 ὡς
2339 2201 2578 2254 συνετοῦ.
2597 2201 2760 2252 Λαλεῖ
2779 2197 2870 2253 οῦν
2891 2201 2957 2252 δι’
2975 2201 3157 2263 αύτοῦ,
3185 2202 3268 2252 ἵνα
3287 2202 3561 2269 ὑπονοήσῃ
3581 2201 3609 2250 6
3632 2200 3811 2265 Ἄδαρ..

2248 2283 2326 2335 ὅτι
2357 2284 2617 2354 φρόνιμος
2641 2282 2714 2335 ὣν
2736 2286 2762 2336 6
2785 2284 2907 2352 ὄφις
2927 2283 3253 2354 κατώρθωσε
3279 2285 3369 2335 καὶ
3394 2283 3455 2334 τὸ
3485 2283 3811 2352 μιμήσασθαι

2247 2368 2346 2436 τὴν
2372 2366 2462 2418 τοῦ
2492 2366 2775 2437 ἀνθρώπου
2806 2369 3008 2437 φωνήν.
3040 2367 3405 2438 Προσέρχεται
3431 2366 3610 2417 τοίνυν
3631 2366 3657 2415 6
3679 2365 3810 2431 ὄφις.

2249 2448 2496 2519 Οὑδαμοῦ
2537 2449 2595 2502 δὲ
2638 2451 2670 2520 ἠ
2711 2450 2901 2519 Γραφὴ
2933 2445 3054 2502 εἶπε
3088 2449 3266 2510 τοῦτο,
3297 2451 3375 2501 ὅτι
3417 2450 3447 2500 6
3495 2447 3734 2507 διάϐολος
3764 2449 3812 2497 ἐν

2248 2530 2324 2601 τῷ
2344 2531 2463 2599 ὄφει
2487 2531 2765 2600 ἐλάλησεν,
2789 2532 2923 2584 ἀλλά
2944 2533 3037 2584 καὶ
3063 2532 3297 2601 Μωῦσῆς
3321 2529 3507 2592 ἁπλῶς
3537 2530 3770 2600 παρῆλθε
3788 2528 3810 2564 ά

2246 2615 2345 2684 τὴν
2386 2615 2645 2684 ἱστορίαν.
2689 2615 2952 2686 Πρόσεχε,
2987 2613 3310 2682 παρακαλῶ,
3346 2614 3486 2683 μετὰ
3518 2612 3812 2683 ἀκριϐείας.

2249 2696 2458 2758 Παῦλος
2501 2696 2751 2765 δεύτερος
2803 2695 2876 2747 ὢν
2911 2698 2968 2746 ἐν
3019 2695 3095 2765 τῷ
3147 2695 3494 2764 παραδείσῳ,
3529 2695 3637 2746 οὐδ’
3665 2695 3814 2753 αὐτὸς

2248 2777 2400 2829 ἔλυσε
2428 2779 2526 2847 τὴν
2551 2777 2716 2842 λέξιν,
2743 2777 2875 2829 άλλά
2896 2777 3042 2845 λέγει
3065 2793 3075 2804 ·
3116 2778 3652 2846 Ἐμιηστευσάμην
3673 2774 3818 2844 ὑμᾶς

2248 2860 2335 2911 ἐνὶ
2361 2859 2554 2926 ἀνδρὶ,
2580 2861 2877 2926 παρθένον
2916 2861 3110 2928 ἁγνὴν
3147 2860 3533 2927 παραστῆσαι
3569 2859 3644 2923 τῷ
3691 2861 3816 2924 X13:-

2249 2941 2391 3006 στῷ.
2423 2944 2713 3011 Φοϐοῦμαι
2739 2943 2827 3006 δὲ,
2845 2943 3052 3012 μήπως
3075 2943 3153 3009 ὡς
3183 2947 3215 2996 ὁ
3252 2944 3385 3011 ὄφις
3412 2944 3580 2996 Εὔαν
3601 2939 3818 3008 ἐξηπά-

2247 3045 2434 3096 τησεν
2460 3031 2528 3083 ἐν
2557 3030 2632 3097 τῇ
2657 3032 2988 3099 πανουργίᾳ
3021 3030 3205 3084 αὑτοῦ
3230 3046 3242 3060 ⁸
3273 3031 3366 3082 καὶ
3411 3031 3514 3082 οῦκ
3538 3025 3711 3087 εἶπεν,
3748 3030 3821 3078 ὅτι

2245 3113 2272 3163 6
2300 3111 2562 3176 διάϐολος.
2598 3114 2792 3175 Πιστὸς
2817 3109 2884 3182 ἦν
2912 3112 3020 3165 τῶν
3061 3111 3288 3183 Γραφῶν
3314 3111 3510 3179 φύλαξ,
3547 3108 3820 3179 ὑπηρέτης

2246 3193 2499 3264 Γραφῶν,
2546 3195 2836 3265 παιδευτὴς
2872 3194 3124 3265 Γραφῶν,
3177 3194 3518 3264 ἑρμηνευτὴς
3568 3193 3820 3257 Γοαφῶν.

2247 3277 2362 3328 Οὐκ
2391 3276 2610 3346 ἐθέλησε
2643 3277 2799 3329 λῦσαι
2830 3279 2927 3346 τὴν
2953 3276 3116 3341 λέξιν,
3154 3277 3238 3328 ἵνα
3275 3277 3349 3345 μὴ
3373 3275 3508 3345 λύσῃ
3539 3275 3650 3326 τῶν
3688 3275 3820 3344 Γρα-

2246 3358 2360 3427 (pth
2384 3357 2478 3428 τὴν
2514 3357 2664 3421 τάξιν
2689 3398 2702 3420 ,
2735 3358 2872 3410 ἀλλὰ
2909 3361 2976 3429 τῇ
3025 3359 3202 3428 ἐννοίᾳ
3235 3358 3333 3427 τὴν
3374 3357 3608 3426 ἀπορίαν
3652 3358 3821 3408 ἔλυσε.

2247 3443 2561 3508 Φοϐοῦμαι,
2593 3441 2746 3509 φησὶ,
2777 3441 2990 3509 μήπως
3021 3441 3100 3504 ὡς
3126 3443 3157 3492 ό
3181 3440 3311 3507 ὄφις
3339 3440 3506 3492 Εὕαν
3527 3437 3828 3506 ἐξηπάτη-

2245 3539 2357 3576 σεν
2375 3525 2443 3574 ἐν
2465 3522 2540 3589 τῇ
2560 3525 2892 3591 πανουργίᾳ
2928 3523 3134 3588 αὐτοῦ,
3160 3522 3311 3575 οὕτω
3354 3520 3552 3591 φθαρῇ
3593 3522 3671 3574 τὰ
3695 3519 3829 3586 νοή-

2238 3621 2397 3672 ματα
2427 3605 2611 3672 ὐμῶν.
2651 3603 2840 3656 Οῦτω·
2881 3605 3031 3668 πῶς;
3061 3606 3134 3674 μὴ
3165 3607 3274 3675 γάρ
3308 3604 3555 3672 ἐφοϐεῖτο
3590 3604 3824 3662 Παῦλος,

2251 3686 2324 3757 μὴ
2351 3687 2509 3739 πάλιν
2532 3687 2558 3735 6
2585 3687 2706 3754 ὄφις
2738 3687 2887 3759 ἔλθῃ,
2911 3688 3000 3739 καὶ
3023 3689 3278 3756 ἀπατήσῃ
3303 3687 3480 3749 τινάς;
3525 3686 3670 3737 Ἀλλ’
3696 3681 3826 3747 οἶδα,

2245 3770 2428 3839 φησὶν,
2462 3771 2540 3822 ὅτι
2575 3772 2601 3821 ὁ
2663 3770 2760 3837 μὲν
2803 3770 2923 3837 ὄφις
2950 3770 3009 3821 οὐ
3043 3769 3286 3837 φαίνεται
3332 3771 3573 3831 ἐκεῖνος,
3608 3770 3640 3820 ὁ
3673 3768 3732 3820 δέ
3778 3768 3828 3815 ἐν

2243 3853 2434 3922 ἐκείνῳ
2469 3855 2772 3922 ἐνεργήσας
2807 3852 3075 3920 φαίνεται.
3116 3851 3252 3903 Ἀλλ’
3279 3854 3306 3904 6
3339 3853 3434 3921 μὲν
3470 3852 3692 3913 Παῦλος
3717 3892 3730 3910 ,
3762 3850 3826 3909 ὡς

2244 3935 2431 3996 πιστὸς
2455 3935 2751 4004 ὑπηρέτης,
2784 3935 2877 3986 καὶ
2908 3934 3014 3986 τῶν
3047 3935 3216 4000 ἁγίων
3249 3933 3482 4002 Γραφῶν
3514 3933 3727 4000 φύλαξ,
3773 3931 3825 3981 93

2245 4016 2393 4088 [497]
2425 4019 2730 4087 παρέτρεψε
2765 4017 2860 4088 τὴν
2880 4017 3044 4082 λέξιν,
3078 4017 3193 4070 ἀλλ’
3214 4017 3434 4085 ζνέφηνε
3467 4016 3566 4084 τὴν
3597 4016 3824 4066 ἔννοιαν·

2243 4101 2402 4162 αὐτὸς
2434 4101 2489 4151 δέ
2517 4103 2544 4152 6
2577 4100 2683 4151 τῶν
2712 4100 2954 4170 ἀρχαίων
2988 4100 3081 4152 καὶ
3110 4099 3216 4151 τῶν
3261 4100 3394 4149 νέων
3424 4098 3518 4147 καὶ
3548 4097 3668 4147 τῶν
3715 4096 3829 4164 μελ-

2242 4182 2439 4234 λόντων
2461 4182 2735 4252 Δεσπότης
2762 4180 3060 4251 ἐσαφήνισε
3098 4180 3195 4248 τὴν
3229 4180 3481 4245 ἀπορίαν,
3519 4179 3614 4229 ἵνα
3654 4181 3728 4247 μή
3757 4194 3828 4235 τι;

2241 4265 2333 4316 ἐπὶ
2381 4265 2470 4315 τὸν
2504 4265 2625 4332 ὄφιν
2676 4265 2941 4333 ἀνενέγκῃ
2990 4264 3086 4331 τὴν
3113 4263 3402 4330 ἁμαρτίαν,
3433 4261 3549 4312 ἀλλ’
3606 4263 3705 4313 ἐπὶ
3750 4261 3828 4311 τὸν

2243 4348 2632 4416 ἐνεργήσαντα.
2686 4347 2849 4412 Λέγει
2889 4342 2979 4397 οὖν
3012 4347 3040 4395 6
3081 4344 3312 4411 Χριστὸς
3355 4345 3468 4405 τοῖς
3523 4345 3825 4403 Ἰουδαίοις,

2242 4429 2330 4479 ὅτε
2353 4425 2503 4479 εἷπον
2534 4428 2700 4495 αὐτῷ,
2743 4426 2941 4493 Ἡμεῖς
2969 4426 3036 4478 ἐκ
3057 4426 3162 4478 τοῦ
3191 4424 3336 4478 Θεοῦ
3369 4425 3564 4492 ἐσμεν
3583 4441 3598 4454 ο
3638 4429 3710 4478 Εἰ
3738 4422 3831 4492 ἦτε

2240 4511 2309 4562 ἐκ
2332 4511 2437 4567 τοῦ
2465 4508 2631 4572 Θεοῦ,
2651 4509 2723 4560 τὰ
2744 4509 2886 4576 ἔργα
2905 4508 3001 4561 καὶ
3025 4509 3090 4561 τὸ
3113 4509 3343 4576 θέλημα
3365 4509 3470 4561 τοῦ
3495 4510 3664 4563 Θεοῦ
3681 4511 3831 4562 ἐπει-

2241 4591 2355 4644 εῐτε
2380 4591 2457 4642 ἄν
2475 4607 2489 4620 ·
2513 4589 2628 4642 νῦν
2657 4590 2722 4641 δὲ
2742 4591 2808 4644 ἐκ
2839 4590 2946 4644 τοῦ
2966 4591 3188 4658 πατρὸς
3215 4588 3381 4658 ὑμῶν
3404 4591 3554 4642 ἐστε
3581 4592 3699 4645 τοῦ
3723 4591 3832 4644 δια-

2244 4675 2446 4728 ϐόλον.
2497 4669 2630 4725 Εἰπε
2665 4674 2752 4726 τὸν
2800 4673 3058 4736 διάϐολον,
3115 4675 3207 4726 καὶ
3236 4673 3438 4734 εὐθέως
3481 4675 3712 4742 εἰσάγει
3751 4679 3832 4740 τὴν

2246 4755 2483 4824 ἱστορίαν
2511 4770 2525 4783 ·
2572 4753 2853 4819 Ἐκεῖνος,
2885 4757 3068 4824 φησὶν,
3102 4755 3617 4820 ἀνθρωποκτόνος
3643 4753 3726 4823 ἦν
3747 4754 3831 4806 ἀπ’

2241 4835 2453 4903 ἀρχῆς.
2489 4837 2599 4888 Καὶ
2633 4838 2660 4889 6
2693 4837 2790 4906 μὲν
2829 4838 3046 4906 οἰκέτης
3081 4837 3155 4897 Lb;
3189 4837 3404 4904 οἰκέτης
3438 4839 3832 4908 ἡρμήνευσεν·

2241 4920 2270 4970 6
2305 4919 2360 4970 δὲ
2392 4918 2666 4986 Δεσπότης
2698 4918 2771 4980 ώς
2801 4919 3076 4986 Δεσπότης
3110 4917 3372 4980 ἐδίδαξεν·
3405 4918 3592 4983 ἔδειξε.
3632 4922 3725 4972 τὸν
3758 4937 3834 4984 φτ·

2242 5000 2507 5052 νεύσαντα
2537 5001 2628 5052 τὸν
2671 5001 2855 5068 Ἀδάμ.
2901 5000 3013 5051 Ούκ
3064 4993 3216 5050 εἶπεν
3249 4999 3434 5061 ἁπλῶς
3467 5041 3480 5061 ,
3521 5003 3740 5064 moves;

2244 5082 2355 5133 ἀλλ’
2398 5083 2908 5146 ἀνθρωποκτόνος.
2950 5078 3026 5132 Ού
3054 5079 3158 5148 γὰρ
3194 5082 3289 5132 ’ένα
3335 5082 3587 5142 ἀνεῖλεν,
3621 5084 3757 5134 ἀλλὰ
3781 5080 3833 5132 δι’

2243 5163 2450 5214 ἐκείνου
2485 5163 2658 5214 πάντα
2693 5165 2994 5233 ἄνθρωπον.
3034 5163 3140 5215 Καὶ
3180 5163 3252 5216 ἑν
3297 5163 3370 5231 τῇ
3411 5165 3713 5231 ἀληθείᾳ,
3747 5184 3832 5234 ς’,-

2247 5247 2350 5308 σὶν,
2386 5249 2496 5313 οὐχ
2530 5245 2806 5309 ἕστηκεν,
2836 5247 2922 5298 ὅτι
2954 5249 3224 5315 ψεύστης
3247 5247 3399 5299 ἐστί.

2315 5334 2383 5394 γ’.
2403 5327 2573 5378 Βλέπε
2597 5326 2712 5388 πῶς
2736 5329 3060 5396 ἡρμήνευσε,
3081 5330 3173 5382 καὶ
3198 5331 3275 5381 δτι
3297 5325 3562 5389 διάϐολός
3593 5331 3739 5387 ἐστι.
3761 5332 3835 5378 xz':

2243 5409 2481 5478 ψεύστης
2505 5409 2636 5459 ἐστί.
2675 5410 2782 5461 Καὶ
2807 5410 2920 5471 πῶς
2948 5411 3246 5478 ἐψεύσατο;
3281 5408 3476 5464 Εἶπεν
3524 5415 3565 5464 ό
3607 5414 3747 5481 ὄφις
3775 5412 3833 5474 τιῙ

2309 5520 2330 5546 θ
2359 5517 2505 5565 SaVil.
2524 5519 2578 5589 in
2612 5531 2760 5580 marg.
2791 5536 2861 5582 γρ.
2887 5521 3048 5576 άπλῶς
3069 5524 3336 5582 προσέχειν.
3364 5521 3532 5570 Paulo
3565 5532 3684 5586 post
3725 5524 3833 5573 idm

2244 5595 2314 5639 γρι
2344 5594 2572 5647 συριγμῳ·
3229 5641 3237 5650 ,

2248 5704 2266 5712 Α
2307 5637 2334 5676 ἀ
2376 5639 2456 5712 διο
2495 5639 2645 5712 Spw}.
2700 5642 2747 5688 in
2795 5643 3045 5712 lexlul‘in
3085 5653 3310 5712 margipe
3337 5647 3540 5712 autem
3583 5649 3661 5696 ῖσ.
3705 5648 3832 5712 -ἐ-πῆὶ-

2247 5704 2312 5756 es,
2342 5712 2400 5747 ex
2423 5703 2700 5758 conjectura
2727 5713 2921 5758 nempe.
2948 5703 3082 5750 Hanc
3107 5713 3226 5750 vero
3254 5703 3536 5754 lectionem
3575 5721 3676 5758 suo
3700 5708 3833 5757 Iam

2247 5716 2312 5756 σε,
2342 5716 2400 5747 CX
2423 5716 2700 5758 εοῐῃεςωηι
2727 5716 2836 5748 nem
2876 5716 2921 5749 e.
2949 5716 2986 5750 η

2246 5762 2296 5809 iu
2321 5767 2454 5809 lexlu
2472 5761 2633 5821 posuit
2653 5716 2986 5811 Combeﬁsius.
