3976 6218
238 404 350 460 485

245 504 378 559 Cum
414 503 601 559 viderit
639 504 776 559 Deus
807 502 1135 557 fatiscentem
1160 500 1390 555 animam
1411 542 1426 566 ,
1455 501 1614 554 rebus
1634 498 1825 568 jucun-

247 595 328 649 dis
356 604 560 650 recreat
587 596 725 649 illam
752 613 763 647 :
792 595 840 649 id
865 594 1004 665 quod
1035 595 1196 648 etiam
1227 593 1366 662 apud
1396 609 1491 647 nos
1523 592 1633 645 fieri
1665 591 1820 645 solet.

248 687 401 754 Saepe
444 689 584 741 enim
624 703 689 741 ex
730 688 843 741 foro
880 687 996 757 quis
1036 697 1345 749 revertens,
1388 687 1564 740 animo
1608 684 1824 739 infinitis

247 780 566 834 mmroribus
596 795 851 847 Oppresso
880 795 1055 833 rerum
1090 779 1372 832 inviSarum
1401 786 1652 846 aspectu,
1684 775 1823 829 into-

246 870 475 925 lerandis
510 872 896 925 calamitatibus
934 880 988 924 et
1024 870 1231 925 damnis
1273 871 1568 935 cruciatus,
1609 869 1822 922 domum

247 963 544 1031 ingressus,
594 963 807 1016 infantis
850 962 1096 1016 solatium
1145 962 1380 1024 invenit,
1424 960 1823 1027 molestiamque

246 1053 485 1107 laborum
518 1063 669 1107 tener
697 1054 905 1106 animus
932 1052 1154 1107 emollit.
1186 1053 1315 1119 Quia
1343 1054 1482 1107 enim
1511 1060 1820 1105 manentem

244 1161 347 1197 non
377 1145 488 1200 adit
522 1160 653 1198 uxor
677 1143 742 1197 ad
774 1145 1041 1210 solatium,
1073 1144 1190 1214 ejus
1217 1146 1357 1198 enim
1387 1143 1681 1196 consolatio
1711 1150 1821 1195 tum

243 1236 539 1303 importuna
571 1245 747 1302 esset,
782 1237 1005 1291 famulus
1044 1250 1171 1290 vero
1198 1236 1459 1289 consolari
1494 1249 1595 1286 non
1626 1232 1816 1295 audet,

242 1327 444 1381 inducit
474 1327 613 1382 Deus
634 1329 927 1396 simplicem
956 1327 1206 1391 indolem,
1238 1327 1497 1394 inculpata
1526 1326 1820 1395 ignorantia

241 1418 538 1488 praeditam,
559 1434 653 1487 per
674 1421 942 1486 ipsamque
965 1418 1231 1472 laboribus
1253 1431 1561 1485 oppressum
1584 1414 1818 1467 animum

244 1508 372 1560 lenit
397 1520 449 1560 et
476 1508 696 1561 solatur.
733 1507 979 1561 Famulus
1010 1509 1052 1562 si
1083 1508 1333 1569 arrideat,
1367 1507 1478 1561 heri
1509 1507 1711 1573 injuriis
1744 1507 1824 1559 in-

240 1602 439 1654 sultare
467 1600 673 1654 videtur
697 1615 711 1665 ;
744 1616 875 1653 uxor
903 1600 945 1651 si
976 1600 1164 1663 rideat,
1196 1598 1402 1652 videtur
1428 1599 1572 1651 nullo
1598 1598 1818 1649 calami-

244 1691 367 1745 tatis
397 1705 556 1745 sensu
584 1690 719 1744 afﬁci
752 1709 763 1743 :
798 1690 969 1743 infans
1002 1691 1069 1743 ob
1099 1690 1471 1753 innocentiam,
1503 1704 1607 1741 non
1638 1704 1820 1756 suspe-

238 1786 342 1840 ctis
371 1784 742 1840 blandimentis
769 1784 968 1838 emollit
994 1784 1225 1837 animum
1253 1799 1264 1835 :
1294 1798 1355 1837 ac
1385 1796 1525 1850 sirpe
1555 1780 1693 1850 quod
1722 1794 1819 1834 nec

240 1874 396 1928 amici
427 1873 684 1938 consiliis,
716 1888 813 1927 nec
844 1873 1111 1942 sapientes
1142 1870 1353 1924 monitis
1383 1871 1593 1925 eflicere
1630 1879 1819 1938 potue-

240 1974 381 2025 runt,
410 1963 460 2016 id
490 1964 577 2018 ille
598 1962 817 2016 ridendo
840 1961 1025 2032 potuit,
1050 1976 1241 2029 nempe
1268 1976 1481 2014 omnem
1506 1960 1817 2013 calamitatis

237 2068 452 2120 sensum
480 2055 688 2108 sedare.
720 2053 940 2122 Jamque
971 2054 1179 2106 animus
1219 2053 1270 2105 in
1315 2053 1424 2120 ipsa
1454 2051 1503 2105 vi
1536 2051 1779 2106 maeroris
1800 2090 1813 2113 ,

237 2144 377 2197 videt
404 2146 674 2205 infantem,
703 2144 851 2197 initio
874 2143 1090 2211 respuit.
1116 2142 1436 2211 depellitque
1463 2142 1814 2210 importunam

235 2236 675 2299 consolationem,
702 2252 761 2288 ex
787 2234 1096 2288 assiduitate
1124 2242 1297 2287 tamen
1319 2232 1477 2295 cedit,
1501 2242 1553 2285 et
1576 2231 1815 2299 repetitis

234 2325 538 2392 aspectibus
561 2327 767 2379 animus
788 2325 1096 2389 attrahitur;
1122 2324 1335 2377 demum
1359 2332 1577 2392 accepto
1595 2321 1811 2389 infante,

234 2418 540 2471 mmstitiant
572 2417 818 2485 deponit,
851 2417 1026 2485 aitque
1060 2434 1071 2468 :
1106 2415 1256 2470 Hunc
1291 2414 1419 2468 mihi
1458 2414 1628 2468 solum
1674 2414 1813 2468 Deus

232 2507 473 2576 largitur,
506 2508 749 2576 nullaque
779 2506 907 2560 mihi
939 2506 1075 2559 ratio
1104 2506 1453 2573 reliquorum.

303 2599 557 2651 Animalia
600 2597 667 2649 ad
709 2596 1030 2650 recreandum
1068 2595 1316 2649 hominem
1356 2604 1493 2665 apta.
1524 2624 1596 2633 ——
1626 2592 1810 2647 Viden‘

231 2690 500 2759 quomodo
544 2704 606 2742 ex
650 2688 933 2742 levissimis
980 2687 1117 2740 Deus
1167 2687 1345 2740 animo
1392 2685 1808 2739 consolationem

231 2781 411 2834 indat?
434 2780 563 2845 Quia
592 2780 748 2849 igitur
773 2778 920 2833 solus
947 2786 1063 2832 erat
1089 2778 1257 2831 Adam
1296 2778 1346 2831 in
1389 2777 1634 2847 paradiso
1657 2817 1671 2841 ,
1704 2791 1808 2830 non

227 2874 457 2925 amicum
482 2872 700 2935 habens,
723 2885 826 2924 non
850 2870 1103 2934 vicinum,
1126 2883 1230 2922 non
1252 2878 1553 2937 cognatum,
1573 2866 1637 2920 ad
1660 2866 1808 2921 illum

226 2963 577 3017 recreandum
608 2962 809 3015 induxit
841 2961 916 3014 illi
960 2961 1098 3013 Deus
1132 2961 1416 3022 animalia;
1447 2969 1664 3026 puta,ut
1686 2969 1809 3012 sunt

227 3056 496 3125 hodieque
538 3055 781 3107 animalia
819 3053 882 3106 ad
917 3053 1227 3106 imitandum
1264 3062 1417 3120 apta,
1449 3067 1672 3119 quorum
1704 3052 1804 3103 alia

224 3156 407 3217 gestus
428 3188 441 3208 ,
474 3146 577 3199 alia
608 3159 788 3198 vocem
831 3144 1140 3207 imitantur;
1176 3143 1317 3196 verbi
1348 3157 1537 3203 causa,
1571 3142 1806 3193 imitatur

223 3240 378 3293 simia
407 3247 585 3308 gestus
612 3237 882 3291 hominum
909 3252 922 3299 ;
951 3244 1007 3289 et
1031 3235 1079 3288 id
1106 3248 1272 3304 genus
1295 3234 1395 3287 alia
1427 3250 1439 3286 :
1468 3248 1649 3287 vocem
1678 3232 1807 3301 psit-

224 3341 374 3385 tacus
418 3332 643 3399 aliaeque
680 3344 822 3383 aves.
869 3328 1063 3382 Habuit
1091 3340 1219 3395 ergo
1253 3326 1497 3379 solatium
1532 3339 1597 3377 ex
1637 3322 1804 3377 brutis

220 3425 578 3478 animantibus
599 3465 613 3489 ,
643 3424 760 3476 aliis
787 3420 1212 3484 cantillantibns,
1247 3418 1363 3472 aliis
1390 3416 1801 3471 hlandientihus.

219 3515 355 3570 Cum
388 3516 549 3568 multa
582 3514 738 3583 igitur
764 3512 1011 3565 animalia
1039 3519 1253 3575 essent,
1286 3525 1405 3578 qua;
1442 3510 1611 3577 ipsum
1642 3508 1803 3562 solari

220 3619 463 3679 possent,
485 3623 704 3677 serpens
721 3606 1093 3660 callidissimus
1113 3617 1224 3658 erat
1246 3606 1381 3658 inter
1402 3620 1587 3658 omnes
1608 3603 1805 3658 bestias

221 3712 411 3765 terrae,
453 3709 509 3752 ttt
546 3700 618 3751 ait
657 3698 923 3765 Scriptura
954 3714 968 3751 :
998 3694 1216 3763 Serpens
1253 3706 1419 3748 autem
1445 3705 1549 3749 erat
1574 3695 1805 3747 callidior

220 3790 413 3841 cunctis
439 3788 602 3841 bestiis
621 3829 635 3851 ,
662 3804 784 3855 quas
814 3791 998 3855 fecerat
1032 3785 1272 3838 Dominus
1303 3786 1439 3838 Deus
1473 3784 1619 3855 (Gen.
1646 3786 1696 3839 5.
1728 3784 1800 3851 1).

294 3880 349 3933 2.
375 3878 594 3947 Serpens
615 3879 756 3930 initio
777 3878 966 3930 amicus
989 3877 1201 3929 hominis
1222 3892 1237 3938 ;
1270 3876 1519 3945 quomodo
1536 3876 1623 3929 ille
1644 3876 1804 3927 Evam

218 3972 509 4041 alloquutus
538 3978 620 4023 sit.
643 4000 713 4009 —-
740 3970 863 4023 Erat
895 3970 1051 4038 igitur
1076 3980 1129 4023 et
1158 3968 1393 4022 imitandi
1421 3977 1474 4023 et
1500 3967 1801 4022 blandiendi

218 4073 339 4117 arte
368 4061 577 4116 exteris
601 4061 862 4129 superior.
890 4059 965 4113 Nc
987 4059 1232 4113 attendas
1263 4058 1512 4129 prtnsenti
1543 4058 1800 4127 aspectui,

218 4154 365 4225 quod
398 4169 588 4222 nempe
637 4155 807 4223 ipsum
852 4154 1112 4223 fugiamus
1141 4164 1195 4207 et
1238 4152 1551 4207 horreamus
1584 4170 1599 4207 :
1626 4152 1692 4206 ab
1722 4152 1805 4204 in-

219 4250 320 4305 itio
358 4249 436 4303 sic
475 4263 580 4301 non
618 4258 749 4301 erat.
786 4248 1001 4301 Amicus
1046 4256 1158 4300 erat
1199 4260 1419 4314 serpens
1444 4255 1495 4299 et
1534 4244 1803 4298 blanditiis

220 4339 571 4409 propinquus.
602 4338 730 4406 Quis
753 4352 880 4406 ergo
906 4337 1049 4390 illum
1079 4337 1347 4389 inimicum
1382 4334 1538 4389 fecit?
1563 4336 1652 4389 Dei
1681 4349 1804 4387 sen-

220 4432 389 4484 tentia
421 4448 435 4483 :
467 4429 769 4483 Maledictus
791 4429 928 4482 enim
955 4438 1005 4479 tu
1033 4444 1137 4493 pra:
1158 4428 1386 4479 omnibus
1410 4426 1593 4480 bestiis.
1625 4424 1804 4477 Inimi-

218 4525 397 4578 citiam
419 4538 605 4588 ponam
630 4523 757 4574 inter
784 4529 830 4573 te
854 4529 896 4573 et
920 4520 1174 4573 mulierem
1202 4516 1350 4580 (Gen.
1378 4520 1427 4572 5.
1455 4518 1537 4571 14.
1568 4518 1675 4585 15).
1704 4515 1804 4569 Ini-

222 4612 425 4665 ntieitia
455 4610 541 4663 illa
572 4609 856 4663 amicitiam
881 4608 1056 4661 solvit.
1076 4607 1373 4660 Amicitiam
1404 4607 1542 4673 dico,
1564 4622 1666 4659 non
1688 4621 1803 4674 qua:

221 4704 433 4759 ratione
454 4702 694 4763 ducatur,
720 4700 811 4755 sed
838 4717 955 4769 qua:
985 4700 1154 4754 bruta:
1170 4700 1452 4753 animantis
1468 4700 1801 4767 cognitione;

223 4804 282 4849 ut
330 4792 595 4862 hodieque
634 4791 866 4845 ostendit
900 4792 1047 4844 canis
1086 4792 1332 4843 amicitia:
1380 4791 1649 4856 speciem,
1699 4806 1802 4841 non

221 4886 453 4947 ratione,
484 4883 576 4936 sed
627 4882 847 4935 naturali
893 4891 1036 4935 motu
1074 4902 1086 4935 :
1114 4884 1191 4934 sic
1219 4894 1272 4934 et
1301 4895 1521 4946 serpens
1570 4878 1806 4931 blandic-

223 4977 385 5029 batur
414 4973 631 5027 homini.
664 4972 732 5027 Ut
757 4988 884 5039 ergo
909 4973 995 5041 qui
1020 4971 1237 5023 multam
1270 4970 1675 5022 familiaritatem
1710 4967 1802 5020 ha-

224 5070 403 5128 beret,
432 5066 574 5119 visus
599 5074 681 5118 est
703 5064 912 5117 diabolo
939 5078 1058 5117 esse
1092 5063 1342 5116 idoneum
1373 5062 1801 5113 instrumentum.

226 5156 431 5208 V'itlens
477 5153 637 5223 igitur
676 5154 935 5205 Adamum
982 5163 1230 5220 serpente
1278 5149 1547 5210 delectari,
1590 5164 1807 5216 serpen-

228 5261 338 5302 tem
384 5246 456 5299 illi
498 5244 791 5298 abbiandiri
818 5284 830 5305 ,
874 5244 1143 5311 multaque
1191 5259 1254 5297 ex
1290 5243 1533 5295 humanis
1575 5242 1803 5304 imitari,

228 5338 548 5406 excogitavit
593 5336 715 5389 mali
756 5334 972 5398 artifex,
1017 5345 1075 5387 ut
1133 5334 1204 5388 illi
1252 5338 1340 5403 qui
1380 5333 1530 5386 dolos
1572 5342 1805 5394 nectunt,

228 5430 428 5499 quique
460 5444 553 5496 per
581 5427 792 5497 propria
832 5426 1089 5494 cujusque
1131 5426 1389 5493 adrepunt
1422 5444 1434 5477 :
1465 5441 1621 5479 nemo
1666 5426 1805 5478 enim

230 5533 329 5588 per
359 5525 633 5579 extranea,
665 5515 758 5569 sed
803 5530 899 5583 per
930 5515 1137 5584 propria
1168 5530 1255 5568 res
1304 5515 1434 5569 tales
1481 5515 1720 5573 conficit;
1755 5531 1808 5567 u;

228 5608 307 5661 ait
326 5607 574 5661 Servator
593 5623 606 5659 :
627 5604 828 5657 Inimici
850 5604 1063 5658 hominis
1084 5605 1341 5658 domestici
1366 5608 1471 5674 ejus
1489 5606 1698 5678 (Matth.
1722 5606 1808 5663 l0.

228 5696 336 5769 36).
352 5696 607 5767 Loquitur
620 5710 745 5766 ergo
761 5711 855 5765 per
868 5706 1164 5766 serpentem
1179 5697 1355 5753 fucum
1374 5698 1571 5757 faciens
1583 5702 1804 5757 Adamo.

228 5789 380 5859 Rogo
402 5797 630 5843 vestram
658 5788 970 5858 caritatem,
1008 5804 1075 5845 ne
1103 5788 1459 5859 perfunctorie
1499 5798 1800 5851 attendatis.

1275 387 1359 441 DE
1397 385 1609 441 MUNDI
1647 378 2039 439 CREATIONE
2079 382 2333 440 ORATIO
2371 384 2456 439 Vl.

3399 409 3516 465 486

1931 496 2045 551 Non
2069 498 2197 552 levis
2223 507 2302 554 est
2332 500 2576 570 (ιυίεειὶο,
2599 502 2865 571 quomodo
2887 517 3107 571 serpens
3136 504 3384 574 loquutus
3410 507 3509 571 sit,

1931 602 1999 640 an
2044 587 2271 642 humana
2317 606 2467 655 voce,
2512 606 2576 644 an
2610 594 2871 661 serpentis
2920 594 3097 660 sibilo,
3149 596 3508 666 intellexitque

1932 679 2060 733 Eva.
2102 681 2268 734 Adam
2301 693 2425 737 ante
2452 685 2925 755 transgressionem
2942 687 3129 757 plenus
3154 699 3270 743 erat
3298 692 3504 759 sapien-

1933 767 2022 833 tia,
2053 769 2418 839 intelligentia,
2447 787 2509 826 ac
2539 774 2833 843 prophetia.
2876 774 3058 845 Cogita
3085 788 3278 846 quanta
3313 780 3506 848 pra-di-

1932 868 2014 913 tus
2054 871 2196 916 esset
2245 865 2523 932 sapientia,
2556 867 2643 935 qui
2697 877 2871 935 posset
2922 884 3056 923 unus
3099 871 3244 924 nullo
3292 872 3508 926 homine

1930 950 2167 1018 doctore,
2203 956 2414 1007 nomina
2446 957 2719 1024 imponere
2747 959 3063 1025 volatilibus,
3098 962 3395 1030 reptilibus,
3428 962 3505 1016 fe-

1930 1043 2023 1109 ris,
2058 1060 2159 1097 uno
2196 1046 2359 1100 verbo
2404 1049 2667 1103 omnibus.
2699 1048 2753 1102 ln
2782 1060 2960 1105 mente
3006 1062 3089 1106 tua
3124 1053 3350 1124 depinge
3384 1070 3508 1123 spc-

1927 1136 2057 1200 cies,
2086 1153 2313 1207 genera;
2355 1148 2513 1207 utque
2556 1142 2869 1209 Compendio
2894 1143 3090 1208 dicam,
3122 1154 3196 1198 tot
3231 1146 3501 1215 imposuit,

1926 1239 2055 1297 quot
2084 1228 2241 1283 hodie
2273 1246 2369 1284 nos
2394 1241 2510 1299 post
2540 1236 2919 1300 experientiam
2962 1252 3067 1290 non
3119 1254 3396 1306 possumus
3420 1256 3500 1294 re-

1927 1321 2122 1375 colere.
2155 1321 2378 1389 Quando
2417 1325 2571 1393 igitur
2602 1327 2738 1380 Deus
2763 1322 2954 1381 obtulit
2995 1331 3245 1385 animalia
3275 1332 3496 1398 homini,

1927 1413 2015 1467 ille
2042 1422 2103 1467 ut
2146 1416 2357 1483 sapiens
2380 1432 2440 1469 ac
2483 1418 2571 1470 Dei
2617 1419 2860 1487 spiritum
2908 1420 3129 1487 habens,
3171 1423 3499 1492 singulorum

1926 1506 2306 1571 proprietatem
2336 1507 2563 1560 videbat.
2612 1509 2998 1563 Animadvertit
3026 1527 3151 1566 vero
3198 1523 3497 1583 serpentem

1924 1594 2256 1649 solertiorem
2300 1612 2441 1660 esse,
2488 1613 2646 1652 sensu
2696 1600 2913 1667 pollere,
2965 1618 3029 1655 cx
3075 1604 3287 1658 nutibus
3326 1615 3501 1659 motus

1923 1684 2083 1738 animi
2115 1687 2403 1755 percipere.
2444 1687 2576 1741 Cum
2607 1691 2683 1742 sic
2727 1690 2892 1744 Adam
2920 1706 2976 1745 se
3004 1692 3241 1759 haberet,
3276 1710 3499 1764 perpen-

1922 1776 1999 1829 dit
2023 1776 2263 1833 diabolus
2291 1788 2345 1833 et
2380 1784 2642 1849 serpentis
2682 1786 2947 1848 astutiam,
2979 1793 3031 1838 et
3057 1786 3244 1840 Adatni
3288 1789 3498 1856 opinio-

1923 1884 2043 1922 nem
2075 1889 2087 1923 :
2117 1872 2332 1939 putabat
2379 1875 2519 1927 enim
2569 1885 2871 1944 serpentem
2917 1878 3167 1932 solertem
3212 1896 3347 1935 esse.
3398 1882 3500 1937 Per

1923 1960 2069 2013 illum
2098 1978 2225 2031 ergo
2256 1962 2505 2032 loquitur,
2534 1976 2589 2019 ut
2620 1969 2977 2034 suspicaretur
3002 1970 3168 2023 Adam
3197 1980 3495 2039 serpentem

1921 2068 2038 2107 cum
2062 2069 2215 2124 sagax
2235 2067 2394 2121 esset,
2413 2058 2513 2112 hoc
2536 2060 2846 2125 praestitisse
2869 2071 2987 2114 utet
3004 2061 3283 2116 humanam
3312 2080 3493 2119 vocem

1922 2146 2237 2201 imitaretur.
2270 2150 2482 2203 Accedit
2512 2166 2635 2219 ergo
2662 2166 2904 2221 serpens.
2946 2154 3213 2223 Nusquam
3242 2170 3365 2209 vero
3396 2156 3495 2211 hoc

1921 2237 2189 2307 Scriptura
2231 2240 2382 2303 dixit,
2412 2241 2678 2296 diabolum
2725 2260 2914 2312 nempe
2942 2246 2992 2299 in
3021 2258 3267 2315 serpente
3310 2248 3498 2317 loquu-

1920 2340 2025 2382 tnm
2053 2346 2191 2393 esse.
2216 2331 2309 2385 sed
2329 2344 2383 2387 et
2405 2332 2612 2404 Moyses
2643 2337 2949 2404 simpliciter
2975 2353 3083 2390 rem
3112 2350 3311 2407 gestam
3333 2354 3492 2393 enar-

1918 2422 2069 2475 ravit.
2119 2423 2436 2492 Diligenter,
2483 2442 2698 2493 quaeso,
2743 2427 3120 2481 animadverte.
3166 2428 3357 2483 Paulus
3401 2431 3491 2498 qui

1916 2516 2179 2569 secundus
2208 2516 2256 2567 in
2288 2518 2527 2585 paradiso
2555 2517 2668 2581 fuit,
2697 2533 2793 2572 nec
2828 2520 2927 2587 ipsi
2950 2520 3143 2572 dictum
3186 2521 3489 2588 explicavit,

1915 2605 2005 2658 sed
2036 2606 2109 2658 ait
2144 2623 2154 2657 :
2190 2605 2445 2673 Despondi
2476 2624 2557 2660 vos
2589 2609 2675 2660 uni
2699 2608 2801 2660 viro
2841 2609 3078 2677 virginem
3105 2620 3313 2673 castam,
3345 2612 3487 2664 exhi-

1915 2696 2026 2748 bere
2051 2695 2266 2748 Christo.
2291 2695 2458 2749 Timeo
2479 2707 2664 2761 autem,
2686 2714 2747 2749 ne
2773 2698 2897 2750 sicut
2927 2714 3125 2767 serpens
3155 2698 3311 2752 Evam
3339 2701 3489 2754 sedu-

1912 2786 1986 2837 xit
2016 2785 2066 2838 in
2088 2787 2269 2838 astutia
2290 2803 2382 2837 sua
2411 2786 2484 2855 (9..
2505 2787 2621 2841 Cor.
2643 2788 2726 2841 11.
2744 2788 2797 2840 2.
2819 2788 2871 2856 5)
2898 2807 2909 2841 :
2936 2805 3030 2842 nec
3053 2789 3203 2849 dixit,
3233 2790 3281 2843 id
3299 2791 3483 2845 diabo-

1916 2876 2021 2929 lum
2044 2875 2248 2930 fecisse.
2271 2877 2463 2931 Fidelis
2486 2879 2872 2946 Scripturarutn
2896 2890 3072 2933 custos
3095 2891 3227 2946 erat,
3250 2882 3486 2953 Scriptu-

1912 2981 2089 3021 rarum
2134 2966 2394 3034 minister,
2426 2967 2815 3038 Scripturarum
2862 2970 3066 3035 doetor,
3094 2971 3483 3039 Scripturarutn

1912 3059 2191 3126 interpres.
2213 3058 2388 3111 Noluit
2415 3059 2609 3110 dictum
2635 3061 2860 3123 solvere,
2897 3076 2960 3112 ne
2982 3059 3369 3128 Scripturarum
3400 3079 3485 3114 or-

1909 3146 2087 3201 dinem
2134 3149 2393 3211 solveret;
2438 3148 2530 3201 sed
2580 3150 2838 3200 sententia
2887 3150 3041 3201 solvit
3089 3154 3479 3218 qtnestionem:

1912 3235 2101 3299 Timeo,
2129 3240 2314 3306 inquit,
2346 3254 2405 3290 ne
2433 3240 2557 3291 sicut
2583 3255 2783 3303 serpens
2816 3238 2969 3290 Evam
2995 3240 3188 3293 seduxit
3216 3242 3267 3293 in
3299 3244 3483 3295 astutia

1907 3345 2019 3392 sua,
2039 3331 2109 3382 sic
2126 3340 2511 3398 corrumpantur
2529 3346 2697 3382 sensus
2712 3332 2877 3383 vestri.
2901 3330 2986 3385 Sic
3007 3334 3339 3399 ;quomodo'f
3356 3350 3481 3388 num

1910 3419 2172 3474 metuebat
2193 3419 2407 3484 Paulus,
2433 3435 2498 3474 ne
2524 3434 2730 3473 rursum
2754 3435 2971 3489 serpens
2994 3424 3216 3485 veniret,
3241 3439 3300 3476 ac
3321 3440 3481 3493 quos-

1908 3513 2028 3565 dam
2051 3512 2637 3578 seduceret?At,Novi,
2658 3513 2854 3582 inquit,
2876 3514 3019 3567 illum
3046 3525 3347 3583 serpentem
3376 3531 3481 3571 non

1907 3620 2181 3674 apparere,
2204 3605 2294 3659 sed
2315 3614 2531 3674 apparet
2556 3604 2599 3657 is
2620 3608 2705 3673 qui
2727 3604 2775 3657 in
2804 3605 2894 3657 illo
2911 3614 3157 3673 operatus
3177 3615 3276 3659 est.
3308 3607 3479 3662 Cmteo

1910 3712 2021 3749 rum
2047 3697 2255 3759 Paulus,
2274 3708 2327 3749 ut
2345 3695 2513 3749 ﬁdelis
2536 3697 2793 3759 minister,
2818 3707 2869 3749 et
2891 3710 3158 3749 sacrarum
3178 3696 3478 3767 Scriptura-

1907 3804 2024 3841 rnm
2046 3800 2243 3852 custos,
2264 3788 2459 3841 dictum
2485 3802 2587 3840 non
2616 3788 2847 3849 invertit,
2872 3787 2964 3841 sed
3002 3789 3317 3842 sententiam
3338 3789 3477 3842 indi-

1906 3879 2077 3931 cavit:
2104 3880 2214 3946 ipse
2237 3894 2360 3930 Vero
2385 3888 2639 3937 veterum,
2664 3892 2940 3937 novorum,
2966 3877 3363 3949 futurorumque
3386 3881 3481 3933 Do-

1909 3969 2103 4031 minus,
2126 3968 2470 4035 qutestionem
2491 3964 2686 4032 liquido
2704 3966 2876 4027 solvit,
2906 3980 2971 4018 ne
2992 3967 3108 4033 quis
3132 3981 3399 4035 peccatum
3426 3970 3475 4021 in

1906 4067 2205 4126 serpentem
2230 4055 2442 4118 referat,
2465 4054 2555 4107 sed
2574 4054 2621 4106 in
2642 4069 2761 4107 eum
2784 4055 2871 4122 qui
2897 4055 2946 4107 itt
2972 4054 3083 4121 ipso
3106 4065 3352 4123 operatus
3373 4068 3471 4110 est.

1908 4150 1995 4202 Ait
2036 4149 2209 4217 itaque
2248 4147 2491 4200 Christus
2532 4144 2728 4198 Judteis
2757 4160 2875 4197 cunt
2916 4144 3151 4198 dicerent
3178 4146 3246 4210 ei,
3282 4144 3391 4199 Nos
3418 4164 3479 4200 ca:

1908 4239 2014 4292 Deo
2042 4254 2211 4291 sumus
2244 4254 2261 4289 .·
2286 4236 2343 4289 Si
2367 4253 2427 4288 ea;
2470 4235 2572 4287 Deo
2601 4236 2786 4299 essetis,
2819 4234 2913 4287 Dei
2940 4235 3104 4304 utique
3138 4252 3287 4304 opera
3314 4253 3371 4288 ac
3394 4254 3479 4289 vo-

1908 4332 2145 4383 luntatem
2166 4330 2271 4397 ejus
2296 4328 2544 4398 faceretis.
2563 4325 2711 4379 Nunc
2737 4343 2849 4379 vero
2867 4343 2928 4380 ex
2953 4338 3093 4395 patre
3110 4338 3265 4379 vestro
3283 4328 3480 4380 diabolo

1906 4425 2043 4475 estis.
2070 4421 2209 4474 Dixit
2257 4419 2546 4482 diabolum,
2579 4428 2633 4471 et
2684 4418 2859 4470 statim
2912 4418 3185 4471 historiam
3236 4418 3477 4471 inducit:

1906 4510 2033 4572 Ille,
2062 4512 2246 4579 inquit,
2273 4510 2522 4564 homicida
2548 4520 2652 4561 erat
2680 4510 2739 4560 ab
2782 4509 2943 4560 initio.
2979 4510 3173 4562 Servus
3201 4518 3257 4560 ttt
3295 4525 3483 4562 servus

1908 4604 2279 4670 interpretatus
2302 4611 2410 4665 est;
2446 4602 2697 4655 Dominus
2714 4610 2886 4653 autent
2911 4611 2965 4653 ut
2991 4601 3239 4675 Dominus
3265 4602 3439 4653 docuit
3463 4617 3475 4652 :

1907 4697 2139 4750 ostendit
2177 4712 2294 4749 eum
2324 4696 2408 4763 qui
2454 4695 2709 4748 Adamum
2740 4692 3023 4745 occiderat.
3054 4690 3167 4743 Non
3204 4688 3341 4742 dixit
3368 4699 3483 4743 tan-

1910 4801 2019 4843 tum
2064 4788 2475 4851 interfectorem,
2503 4789 2594 4841 sed
2643 4784 2976 4837 homicidam.
3010 4782 3121 4837 Non
3149 4784 3287 4835 cnim
3320 4799 3483 4839 unum

1909 4889 2110 4931 tantum
2159 4878 2350 4929 occidit
2374 4918 2387 4938 ,
2420 4876 2508 4928 sed
2536 4890 2625 4940 per
2667 4874 2806 4925 illum
2839 4886 3022 4923 omnes
3054 4871 3310 4925 homines.
3342 4871 3406 4924 Et
3433 4875 3483 4925 in

1908 4972 2128 5027 veritate,
2174 4968 2359 5034 inquit,
2388 4982 2483 5015 non
2508 4964 2635 5014 stetit
2660 4980 2675 5013 :
2703 4964 2820 5033 quia
2850 4962 3065 5013 mendax
3092 4972 3161 5014 est
3194 4964 3210 5031 (
3242 4961 3395 5017 Joan.
3428 4965 3481 5017 8.

1907 5062 1994 5113 tt.
2028 5059 2115 5112 te.
2144 5057 2255 5125 tt).

1980 5151 2033 5203 5.
2076 5149 2295 5215 Serpens
2324 5146 2582 5197 mulierem
2609 5145 2868 5213 alloquens
2894 5145 3125 5196 mentitus
3148 5153 3236 5196 est.
3260 5173 3330 5182 —-
3352 5143 3483 5197 Vide

1910 5241 2177 5311 quomodo
2223 5242 2593 5305 interpretatus
2632 5248 2712 5288 est
2754 5246 2807 5289 et
2851 5234 2991 5304 quod
3038 5234 3107 5287 sit
3147 5234 3409 5298 diabolus,
3436 5245 3488 5286 et

1912 5334 2049 5403 quod
2074 5334 2141 5386 sit
2182 5331 2423 5383 mendax.
2467 5329 2745 5395 Quomodo
2776 5328 3025 5381 mentitus
3054 5326 3171 5380 est?
3223 5326 3361 5379 Dixit
3383 5343 3486 5378 ser-

1913 5442 2033 5495 pens
2071 5423 2265 5474 mulieri
2299 5438 2315 5473 :
2344 5420 2442 5473 Cur
2485 5419 2719 5487 praecepit
2761 5418 2895 5469 vobis
2939 5417 3096 5482 Deus,
3150 5426 3202 5469 ut
3227 5433 3323 5468 non
3354 5432 3486 5467 com-

1914 5514 2111 5567 ederitis
2142 5514 2201 5564 de
2230 5512 2364 5563 omni
2403 5513 2537 5579 ligno
2562 5510 2708 5582 (Gen.
2736 5512 2787 5564 ὅ.
2831 5509 2909 5578 l)?
2932 5509 3119 5562 Vidisti
3144 5508 3487 5560 mendacem?

1915 5608 2129 5660 Dixerat
2174 5605 2311 5659 Deus
2342 5621 2354 5656 :
2392 5604 2462 5658 De
2507 5605 2648 5657 omni
2691 5603 2831 5671 ligno
2858 5600 3137 5662 comedite,
3167 5599 3231 5650 de
3259 5613 3362 5649 uno
3390 5613 3487 5648 au-

1914 5709 2020 5756 tem
2048 5713 2112 5752 ne
2140 5698 2463 5761 comedatis;
2518 5696 2749 5749 mendax
2792 5695 2880 5748 ille
2905 5696 2976 5745 ait
3006 5710 3017 5742 :
3047 5692 3150 5743 Cur
3180 5689 3309 5741 dixit
3339 5688 3488 5742 vobis

1918 5797 2077 5861 Dens,
2106 5803 2163 5848 ut
2194 5792 2260 5849 de
2288 5791 2429 5845 omni
2462 5789 2602 5855 ligno
2627 5803 2690 5841 ne
2717 5782 3046 5844 comedatis?
3088 5780 3200 5835 Non
3243 5779 3491 5834 mentitur
