3976 6218
460 367 575 425 487

457 473 654 530 Christi
703 484 836 526 vox:
881 467 980 522 Ille
1008 464 1228 520 mendax
1251 471 1343 517 est.
1379 460 1626 515 Mentitus
1652 465 1734 511 est
1763 467 1964 518 autem,
1997 463 2051 507 et

457 566 671 637 quidem
700 564 950 634 graviter.
981 559 1113 615 Cum
1142 558 1260 628 quis
1291 555 1432 610 enim
1459 552 1644 606 dolose
1674 548 1872 618 aliquid
1899 548 2048 600 moli-

463 669 568 723 tur,
615 667 706 710 aut
750 653 1121 710 necessitatem
1166 648 1402 713 simulat,
1449 655 1537 700 aut
1575 641 1951 713 ignorantiam,
1993 647 2064 691 ut~

459 765 566 805 non
615 755 916 819 suspectam
965 743 1177 798 inducat
1225 740 1571 810 pravitatem;
1621 750 1684 787 ac
1723 733 1765 785 si
1814 731 2045 791 diceret,

456 843 571 897 Non
605 842 749 907 novi,
791 837 951 893 nulla:
993 847 1116 891 sunt
1144 833 1378 886 insidiae:
1424 826 1647 896 simplici
1691 824 1872 874 animo
1902 820 2042 884 veni,

457 935 588 990 nihil
628 935 756 987 scio.
808 928 998 984 Nonne
1042 925 1328 978 ntultorum
1375 919 1553 973 talium
1603 915 1802 970 fecistis
1844 913 2049 980 pericu—

455 1026 606 1083 lum?
631 1043 697 1080 an
730 1025 1031 1093 ignoramus
1052 1018 1176 1072 dolo
1199 1015 1456 1068 utentium
1490 1009 1688 1078 opera?
1723 1021 1900 1060 nonne
1926 1004 2044 1056 talia

454 1126 738 1179 consuunl,
773 1125 826 1168 et
860 1110 1207 1182 ignorantiam
1243 1103 1570 1177 przrtexunt?
1595 1101 1683 1156 Sic
1703 1109 1756 1154 et
1780 1097 2041 1152 diabolus.

456 1213 584 1274 Cur,
612 1209 804 1279 inquit,
829 1205 961 1259 dixit
979 1203 1130 1257 vobis
1154 1201 1292 1254 Deus
1310 1200 1332 1250 ?
1353 1196 1483 1250 Male
1501 1204 1554 1248 et
1584 1206 1832 1261 perverse
1847 1188 2040 1251 audivi,

456 1312 510 1356 nt
539 1317 646 1356 non
676 1295 1028 1354 contoderetis
1057 1293 1123 1347 de
1153 1289 1297 1344 omni
1349 1288 1509 1358 ligno.
1559 1283 1884 1337 Existimans
1924 1294 2044 1332 mu—

456 1393 556 1448 iier
587 1391 635 1446 id
665 1387 1017 1460 ignorantiam
1047 1397 1188 1446 esse,
1213 1392 1514 1436 sermonem
1543 1374 1778 1442 corrigit.
1804 1371 1918 1426 Non
1950 1371 2041 1433 ita,

457 1483 665 1551 inquit,
716 1480 964 1548 loquutus
1008 1483 1133 1528 est:
1164 1488 1270 1526 tton
1302 1470 1434 1523 dixit
1478 1467 1635 1528 Dens,
1668 1474 1723 1517 ut
1751 1478 1854 1516 non
1901 1476 2046 1514 com-

454 1576 738 1632 cderemus
759 1572 824 1625 de
852 1569 994 1624 omni
1015 1568 1184 1636 ligno;
1207 1564 1300 1618 sed
1322 1561 1387 1615 de
1412 1559 1556 1613 omni
1585 1553 2046 1626 permisit,abuno

454 1668 760 1728 interdixit;
812 1661 944 1717 dixit
986 1660 1128 1714 enim
1172 1656 1326 1711 nobis
1362 1673 1374 1708 :
1405 1652 1483 1707 Ne
1513 1648 1824 1706 comedatis,
1852 1655 1907 1698 ιιι
1937 1658 2042 1698 non

457 1757 776 1816 moriamini.
812 1757 968 1808 Visus
994 1762 1074 1807 est
1099 1751 1277 1804 dicere
1307 1743 1447 1816 quod
1482 1741 1753 1798 nesciebat
1781 1737 1926 1806 :jam
1955 1749 2045 1816 su-

453 1854 620 1924 spicio
651 1866 754 1905 non
799 1855 934 1913 erat,
963 1843 1104 1914 quod
1153 1839 1528 1898 insidiaretur;
1577 1832 1756 1900 aitque
1785 1829 1859 1882 illi
1893 1845 1906 1880 :
1939 1815 2044 1879 Ne-

453 1917 704 2012 quaquam
729 1948 889 1992 morte
927 1932 1212 1990 moriemini
1241 1927 1391 2000 (Gen.
1423 1927 1475 1978 3.
1499 1922 1574 1994 ι).
1612 1923 1691 1976 En
1719 1917 1861 1974 aliud
1893 1931 2045 1971 men-

455 2011 690 2091 dacium.
735 2032 843 2086 Deo
871 2041 1100 2097 namque
1129 2023 1359 2085 dicente,
1389 2017 1453 2071 In
1478 2028 1788 2087 quacumque
1809 2011 1892 2062 die
1909 2024 2047 2060 cont-

456 2127 680 2191 ederitis,
704 2133 862 2176 morte
881 2116 1187 2181 moriemini,
1213 2115 1286 2167 ait
1305 2110 1574 2166 diabolus:
1595 2104 1926 2174 Nequaquam
1938 2115 2047 2152 mo-

453 2219 654 2275 riemini
670 2233 688 2281 ;
714 2218 904 2271 iterum
937 2211 1192 2268 mentitus
1215 2217 1315 2261 est.
1353 2202 1556 2259 Sciebat
1587 2200 1717 2252 enim
1746 2197 1900 2256 Deus,
1929 2191 2044 2261 quia

453 2332 553 2384 qua
580 2313 659 2366 die
681 2307 1018 2371 comederitis,
1049 2303 1185 2358 eritis
1209 2301 1336 2353 sicut
1357 2297 1446 2349 dii.
1474 2295 1553 2347 En
1585 2291 1798 2346 tertium
1825 2284 2045 2341 menda-

457 2382 620 2462 cium.
650 2402 784 2457 V’ide
808 2399 1049 2455 dolosam
1087 2391 1283 2449 diaboli
1313 2387 1622 2457 nequitiam.
1654 2382 1771 2437 Jam
1819 2393 2044 2450 prteme-

455 2497 656 2550 ditatnr
681 2505 918 2548 errorem
948 2485 1146 2541 mundo
1174 2480 1543 2537 disseminarc.
1570 2476 1634 2528 Et
1659 2472 1780 2542 quia
1806 2471 2042 2531 molitur,

458 2597 517 2642 ut
543 2586 680 2649 dixi,
728 2584 905 2652 plures
953 2579 1084 2633 deos
1126 2578 1176 2629 in
1220 2573 1351 2628 orbe
1399 2569 1654 2628 excitare,
1705 2569 2046 2618 antevertens

456 2679 683 2751 quadam
725 2673 1044 2730 narrationis
1088 2669 1286 2738 specie,
1313 2663 1542 2734 plurium
1584 2660 1808 2714 deorum
1834 2653 2046 2722 opinio-

457 2787 579 2827 nem
610 2772 662 2824 in
690 2769 906 2823 auribus
937 2763 1175 2818 mulieris
1207 2756 1451 2812 inseruit.
1482 2754 1571 2808 Sic
1595 2761 1741 2805 certe
1769 2746 1894 2799 mali
1919 2743 2046 2797 arti-

458 2867 542 2920 fex
571 2863 796 2934 plurium
819 2859 1038 2915 deorum
1062 2853 1432 2924 cogitationem
1467 2846 1613 2916 prius
1635 2841 1842 2895 invexit
1867 2857 1878 2890 :
1905 2836 2046 2890 Deus

457 2971 589 3014 vero
614 2952 946 3025 prtescientia
976 2963 1068 3004 sua
1097 2947 1147 3000 id
1174 2942 1397 3006 curavit,
1447 2948 1503 2993 ut
1531 2937 1736 2992 futurus
1762 2947 1914 2988 error
1939 2945 2045 2983 non

459 3049 696 3105 humano
721 3061 815 3100 ore
853 3041 1202 3114 proferretur,
1237 3051 1304 3090 ne
1329 3033 1501 3104 prima
1532 3029 1756 3099 loqueltn
1801 3024 2049 3077 humanas

459 3158 562 3197 vox
602 3140 731 3195 deos
775 3141 1243 3194 cmnmemoraret,
1275 3127 1368 3183 sed
1407 3141 1509 3178 vox
1543 3126 1709 3192 prima
1760 3115 2046 3186 serpentis,

461 3244 519 3289 ut
546 3249 607 3289 os
626 3245 784 3286 omne
809 3228 875 3283 de
905 3226 1058 3282 idolis
1084 3225 1307 3294 loquens
1327 3219 1399 3274 illi
1429 3217 1602 3272 simile
1624 3221 1784 3266 esset.
1806 3208 1928 3265 Scio
1953 3220 2050 3260 Vos

461 3325 585 3380 huic
608 3324 722 3380 voci
756 3334 995 3390 parcere,
1027 3325 1081 3372 et
1104 3323 1344 3369 sanctam
1392 3311 1785 3377 Scripturarum
1814 3309 2048 3355 mentem

461 3417 718 3487 arripere.
774 3411 940 3468 Nemo
971 3410 1129 3479 igitur
1170 3406 1318 3460 vocis
1359 3414 1606 3474 pompam
1635 3394 1904 3456 attendat;
1953 3390 2047 3444 sed

461 3509 847 3566 sententiarum
873 3505 1144 3558 virtutem.

531 3601 670 3655 Deus
695 3615 795 3653 non
822 3597 1074 3668 prohibuit
1103 3591 1358 3646 scientiam
1382 3587 1498 3640 boni
1519 3602 1536 3650 ,'
1557 3584 1717 3636 Adam
1740 3589 1855 3633 ante
1883 3593 2050 3648 pecca-

462 3705 569 3748 tum
596 3693 855 3747 scientiam
884 3689 999 3741 boni
1031 3685 1261 3739 habebat.
1288 3711 1360 3721 —
1383 3679 1583 3734 Sciebat
1617 3679 1750 3730 enim
1780 3674 1937 3737 Deus,
1971 3672 2050 3725 itt-

461 3787 609 3856 quit,
635 3782 771 3857 quod
793 3793 1104 3852 quacumque
1133 3777 1213 3829 die
1239 3772 1555 3828 comederitis
1573 3811 1587 3835 ,
1611 3770 1750 3824 eritis
1788 3768 1914 3819 sicut
1938 3764 2009 3816 dii
2034 3804 2048 3828 ,

464 3881 675 3933 scientes
719 3875 901 3928 bonum
940 3885 989 3925 et
1018 3869 1233 3923 malum.
1275 3867 1438 3920 Aiunt
1473 3865 1640 3926 multi,
1681 3860 2052 3932 prmcipuequc

464 3973 522 4036 ii,
553 3969 641 4042 qui
672 3968 781 4022 Deo
802 3964 1073 4021 inimicum
1103 3957 1451 4030 Porphyrium
1486 3964 1801 4022 sequuntur,
1834 3944 1925 4018 q'ui
1953 3948 2050 4001 ad-

467 4041 654 4119 versus
682 4058 1015 4116 Christianos
1065 4053 1313 4121 scripsit,
1347 4049 1649 4117 multosque
1682 4061 1710 4098 a
1745 4044 1920 4098 divina
1949 4041 2053 4095 fide

467 4155 684 4211 abduxit
715 4170 730 4219 ;
761 4153 929 4215 aiunt,
960 4150 1176 4218 inquam
1207 4163 1218 4198 :
1249 4147 1353 4200 Cur
1386 4144 1525 4197 Deus
1547 4140 1823 4194 scientiam
1850 4137 1974 4191 boni
2000 4145 2056 4189 ct

467 4250 592 4305 mali
619 4245 887 4319 prohibuit
913 4244 936 4298 ἲ
967 4241 1118 4306 Esto,
1151 4239 1348 4293 malum
1373 4234 1699 4307 prohibuerit
1730 4249 1744 4296 ;
1776 4245 1872 4286 cur
1891 4228 2052 4282 etiam

467 4345 665 4399 bonum
684 4340 708 4395 ?
728 4339 858 4393 Cum
886 4337 959 4389 ait
982 4335 1123 4389 enim
1157 4350 1170 4385 :
1203 4331 1281 4386 De
1309 4331 1445 4400 ligno
1471 4327 1690 4381 scientia:
1712 4323 1830 4377 boni
1862 4334 1904 4376 et
1934 4319 2056 4373 muti

469 4449 531 4486 ne
572 4430 846 4485 comedatis
870 4467 884 4493 ,
912 4424 1191 4496 prohibet,
1218 4423 1362 4475 aiunt
1387 4461 1403 4486 ,
1436 4434 1502 4473 ne
1533 4417 1665 4471 sciat
1695 4415 1890 4468 malum
1919 4430 1930 4463 :
1961 4425 2057 4465 cur

468 4524 628 4579 etiam
659 4522 856 4576 bonum
887 4517 912 4572 ?
954 4517 1181 4585 Semper
1215 4513 1415 4568 malitia
1452 4518 1638 4564 contra
1683 4508 1914 4573 seipsam
1940 4518 2054 4556 ma-

468 4615 732 4675 chinatur,
763 4611 922 4680 inque
942 4608 1172 4676 seipsam
1205 4603 1514 4658 occasiones
1546 4599 1766 4669 praebet.
1795 4596 1910 4650 Non
1936 4609 2058 4663 pro-

471 4708 641 4764 hibuit
691 4706 832 4759 Deus
886 4699 1165 4756 scientiam
1214 4695 1377 4750 boni:
1437 4693 1580 4745 illam
1634 4690 1828 4759 quippe
1872 4687 2058 4740 habuit

469 4799 663 4861 Adam,
697 4795 854 4851 etiam
887 4801 1167 4859 antequam
1204 4785 1527 4841 comederct.
1575 4780 1683 4834 Nisi
1726 4777 1869 4832 enim
1914 4777 2058 4830 illam

468 4902 591 4945 ante
611 4889 897 4949 habuisset,
918 4881 1184 4961 quomodo
1205 4879 1541 4948 cognovisset
1557 4888 1775 4927 uxorem
1800 4871 2063 4939 ?quomo-

473 4984 541 5037 do
559 4981 624 5036 de
646 4981 761 5049 ejus
779 4990 965 5032 natura
983 4975 1226 5038 dixisset,
1251 4972 1322 5025 Us
1339 4987 1399 5023 ea:
1420 4971 1611 5022 ossibus
1629 4967 1770 5030 meis,
1793 4974 1837 5016 et
1865 4978 1980 5014 caro
2003 4960 2064 5012 de

473 5089 623 5124 carne
648 5072 798 5123 mea?
827 5067 1096 5139 quomodo
1125 5067 1296 5120 futura
1318 5063 1631 5116 vaticinatus
1651 5065 1811 5116 esset,
1837 5054 1957 5108 Hcce
1982 5070 2066 5107 vo-

473 5166 666 5218 cabitur
695 5164 895 5226 mulier,
925 5164 1044 5228 quia
1068 5163 1130 5215 de
1176 5162 1282 5214 viro
1326 5164 1527 5226 sumpta
1573 5164 1660 5207 est.
1715 5150 1929 5219 Propter
1971 5148 2064 5199 hoc

472 5257 715 5322 relinquet
763 5255 910 5306 homo
963 5262 1156 5321 patrem
1200 5260 1244 5303 et
1305 5258 1515 5301 matrem
1543 5245 1562 5310 (
1593 5243 1723 5297 Gen.
1749 5241 1801 5293 2.
1833 5237 2065 5307 23.94),

476 5346 622 5402 etc.?
656 5353 801 5398 tanta
844 5342 1080 5405 sciebat,
1125 5349 1178 5394 et
1214 5341 1409 5393 bonum
1459 5351 1561 5390 non
1605 5329 2065 5388 noverat?Deum

479 5447 732 5503 noverat,
764 5452 882 5506 qum
910 5444 1032 5489 sunt
1065 5433 1154 5487 Dei
1186 5431 1466 5494 servabat,
1496 5427 1774 5481 scientiam
1811 5423 2060 5484 habebat,

478 5542 554 5588 tot
583 5533 794 5585 nomina
823 5526 1072 5597 impOSuit
1105 5541 1118 5588 ;
1165 5521 1432 5592 qucunodo
1473 5519 1749 5574 scientiam
1800 5515 1922 5568 boni
1960 5527 2063 5565 non

479 5622 760 5677 habuerit?
793 5618 926 5687 Quid
965 5631 1091 5684 ergo
1123 5612 1248 5667 illud
1296 5609 1410 5665 est?
1462 5609 1575 5662 Non
1629 5606 1876 5677 prohibet
1930 5603 2068 5656 Dens

479 5714 756 5770 scientiam
808 5711 954 5776 boni,
987 5707 1078 5763 sed
1117 5706 1224 5759 vult
1255 5719 1376 5759 cum
1405 5701 1528 5755 boni
1560 5700 1778 5754 scientia
1817 5713 1919 5751 non
1949 5708 2068 5749 esse

483 5805 756 5860 scientiam
796 5803 942 5857 mali.
994 5795 1280 5868 impietatis
1320 5793 1589 5864 sophisma
1621 5791 1767 5843 solvo
1809 5804 1871 5843 ex
1915 5785 2062 5843 Scri-

1874 337 2237 396 SEVERIANI

3621 356 3733 412 488

2165 454 2362 522 pluris.
2392 453 2718 511 AitPaulus:
2747 452 2866 508 Non
2886 454 3086 522 potestis
3101 454 3301 507 calicem
3326 453 3527 508 Domini
3555 457 3732 521 bibere,

2160 553 2206 596 et
2250 544 2457 597 calicem
2497 546 2862 599 dwmoniorum
2902 545 2979 606 (i.
3006 543 3122 598 Cor.
3148 543 3366 615 ωλι).
3395 544 3509 597 Non
3553 548 3737 599 ambos

2159 636 2451 703 prohibuit,
2480 636 2572 690 sed
2616 652 2736 690 eum
2764 637 2853 706 qui
2879 645 3095 689 sanctus
3125 645 3265 690 esset
3290 636 3652 697 SttnCliliCavit,
3683 647 3738 689 ct

2158 731 2422 797 impurum
2449 739 2607 799 atque
2635 728 2909 798 profanum
2937 729 3151 799 ahjecit.
3191 727 3263 780 Ita
3312 742 3522 797 quoque
3552 728 3737 781 Serva-

2156 831 2265 875 tor:
2291 821 2408 875 Non
2427 823 2631 890 potestis
2654 821 2760 876 Deo
2778 823 2959 875 servire
2976 833 3019 875 et
3038 837 3285 875 mamonae
3303 821 3517 889 (Matth.
3544 820 3600 876 6.
3621 822 3734 892 25);

2155 928 2344 980 nempe
2367 913 2555 968 eodem
2577 922 2818 982 tempore
2847 913 2956 967 Deo
2974 913 3274 967 etdmmooi
3315 913 3515 967 servire
3543 914 3739 979 impos-

2154 1003 2308 1057 sibile
2335 1015 2433 1056 est.
2465 1003 2553 1057 Sic
2597 1003 2734 1056 Deus
2766 1003 2886 1056 mali
2917 1003 3269 1072 cognitionem
3299 1003 3499 1056 assumi
3536 1005 3736 1066 vetuit,

2153 1113 2220 1150 ne
2260 1111 2379 1149 cum
2429 1096 2550 1150 boni
2589 1096 2814 1150 scientia
2854 1097 2978 1150 mali
3024 1097 3254 1165 cognitio
3281 1095 3685 1148 admisceretur.

2222 1187 2275 1240 4.
2310 1185 2412 1240 Cur
2443 1185 2634 1256 lignum
2673 1187 2892 1239 scientia:
2916 1186 3033 1239 boni
3066 1196 3113 1239 et
3147 1186 3269 1239 mali
3302 1188 3372 1237 sic
3419 1185 3606 1237 dictum
3646 1195 3734 1236 est.

2151 1307 2220 1316 —
2243 1278 2338 1332 llic
2363 1278 2470 1345 jam
2500 1278 2733 1330 animum
2758 1277 3125 1331 adhibeamus.
3159 1278 3266 1330 Cur
3292 1277 3505 1330 tandem
3538 1277 3736 1344 lignum

2155 1369 2391 1422 scientia:
2437 1368 2562 1422 boni
2609 1381 2662 1423 et
2709 1369 2831 1421 mali
2873 1370 3195 1437 appellatum
3244 1367 3378 1421 est?
3422 1365 3536 1420 Non
3580 1367 3737 1420 talem

2152 1470 2394 1514 naturam
2430 1460 2633 1524 habuit,
2662 1460 2753 1514 sed
2784 1460 2888 1515 tale
2917 1470 3286 1529 argumentum
3317 1460 3468 1525 tulit,
3497 1459 3738 1526 Scriptu-

2150 1568 2330 1607 rarum
2366 1554 2741 1621 proprietatem
2769 1553 2907 1606 dico.
2939 1554 3178 1622 Exempli
3205 1568 3360 1607 causa
3394 1571 3406 1604 :
3441 1552 3563 1607 fons
3589 1553 3737 1620 quis-

2153 1647 2294 1712 piam
2345 1644 2395 1696 itt
2440 1647 2654 1699 deserto
2696 1655 2914 1699 vocatus
2959 1654 3041 1698 est
3077 1659 3207 1712 aqua
3258 1643 3736 1697 contradictionis:

2153 1734 2373 1789 Probavi
2405 1748 2449 1788 te
2475 1736 2614 1805 apud
2645 1753 2826 1806 aquam
2851 1737 3262 1790 contradictionis
3291 1742 3309 1807 (
3338 1735 3484 1789 Psal.
3518 1734 3605 1789 80.
3638 1734 3671 1789 8
3697 1735 3738 1804 ).

2153 1828 2366 1898 Ergone
2395 1829 2698 1897 hujus-modi
2731 1840 2918 1884 natura
2945 1845 3094 1899 aqua:
3122 1839 3234 1883 erat
3259 1871 3274 1892 ,
3307 1839 3364 1882 ut
3391 1828 3644 1899 populum
3676 1826 3740 1880 ad

2149 1920 2627 1974 contradictionem
2657 1922 2916 1975 excitaret
2945 1920 2966 1972 ?
2994 1935 3091 1974 cur
3118 1935 3245 1990 ergo
3273 1919 3485 1990 Moyses
3517 1919 3602 1972 illa
3645 1933 3741 1987 po—

2151 2023 2311 2076 tatus,
2362 2013 2471 2068 Deo
2519 2027 2625 2066 non
2669 2013 3042 2068 contradixit?
3085 2013 3243 2068 Certe
3278 2021 3464 2068 vocata
3493 2025 3578 2067 ρει
3606 2025 3740 2080 aqua

2150 2107 2610 2169 Contradictionis,
2661 2121 2767 2159 non
2823 2105 2961 2173 quod
3013 2105 3171 2158 talem
3219 2105 3440 2159 haberet
3470 2113 3736 2164 naturam,

2149 2196 2242 2250 sed
2273 2197 2556 2250 occasione
2585 2196 2656 2250 rei
2690 2210 2808 2265 qum
2839 2197 2889 2248 in
2925 2195 3012 2248 illa
3045 2196 3254 2249 accidit.
3287 2195 3419 2262 Quia
3450 2195 3592 2247 enim
3637 2192 3740 2244 illic

2149 2288 2471 2342 contradixit
2497 2289 2741 2357 papuius,
2765 2287 2882 2342 ideo
2909 2297 3090 2342 vocata
3109 2298 3188 2342 cst
3210 2304 3345 2356 aqua
3361 2284 3740 2340 contradictio-

2151 2383 2250 2436 nis.
2297 2382 2501 2437 Rursus
2534 2381 2667 2435 vidit
2709 2381 2872 2435 Jaeob
2905 2382 3071 2436 Deum
3099 2422 3113 2447 ,
3148 2390 3204 2434 ut
3239 2381 3400 2435 homo
3429 2387 3638 2448 poterat
3668 2376 3741 2428 vi-

2150 2475 2300 2539 dere,
2326 2486 2378 2529 et
2403 2476 2612 2529 vocavit
2639 2490 2834 2529 nomen
2868 2475 2967 2528 loci
3000 2474 3204 2542 Species
3227 2472 3319 2526 Dei
3336 2471 3488 2546 (Cen.
3513 2472 3603 2527 32.
3624 2467 3740 2543 30).

2151 2568 2322 2622 Locus
2343 2568 2574 2637 speciem
2617 2576 2708 2620 aut
2751 2566 2976 2619 formam
3022 2565 3115 2619 Dei
3167 2580 3271 2619 non
3320 2566 3598 2631 habebat;
3651 2567 3741 2620 sed

2150 2662 2271 2728 quia
2305 2661 2437 2713 visio
2473 2659 2540 2711 ibi
2580 2658 2801 2727 contigit
2843 2658 2982 2726 ipsi,
3021 2672 3087 2710 ex
3130 2672 3187 2709 re
3231 2657 3402 2712 locum
3431 2659 3739 2728 appellavit.

2150 2750 2304 2804 Alius
2335 2749 2482 2802 locus
2510 2757 2728 2802 vocatus
2748 2757 2829 2802 est
2858 2746 2976 2800 Pax
2995 2745 3114 2799 Dei.
3146 2747 3366 2814 Quando
3386 2749 3624 2805 Gedeoni
3648 2769 3742 2823 ap-

2153 2842 2329 2910 paruit
2351 2843 2571 2910 angelus
2604 2841 2718 2904 Dei,
2749 2854 2811 2892 ac
2834 2849 2977 2893 metu
3002 2840 3275 2908 perculsus
3297 2839 3382 2894 ille
3403 2841 3574 2896 dixit:
3601 2863 3617 2894 ι
3634 2845 3744 2900 Heu

2152 2948 2259 2997 me,
2289 2933 2485 2986 moriar
2515 2948 2526 2983 :
2553 2931 2660 2984 vidi
2687 2930 2829 2984 enim
2857 2930 3102 2998 angelum
3135 2929 3246 2984 Dei.
3279 2931 3367 2984 Ait
3395 2931 3471 2985 illi
3501 2936 3738 3004 angelus:

2155 3023 2262 3078 Pax
2296 3023 2409 3088 tibi,
2445 3038 2511 3077 ne
2541 3024 2750 3076 timeas.
2786 3021 2852 3075 Et
2877 3021 3179 3087 :edificavit,
3212 3040 3229 3072 ι
3259 3021 3448 3091 inquit,
3477 3042 3497 3075 ι
3526 3025 3742 3080 Gedeon

2152 3116 2342 3181 altare,
2375 3125 2429 3171 et
2456 3117 2665 3171 vocavit
2694 3116 2867 3184 ipsum
2893 3115 3000 3169 Pax
3034 3115 3127 3169 Dei
3162 3134 3181 3166 ι
3209 3114 3418 3185 (Judic.
3449 3118 3502 3172 6.
3531 3117 3742 3190 22-24).

2154 3207 2610 3276 Quemadmodum
2644 3221 2771 3276 ergo
2810 3221 2921 3273 ara,
2967 3206 3078 3259 sive
3103 3205 3271 3260 altare
3303 3221 3485 3275 pacem
3515 3224 3618 3262 non
3649 3210 3742 3261 ha-

2153 3303 2287 3368 buit,
2341 3301 2434 3356 sed
2488 3301 2632 3355 inita:
2681 3308 2734 3354 et
2777 3299 2916 3353 data:
2958 3298 3100 3366 pacis
3150 3299 3448 3368 symbolum
3485 3309 3644 3364 erat;
3684 3317 3745 3355 ac

2154 3393 2602 3463 quemadmodum
2659 3405 2796 3460 aqua
2842 3389 3318 3443 contradictionem
3366 3405 3471 3442 non
3529 3390 3742 3451 habuit,

2153 3486 2246 3541 sed
2275 3501 2340 3539 ex
2363 3500 2448 3546 eo,
2478 3483 2619 3554 quod
2649 3484 2719 3537 ibi
2752 3493 3024 3545 evenerat,
3049 3483 3126 3535 sic
3145 3481 3406 3550 appellata
3434 3490 3518 3535 est
3544 3500 3558 3534 :
3595 3482 3662 3535 ita
3692 3492 3746 3537 et

2155 3577 2355 3647 lignum
2387 3591 2490 3629 non
2518 3575 2798 3629 scientiam
2831 3572 3049 3634 habuit,
3078 3572 3170 3626 sed
3199 3573 3319 3642 quia
3350 3573 3593 3643 quisquis
3619 3589 3746 3644 pec-

2155 3678 2259 3735 cat,
2291 3670 2342 3722 in
2375 3669 2618 3721 notitiam
2648 3666 2847 3735 peccati
2891 3665 3053 3720 venit.
3083 3665 3139 3720 Id
3169 3663 3309 3734 quod
3342 3666 3532 3719 iterum
3564 3681 3742 3720 exem-

2159 3761 2245 3829 plo
2270 3759 2531 3814 confirmo
2565 3775 2578 3810 :
2622 3758 2888 3813 interdum
2934 3773 3029 3828 per
3069 3758 3183 3812 loca
3223 3757 3514 3811 latrociniis
3558 3757 3746 3812 infesta

2161 3854 2491 3915 transimus;
2545 3851 2597 3904 in
2644 3865 2901 3919 moreque
2943 3859 3023 3904 est
3067 3849 3250 3902 dicere
3285 3867 3295 3900 :
3331 3847 3455 3902 Haec
3490 3848 3605 3902 loca
3645 3859 3749 3902 tre-

2160 3942 2350 3998 menda
2382 3951 2526 3996 sunt.
2553 3941 2633 3995 An
2662 3941 2812 3994 locus
2842 3941 2954 4009 ipse
2985 3937 3322 3993 formidinem
3353 3937 3747 3992 habetinonnc

2163 4037 2335 4104 potius
2365 4034 2477 4088 haec
2515 4033 2764 4087 dicuntur
2801 4033 3062 4085 latronum
3101 4030 3169 4084 ibi
3198 4029 3522 4084 versantium
3553 4027 3748 4081 causa?

2159 4127 2246 4181 Sic
2283 4125 2444 4179 arbor
2477 4125 2565 4178 illa
2595 4139 2698 4176 non
2728 4122 3059 4176 mortiferam
3089 4120 3365 4174 scientiam
3398 4118 3584 4171 habuit
3610 4159 3623 4180 ,
3654 4116 3747 4171 sed

2162 4221 2230 4273 ob
2258 4219 2492 4272 habitam
2521 4217 2628 4270 illic
2649 4216 2789 4269 circa
2809 4213 3068 4267 Adamum
3098 4207 3747 4279 tragoediam,hocconsc-

2162 4321 2323 4381 quota
2354 4324 2549 4363 nomen
2580 4317 2681 4362 est.
2705 4306 2841 4360 Rem
2867 4311 3046 4357 autem
3077 4302 3230 4355 solvo
3255 4317 3267 4352 :
3299 4315 3471 4368 neque
3497 4300 3643 4353 enim
3671 4297 3750 4352 di-

2163 4407 2284 4466 vina
2318 4403 2593 4470 Scriptura
2618 4401 2668 4453 in
2692 4398 2855 4452 dubio
2884 4405 3149 4450 versatur.
3180 4391 3352 4448 Hodie
3377 4391 3636 4445 habemus
3670 4390 3749 4444 al-

2165 4507 2297 4560 tare,
2327 4496 2479 4563 cujus
2507 4492 2791 4562 participes
2821 4497 2942 4544 sunt
2981 4488 3186 4542 ﬁdeles.
3225 4485 3360 4540 Num
3398 4499 3526 4554 ergo
3552 4485 3747 4538 donum

2164 4592 2336 4658 ipsum
2383 4586 2679 4640 naturalem
2727 4583 2828 4636 fert
2864 4583 3091 4636 salutem
3118 4622 3133 4644 ,
3161 4595 3226 4633 an
3257 4587 3471 4649 propter
3503 4578 3744 4645 majesta-

2168 4695 2293 4750 tem,
2325 4701 2441 4754 qua:
2471 4683 2771 4744 invocatur,
2818 4681 3009 4748 pignus
3058 4677 3221 4729 habes
3263 4689 3331 4728 ex
3377 4673 3743 4742 praesentibus

2167 4795 2234 4833 ne
2259 4777 2469 4831 dubites
2485 4776 2550 4829 de
2574 4775 2636 4828 iis
2657 4788 2774 4842 qua:
2803 4767 3232 4840 prmccsserunt?
3260 4765 3369 4819 Illic
3400 4780 3523 4818 esea
3555 4765 3586 4816 lt
3609 4764 3752 4824 talis,

2171 4870 2256 4923 hic
2285 4868 2434 4922 cibus
2460 4867 2754 4920 vivilicans.
2783 4863 2838 4916 Si
2866 4863 2967 4914 hoc
2994 4868 3179 4913 natura
3205 4866 3405 4917 servat,
3435 4869 3542 4908 non
3564 4853 3755 4920 gratia,

2171 4960 2295 5013 illud
2325 4961 2485 5012 etiam
2517 4966 2701 5009 natura
2730 4952 2946 5015 occidit,
2978 4965 3082 5002 non
3111 4942 3758 5014 transgressionc.0stcn-

2174 5051 2295 5103 dam
2329 5049 2420 5101 tihi
2453 5058 2609 5100 extra
2645 5043 2944 5112 paradisum
2974 5040 3148 5091 cibum
3183 5036 3343 5088 alium
3381 5032 3712 5086 mortiferum
3736 5069 3748 5088 ,

2174 5139 2523 5195 idololatriam
2555 5149 2766 5201 nempe.
2798 5132 2906 5184 Cur
2931 5134 3240 5182 recusarunt
3273 5131 3535 5194 martyres
3565 5134 3756 5174 carnes

2173 5230 2453 5287 comedere
2480 5229 2502 5279 ?
2531 5243 2625 5279 cur
2654 5225 2814 5278 edere
2843 5221 3151 5276 metuebant
3178 5217 3200 5269 ?
3227 5232 3294 5269 an
3328 5213 3520 5267 mortui
3550 5222 3756 5271 essent,

2175 5325 2216 5378 si
2273 5317 2677 5377 comedissent?
2729 5314 3072 5382 Nequaquam
3121 5327 3133 5361 :
3183 5307 3275 5362 sed
3327 5305 3446 5373 quia
3494 5300 3760 5355 idolorum

2175 5416 2372 5470 mentio
2401 5421 2550 5473 erat,
2584 5424 2685 5460 non
2718 5419 2895 5460 escam
2942 5401 3232 5471 fugiebant,
3275 5395 3366 5451 sed
3393 5391 3761 5447 exsecrando-

2176 5522 2291 5560 rum
2308 5497 2818 5557 invocationem.Sic
2835 5505 2958 5549 n0ta
2977 5500 3091 5546 erat
3119 5488 3275 5542 arbor
3296 5484 3529 5538 scientiae
3559 5479 3687 5533 boni
3712 5487 3766 5535 et

2177 5595 2324 5659 mali,
2352 5611 2456 5647 non
2484 5592 2760 5647 scientiam
2784 5587 3050 5658 prtebens,
3079 5579 3174 5635 sed
3198 5591 3314 5632 eam
3357 5590 3422 5628 ex
3453 5582 3765 5642 transgres-

2177 5691 2327 5744 sione
2374 5686 2592 5740 docens.
2633 5681 2858 5750 Semper
2899 5675 3040 5731 enim
3067 5665 3389 5738 experientia
3417 5662 3769 5731 insipientem

2179 5782 2334 5837 docet
2363 5777 2557 5834 malam
2585 5790 2698 5830 rem
2724 5785 2844 5828 esse
2873 5760 3370 5835 transgressionem.
3402 5755 3636 5811 Rursum
3658 5751 3770 5810 alia
