3976 6218
241 403 354 456 487

250 501 488 573 γυναικί
503 517 516 530 ⁸
547 500 628 565 Τί,
659 499 747 552 ὅτι
771 499 940 552 εἶπεν
962 497 1104 568 ὑμῖν
1128 500 1160 551 ό
1185 496 1329 563 Θεὸς
1348 497 1434 567 μὴ
1462 496 1676 566 φαγεῖν
1705 495 1825 550 άπὸ

250 584 474 648 παντὸς
502 583 730 646 ξύλου;
770 578 924 644 Εἶδες
948 581 1039 634 τὸν
1065 580 1306 651 ψεύστην
1331 597 1347 645 ;
1393 581 1450 633 Ὁ
1483 580 1613 641 Θεὸς
1640 574 1793 631 εἶπεν
1810 594 1822 608 ο

263 668 393 720 Ἀπὸ
414 666 613 728 παντὸς
644 664 798 729 ξύλου
828 664 1090 734 φάγεσθε,
1113 665 1221 718 ἀπὸ
1250 664 1292 717 δ’
1321 663 1437 726 ἐνὸς
1475 663 1548 733 μὴ
1577 662 1786 732 φάγητε
1810 678 1824 693 ·

249 751 278 803 6
307 750 546 818 ψεύστης
586 748 766 816 λέγει’·
808 747 907 800 Διά
943 747 995 799 τί
1026 742 1177 800 εἷπεν
1219 748 1245 800 6
1277 745 1429 808 Θεὸς,
1487 745 1596 798 ἀπὸ
1629 744 1830 808 παντὸς

255 831 414 897 ξύλου
447 831 521 901 μὴ
553 834 747 899 φαγεῖν
774 831 950 900 ὑμᾶς;
981 829 1071 900 Μὴ
1097 828 1350 896 ψεύδεται
1389 829 1422 898 ή
1454 826 1547 880 τοῦ
1593 826 1828 898 Χριστοῦ

253 915 403 984 φωνή
427 930 440 942 ·
471 913 729 977 Ἐκεῖνος
758 914 1034 981 ψεύστης
1078 912 1268 964 ἐστίν.
1306 909 1603 978 Ἑψεύσατο
1631 909 1708 972 δὲ,
1737 911 1831 962 καὶ

250 996 410 1049 τοῦτο
442 996 656 1058 δεινῶςι
710 997 876 1049 Ὅταν
907 995 1015 1066 γάρ
1045 1011 1128 1057 τις
1182 993 1309 1064 θέλῃ
1358 992 1830 1063 κακοηθεύσασθαι

253 1083 505 1151 πρᾶγμα,
539 1081 619 1142 είς
651 1078 837 1148 χρείαν
861 1087 879 1107 ⁸
908 1079 1287 1147 προσποιεῖται
1321 1075 1563 1144 ἄγνοιαν,
1611 1076 1697 1129 ἵνα
1735 1075 1830 1128 ἀν-

253 1161 490 1215 ύποπτον
514 1162 782 1232 εἰσαγάγῃ
801 1160 902 1228 τὴν
929 1159 1248 1228 σκαιωρίαν,
1277 1158 1396 1210 ἀντὶ
1418 1157 1532 1216 τοῦ,
1567 1158 1677 1211 Οὐκ
1694 1153 1830 1220 οῖδα,

252 1246 435 1316 φησὶν,
494 1245 593 1297 οῦκ
642 1244 757 1296 ἐστι
801 1243 1149 1312 κατασκευήο
1211 1239 1416 1304 ἁπλοῦς
1470 1237 1650 1311 ἦλθον,
1682 1241 1832 1295 οὐδὲν

251 1325 385 1381 οἶδα.
409 1327 524 1379 ()ύκ
553 1325 876 1396 ἐπειράθητε
906 1323 1164 1378 τοιούτων
1208 1323 1446 1387 πολλῶνς
1483 1323 1582 1375 οὐκ
1615 1323 1832 1393 οἴδαμεν

251 1409 360 1462 τῶν
385 1408 568 1462 δολίων
601 1408 667 1460 τά
689 1407 823 1477 ἔργα
846 1423 861 1470 ;
891 1406 1114 1460 τοιαῦτα
1141 1406 1200 1459 οὑ
1225 1406 1492 1476 ῥάπτουσι
1512 1405 1830 1475 πράγματα,

251 1494 347 1547 καὶ
377 1489 799 1562 προσποιοῦνται
829 1489 1052 1558 ἄγνοιαν
1073 1505 1086 1553 ;
1110 1487 1264 1542 Οὕτω
1289 1489 1382 1541 καὶ
1411 1489 1438 1541 6
1470 1488 1733 1552 διάϐολος
1776 1489 1835 1541 Τί

252 1575 341 1628 ὅτι
372 1575 520 1638 εἷπε,
550 1576 732 1644 φησὶν,
760 1573 902 1642 ὑμῖν
929 1576 961 1627 ὁ
988 1573 1165 1638 Θεός;
1198 1573 1317 1625 ἀντὶ
1343 1570 1456 1635 τοῦ,
1481 1573 1832 1641 Παρήκουσα,

252 1659 313 1710 ού
336 1658 510 1720 καλῶς
544 1658 770 1727 ἡκουσα,
801 1657 874 1728 μὴ
901 1659 1099 1725 φαγεῖν
1128 1658 1272 1726 ὑμᾶς
1297 1656 1406 1708 ἀπὸ
1436 1656 1633 1719 παντὸς
1653 1656 1828 1720 ξύλου.

264 1741 327 1793 Ἦ
345 1739 480 1810 γυνὴ
513 1741 778 1810 νομίσασα
804 1741 1021 1808 ἄγνοιαν
1045 1735 1206 1802 εἶναι,
1225 1739 1530 1811 διορθοῦται
1546 1739 1642 1810 τὴν
1668 1739 1830 1804 λέξιν.

251 1824 364 1893 Οὐχ
392 1821 555 1886 οὕτω,
588 1823 771 1893 φησὶν,
808 1819 960 1875 εἶπεν
985 1839 997 1852 ·
1030 1825 1130 1876 οὐκ
1161 1817 1314 1875 εἶπεν
1351 1823 1379 1874 ὁ
1425 1823 1555 1885 Θεὸς
1576 1863 1590 1885 ,
1627 1822 1700 1892 μὴ
1733 1839 1834 1890 φάο

252 1909 368 1975 γεῖν
394 1905 499 1958 ἀπὸ
535 1906 734 1968 παντὸς
765 1905 945 1971 ξύλου,
999 1907 1114 1958 ἀλλ’
1162 1905 1270 1959 ἀπὸ
1307 1905 1506 1970 παντὸς
1544 1907 1641 1976 μὲν
1677 1906 1833 1972 ξύλου

253 1988 571 2058 ἐπέτρεψεν,
609 1989 717 2041 ἀπὸ
745 1989 799 2040 δέ
829 1988 947 2050 ἐνὸς
997 1987 1268 2041 ἐκώλυσεν
1295 2004 1307 2018 ο
1363 1985 1483 2042 εἷπε
1522 1991 1628 2060 γάρ
1665 1991 1829 2060 ἡμῖν·

252 2073 346 2142 Μὴ
387 2074 618 2142 φάγητε,
657 2072 745 2123 ἵνα
777 2071 849 2140 μὴ
884 2069 1214 2140 ἀποθάνητε.
1252 2071 1438 2135 Ἔδοξε
1486 2073 1775 2141 μανθάνειν
1804 2072 1833 2125 6

252 2155 354 2207 οὐκ
381 2155 496 2224 ᾔδει
518 2170 531 2183 ⁶
563 2153 748 2206 λοιπὸν
779 2154 874 2222 οὐχ
909 2153 1262 2207 ὑπωπτεύετο
1307 2156 1381 2217 ὼς
1410 2157 1832 2222 ἐγκατάσκευος,

253 2238 348 2290 καὶ
381 2237 526 2305 λέγει
551 2237 686 2307 αὐτῇ
712 2253 723 2265 ·
759 2238 839 2289 Οὐ
867 2235 1100 2302 θανάτῳ
1123 2237 1540 2292 ἀποθανεῖσθε.
1577 2238 1683 2290 Ἴδε
1710 2239 1835 2292 ἄλλο

250 2319 464 2388 ψεῦδος.
493 2319 663 2371 Τοῦτο
692 2320 802 2390 γὰρ
838 2319 969 2371 Θεοῦ
1002 2321 1266 2384 εἰπόντος,
1293 2317 1368 2393 ⁷ῌ
1396 2321 1472 2374 ἂν
1499 2321 1687 2390 ἡμέρᾳ
1719 2322 1831 2390 ρά-

252 2418 416 2470 τ-ητε,
457 2401 688 2465 θανάτῳ
711 2403 1132 2468 ἀποθανεῖσθε,
1165 2404 1312 2471 λέγει
1345 2406 1374 2457 6
1406 2404 1670 2467 διάϐολος,
1710 2408 1832 2459 Οὐκ

251 2483 650 2538 ἀποθανεῖσθε
672 2502 684 2514 ·
718 2483 875 2536 τοῦτο
916 2485 1166 2557 δεύτερον
1205 2486 1492 2555 ἐψεύσατο.
1523 2487 1690 2558 ’ᾘδει
1727 2487 1835 2556 γὰρ

254 2570 286 2618 ό
317 2566 483 2632 Θεὸς,
519 2568 703 2637 φησὶν,
740 2566 827 2619 ὅτι
856 2561 896 2638 ᾗ
920 2567 994 2620 ἂν
1021 2569 1208 2637 ἡμέρᾳ
1243 2568 1487 2638 φάγητε,
1513 2571 1730 2624 ἔσεσθε
1758 2571 1837 2636 ὡς

254 2649 397 2701 θεοί.
456 2649 560 2701 Ἴδε
603 2650 783 2719 τρίτον
841 2649 1054 2718 ψεῦδος.
1123 2651 1266 2722 Ὅρα
1297 2652 1394 2722 τὴν
1433 2653 1836 2722 ἐγκατάσκευον

255 2731 452 2784 κακίαν
480 2731 574 2784 τοῦ
621 2732 892 2785 διαϐόλου.
927 2734 1067 2804 Ἤδη
1105 2735 1416 2806 προμελετᾷ
1473 2739 1835 2810 κατασπεῖραι

253 2815 332 2885 τῷ
361 2815 550 2886 κόσμῳ
583 2815 681 2886 τὴν
710 2815 936 2884 πλάνην.
971 2817 1078 2870 Καὶ
1123 2818 1310 2888 ἐπειδὴ
1350 2819 1677 2890 ἐμελέτησεν
1701 2859 1714 2880 ,
1763 2820 1838 2882 ὼς

255 2901 535 2969 προεῖπον,
588 2897 874 2950 πολυθεῖαν
911 2899 1230 2970 ἐγεῖραιτῷ
1277 2901 1501 2971 κόσμῳ,
1555 2900 1838 2974 προλαϐὼν

254 2981 331 3045 ὡς
365 2984 422 3033 ἐν
452 2982 747 3050 διηγήματι
775 3021 789 3043 ,
831 2982 1191 3052 κατέσπειρεν
1250 2986 1329 3047 είς
1381 2985 1482 3047 τὰς
1533 2985 1704 3050 ἀκοάς
1743 2987 1841 3056 τῆς

255 3063 513 3131 γυναικὸς
551 3063 785 3133 ἔμφασιν
824 3061 920 3115 τοῦ
961 3059 1099 3116 εἶναι
1132 3065 1362 3128 πολλοὺς
1395 3066 1572 3131 θεούς.
1618 3068 1756 3121 Ἀλλ’
1812 3070 1840 3121 6

259 3146 358 3213 μὲν
398 3145 496 3214 τῆς
555 3148 751 3208 κακίας
803 3146 1050 3217 τεχνίτης
1103 3145 1243 3199 οὕτω
1278 3150 1716 3221 προκατέσπειρε
1741 3151 1840 3222 τὴν

254 3227 463 3279 ἔννοιαν
492 3227 601 3278 τῶν
652 3227 818 3279 θεῶν·
855 3230 882 3280 6
911 3228 967 3279 δὲ
1015 3228 1146 3292 Θεὸς
1199 3229 1465 3300 προειδὼς
1497 3232 1837 3303 ᾠκονόμησε,

254 3309 355 3380 τὴν
384 3309 626 3379 πλάστην
654 3311 751 3380 τὴν
781 3310 1078 3379 μέλλουσαν
1104 3313 1176 3381 μὴ
1200 3312 1495 3384 λαληθῆναι
1516 3313 1840 3386 ἀνθρωπίνῳ

257 3394 507 3463 στόματι,
544 3392 694 3464 [498]
723 3393 808 3447 ἵνα
842 3393 914 3463 μὴ
941 3394 1128 3463 πρώτη
1153 3394 1344 3467 λογικὴ
1372 3395 1521 3468 φωνὴ
1557 3399 1680 3468 περὶ
1703 3397 1840 3452 θεῶν

256 3475 985 3565 φθέγξηταιηάλλάπρῶτον
1007 3477 1179 3565 στόμα
1202 3477 1408 3565 ίῦφε-ως,Δ
1428 3479 1513 3532 ῖνα
1533 3482 1642 3534 πᾶν
1668 3481 1841 3551 στόμα

253 3557 453 3612 λαλοῦν
477 3559 606 3628 περὶ
645 3557 879 3610 εἰδώλων
919 3558 997 3627 τῷ
1029 3560 1257 3629 στόματι
1292 3561 1502 3614 ἐκείνου
1531 3564 1840 3635 ἀπεικάζη·

253 3657 364 3693 ται.
399 3635 529 3692 Οἶδα
561 3641 639 3692 ὅτι
688 3643 778 3692 καὶ
827 3644 892 3711 τῇ
935 3644 1084 3712 φωνῇ
1137 3642 1572 3710 συγγινώσκετε,
1617 3645 1840 3710 καὶτὰς

253 3723 464 3784 ἐννοίας
495 3721 592 3784 τάς
623 3723 784 3790 ἁγίας
808 3723 915 3776 τῶν
946 3725 985 3775 Γ
990 3724 1180 3794 ραφῶν
1203 3727 1500 3796 ἀρπάζετε.
1528 3727 1728 3797 Μηδεὶς
1748 3724 1839 3783 οὖν

255 3807 385 3877 περὶ
417 3806 507 3857 τὸν
533 3805 742 3874 κόμπον
767 3808 864 3875 τῆς
899 3808 1082 3876 φωνῆς
1113 3808 1446 3878 ἀσχολείσθω
1472 3851 1485 3875 ,
1537 3809 1671 3863 ἀλλά
1709 3812 1840 3884 περὶ

254 3889 356 3960 τὴν
388 3887 496 3939 τῶν
519 3887 804 3957 νοημάτων
833 3887 1080 3958 δύναμιν.

334 3991 499 4062 ’ᾙδει
527 3992 656 4058 γὰρ,
694 3993 876 4059 φησὶν,
926 3993 957 4044 ὁ
996 3992 1160 4056 Θεὸς,
1215 3992 1303 4045 ὅτι
1338 3987 1376 4063 ᾗ
1401 3993 1477 4047 ἂν
1506 3994 1695 4062 ἡμέρᾳ
1729 3996 1839 4064 φά-

255 4092 426 4144 φητε,
451 4074 667 4128 ἔσεσθε
699 4073 776 4139 ὠς
808 4075 949 4139 θεοὶ,
976 4075 1374 4144 γινώσκοντες·
1399 4076 1587 4130 καλὸν
1607 4078 1706 4130 καὶ
1728 4093 1836 4132 πο-

255 4158 464 4226 νηρόν.
493 4158 721 4225 Λέγουσι
753 4157 956 4221 πολλοὶ,
1000 4160 1092 4211 καὶ
1125 4159 1357 4228 μάλιστα
1383 4159 1429 4212 οἱ
1458 4159 1532 4230 τῷ
1562 4160 1840 4230 θεοστυγεῖ

256 4239 554 4310 Πορφυρίῳ
585 4240 1048 4309 ἀκολουθήσαντες
1073 4240 1149 4310 τῷ
1170 4241 1309 4294 κατὰ
1351 4242 1690 4312 Χριστιανῶν
1716 4260 1840 4310 συγ-

257 4323 528 4394 γράψαντι
559 4324 651 4376 καὶ
698 4325 790 4375 τοῦ
832 4323 974 4376 θείου
1011 4323 1278 4393 δόγματος
1322 4325 1546 4388 πολλοὺς
1599 4326 1838 4397 ἀποστή-

257 4422 410 4459 σαντι
438 4423 450 4435 ·
492 4405 709 4472 λέγουσι
748 4406 924 4458 τοίνυν
952 4423 964 4434 ·
1000 4407 1100 4457 Διά
1149 4407 1200 4457 τί
1242 4410 1269 4459 6
1323 4407 1453 4470 Θεὸς
1492 4409 1836 4480 ἀπηγόρευσε

252 4490 354 4556 τὴν
375 4489 574 4555 γνῶσιν
603 4487 695 4540 τοῦ
726 4489 889 4542 καλοῦ
922 4490 1014 4541 καὶ
1044 4490 1278 4559 πονηροῦ
1305 4507 1318 4555 ;
1346 4493 1548 4554 Ἔστω,
1580 4493 1641 4544 τὸ
1670 4510 1836 4565 πονη-

258 4570 349 4639 ρὸν
401 4572 780 4640 ἀπηγόρευσε⁸
816 4571 902 4622 διὰ
931 4572 982 4622 τί
1017 4573 1111 4623 καὶ
1152 4572 1209 4623 τὸ
1245 4573 1437 4640 καλόν;
1494 4575 1676 4627 Εἰπὼν
1707 4577 1833 4648 γὰρ,

267 4651 400 4703 Ἂπὸ
434 4653 538 4704 τοῦ
577 4650 765 4715 ξύλου
808 4651 915 4704 τοῦ
943 4653 1164 4707 εἰδέναι
1209 4655 1399 4707 καλὸν
1429 4656 1525 4708 καὶ
1571 4659 1837 4725 πονηρὸν

247 4733 338 4804 μὴ
389 4733 634 4803 φάγητε,
678 4734 894 4798 κωλύει,
958 4738 1140 4807 φησὶν,
1193 4737 1356 4789 αὑτὸν
1407 4739 1498 4790 τοῦ
1542 4741 1735 4793 εἰδέναι
1777 4742 1837 4794 τὸ

255 4817 459 4871 κακόν·
488 4817 574 4867 διά
600 4818 651 4869 τί
682 4819 775 4870 καὶ
800 4818 859 4869 τὸ
891 4819 1123 4884 ἀγαθόν;
1170 4820 1280 4871 ’Λεὶ
1307 4821 1338 4889 ή
1371 4820 1532 4872 κακία
1563 4821 1684 4873 καθ’
1712 4824 1836 4876 ἐαυ-

253 4900 355 4968 τῆς
383 4899 718 4966 τεχνάζεται,
746 4902 837 4953 καὶ
876 4901 973 4963 τὰς
1007 4901 1176 4964 λαϐὰς
1209 4903 1330 4954 καθ’
1370 4905 1564 4973 ἑαυτῆς
1602 4905 1832 4960 δίδωσιν.

253 4984 332 5037 Οὐ
374 4982 468 5052 τὴν
496 4983 693 5048 γνῶσιν
729 4982 996 5036 ἐκώλυσεν
1031 4985 1056 5034 6
1082 4983 1211 5047 Θεὸς
1240 4985 1330 5037 τοῦ
1359 4987 1522 5038 καλοῦ
1549 5004 1556 5013 ·
1592 4983 1701 5056 εἶχε
1730 4989 1834 5060 γάρ

255 5064 426 5134 αὐτὴν
461 5065 488 5115 6
535 5064 725 5132 Ἀδάμ,
754 5069 845 5115 καὶ
873 5067 975 5135 πρὸ
1003 5067 1094 5118 τοῦ
1134 5071 1347 5135 φαγεῖν.
1387 5070 1448 5121 EE
1488 5070 1593 5140 γάρ
1620 5070 1694 5141 μὴ
1724 5070 1835 5142 εἶχε

252 5149 480 5217 γνῶσιν,
522 5147 639 5208 πῶς
660 5147 913 5215 γνωρίζει
939 5149 1034 5219 τὴν
1071 5154 1335 5217 γυναῖκα;
1365 5152 1481 5215 πῶς
1506 5155 1832 5221 φυσιολογεῖ,

267 5229 517 5283 Ὀστοῦν
536 5230 602 5281 ὲκ
631 5226 746 5280 τῶν
777 5229 971 5282 ὀστῶν
983 5249 1121 5298 μου,
1152 5234 1246 5285 καὶ
1273 5234 1428 5301 σὰρξ
1452 5236 1518 5287 ἐκ
1550 5237 1658 5302 τῆς
1693 5253 1837 5304 σαρ-

251 5318 363 5380 κός
379 5331 497 5382 μου
521 5331 540 5378 ;
577 5311 691 5372 πώς
717 5311 772 5363 δὲ
802 5314 893 5362 καὶ
916 5317 1246 5383 προφητεύει
1272 5317 1339 5369 τά
1374 5318 1651 5384 μέλλοντα,
1673 5321 1833 5386 Αὕτη

253 5397 624 5465 κληθήσεται
653 5393 826 5464 γυνὴ,
862 5395 947 5446 ὅτι
971 5397 1036 5448 ἐκ
1069 5400 1174 5451 τοῦ
1207 5399 1425 5468 ἀνδρὸς
1464 5401 1652 5468 αὐτῆς
1695 5403 1835 5469 ἑλιξ-

251 5483 396 5548 φθη.
443 5479 586 5531 Ἀντί
616 5478 828 5531 τούτου
860 5482 1206 5546 καταλείψει
1240 5482 1548 5549 ἅνθρωπος
1586 5484 1691 5536 τὸν
1725 5502 1834 5538 πα-

319 5625 523 5696 °_Nolal_
554 5628 600 5696 ig
628 5640 778 5687 marg.
808 5626 953 5674 Savil.
990 5627 1251 5696 lggifiiilum
1279 5641 1410 5696 esse,
1450 5633 1478 5686 ἣ
1505 5632 1662 5692 χρείαν
1684 5650 1832 5696 προσι

250 5688 531 5744 ποιεῖται,ἣ
568 5687 780 5748 ἄγνοιαν,
822 5701 962 5748 quam
1008 5688 1268 5733 lectionem
1313 5693 1360 5736 in
1410 5687 1599 5739 lexiiim
1640 5687 1829 5743 iuv'exit

250 5749 512 5814 (jnmbelis.
542 5747 639 5795 Nos
663 5751 710 5814 in
735 5747 913 5814 (ngam;
937 5749 1053 5794 nihil
1082 5754 1345 5814 mutantes,
1373 5753 1506 5801 illam
1536 5761 1697 5804 tamen
1724 5757 1825 5807 lec-

255 5815 442 5860 tionem
465 5811 515 5858 in
550 5812 778 5858 versione
804 5810 975 5859 Latina
996 5810 1264 5870 sequimur.

1300 379 1387 434 DE
1425 377 1636 432 MUNDI
1677 374 2071 431 CREATlONE
2105 374 2364 431 ORATIO
2396 374 2480 428 γι.

3385 368 3500 426 488

1930 495 2068 562 τέρα
2088 492 2274 548 αὑτοῦ
2297 493 2394 546 καί
2424 491 2536 558 τὴν
2556 490 2802 559 μητέρα,
2839 486 2932 540 καλ.
2956 485 3022 537 τά
3047 483 3209 536 λοιπά
3233 499 3247 545 ;
3273 482 3512 538 τοσαῦτα

1929 572 2058 638 οἵδε,
2095 577 2188 629 καὶ
2218 577 2317 628 οὐκ
2347 574 2460 644 ᾔδει
2497 572 2558 625 τὸ
2585 571 2783 635 καλόν;
2836 569 2939 622 Τὸν
2976 566 3107 621 Θεὸν
3131 565 3244 636 ᾔδει
3267 602 3283 629 ,
3319 565 3389 618 τά
3417 565 3512 618 τοῦ

1931 657 2067 713 Θεοῦ
2101 660 2308 728 ἐτήρει,
2333 656 2532 724 γνῶσιν
2561 649 2722 723 εἶχεν,
2743 652 2982 722 όνόματα
2997 647 3234 728 ἐπέθηκε
3253 647 3507 701 τοσαῦτω

1938 741 2054 802 πῶς
2081 741 2181 793 οὐκ
2210 727 2323 808 εἶχε
2356 737 2555 806 γνῶσιν
2590 735 2795 799 καλοῦ;
2837 734 2901 786 Τί
2950 727 3040 786 οὖν
3074 733 3255 796 ἐστιν;
3296 731 3370 784 Οὐ
3413 729 3512 800 τὴν

1932 823 2130 892 γνῶσιν
2159 822 2357 874 κωλύει
2387 823 2414 873 6
2447 820 2577 882 Θεὸς
2603 817 2696 871 τοῦ
2723 816 2910 879 καλοῦ,
2937 814 3073 869 ἀλλά
3102 813 3244 866 θέλει
3271 815 3346 883 μὴ
3375 808 3511 867 εῖναι

1936 905 2074 975 μετὰ
2102 903 2194 957 τοῦ
2226 901 2430 971 ἀγαθοῦ
2466 903 2564 972 τὴν
2597 900 2794 970 γνῶσιν
2841 897 2934 950 τοῦ
2990 895 3178 950 κακοῦ.
3213 896 3337 949 Λύω
3369 895 3424 948 δέ
3453 895 3512 948 τὸ

1935 987 2173 1056 σόφισμα
2209 986 2307 1055 τῆς
2341 984 2592 1047 ἀσεϐείας
2623 983 2728 1036 ἀπὸ
2758 981 2865 1034 τῶν
2899 978 3152 1051 Γραφιῖνν.
3174 977 3334 1046 Λέγει
3364 977 3514 1030 Παῦ-

1933 1071 2023 1134 λος
2045 1089 2058 1102 ’
2085 1074 2167 1125 Οὐ
2199 1072 2464 1124 δύνασθε
2493 1067 2778 1136 ποτήριον
2807 1065 3027 1133 Κυρίου
3055 1063 3232 1124 πιεῖν,
3277 1064 3373 1115 καὶ
3410 1074 3512 1114 πο-

1934 1151 2139 1222 τήριον
2165 1144 2505 1221 δαιμονίων.
2540 1153 2611 1203 Οὒ
2642 1151 2709 1203 τά
2737 1150 2829 1202 δύο
2851 1147 3141 1210 ἐκώλυσεν,
3172 1146 3284 1200 ἀλλ’
3317 1146 3512 1214 ήγίασε

1938 1238 2036 1306 μὲν
2082 1237 2144 1289 τὸ
2172 1236 2348 1302 ἅγιον,
2381 1234 2651 1306 ἀπέρριψε
2701 1234 2756 1285 δὲ
2797 1232 2857 1285 τὸ
2885 1231 3075 1298 ἐναγὲς
3123 1230 3212 1281 καὶ
3268 1228 3510 1298 βέϐηλον.

1936 1318 2091 1372 Οὕτω
2113 1320 2203 1372 καὶ
2232 1321 2259 1370 ό
2277 1319 2466 1388 Σωτήρ
2488 1334 2500 1347 ·
2533 1319 2614 1370 Ού
2638 1316 2901 1369 δύνασθε
2929 1312 3052 1378 Θεῷ
3079 1312 3389 1366 δουλεύειν
3415 1312 3512 1365 καὶ

1929 1401 2211 1473 μαμωνᾷ·
2261 1402 2403 1454 κατὰ
2441 1403 2501 1454 τὸ
2533 1399 2662 1454 αὐτὸ
2693 1401 2787 1453 καὶ
2821 1397 2940 1467 Θεῷ
2962 1397 3228 1451 δουλεύειν
3262 1396 3355 1448 καὶ
3404 1395 3518 1446 δαίο

1940 1505 2059 1558 μονι
2092 1486 2370 1540 ἀδύνατον.
2402 1486 2588 1548 Οῦτως
2609 1488 2636 1537 6
2674 1484 2806 1546 Θεὸς
2839 1481 3079 1534 ἐκώλυσε
3110 1479 3294 1533 λαϐεῖν
3317 1479 3516 1548 γνῶσιν

1935 1569 2028 1621 τοῦ
2057 1569 2315 1638 πονηροῦ,
2347 1569 2431 1621 ἵνα
2458 1567 2532 1637 μὴ
2561 1567 2786 1638 μιγῆται
2818 1564 2955 1636 μετά
2983 1563 3076 1618 τοῦ
3106 1562 3311 1631 ἀγαθοῦ
3352 1563 3445 1615 καὶ
3482 1562 3517 1632 ἡ

1937 1651 2136 1720 γνῶσις
2168 1651 2260 1703 τοῦ
2287 1650 2478 1703 κακοῦ.

2007 1757 2069 1810 δ’.
2085 1757 2283 1810 Λοιπὸν
2301 1756 2532 1811 ἐνταῦθα
2547 1756 2920 1827 προσέχωμεν.
2946 1754 3042 1806 Διά
3063 1755 3113 1806 τί
3135 1753 3188 1806 δὲ
3210 1752 3344 1816 ὅλως
3359 1753 3519 1822 ἐκλή-

1937 1839 2002 1909 θη
2021 1839 2176 1906 ξύλον
2190 1839 2428 1906 γνωστὸν
2451 1840 2614 1892 καλοῦ
2636 1841 2726 1891 καὶ
2747 1837 2982 1908 πονηροῦ
3001 1854 3014 1900 ;
3033 1835 3112 1891 Οὐ
3133 1835 3384 1904 τοιαύτην
3403 1830 3516 1904 εἶχε

1937 1922 2118 1991 φύσιν,
2153 1922 2287 1976 ἀλλά
2316 1923 2571 1992 τοιαύτην
2631 1923 2861 1991 ἤνεγκεν
2900 1921 3176 1982 ὑπόθεσιν,
3217 1920 3276 1973 τὸ
3324 1920 3517 1988 ίδίωμα

1936 2005 2042 2058 τῶν
2071 2005 2298 2074 Γραφῶν
2321 2005 2480 2072 λέγω.
2504 2000 2628 2058 Οίόν
2649 2023 2701 2057 τι
2725 2005 2868 2073 λέγω
2890 2022 2901 2034 ·
2927 2004 3127 2074 ἐκλήθη
3153 2006 3208 2056 ἐν
3236 2006 3301 2074 τῇ
3326 2003 3518 2072 ἐρήμῳ

1940 2090 2038 2158 μία
2079 2089 2228 2160 πηγὴ
2268 2090 2458 2153 ὓδατος
2489 2090 2633 2159 ὓδωρ
2663 2089 2968 2158 ἀντιλογίας
2992 2107 3006 2120 ·
3061 2086 3415 2157 Ἐδοκίμασά
3443 2103 3518 2140 σε

1935 2174 2034 2227 ἐπὶ
2057 2174 2274 2239 ὕδατος
2294 2175 2660 2242 ἀντιλογίας.
2689 2170 2835 2244 Ἀρα
2859 2174 2917 2226 τὸ
2946 2173 3090 2245 ὓδωρ
3118 2172 3369 2242 τοιαύτην
3403 2167 3515 2246 εἶχε

1937 2258 2115 2323 φύσιν,
2146 2257 2219 2320 ὡς
2249 2260 2328 2319 είς
2353 2258 2660 2325 ἀντιλογίαν
2693 2259 2877 2328 φέρειν
2915 2258 3004 2309 τὸν
3033 2257 3197 2319 Mdv;
3235 2255 3322 2308 διὰ
3347 2255 3398 2307 τί
3425 2251 3517 2310 οὖν

1937 2340 2176 2408 Μωῦσῆς
2212 2339 2350 2392 πιὼν
2407 2342 2506 2392 οὐκ
2555 2343 2774 2394 ἀντεῖπε
2819 2340 2897 2410 τῷ
2950 2339 3101 2409 Θεῷ;
3159 2341 3365 2408 Ὥσπερ
3424 2335 3518 2392 οὖν

1938 2423 2136 2492 ἐκλήθη
2169 2422 2228 2474 τὸ
2253 2422 2395 2493 ὕδωρ
2424 2423 2730 2491 ἀντιλογίας
2765 2422 2928 2494 ὔδωρ,
2964 2424 3024 2474 ού
3066 2421 3225 2491 φύσιν
3257 2423 3377 2492 ἕχον
3408 2439 3518 2474 τοι-

1937 2505 2127 2577 αύτην,
2163 2506 2296 2560 ἀλλά
2322 2507 2408 2560 διά
2449 2509 2546 2576 τὴν
2581 2507 2667 2559 ἐπ’
2712 2506 2860 2577 αύτῴ
2900 2508 3199 2578 γενομένην
3243 2507 3514 2560 ὑπόθεσιν.

1950 2590 2169 2662 Ἐπειδὴ
2199 2592 2306 2662 γάρ
2335 2592 2450 2645 ἐκεῖ
2482 2591 2732 2643 ἀντεῖπεν
2752 2593 2778 2642 6
2812 2590 2957 2653 λαὸς,
3021 2590 3107 2643 διὰ
3133 2589 3289 2643 τοῦτο
3317 2590 3516 2662 ἐκλήθη

1939 2673 2081 2745 ὕδωρ
2111 2673 2437 2742 ἀντιλογίας.
2476 2675 2645 2727 Πάλιν
2684 2669 2822 2727 εἶδεν
2871 2671 3062 2726 Ἰακὼϐ
3111 2673 3199 2726 τὸν
3237 2674 3367 2726 Θεὸν
3393 2715 3406 2734 ,
3442 2675 3517 2738 ὡς

1943 2755 2072 2809 ίδεῖν
2099 2756 2372 2827 ἀνθρώπῳ
2393 2756 2635 2821 δυνατὸν,
2663 2757 2758 2810 καὶ
2788 2755 2943 2810 καλεῖ
2966 2757 3026 2809 τὸ
3047 2755 3216 2825 ὄνομα
3232 2755 3326 2809 τοῦ
3352 2757 3516 2809 τόπου

1940 2839 2118 2906 Εἶδος
2142 2840 2311 2894 Θεοῦ.
2356 2841 2414 2892 Ὀ
2445 2842 2608 2904 τόπος
2640 2842 2738 2893 οὐκ
2783 2835 2926 2910 εἶχεν
2960 2836 3099 2903 εἶδος
3129 2839 3284 2905 Θεοῦ,
3315 2841 3347 2910 ἢ
3382 2857 3517 2911 μορ-

1942 2924 2048 2994 φὴν
2067 2923 2222 2986 Θεοῦ,
2253 2923 2366 2977 ἀλλ’
2404 2924 2590 2994 ἐπειδὴ
2622 2925 2736 2978 ἐκεῖ
2764 2924 2912 2994 αύτῷ
2951 2927 2986 2996 ἡ
3015 2924 3247 2978 όπτασία
3281 2926 3514 2992 ἐγένετο,

1941 3005 2168 3059 ἐκάλεσε
2198 3006 2287 3058 τὸν
2313 3008 2474 3059 τόπον
2499 3008 2608 3060 ἀπὸ
2638 3007 2729 3060 τοῦ
2755 3007 3097 3078 πράγματος.
3137 3009 3328 3073 Ι’Λλλος
3355 3011 3521 3074 τόπος

1942 3089 2144 3160 ἐκλήθη
2168 3091 2387 3158 Εἰρήνη
2436 3090 2605 3144 Θεοῦ.
2661 3091 2789 3143 Ὅτε
2822 3091 2897 3161 τῷ
2923 3091 3128 3145 Γεδεὼν
3158 3093 3327 3165 ἐφάνη
3355 3094 3522 3163 ἄγγε-

1942 3174 2049 3238 λος,
2097 3174 2358 3243 ἐφοϐήθη,
2394 3176 2486 3227 καὶ
2528 3174 2709 3240 λέγει·
2745 3175 2939 3242 Οῑμοι,
2967 3175 3144 3242 οἶμοι,
3186 3176 3519 3232 ἀποθανοῦ-

1935 3273 2041 3323 μαι
2061 3273 2074 3286 ·
2104 3255 2254 3327 1499]
2283 3252 2446 3309 εἶδον
2480 3257 2587 3325 γὰρ
2617 3254 2876 3324 ἄγγελον
2908 3257 3076 3310 Θεοῦ.
3111 3259 3276 3325 Λέγει
3300 3255 3458 3323 αὐτῷ
3486 3263 3520 3313 ὁ

1941 3340 2224 3408 ἅγγελος·
2262 3338 2484 3406 Εἰρήνη
2515 3356 2636 3400 σοι,
2660 3339 2745 3408 μὴ
2767 3340 2973 3407 φοϐοῦ.
3009 3341 3119 3393 Καὶ
3149 3342 3516 3411 ᾠκοδόμησε,

1942 3423 2095 3490 φησὶ,
2124 3419 2358 3473 Γεδεὼν
2394 3419 2848 3488 θυσιαστήριον,
2900 3422 2996 3475 καί
3041 3422 3334 3477 ἐκάλεσεν
3371 3424 3520 3479 αὐτὸ

1942 3503 2165 3572 Εἰρήνη
2209 3503 2378 3556 Θεοῦ.
2415 3504 2624 3574 Ὥσπερ
2653 3499 2746 3557 οὖν
2779 3506 2807 3555 6
2839 3503 3048 3573 βωμὸς,
3080 3505 3111 3574 ἢ
3142 3506 3200 3558 τὸ
3233 3506 3521 3578 θυσιαστή-

1944 3602 2078 3655 ριον,
2113 3586 2212 3639 οὐκ
2252 3585 2380 3638 αὐτὸ
2437 3587 2658 3656 εἰρήνην
2716 3581 2883 3656 εἶχεν,
2934 3586 3070 3639 ἀλλά
3097 3590 3195 3656 τῆς
3223 3589 3521 3661 γενομένης

1942 3669 2034 3721 καὶ
2063 3668 2305 3738 δοθείσης
2354 3669 2574 3738 εἰρήνης
2620 3665 2686 3739 ἧν
2742 3669 3044 3739 σύμϐολον·
3103 3672 3196 3723 καὶ
3225 3672 3413 3743 ὥσπερ
3459 3674 3520 3725 τὸ

1942 3751 2086 3821 ὓδωρ
2123 3751 2222 3802 οὐκ
2249 3744 2394 3819 εἶχεν
2427 3752 2755 3819 ἀντιλογίαν,
2792 3753 2927 3805 ἀλλά
2958 3752 3047 3805 διὰ
3097 3754 3195 3824 τὴν
3252 3755 3337 3806 ἐπ’
3370 3755 3519 3825 αὐτῷ

1940 3834 2238 3904 γενομένην
2272 3834 2524 3887 ὑπόθεσιν
2549 3833 2719 3897 οὕτως
2742 3835 2942 3906 ἐκλήθη
2961 3853 2974 3864 ·
2998 3835 3140 3889 οὓτω
3161 3839 3253 3891 καὶ
3283 3839 3344 3892 τὸ
3366 3839 3518 3904 ξύλον

1941 3919 2000 3970 ού
2027 3918 2226 3984 γνῶσιν
2261 3915 2425 3988 εἶχεν,
2476 3918 2587 3970 ἀλλ’
2621 3919 2806 3990 ἐπειδὴ
2852 3922 2959 3982 πᾶς
3005 3921 3032 3971 6
3069 3920 3396 3992 ἁμαρτάνων
3442 3926 3520 3986 είς

1941 4002 2139 4068 γνῶσιν
2161 4001 2376 4071 ἔρχεται
2405 3994 2478 4053 ὧν
2508 4002 2823 4071 ἁμαρτάνει.
2861 4000 2984 4054 Οἷόν
3006 4020 3058 4054 τι
3085 4003 3245 4070 λέγω,
3276 4005 3434 4057 πάλιν
3461 4008 3518 4058 ἐν

1943 4085 2298 4154 ὑποδείγματι
2320 4103 2332 4116 °
2353 4086 2520 4137 ἐνίοτε
2541 4086 2925 4156 παρερχόμεθα
2943 4087 3209 4153 ὁδεύοντες
3229 4089 3315 4142 διὰ
3337 4091 3518 4144 τόπων

1941 4168 2373 4239 λῃστευομένων,
2391 4168 2483 4220 καὶ
2510 4167 2628 4231 ἔθος
2654 4171 2767 4232 τοῖς
2789 4168 3094 4240 ἀνθρώποις
3120 4171 3317 4238 λέγειν,
3346 4176 3407 4228 Οί
3439 4177 3519 4228 τό·

1940 4268 2031 4303 ποι
2064 4250 2126 4321 δὴ
2161 4243 2303 4304 οὗτοι
2331 4251 2550 4321 φοϐεροί
2575 4255 2730 4309 εἰσιν.
2769 4249 2912 4324 τΛρα
2941 4257 2966 4307 6
2994 4255 3157 4319 τόπος
3182 4256 3292 4326 ἔχει
3322 4258 3518 4325 φόϐον;

1939 4331 1972 4400 ἦ
2004 4331 2089 4384 διὰ
2112 4334 2233 4395 τοὺς
2251 4333 2450 4404 λῃστάς
2466 4334 2701 4401 λέγουσι,
2724 4337 2846 4397 τοὺς
2869 4337 3225 4405 σχολάζοντας
3246 4342 3300 4391 ἐν
3329 4341 3518 4412 ἐκείνῳ

1939 4414 2014 4484 τῷ
2046 4414 2195 4484 τόπῳ
2221 4431 2234 4478 ;
2298 4415 2452 4468 Οὕτω
2506 4418 2597 4468 καὶ
2621 4418 2679 4469 τὸ
2702 4419 2910 4490 δένδρον
2932 4423 3104 4473 ἐκεῖνο
3132 4422 3189 4473 οὑ
3223 4422 3381 4490 φύσιν
3405 4419 3516 4494 εἶχε

1941 4497 2296 4550 θανατοποιοῦ
2320 4498 2572 4566 γνώσεως
2600 4501 2950 4572 ἐργαστικὴν,
2989 4503 3103 4556 ἀλλ’
3132 4505 3238 4558 ἀπὸ
3266 4507 3363 4574 τῆς
3389 4509 3517 4576 περὶ

1940 4581 2070 4634 αὐτὸ
2103 4582 2396 4651 γενομένης
2414 4582 2489 4650 τῷ
2534 4584 2703 4652 Ἀδὰμ
2734 4586 3037 4655 τραγῳδίας
3062 4587 3214 4639 ἔλαϐε
3237 4588 3296 4640 τὸ
3323 4589 3513 4657 ὄνομα.

1940 4661 2066 4714 Λύω
2100 4663 2154 4713 δὲ
2191 4663 2250 4714 τὸ
2286 4665 2516 4733 πρᾶγμα
2548 4667 2826 4733 συντόμως
2851 4685 2864 4697 ·
2900 4668 2958 4717 ού
2984 4668 3090 4737 γάρ
3127 4669 3375 4741 ἀπορεῖή
3398 4671 3516 4724 θεία

1940 4744 2153 4813 Γραφή.
2192 4745 2438 4814 Σήμερον
2464 4747 2657 4816 ἔχομεν
2682 4748 3083 4820 θυσιαστήριον,
3109 4746 3168 4804 οὗ
3201 4755 3516 4824 μετέχουσιν

1939 4830 1984 4880 υί
2019 4828 2218 4881 πιστοί.
2255 4826 2402 4898 *Λρα
2449 4830 2579 4880 αὐτὸ
2612 4830 2670 4881 16
2710 4831 2881 4901 δῶρον
2935 4833 3168 4904 φυσικὴν
3199 4835 3307 4904 ἔχει
3339 4853 3514 4908 σωτη-

1942 4911 2081 4980 ρίαν,
2119 4911 2150 4978 ἣ
2178 4910 2264 4962 διὰ
2290 4912 2388 4979 τὴν
2417 4913 2849 4985 ἐπικαλουμένην
2893 4916 3047 4980 δόξαν
3086 4919 3228 4987 ἔχεις
3262 4921 3514 4990 ἐνέχυρον

1940 4994 2046 5046 ἀπὸ
2069 4994 2173 5045 τῶν
2203 4995 2502 5062 παρόντων.
2536 4997 2608 5065 μὴ
2643 4998 2990 5071 ἀμφιϐάλλῃς
3022 5004 3148 5070 περὶ
3182 5003 3288 5054 τῶν
3311 5007 3512 5074 προλα-

1941 5077 2172 5139 ϐόντων;
2217 5077 2367 5128 Ἐκεῖ
2393 5077 2588 5147 βρῶμα
2613 5080 2981 5142 θανατοποιὸν,
3029 5078 3128 5136 ὦδε
3161 5086 3352 5156 βρῶμα
3388 5088 3516 5151 ζωο-

1940 5158 2108 5211 ποιόν.
2142 5159 2202 5208 Εἰ
2227 5159 2383 5212 τοῦτο
2412 5161 2468 5212 τὸ
2497 5162 2689 5231 βρῶμα
2713 5164 2873 5228 σώζει
2900 5166 3077 5234 φύσει,
3107 5170 3198 5221 καὶ
3221 5170 3279 5220 ού
3308 5171 3509 5242 χάριτι’

1938 5243 2154 5292 κάκεῖνο
2178 5243 2242 5310 τῇ
2277 5243 2432 5310 φύσει
2464 5247 2694 5315 ἀναιρεῖ,
2728 5248 2816 5299 καὶ
2849 5250 2908 5299 οὺ
2963 5251 3290 5320 παραϐάσει.
3345 5255 3510 5317 Δείξω

1939 5341 2020 5375 σοι
2050 5324 2177 5376 ἀλλο
2229 5325 2424 5396 βρῶμα
2475 5328 2576 5390 ἐξω
2623 5329 2713 5382 τοῦ
2757 5333 3083 5401 παραδείσου
3135 5335 3504 5403 θανατοποιὸν,

1935 5408 2030 5476 τὴν
2059 5407 2497 5479 εἰδωλολατρείαν
2527 5411 2685 5478 λέγω.
2733 5415 2831 5466 Διὰ
2879 5416 2929 5467 τί
2979 5416 3085 5486 γάρ
3131 5421 3507 5487 παρῃτήσαντο

1935 5491 1982 5541 οἱ
2021 5490 2294 5562 μάρτυρες
2323 5498 2511 5561 φαγεῖν
2545 5496 2677 5563 κρέα
2702 5514 2714 5559 ;
2765 5496 2850 5549 διά
2885 5499 2934 5549 τί
2963 5499 3248 5567 ἐφοϐοῦντο
3275 5505 3463 5568 φαγεῖν
3489 5521 3502 5564 ;

1935 5568 2060 5640 ἆρα,
2096 5576 2142 5624 εἰ
2171 5574 2389 5641 ἔφαγον,
2427 5577 2801 5645 ἁπέθνησκον;
2834 5581 3129 5648 Οὐδαμῶς·
3172 5580 3284 5633 ἀλλ’
3320 5584 3506 5655 ἐπειδὴ

1933 5655 2286 5722 ἐπωνόμαστο
2333 5659 2440 5710 τῶν
2472 5659 2701 5712 εἰδώλων
2738 5663 2768 5730 ή
2805 5666 3011 5731 μνήμη,
3064 5663 3280 5730 ἔφυγον,
3315 5666 3374 5716 ού
3405 5667 3503 5738 τὴν

1937 5738 2156 5807 βρῶσιν,
2191 5741 2326 5792 ἀλλά
2350 5741 2446 5810 τὴν
2471 5742 2576 5794 τῶν
2605 5744 2813 5812 μιαρῶν
2848 5745 3147 5814 ἐπίκλησιν.
3189 5746 3344 5799 Οῦτω
3367 5765 3504 5815 γνω-

1938 5821 2058 5875 στὸν
2085 5817 2150 5892 ἦν
2181 5824 2350 5878 κακοῦ
2376 5825 2468 5881 καὶ
2494 5826 2693 5894 ἀγαθοῦ
2722 5827 2779 5879 τὸ
2800 5826 3030 5898 δένδρον,
3050 5829 3109 5882 ού
3143 5829 3341 5898 γνῶσιν
3369 5846 3508 5904 παρη
