3976 6218
474 480 619 553 έχον,
650 480 763 535 ἀλλ’
799 479 907 533 ἀπὸ
945 479 1041 550 τῆς
1087 479 1447 551 παραϐάσεως
1505 481 1754 535 διδάσκον
1799 482 1960 536 αὐτόν
1999 483 2050 535 δ.

489 569 600 622 ’Λεὶ
630 568 736 639 γὰρ
773 569 804 637 ἡ
829 571 992 638 πεῖρα
1016 567 1256 622 διδάσκει
1279 569 1368 622 τὸν
1407 569 1652 640 ἀνόητον,
1684 571 1764 624 ὅτι
1805 571 1976 624 κακὸν
2000 570 2061 623 τὸ

473 656 808 728 παραϐῆναι.
845 656 1013 709 Πάλιν
1052 657 1213 729 ἐτέρᾳ
1257 657 1360 728 ὁδῷ
1381 658 1673 730 λυθήσεται
1705 659 1766 711 τὸ
1793 657 2062 730 ζητούμε-

473 763 583 808 νον,
616 746 713 815 οὐχ
737 745 812 809 ὡς
838 745 944 798 τῶν
969 745 1200 817 πρώτων
1237 747 1571 800 ἀτονούντων
1597 788 1611 810 ,
1659 747 1774 800 ἀλλ’
1833 747 1909 810 ὼς
1960 748 2060 816 τῆς

469 834 691 905 χάριτος
716 834 808 887 τοῦ
837 833 971 888 Θεοῦ
1005 836 1262 901 πλουσίας
1295 835 1481 906 οῦσης.
1515 836 1605 902 Μὴ
1640 853 1749 907 γαρ
1793 854 1875 900 τις
1907 855 2060 906 νομι-

470 925 611 986 ζέτω
639 925 736 996 τὴν
760 924 1053 993 ἐπαγωγὴν
1082 925 1190 978 τῶν
1225 925 1434 978 πολλῶν
1478 925 1767 996 νοημάτων
1806 925 1874 978 δι’
1897 925 2058 978 ἀσθέ-

468 1030 620 1066 νειαν
671 1013 920 1082 γίνεσθαι
951 1013 1060 1066 τῶν
1101 1013 1484 1084 προλαϐόντων
1511 1033 1522 1046 ·
1557 1016 1589 1084 η
1620 1014 1713 1067 τοῦ
1764 1014 1898 1067 Θεοῦ
1947 1014 2056 1083 γὰρ

467 1104 627 1174 χάρις
657 1102 886 1155 πλουσία
911 1097 1063 1165 οὖσα,
1094 1103 1156 1152 ἐκ
1185 1101 1292 1152 τῶν
1342 1102 1541 1171 ἐαυτῆς
1577 1103 1872 1173 θησαυρῶν
1914 1121 2057 1176 παρ-

466 1194 580 1262 έχει
611 1194 760 1262 ἡμῖν,
790 1193 884 1246 ἐὰν
913 1186 1062 1262 ὦμεν
1093 1191 1254 1255 ἀξιοι.
1290 1192 1531 1262 Πρόσεχε
1561 1193 1762 1246 τοίνυν.
1808 1195 1870 1246 Ol
1913 1193 2056 1266 μάρ-

463 1300 626 1354 τυρες
651 1284 1038 1355 παρῃτήσαντο
1073 1281 1276 1352 βρῶσιν
1310 1281 1694 1344 εἰδωλοθύτων,
1730 1282 1897 1346 ὅντως
1923 1282 2056 1350 φεύο

461 1391 647 1441 γοντες
671 1375 886 1442 φαγεῖν,
913 1373 987 1435 ὼς
1017 1374 1066 1424 εί
1099 1371 1298 1440 ἔφυγεν
1333 1371 1505 1441 Ἀδὰμ
1527 1373 1587 1424 τὸ
1607 1372 1842 1442 δένδρον,
1873 1372 2052 1443 ἐσώθη

460 1466 545 1518 ἄν.
582 1464 704 1516 Ὅτι
741 1463 795 1516 δὲ
831 1463 891 1514 οὐ
941 1462 1002 1514 τὸ
1049 1459 1248 1513 εἰδέναι
1286 1459 1488 1527 ἀγαθὸν
1535 1460 1628 1513 καὶ
1666 1461 1854 1523 κακὸν,
1894 1461 2053 1514 τοῦτο

463 1551 712 1622 μισητὸν,
739 1553 771 1622 ἡ
795 1550 1024 1622 ἀλήθεια
1045 1549 1272 1619 λάμπει.
1315 1548 1565 1618 Ἐρωτῶν
1587 1548 1695 1617 γάρ
1731 1551 1758 1601 6
1781 1548 1932 1611 Θεὸς,
1957 1549 2052 1600 καὶ

463 1643 538 1712 μὴ
571 1641 846 1712 πράττων,
878 1635 1018 1692 οἶδεν
1046 1639 1198 1703 αὐτὸ,
1229 1637 1261 1709 ἢ
1295 1637 1388 1703 οῦς
1418 1638 1514 1701 Τίς
1548 1638 1723 1707 τολμᾷ
1771 1639 1947 1690 εἰπεῖν
1968 1639 2050 1691 ὅτι

458 1732 559 1784 οὐκ
591 1726 732 1784 οἶδεν
753 1749 767 1795 ς
789 1730 862 1784 οὐ
889 1730 996 1800 γάρ
1024 1730 1172 1781 ἐστιν
1195 1731 1226 1799 ἡ
1261 1728 1483 1796 γνῶσις,
1507 1729 1725 1799 πρᾶξις.
1746 1723 1890 1798 ’Δρα
1913 1727 2052 1780 Παῦο

458 1819 548 1882 λος
581 1821 609 1872 6
639 1819 832 1886 λέγων,
861 1818 1114 1886 Φεύγετε
1141 1817 1257 1883 τὴν
1282 1816 1586 1883 πορνείαν,
1626 1816 1725 1867 οὐκ
1749 1815 1864 1885 ᾔδει
1898 1814 1949 1867 τί
1983 1811 2050 1884 ἦν

459 1910 491 1978 ἡ
523 1907 746 1978 πορνεία
770 1925 782 1971 ;
808 1908 836 1958 6
859 1905 1075 1975 φεύγων
1109 1903 1374 1975 μοιχείαν,
1404 1904 1503 1956 οὐκ
1530 1903 1647 1974 ᾔδει
1684 1903 1735 1954 τί
1768 1898 1836 1972 ἦν
1863 1905 1894 1972 ἡ
1932 1921 2050 1972 μοιο

455 1997 612 2068 χεία;
657 1996 796 2050 Ἀλλ’
832 1996 890 2047 οὐ
927 1995 1249 2065 κατέκρινεν
1283 1992 1446 2046 αὐτὸν
1476 1994 1508 2062 ἡ
1541 1992 1761 2060 γνῶσις.
1798 1992 1970 2054 Αὐτὸς
1991 1991 2046 2044 δὲ

455 2089 484 2139 6
513 2086 645 2149 Θεὸς
686 2081 826 2138 οἶδεν
863 2084 1022 2156 ἡμῶν
1064 2083 1192 2146 ὅλας
1228 2082 1328 2146 τάς
1372 2083 1617 2154 πράξεις,
1660 2081 1910 2153 ἀριθμῶν
1955 2084 2048 2136 καὶ

455 2174 656 2242 λέγων·
701 2175 801 2228 Ἐκ
829 2171 937 2239 τῆς
965 2173 1212 2241 καρδίας
1243 2170 1589 2242 ἐξέρχονται
1620 2172 1894 2240 λογισμοὶ
1933 2187 2044 2224 πο-

455 2262 649 2331 νηροί.
686 2263 880 2329 φόνοι,
912 2260 1190 2329 μοιχεῖαι,
1210 2260 1524 2328 ἐπιορκίαι,
1547 2259 1873 2326 ἀσέλγειαι,
1903 2263 2046 2327 φθό-

454 2369 569 2416 νοι,
603 2351 966 2415 πλεονεξίαι.
1000 2349 1190 2404 Ταῦτά
1217 2351 1347 2403 ἐστι
1371 2353 1444 2402 τὰ
1471 2349 1790 2402 κοινοῦντα
1812 2349 1920 2403 τὸν
1941 2351 2044 2403 ἇν-

456 2443 710 2508 θρωπον.
746 2439 934 2492 Ταῦτα
959 2436 1113 2510 [500]
1160 2437 1369 2506 ἀγνοῶν
1403 2436 1570 2505 λέγει,
1609 2436 1642 2506 ἦ
1669 2436 1819 2498 εἰδὼς
1851 2439 1878 2490 ὁ
1911 2438 2042 2501 Θεὸς

455 2527 550 2582 καὶ
573 2529 600 2580 6
616 2525 936 2588 Ἀπόστολος
957 2542 970 2589 ;
990 2525 1099 2594 Οὑχ
1124 2523 1333 2595 ὑϐρίζει
1353 2519 1446 2576 οῦν
1468 2525 1500 2594 ὴ
1521 2523 1720 2591 γνῶσις
1733 2524 1824 2576 τὸν
1847 2523 2036 2592 Ἀδάμ.

458 2615 734 2684 Ἐϐλαψεν
768 2615 865 2683 οὐχ
898 2615 930 2683 ὴ
961 2612 1181 2681 γνῶσις,
1209 2611 1323 2666 ἀλλ’
1351 2613 1387 2682 η
1432 2611 1762 2683 παράϐασις.
1796 2611 1946 2664 Θέλω
1984 2613 2040 2666 δὲ

454 2703 733 2775 ἐρωτῆσαι
761 2704 943 2765 αὐτὸν,
977 2704 1128 2754 ποῖον
1157 2701 1330 2771 ἔμαθε
1359 2701 1510 2772 παρά
1535 2701 1628 2754 τοῦ
1665 2701 1821 2766 ξύλου
1852 2702 2036 2765 καλὸν,

453 2792 484 2860 ἢ
509 2792 676 2845 κακόν
701 2809 714 2855 ;
743 2791 895 2845 Μετά
941 2790 1039 2860 τὴν
1090 2789 1291 2860 βρῶσιν
1323 2789 1463 2856 ἔγνω
1490 2789 1539 2841 τί
1574 2791 1689 2842 ἐστι
1716 2790 1904 2858 φόνος;
1944 2790 2038 2841 Οὐ-

449 2880 562 2942 δεὶς
595 2879 806 2932 οὐδέπω
857 2873 924 2947 ἦν
963 2879 989 2928 6
1017 2877 1291 2942 κολάζων·
1341 2877 1401 2930 οὐ
1433 2879 1646 2948 μοιχεία
1675 2878 2002 2944 ἐγινώσκετο
2023 2895 2034 2908 ·

451 2966 662 3020 οὐδέπω
686 2973 793 3036 γὰρ
813 2961 953 3037 ἦσαν
977 2965 1144 3035 γάμοι
1161 2981 1173 2993 ⁸
1197 2965 1256 3019 οὐ
1280 2969 1548 3036 πορνεῖαι,
1576 2965 1673 3035 οὐχ
1697 2966 1922 3037 ἁρπαγὴ
1945 2962 2034 3036 ἦν’

451 3055 661 3107 οὐδέπω
693 3054 801 3125 γὰρ
824 3050 891 3124 ἦν
925 3054 1176 3116 πλούσιος
1201 3053 1294 3106 καὶ
1338 3054 1536 3124 πένηςο
1585 3055 1643 3106 οὐ
1680 3054 2034 3121 συκοφαντίαι

451 3145 545 3196 καὶ
571 3143 1053 3213 ψευδομαρτυρίαι.
1097 3143 1254 3194 Ποῖον
1293 3136 1385 3194 οὖν
1417 3142 1557 3208 ἔγνω
1595 3142 1781 3205 κακὸν,
1815 3142 1846 3212 ἢ
1877 3141 2036 3195 τοῦτο

454 3232 637 3300 μόνον,
665 3234 748 3286 ὃτι
769 3231 932 3284 καλὸν
957 3227 1024 3301 ἦν
1061 3231 1120 3282 τὸ
1150 3230 1456 3283 ὑπακοῦσαι
1497 3230 1636 3300 Θεῷ,
1687 3231 1855 3284 κακὸν
1883 3231 1940 3285 δὲ
1973 3232 2035 3284 τὸ

453 3319 803 3391 παρακοῦσαι
833 3318 965 3372 Θεοῦ
993 3335 1006 3383 ;
1041 3319 1200 3387 Λέγω
1229 3318 1285 3370 δὲ
1325 3320 1500 3370 κοινὸν
1531 3320 1624 3371 καὶ
1663 3321 2033 3390 περιφερόμε-

450 3426 539 3461 νον
573 3410 744 3479 ῥῆμα,
769 3409 863 3461 καὶ
895 3407 968 3478 μή
1006 3423 1087 3468 τις
1121 3405 1284 3458 αὐτοῦ
1313 3406 1386 3468 ὡς
1432 3406 1706 3476 τολμηροῦ
1755 3408 2029 3478 καταγνῷ.

449 3496 738 3565 Εἰώθαμεν
770 3495 945 3562 λέγειν
975 3495 1087 3554 τοῖς
1111 3493 1538 3562 ἁμαρτάνουσιν,
1571 3495 1921 3559 ἀπειλοῦντες
1945 3497 2035 3549 αῦ-

445 3586 557 3646 τοῖς
597 3584 934 3657 ἐπιστροφήν
958 3599 970 3610 ·
1015 3581 1160 3633 Ποιῶ
1192 3597 1251 3633 σε
1288 3581 1480 3650 μαθεῖν
1503 3583 1855 3653 ἐπιστροφήν.
1883 3581 2032 3654 τΑρα

448 3670 645 3738 γνῶσιν
677 3669 824 3737 λέγει
858 3671 957 3735 τὴν
989 3669 1259 3737 μάθησιν;
1288 3668 1359 3720 Τὸ
1386 3665 1478 3721 οὖν
1504 3671 1745 3737 γνωστὸν
1785 3671 1894 3724 ἀπὸ
1931 3671 2033 3740 τῆς

449 3758 643 3828 πείρας
688 3755 793 3808 τῶν
845 3755 1162 3826 συμφορῶν.
1201 3755 1550 3809 Ἐπαίδευσεν
1594 3758 1756 3811 αὑτὸν
1803 3759 2028 3826 γνῶναι,

448 3845 632 3906 πόσοις
659 3861 727 3895 κα
744 3848 849 3905 κοῖς
881 3842 1208 3914 συνεζεῦχθη
1237 3845 1506 3914 παραϐάς.

515 3941 576 3989 ε’.
597 3936 836 4005 Πρόσεχε
857 3934 1034 3986 τοίνυν
1063 3935 1200 4004 μετὰ
1221 3935 1524 4003 ἀκριϐείας.
1546 3936 1608 3990 Εἰ
1635 3936 1742 4006 γάρ
1765 3938 1859 3990 καὶ
1885 3937 2031 4009 εῖρηο

446 4042 534 4078 ται
552 4024 763 4096 πρῴην,
785 4023 898 4076 ἀλλ’
918 4025 950 4093 η
971 4023 1222 4087 ὑπόθεσις
1239 4023 1385 4077 ἔλκει
1407 4025 1495 4077 τὸν
1515 4025 1688 4094 λόγον.
1709 4025 1765 4078 '0
1783 4025 2030 4090 δεδωκὼς

444 4111 513 4164 τά
537 4113 713 4164 πάντα
740 4110 871 4173 Θεὸς
892 4111 1122 4181 ἀόρατος
1155 4105 1222 4181 ἦν
1244 4127 1257 4141 °
1283 4113 1309 4164 6
1332 4110 1511 4165 λαϐὼν
1550 4112 1701 4184 παρὰ
1752 4113 1846 4165 τοῦ
1894 4113 2026 4166 Θεοῦ

443 4201 513 4253 τὰ
543 4201 717 4253 πάντα
756 4197 1031 4271 ὁρώμενος
1061 4195 1146 4268 ἦν.
1196 4199 1252 4253 Ὀ
1283 4198 1461 4253 λαϐὼν
1509 4203 1778 4270 ἐφαίνετο,
1808 4204 1835 4254 6
1864 4202 2027 4256 δεδω-

445 4289 556 4352 κὼς
578 4291 676 4342 οὐκ
711 4289 978 4356 ἐςαίνετο.
1015 4289 1192 4352 Μόνος
1237 4285 1305 4359 ἦν
1339 4293 1366 4341 ό
1391 4289 1676 4360 ἄνθρωπος
1698 4311 1709 4322 ·
1762 4293 1830 4345 τὰ
1858 4293 2028 4358 ἄλογα

445 4379 572 4447 περὶ
617 4376 798 4429 αὐτόν.
868 4378 1020 4428 Κατά
1059 4377 1300 4448 κεφαλῆς
1347 4379 1535 4431 οὐδένα
1583 4374 1744 4447 εἶχεν.
1791 4379 2026 4450 Ἐθηκεν

444 4464 592 4534 αὐτῷ
625 4467 651 4518 6
677 4464 807 4527 Θεὸς
834 4466 1016 4534 νόμον,
1056 4466 1114 4519 τὸ
1139 4465 1353 4536 δένδρον
1386 4469 1464 4528 εἰς
1499 4467 1804 4537 ὑπόμνησιν
1834 4469 1892 4520 ἐν
1931 4468 2025 4537 μέ-

445 4569 543 4623 σῳ,
571 4552 658 4604 ἵνα
692 4552 764 4621 μὴ
787 4551 922 4622 λάθῃ
947 4551 1125 4604 λαϐὼν
1143 4554 1239 4623 τὴν
1263 4553 1599 4606 δεσποτείαν.
1626 4549 1773 4617 υίον,
1805 4553 2023 4626 περιῄει

441 4635 656 4706 τρυγῶν
679 4637 802 4696 τούς
832 4637 1076 4704 καρποὺς
1102 4636 1236 4705 μετά
1252 4637 1352 4706 τῆς
1375 4639 1651 4705 γυναικός.
1694 4638 2023 4709 Ἐπλησίαζε

439 4725 518 4795 τῷ
550 4725 750 4796 δένδρῳ
772 4741 784 4755 ·
821 4724 994 4791 ἔλεγε,
1025 4726 1115 4796 Μὴ
1135 4725 1398 4796 ἁψώμεθα
1428 4729 1521 4780 τοῦ
1548 4728 1764 4797 δένδρου
1800 4730 2019 4782 τούτου·

441 4814 570 4881 περὶ
596 4813 702 4884 γάρ
734 4813 896 4865 αὐτοῦ
933 4814 1300 4884 παρήγγειλεν
1325 4817 1352 4866 6
1382 4815 1534 4877 Θεός.
1571 4814 1679 4868 Καὶ
1707 4812 1773 4886 ἦν
1803 4817 1863 4870 τὸ
1887 4817 2025 4888 ὁρώ-

444 4915 603 4969 μενον
654 4902 958 4969 ὑπόμνησις
990 4900 1084 4952 τοῦ
1114 4902 1346 4972 ἀοράτου
1368 4918 1381 4931 ·
1415 4897 1502 4954 οἷα
1542 4903 1746 4970 γίνεται
1777 4907 1868 4958 καὶ
1904 4905 2018 4959 νῦν.

452 4989 737 5056 Ἐννόησον
767 4991 922 5042 πόσοι
954 4992 1090 5046 είσὶν
1121 4993 1381 5060 ἄρχοντες
1411 4992 1514 5044 ἀνά
1559 4995 1740 5046 πᾶσαν
1766 4994 1864 5065 τὴν
1896 4996 2014 5064 γῆν.

439 5074 549 5128 Καὶ
582 5075 765 5143 ἐπειδὴ
792 5075 1039 5143 βασιλεὺς
1065 5081 1229 5130 πᾶσιν
1263 5079 1323 5130 οὐ
1347 5079 1600 5148 πάρεστι,
1631 5080 1712 5132 δεῖ
1739 5083 2022 5151 παραστῆ-

439 5179 528 5216 ναι
557 5162 645 5214 τὸν
676 5165 996 5235 χαρακτῆρα
1029 5166 1124 5218 τοῦ
1160 5165 1422 5235 βασιλέως
1462 5169 1517 5218 ἐν
1546 5167 1936 5238 δικαστηρίοις,
1963 5169 2020 5220 ἐν

442 5252 686 5322 ἀγοραῖς,
725 5253 781 5302 ἐν
816 5252 1112 5319 συλλόγοις,
1166 5257 1222 5307 ἐν
1276 5254 1543 5326 θεάτροις.
1611 5255 1699 5308 Ἑν
1729 5257 1891 5308 παντὶ
1929 5253 2021 5310 οὖν

441 5338 611 5407 τόπῳ,
639 5340 694 5390 ἐν
718 5332 760 5404 ᾧ
786 5340 1012 5408 πράττει
1035 5341 1238 5410 ἄρχων,
1270 5343 1348 5394 δεῖ
1377 5345 1653 5412 παρεῖναι,
1680 5345 1764 5396 ἵνα
1793 5343 2022 5413 βεϐαιῶ-

439 5425 617 5478 ταιτά
646 5427 924 5495 γινόμενα.
973 5428 1030 5478 '0
1056 5429 1307 5495 βασιλεὺς
1344 5430 1440 5498 μὲν
1474 5427 1566 5482 οὖν
1603 5435 1856 5501 παρεῖναι
1888 5451 2021 5485 παν-

438 5513 624 5583 ταχοῦ,
655 5514 729 5576 ds;
754 5514 1054 5583 ἅνθρωπος,
1091 5517 1150 5567 οὐ
1173 5516 1394 5570 δύναται
1422 5533 1435 5547 ⁶
1468 5519 1600 5571 Θεὸν
1624 5520 1678 5571 δὲ
1710 5520 1868 5572 πάλιν
1895 5522 2021 5589 φαί-

439 5602 646 5665 νεσθαι,
679 5603 755 5664 ώς
801 5602 951 5668 Θεὸν,
981 5601 1288 5674 ἀνθρώποις
1318 5645 1332 5666 ,
1383 5606 1662 5660 ἀδύνατον.
1704 5609 1912 5661 Δέδωκε
1961 5610 2020 5662 τὸ

441 5688 651 5758 δένδρον
686 5691 1006 5762 χαρακτῆρα
1039 5692 1138 5758 τῆς
1190 5690 1487 5760 βασιλείας,
1525 5695 1828 5765 ὑπόμνησιν
1856 5696 2017 5767 φέρον

507 5812 535 5856 δ
553 5811 662 5866 Sav.
698 5817 824 5877 conj.
852 5816 1013 5874 crsrév,
1037 5815 1162 5880 quod
1189 5814 1380 5878 recepit
1402 5815 1656 5867 Combeﬁs.

1947 366 2312 425 SEVERIANI

3641 386 3758 444 490

2171 484 2250 556 τῷ
2290 483 2485 555 Ἀδὰμ.
2523 486 2604 540 ὅτι
2640 486 2861 540 πάντων
2884 485 3041 540 ἔλαϐε
3073 487 3173 558 τὴν
3210 484 3550 540 δεσποτείαν.
3579 484 3751 538 Γνῶθι

2171 575 2262 627 τὸν
2283 575 2554 628 δεδωκότα
2573 576 2674 648 τὴν
2710 575 2976 641 ἐξουσίαν.
3015 577 3126 631 Καὶ
3151 577 3236 628 ῖνα
3272 575 3451 646 μάθῃς
3477 574 3594 638 πῶς
3622 575 3754 627 ὑπεο

2175 662 2486 732 μίμνησκεν
2523 663 2720 725 αὐτοὺς
2744 664 2805 716 τὸ
2831 663 3069 734 δένδρον·
3125 665 3214 716 ὅτε
3262 664 3292 716 6
3320 662 3443 730 δφις
3487 661 3751 731 ἠθέλησεν

2166 747 2444 817 ἀπατῆσαι
2473 747 2570 818 τὴν
2599 749 2857 815 γυναῖκα,
2894 744 3047 801 εἶπεν
3069 749 3210 819 αὐτῇ
3229 763 3244 778 ⁸
3281 748 3385 800 Διὰ
3422 747 3479 799 τί
3524 743 3693 799 εἶπεν
3717 748 3753 800 ό

2169 835 2313 901 Θεὸς
2332 833 2419 903 μὴ
2452 834 2665 903 φαγεῖν
2693 832 2848 904 ὑμᾶς
2869 835 2986 889 ἀπὸ
3010 835 3232 900 παντὸς
3257 834 3483 897 ξύλου;
3521 831 3582 884 'H
3613 831 3751 902 γυνη

2164 925 2264 978 οὐκ
2304 925 2699 979 ἐπελανθάνετο
2736 924 2830 978 τοῦ
2865 925 3055 996 νόμου,
3107 924 3241 978 ἀλλά
3293 923 3386 976 καὶ
3443 920 3750 991 διορθοῦται

2163 1014 2263 1085 τὴν
2305 1016 2528 1083 ἄγνοιαν
2554 1057 2566 1075 ,
2627 1016 2718 1068 καί
2755 1032 2943 1087 φησιν·
2985 1015 3099 1069 Οὐκ
3151 1010 3304 1066 εἶπεν
3337 1015 3364 1066 ὁ
3393 1012 3521 1076 Θεὸς
3553 1009 3746 1072 οὕτως,

2163 1102 2277 1154 ἀλλ’
2308 1103 2416 1156 ἀπὸ
2450 1103 2651 1165 παντὸς
2684 1102 2842 1166 ξύλου
2871 1101 3178 1173 φαγώμεθα
3200 1120 3212 1132 ο
3242 1101 3351 1154 ἀπὸ
3382 1099 3440 1153 δὲ
3469 1097 3563 1152 τοῦ
3590 1096 3748 1162 ξύλου

2162 1189 2374 1254 τούτου,
2421 1187 2571 1243 εἶπεν
2602 1193 2631 1244 6
2677 1190 2831 1252 Θεὸς,
2871 1189 2944 1261 μὴ
3003 1189 3213 1259 φάγητε
3257 1189 3350 1240 ἀπ’
3383 1185 3571 1248 αὐτοῦ,
3611 1184 3745 1255 μηδὲ

2163 1277 2371 1347 ἆψασθε
2419 1277 2606 1332 αὐτοῦ.
2641 1277 2812 1330 Βλέπε
2865 1279 2962 1348 τὴν
3010 1275 3314 1347 ἀκρίϐειαν.
3372 1276 3429 1327 ’0
3467 1272 3600 1333 Θεὸς
3645 1273 3747 1324 οὐκ

2160 1361 2280 1420 εἷπε
2301 1382 2313 1394 ·
2357 1365 2442 1436 Μὴ
2482 1365 2713 1434 ἀ-ᾇησθε.
2745 1364 2879 1418 Οὐδὲ
2919 1363 3026 1436 γάρ
3054 1364 3214 1433 ἔφερε
3261 1361 3500 1414 κίνδυνον
3520 1359 3580 1414 τὸ
3604 1358 3745 1426 ἀψα-

2162 1454 2312 1506 σθαι·
2341 1454 2456 1506 ἀλλ’
2480 1456 2676 1506 ἐκεῖνοι
2707 1453 2920 1505 σύνεσιν
2944 1453 3153 1521 ἔχοντες
3175 1451 3383 1519 θεῖκὴν,
3411 1447 3522 1500 τῶν
3542 1445 3743 1500 λοιπῶν

2159 1543 2523 1605 ἀπολαύοντες
2549 1581 2565 1604 ,
2597 1542 2804 1613 ὥρισαν
2851 1543 2978 1612 παρ’
3019 1542 3232 1602 ἐαυτοῖς
3258 1553 3273 1568 ⁸
3337 1535 3486 1610 [501]
3518 1531 3689 1588 Εἶπεν
3715 1536 3743 1589 6

2158 1629 2310 1692 Θεὸς,
2350 1631 2440 1700 Μὴ
2487 1629 2759 1698 γεύσησθε
2815 1628 2909 1681 τοῦ
2973 1627 3224 1698 δένδρου·
3288 1627 3448 1696 ἡμεῖς
3498 1624 3555 1676 δὲ
3609 1621 3742 1693 μηδὲ

2157 1715 2426 1786 ἁψόμεθα.
2475 1715 2741 1769 Τοσοῦτον
2789 1715 2947 1785 ἔμελε
2993 1719 3060 1786 τῇ
3109 1713 3325 1782 γυναικὶ
3376 1711 3618 1783 τηρῆσαι
3651 1708 3741 1763 τοῦ

2156 1803 2291 1856 Θεοῦ
2331 1804 2429 1874 τὴν
2489 1804 2729 1873 ἐντολήν.
2795 1799 2902 1856 Ἷιν
2959 1798 3053 1856 οὖν
3104 1803 3165 1854 τὸ
3219 1801 3431 1871 δένδρον
3483 1800 3541 1853 ἐν
3594 1799 3742 1868 μέσῳ

2155 1892 2447 1962 κείμενον,
2503 1894 2580 1955 εἰς
2648 1892 2677 1945 6
2747 1892 3031 1962 ἠπάτησεν
3078 1889 3291 1952 αὐτούς.
3361 1887 3523 1940 Ξένον
3579 1887 3742 1939 ἀκουε

2156 1982 2407 2053 πρᾶγμα.
2472 1984 2771 2053 Ἐχρήσατο
2803 1982 3018 2052 ὀργάνῳ
3047 1979 3182 2050 πρὸς
3214 1980 3311 2050 τὴν
3335 1977 3574 2045 ἀπάτην,
3608 1977 3746 2046 πρά-

2154 2085 2325 2139 γματι
2363 2071 2832 2141 ἐμπεφυτευμένῳ
2856 2067 2936 2139 τῷ
2967 2065 3258 2137 ἀνθρώπῳ.
3326 2066 3386 2119 '0
3443 2065 3555 2134 γὰρ
3607 2063 3743 2127 Θεὸς

2153 2159 2404 2211 πλάττων
2451 2158 2542 2210 τὸν
2581 2158 2900 2229 ἄνθρωπον,
2941 2156 3080 2228 μετὰ
3129 2156 3229 2224 τῆς
3277 2154 3442 2224 ἄλλης
3483 2151 3742 2220 γνώσεως

2151 2245 2410 2316 ἐνέθηκεν
2439 2245 2586 2316 αὐτῷ
2630 2246 2722 2299 καὶ
2754 2245 2916 2298 πόθον
2949 2244 3112 2297 Θεοῦ.
3159 2242 3312 2295 Ἐπεὶ
3367 2238 3461 2294 οῦν
3495 2235 3634 2293 εἶδεν
3682 2242 3740 2292 ἐν

2150 2334 2334 2396 αὐτοῖς
2358 2333 2448 2386 τὸν
2476 2333 2681 2398 πυρσὸν
2711 2331 2806 2385 τοῦ
2834 2330 3000 2384 πόθου
3021 2374 3035 2396 ,
3063 2328 3210 2396 λέγει
3235 2343 3247 2356 ·
3279 2326 3627 2393 Γενήσεσθε
3657 2326 3741 2392 ὡς

2150 2421 2292 2474 θεοί.
2331 2419 2463 2482 Νῦν,
2497 2421 2573 2484 ὡς
2599 2420 2909 2490 ἄνθρωποι.
2954 2420 3012 2472 οὐ
3038 2415 3264 2471 δύνασθε
3314 2410 3454 2467 εἶναι
3503 2414 3736 2466 πάντοτε

2153 2507 2290 2578 μετά
2321 2507 2478 2560 Θεοῦ.
2523 2508 2648 2561 Ἐάν
2683 2506 2912 2576 γένησθε
2945 2507 3020 2569 ώς
3066 2504 3197 2568 θεοὶ,
3234 2505 3464 2557 πάντοτε
3512 2501 3736 2571 μέλλετε

2149 2591 2287 2649 εἶναι
2317 2597 2432 2666 μετ’
2455 2595 2639 2648 αὐτοῦ.
2680 2598 2755 2648 Οὐ
2785 2594 2895 2664 γὰρ
2917 2589 3066 2646 εἶπεν
3105 2594 3314 2655 αὐτοῖς·
3336 2589 3461 2642 Ἐὰν
3497 2590 3734 2658 φάγητε,

2147 2683 2361 2750 γίνεσθε
2406 2683 2654 2754 πολέμιοι
2696 2683 2790 2736 τοῦ
2818 2681 2974 2736 Θεοῦ.
3031 2681 3322 2749 Ἐπιθυμία
3370 2674 3464 2731 οὖν
3491 2678 3589 2747 τῆς
3620 2679 3735 2728 ισο-

2147 2765 2298 2829 θεῒας
2345 2769 2529 2838 ἀπατᾷ
2566 2768 2666 2838 τὴν
2711 2767 2944 2835 γυναῖκα
2971 2805 2986 2830 ,
3028 2764 3258 2833 κάκείνη
3300 2763 3389 2815 τὸν
3427 2760 3596 2830 ἄνδρα
3628 2761 3736 2812 οὐκ

2146 2851 2350 2922 ἀπατᾷ,
2388 2851 2523 2906 ἀλλά
2570 2851 2770 2906 πείθει.
2821 2853 2933 2905 Καὶ
2964 2851 3232 2922 μαρτυρεῖ
3281 2846 3492 2909 Παῦλος
3525 2846 3732 2914 λέγων’

2157 2934 2330 3004 Ἀδὰμ
2361 2937 2470 2988 οὐκ
2503 2935 2800 3003 ἠπατήθη.
2838 2935 2948 2988 Καὶ
2984 2935 3072 2987 διὰ
3110 2934 3163 2986 τί
3196 2931 3533 3002 κατεκρίθη;
3586 2929 3735 2998 Ὅρα

2142 3018 2202 3071 τὸ
2231 3019 2419 3073 δεινόν.
2469 3019 2532 3072 Ἦ
2581 3020 2719 3089 γυνὴ
2754 3018 3098 3088 ἀπατηθεῖσα
3138 3016 3306 3085 ἔφαγε
3332 3031 3345 3046 °
3383 3015 3559 3066 πείθει
3592 3013 3736 3083 μετὰ

2143 3103 2200 3155 τὸ
2227 3105 2418 3170 φαγεῖν
2444 3104 2534 3156 καὶ
2565 3104 2654 3156 τὸν
2683 3103 2872 3174 ἀνδρα,
2910 3103 2995 3156 ἵνα
3028 3105 3102 3172 μὴ
3130 3102 3262 3171 μόνη
3294 3100 3598 3172 διατραπῇ’
3628 3099 3730 3150 καὶ

2144 3184 2380 3248 ἔπεισεν,
2411 3187 2510 3239 οὐκ
2543 3187 2825 3256 ⁴ηπάτησεν
2846 3203 2858 3215 ⁶
2892 3180 3001 3238 οἷον
3037 3185 3241 3253 γίνεται
3278 3185 3372 3236 καὶ
3396 3184 3491 3234 νῦν
3529 3181 3734 3234 πολλά-

2143 3285 2248 3332 κις.
2289 3267 2442 3322 Οἶδεν
2486 3270 2769 3339 ἄνθρωπος
2814 3269 2913 3339 τὴν
2944 3270 3157 3332 πίστιν,
3192 3269 3384 3338 ἀγαπᾷ
3417 3269 3509 3320 τὸν
3543 3269 3733 3336 νόμον,

2143 3351 2294 3422 ζηλοῖ
2321 3353 2417 3423 τὴν
2463 3352 2795 3424 ὀρθοδοξίαν,
2829 3355 2924 3405 καὶ
2954 3352 3201 3406 πείθεται
3233 3355 3300 3422 τῇ
3346 3352 3597 3420 γυναικὶ,
3652 3351 3734 3421 μὴ

2140 3435 2308 3502 δεῖξαι
2358 3436 2454 3490 τὸν
2507 3437 2688 3506 ζῆλον,
2722 3437 2822 3489 οὐκ
2857 3436 3066 3501 ἀγνοῶν
3108 3436 3204 3506 τὴν
3257 3435 3537 3506 ἀλήθειαν,
3591 3434 3733 3488 ἀλλά

2141 3520 2461 3588 πειθόμενος
2491 3523 2555 3590 τῇ
2593 3519 2826 3590 συμϐίῳ.
2859 3519 3051 3572 Πολλοὶ
3097 3519 3206 3590 γὰρ
3236 3519 3514 3586 ἐνόμισαν,
3553 3519 3634 3570 ὅτι
3666 3519 3733 3570 ἀ-

2140 3602 2312 3670 γνοῶν
2345 3605 2373 3656 ὁ
2413 3603 2585 3672 Ἀδὰμ
2609 3601 2768 3656 ἔλαϐε
2804 3601 2951 3673 παρὰ
2985 3602 3082 3672 τῆς
3117 3600 3395 3669 γυναικὸς,
3428 3601 3528 3652 οὐκ
3565 3599 3726 3662 είδὼς

2142 3685 2308 3740 πόθεν
2339 3687 2510 3755 ἤγαγε
2545 3687 2636 3738 τὸν
2666 3685 2898 3754 καρπόν.
2946 3685 3088 3736 Ἀλλ’
3116 3687 3216 3736 οὐκ
3245 3684 3358 3754 ἔχει
3390 3684 3690 3750 ἀπολογίαν
3712 3699 3730 3716 ο

2138 3771 2166 3822 6
2190 3771 2296 3838 γὰρ
2330 3769 2461 3831 Θεὸς
2486 3767 2720 3838 ἐλέγχει,
2747 3769 2919 3834 λέγων
2951 3768 3121 3838 αὐτῷ’
3159 3770 3284 3821 Ὀτι
3309 3768 3586 3836 ἤκουσας
3617 3767 3733 3834 τῆς

2137 3854 2342 3922 φωνῆς
2373 3852 2483 3920 τῆς
2531 3854 2813 3920 γυναικός
2846 3870 2981 3906 σου.
3017 3856 3125 3907 Καὶ
3152 3854 3250 3906 οὐκ
3282 3850 3454 3915 εἶπεν,
3501 3853 3727 3924 Ἐπειδὴ

2138 3935 2330 3999 ἔλαϐες
2385 3937 2536 4006 παρά
2569 3936 2672 4006 τῆς
2719 3939 2972 4004 γυναικός
3029 3954 3121 3990 σου
3148 3953 3161 3967 ·
3217 3939 3311 3990 καὶ
3349 3939 3456 4007 μὴν
3491 3936 3729 4005 ἠδύνατο

2137 4022 2331 4083 εἰπεῖν,
2364 4021 2638 4089 Ἠγνόουν,
2668 4022 2766 4072 οὐκ
2795 4022 2942 4092 ᾔδειν
2970 4021 3131 4074 πόθεν
3158 4022 3353 4090 ἤνεγκε
3381 4021 3473 4072 τὸν
3487 4021 3724 4088 καρπόν.

2137 4103 2209 4155 Τὸ
2240 4103 2491 4174 ἔγκλημα
2524 4103 2617 4155 τοῦ
2649 4104 2861 4176 ἀνδρὸς,
2895 4104 2992 4173 οὐχ
3025 4105 3106 4156 ὅτι
3147 4103 3402 4174 ἠπατήθη
3427 4144 3441 4167 ,
3481 4102 3596 4156 ἀλλ’
3640 4104 3726 4155 ὅτι

2138 4186 2446 4256 ἐδελεάσθη.
2478 4186 2758 4258 ’Έλθωμεν
2785 4187 2966 4240 λοιπὸν
2993 4189 3086 4240 ἐπί
3109 4188 3168 4241 τὸ
3193 4188 3544 4260 δικαστήριον
3568 4207 3580 4218 ι
3609 4189 3730 4242 ἴδω-

2140 4287 2238 4339 μεν
2265 4270 2332 4322 τά
2361 4271 2727 4340 ὑπομνήματα
2746 4271 2814 4326 τά
2837 4271 3025 4343 πρῶτα
3055 4273 3124 4324 τὰ
3152 4272 3244 4324 ἐπὶ
3267 4273 3362 4341 τῆς
3388 4273 3550 4340 ἀγίας
3575 4275 3728 4326 ὲκεί-

2135 4371 2231 4424 νης
2260 4354 2353 4406 κα)⁸
2377 4354 2674 4407 ἀδεκάστου
2710 4354 2864 4421 δίκης
2893 4356 2984 4406 καὶ
3017 4353 3401 4425 φιλανθρώπου
3434 4357 3727 4424 γινόμενα,

2133 4436 2201 4488 τά
2233 4439 2512 4507 γραφέντα
2544 4437 2865 4508 γράμμασιν
2899 4438 3187 4500 ἀθανάτοις
3214 4480 3228 4502 ,
3261 4431 3336 4490 ὧν
3361 4439 3460 4509 τὴν
3498 4441 3730 4509 μνήμην

2134 4518 2227 4570 καὶ
2272 4520 2369 4588 τὴν
2415 4518 2535 4586 ὄψιν
2581 4521 2675 4571 καὶ
2716 4521 2816 4590 τὴν
2851 4520 3186 4591 φαιδρότητα
3218 4521 3337 4573 οὐδὲ
3386 4523 3494 4585 πᾶς
3525 4525 3552 4575 ὁ
3585 4525 3730 4576 αἰὼν

2133 4600 2288 4653 λῦσαι
2331 4601 2572 4655 δύναται.
2613 4603 2854 4673 Πρόσεχε
2895 4603 3096 4658 λοιπόν.
3140 4606 3425 4664 ’11κουσε,
3462 4607 3656 4674 φησὶν,
3692 4610 3729 4661 ὁ

2145 4682 2316 4752 Ἀδὰμ
2348 4683 2458 4752 τῆς
2486 4684 2692 4754 φωνῆς
2729 4687 2950 4753 Κυρίου
2997 4687 3466 4753 περιπατοῦντος
3505 4689 3567 4740 τὸ
3601 4690 3732 4744 δει-

2131 4767 2305 4820 λινὸν
2345 4768 2413 4820 ἐν
2452 4767 2532 4832 τῷ
2576 4769 2937 4836 παραδείσῳ.
2992 4770 3123 4821 ’Λπὸ
3153 4769 3244 4820 τοῦ
3279 4769 3450 4837 ψόφου
3486 4771 3732 4840 ᾔσθετο,

2131 4851 2223 4904 καὶ
2253 4852 2470 4921 ἀπὸτῆς
2495 4853 2796 4922 συνηθείας.
2825 4854 2931 4904 Καὶ
2957 4853 3063 4904 ἀπὸ
3089 4851 3182 4904 τοῦ
3215 4852 3422 4905 κτύπου
3449 4849 3561 4924 εἶχε
3586 4854 3733 4921 Θεὸς

2133 4935 2450 5002 φαίνεσθαι;
2495 4936 2776 5002 Ἑφαίνετο
2819 4937 2915 5004 οὐχ
2948 4935 3022 4998 ὡς
3055 4931 3143 5006 ἧν,
3177 4935 3288 4989 ἀλλ’
3328 4937 3403 5000 ώς
3432 4937 3730 5005 ἠϐούλετο.

2131 5014 2433 5083 Εὐλογητὸς
2467 5017 2494 5066 6
2530 5015 2659 5078 Θεὸς
2679 5015 2784 5066 τῶν
2813 5016 3000 5081 ἁγίων,
3032 5016 3113 5067 ὅτι
3137 5017 3196 5067 τὸ
3223 5015 3447 5068 δειλινὸν
3476 5017 3602 5069 τότε
3633 5019 3732 5072 τὸν

2143 5098 2310 5165 Ἀδὰμ
2345 5097 2703 5165 ἐπεσκέψατο,
2737 5099 2830 5148 καὶ
2863 5097 2956 5150 νῦν
2988 5098 3079 5150 ἐπὶ
3114 5098 3207 5151 τοῦ
3246 5098 3482 5169 σταυροῦ
3517 5098 3579 5150 τὸ
3610 5101 3730 5153 δει-

2130 5181 2289 5233 λινόν.
2340 5182 2450 5234 Καὶ
2489 5179 2596 5250 γάρ
2643 5183 2762 5232 κατ’
2798 5180 3006 5245 ἐκείνας
3037 5182 3136 5245 τὰς
3172 5181 3320 5252 ὥρας
3353 5183 3663 5252 ὑπέμεινεν
3697 5190 3728 5241 ὀ

2130 5265 2319 5333 Σωτὴρ
2348 5265 2407 5315 τὸ
2439 5263 2627 5325 πάθος,
2660 5262 2781 5316 καθ’
2809 5263 2873 5326 ἃς
2895 5263 3195 5316 διετέλεσεν
3218 5268 3244 5317 6
3289 5265 3456 5334 Ἀδὰμ
3484 5266 3598 5318 ἀπὸ
3629 5270 3731 5322 τοῦ

2131 5350 2322 5414 φαγεῖν
2354 5346 2457 5407 ἕως
2487 5345 2583 5414 τῆς
2615 5345 2976 5416 παραϐάσεως
3010 5358 3035 5387 ει
3075 5349 3168 5400 καὶ
3192 5349 3294 5418 τῆς
3319 5350 3578 5417 κρίσεως.
3615 5351 3734 5406 ἀπὸ

2129 5429 2293 5498 ἕκτης
2327 5428 2474 5495 ὠρας
2506 5427 2608 5489 ἔως
2651 5429 2898 5498 ἐννάτης.
2937 5431 3110 5500 Ἕκτῃ
3141 5430 3256 5500 ὥρᾳ
3283 5430 3453 5498 ἔφαγε
3479 5446 3495 5462 ·
3531 5435 3731 5489 κανὼν

2128 5513 2236 5581 γὰρ
2273 5511 2514 5578 φύσεως·
2548 5509 2686 5578 μετά
2720 5511 2821 5582 τὴν
2850 5512 3013 5582 ἐκτην
3042 5511 3348 5583 άπεκρύϐη.
3383 5513 3456 5565 Τὸ
3484 5513 3735 5572 δειλινὸν

2193 5635 2217 5698 εξ
2245 5632 2326 5698 Sic
2348 5635 2648 5694 exemplaria
2673 5649 2683 5682 :
2710 5646 2878 5683 verum
2908 5636 3012 5686 hac.
3035 5638 3184 5687 leclio
3206 5639 3324 5687 ferri
3347 5639 3541 5698 nequ“.
3571 5641 3734 5694 Com-

2128 5694 2326 5741 beﬁsius
2359 5706 2417 5740 ex
2433 5698 2724 5764 pugnject‘ura
2748 5698 3002 5764 subslitpit
3022 5700 3111 5756 ἕως
3129 5706 3213 5764 τῆς
3233 5694 3612 5764 παρακρύψεως.
3644 5708 3734 5756 Sic

2127 5768 2302 5880 ςιὲιᾶςυὲ
2319 5755 2594 5879 (ἐροὲἒιριήι.
2623 5759 2686 5807 At
2709 5771 2798 5806 vox
2820 5755 3112 5824 παράκρνψις
3151 5755 3373 5812 ὡδοιεύε
3391 5755 3604 5814 ὸωήίῐιό

2131 5832 2160 5865 ιι
2232 5832 2257 5862 ΙΙ
2374 5832 2396 5864 3
2488 5854 2498 5864 ο
