3976 6218
147 386 258 443 489

168 523 242 556 via
279 501 499 572 quastio
531 497 785 556 solvetur,
819 506 924 545 non
952 486 1091 559 quod
1121 485 1289 555 prima
1319 495 1422 535 non
1453 478 1583 532 satis
1608 476 1732 537 sint,

163 594 254 650 sed
283 589 420 662 quod
446 590 537 642 Itei
568 587 735 658 gratia
761 583 912 637 dives
942 581 1028 633 sit.
1058 577 1135 631 Ne
1162 575 1281 643 quis
1307 572 1447 625 enim
1478 577 1628 638 putet
1659 581 1741 619 ra-

167 658 363 741 tionum
383 680 739 735 additamenta
762 674 1078 744 oltpriorum
1098 665 1513 721 imbecillitatem
1541 658 1739 713 afferri:

166 790 283 829 nam
316 773 408 827 Dei
436 770 603 841 gratia
624 767 805 832 ,dives
836 779 956 818 cum
985 762 1086 823 sit,
1116 774 1178 813 ex
1210 754 1473 809 thesauris
1508 751 1615 805 sais
1642 765 1739 801 no-

166 867 246 921 bis
272 864 408 919 dona
445 839 669 931 profert,
701 859 742 909 si
778 867 949 908 tamen
985 850 1128 919 digni
1166 849 1349 900 simus.
1380 842 1605 895 Attende
1641 839 1741 905 igi-

166 966 267 1010 tur.
308 956 563 1022 Martyres
595 954 905 1003 recusarunt
928 943 1079 996 idolis
1107 938 1496 992 immolatorum
1528 932 1702 985 cibum
1728 950 1739 983 :

164 1064 225 1102 eo
253 1046 409 1101 modo
436 1044 609 1098 cibum
634 1036 933 1107 hujusmodi
967 1034 1245 1103 fugientes,
1271 1042 1375 1097 quo
1403 1027 1445 1080 si
1473 1024 1743 1091 effugisset

163 1139 331 1194 Adam
379 1136 601 1205 lignum,
658 1131 881 1185 salutem
934 1132 1363 1191 consequuturos
1411 1124 1544 1171 erat.
1592 1113 1741 1183 Quod

164 1239 338 1285 autem
365 1228 502 1281 seire
533 1225 727 1279 bonum
756 1231 810 1274 et
841 1218 1035 1271 malum
1058 1257 1073 1281 ,
1108 1230 1211 1267 non
1255 1212 1378 1266 odio
1405 1209 1622 1278 dignum
1652 1206 1740 1269 sit,

164 1336 289 1375 vere
326 1316 581 1387 liquidum
624 1322 726 1368 est.
783 1312 923 1365 Deus
969 1310 1110 1362 enim
1154 1307 1528 1373 interrogans,
1558 1311 1610 1353 et
1637 1312 1743 1351 non

165 1410 383 1473 faciens,
417 1423 481 1459 an
510 1421 621 1459 rem
655 1401 819 1465 novit,
848 1414 1016 1455 necne
1042 1399 1064 1451 ?
1094 1398 1223 1463 Quis
1246 1395 1386 1449 ausit
1411 1392 1592 1444 dicere
1621 1403 1743 1443 eum

166 1516 270 1557 non
300 1514 456 1553 nosse
481 1499 503 1551 ?
530 1497 643 1551 Non
686 1496 825 1550 enim
865 1489 1126 1560 cognitio,
1159 1489 1271 1557 ipsa
1307 1486 1446 1539 actio
1479 1492 1577 1535 est.
1611 1482 1744 1535 Num

166 1592 380 1655 Paulus,
412 1590 501 1657 qui
531 1586 775 1648 dicebat,
808 1584 993 1652 Fugite
1027 1578 1409 1650 fornicationem
1442 1575 1519 1657 (l.
1541 1571 1658 1657 Cor.

169 1676 261 1746 18)
289 1716 301 1737 ,
326 1654 602 1741 ignorabat
630 1669 754 1737 quid
796 1675 938 1721 esset
983 1660 1302 1718 loruicatio?
1324 1656 1563 1712 cavendo
1594 1654 1746 1708 adul-

167 1766 380 1825 terium,
415 1761 682 1815 nesciebat
704 1757 828 1828 quid
850 1764 991 1811 esset
1019 1747 1382 1807 adulterium?
1418 1748 1612 1801 Verum
1638 1759 1743 1797 non

166 1858 286 1913 ideo
312 1870 436 1908 reus
459 1895 473 1916 ,
517 1852 657 1923 quod
709 1858 906 1904 nosset.
940 1846 1077 1914 Quin
1112 1845 1224 1913 ipse
1260 1842 1398 1895 Deus
1430 1840 1575 1892 novit
1599 1845 1745 1889 actus

165 1962 351 2001 omnes
381 1954 611 2007 nostros,
643 1944 785 2011 ipsos
813 1950 1133 1994 enumerans
1162 1949 1224 1989 ac
1246 1933 1433 1986 dicens
1464 1929 1574 1982 :De
1599 1927 1748 1980 corde

164 2047 345 2092 exeunt
386 2035 709 2105 cogitationes
755 2032 921 2093 multo,
967 2029 1147 2089 credes,
1184 2022 1454 2086 adulteria,
1503 2018 1747 2089 parjuria,

166 2127 515 2197 impudicitiae,
538 2124 755 2185 invidiw,
781 2122 992 2190 rapinae.
1026 2117 1150 2172 ch
1166 2126 1279 2169 sunt
1300 2130 1410 2185 qua:
1428 2112 1750 2181 coinquinant

166 2220 414 2273 hominem
442 2218 461 2287 (
494 2216 674 2269 Matth.
713 2215 797 2267 15.
832 2212 912 2266 19.
938 2211 1008 2264 20
1030 2210 1071 2280 ).
1111 2207 1358 2261 Ηεεςεὶιιε
1386 2205 1632 2273 ignorans
1662 2207 1752 2253 aut

165 2313 342 2366 sciens
371 2310 497 2363 dicit
527 2309 685 2370 Deus,
714 2306 843 2364 dicit
866 2302 1197 2373 Apostolus?
1228 2300 1339 2353 Non
1373 2311 1500 2366 ergo
1527 2293 1750 2348 scientia

165 2403 372 2457 Adamo
418 2400 665 2453 dedecori
701 2407 799 2452 est.
848 2395 1040 2449 Nocuit
1077 2394 1174 2459 illi,
1216 2407 1318 2444 non
1358 2388 1614 2458 cognitio,
1657 2383 1750 2438 sed

168 2490 543 2561 transgressio.
586 2489 752 2543 Velim
792 2496 968 2541 autem
1004 2484 1070 2538 ab
1092 2484 1183 2537 illo
1214 2494 1455 2550 quaerere
1479 2521 1493 2545 ,
1528 2476 1655 2546 quid
1687 2490 1749 2528 ex

164 2585 306 2654 ligno
325 2582 587 2646 didicerit,
613 2580 881 2634 bonumne
903 2594 968 2630 an
993 2575 1209 2629 malum.
1241 2576 1318 2625 An
1338 2579 1457 2641 post
1483 2584 1630 2623 esum
1660 2580 1754 2618 no-

163 2678 240 2728 vit
274 2676 399 2744 quid
438 2684 581 2728 esset
622 2671 967 2727 homicidium
990 2669 1013 2721 ?
1036 2668 1203 2722 Nemo
1234 2666 1492 2718 hactenus
1514 2668 1627 2715 erat
1663 2660 1751 2728 qui

164 2768 376 2837 puniret
406 2782 420 2830 ;
445 2765 759 2818 adulterium
786 2761 1282 2826 nesciebatur,eum
1316 2755 1550 2811 nondum
1575 2758 1755 2806 essent

164 2859 408 2927 nuptiae:
445 2870 548 2909 non
586 2854 887 2917 fornicatio,
922 2868 1024 2904 non
1071 2850 1255 2917 rapina
1307 2854 1421 2899 erat
1451 2863 1464 2909 ;
1518 2842 1751 2896 nondum

161 2953 307 3007 enim
338 2958 489 3005 erant
513 2948 663 3001 dives
690 2947 773 3000 vel
807 2960 1006 3014 pauper
1040 2963 1051 2997 :
1087 2959 1194 2996 non
1230 2939 1615 3010 sycophantiae,
1650 2948 1751 2987 non

162 3045 297 3098 falsa
349 3040 675 3095 testimonia.
713 3037 865 3105 Quod
915 3037 1071 3105 igitur
1100 3032 1244 3088 aliud
1285 3031 1478 3084 malum
1526 3027 1751 3089 sciebat,

162 3133 267 3188 nisi
299 3131 402 3185 hoc
424 3130 618 3192 solum,
652 3129 848 3182 bonum
878 3141 1070 3193 nempe
1091 3138 1211 3179 esse
1243 3124 1353 3176 Deo
1374 3118 1617 3188 obsequi,
1642 3132 1753 3170 ma-

163 3224 278 3278 lum
308 3221 405 3289 ipsi
436 3234 539 3274 non
567 3218 827 3272 obedire?
859 3217 991 3270 Rem
1023 3215 1145 3268 dico
1177 3228 1296 3282 qua:
1336 3211 1475 3279 vulgi
1518 3224 1611 3261 ore
1647 3209 1753 3261 cir-

162 3311 482 3374 cumfertur,
530 3322 597 3361 ne
647 3306 766 3377 quis
812 3320 900 3360 me
942 3303 1179 3357 audaciae
1228 3302 1450 3354 incuset.
1510 3298 1755 3352 Solemus

164 3403 347 3455 dicere
402 3399 763 3470 peccantibus,
811 3394 1198 3450 comminantes
1242 3402 1297 3444 ut
1332 3399 1752 3445 convertantur:

168 3492 385 3547 Faciam
426 3498 485 3543 ut
516 3488 691 3543 discas
720 3486 1167 3553 resipiscentiam.
1202 3482 1415 3552 Ergone
1454 3482 1542 3550 qui
1572 3482 1648 3535 sic
1674 3480 1756 3533 lo-

169 3584 375 3650 quitur,
399 3582 534 3633 hanc
558 3578 890 3645 disciplinam
915 3576 1041 3629 dicit
1066 3589 1187 3628 esse
1207 3573 1525 3627 scientiam?
1564 3571 1753 3625 Scien-

166 3676 242 3726 tia
291 3671 449 3740 igitur
488 3685 553 3722 ex
591 3668 947 3722 calamitatum
980 3664 1306 3731 experientia
1346 3661 1609 3731 procedit.
1650 3662 1755 3715 Do-

164 3766 281 3819 cuit
306 3779 425 3817 eum
457 3772 510 3814 tll
541 3762 802 3823 disceret,
834 3766 962 3827 quot
987 3757 1141 3811 malis
1169 3771 1226 3810 se
1254 3770 1349 3825 per
1370 3753 1755 3822 transgressio-

165 3870 295 3909 nem
324 3852 687 3920 implicuisset.

245 3947 298 3999 5.
343 3945 591 3997 Animum
633 3942 789 4010 igitur
832 3939 1117 4009 diligenter
1162 3938 1373 3991 adhibe.
1426 3937 1755 4003 Quamquam

164 4038 314 4091 enim
372 4035 513 4101 prius
555 4031 802 4092 diximus,
849 4029 1143 4097 argumenti
1192 4029 1327 4080 ratio
1365 4040 1429 4079 eo
1463 4025 1757 4077 orationem

166 4126 408 4181 deducit.
434 4123 678 4177 Omnium
706 4120 925 4189 largitor
958 4122 1095 4173 Deus
1126 4118 1401 4171 invisibilis
1423 4125 1537 4169 erat
1568 4131 1580 4178 ;
1612 4114 1701 4183 qui
1732 4128 1759 4165 a

169 4218 290 4271 Deo
345 4215 521 4267 omnia
572 4220 871 4280 acceperat,
921 4210 1019 4263 sub
1058 4217 1331 4275 aspectum
1374 4206 1621 4259 cadebat.
1661 4203 1759 4269 Qui

168 4315 451 4375 acceperat
478 4345 492 4367 ,
524 4306 690 4358 oculis
720 4303 962 4372 patebat;
996 4299 1083 4368 qui
1113 4298 1333 4351 dederat
1362 4338 1374 4358 ,
1403 4312 1507 4349 non
1541 4309 1765 4363 appare-

169 4399 286 4452 bat.
330 4397 487 4450 Solus
533 4404 647 4448 erat
692 4393 890 4446 homo:
934 4391 1085 4444 bruta
1125 4390 1412 4441 animantia
1442 4390 1581 4439 circa
1615 4385 1760 4437 illum

169 4499 349 4545 erant.
397 4488 670 4542 Neminem
716 4484 943 4537 habebat
966 4484 1291 4552 Oppositum.
1324 4480 1578 4548 Imposuit
1620 4478 1759 4531 Deus

172 4582 352 4648 legem
381 4618 393 4639 ,
420 4579 666 4630 arborem
702 4577 750 4628 in
780 4575 951 4627 medio
973 4617 987 4640 ,
1018 4590 1135 4642 qua:
1160 4573 1664 4634 commonefaceret,
1698 4582 1764 4621 ne

173 4669 281 4724 sub
322 4668 592 4721 dominatu
626 4681 683 4719 se
714 4666 940 4732 positum
988 4679 1107 4717 esse
1148 4663 1571 4715 oblivisceretur.
1604 4657 1761 4711 Verbi

170 4760 368 4830 gratia,
403 4758 659 4810 circuibat
688 4757 887 4809 fructus
910 4755 1200 4819 decerpens
1224 4768 1341 4805 cum
1373 4766 1559 4805 uxore.
1593 4752 1763 4803 Acce-

172 4852 339 4906 debat
367 4850 430 4903 ad
460 4850 701 4902 arborem
729 4864 740 4899 :
774 4847 1002 4910 dicebat,
1035 4845 1111 4898 Ne
1142 4847 1278 4897 hanc
1306 4844 1549 4897 arborem
1586 4852 1764 4909 tanga-

170 4958 300 4996 mus
330 4958 342 4999 ;
374 4940 438 4993 de
472 4941 552 4993 illa
592 4954 819 5006 namque
862 4946 1179 5004 prmeeptum
1223 4935 1368 4988 dedit
1403 4935 1563 4986 Deus.
1606 4933 1763 4985 Erat-

172 5049 282 5104 que
311 5034 359 5085 id
387 5031 524 5100 quod
552 5029 850 5093 videbatur,
880 5029 994 5096 ejus
1023 5027 1108 5093 qui
1146 5025 1422 5078 invisibilis
1449 5034 1564 5077 erat
1597 5024 1765 5075 moni-

172 5132 421 5177 mentum
453 5135 465 5183 ;
500 5120 549 5171 id
582 5119 719 5187 quod
767 5121 924 5171 etiam
970 5132 1108 5169 nunc
1148 5116 1358 5169 accidit.
1396 5114 1578 5181 Cogita
1610 5126 1763 5180 quam

172 5214 334 5271 multi
384 5226 476 5280 per
506 5212 806 5265 universum
848 5210 1031 5262 orbem
1076 5206 1313 5275 praefecti
1358 5207 1480 5257 sint.
1509 5206 1638 5274 Quia
1671 5220 1764 5255 au-

174 5317 287 5361 tem
322 5305 613 5372 Imperator
660 5317 763 5355 non
808 5302 1053 5354 onmilms
1094 5300 1281 5361 adest,
1310 5313 1528 5351 neceSse
1559 5306 1635 5349 est
1668 5297 1773 5347 lm~

175 5397 448 5466 peratoris
466 5394 693 5463 efligiem
725 5393 774 5445 in
801 5392 1170 5455 tribunalibus,
1198 5391 1245 5442 in
1269 5390 1415 5450 foris,
1444 5390 1490 5439 in
1519 5386 1766 5450 coetibus,

176 5489 231 5540 in
259 5488 485 5540 theatris
515 5485 773 5540 exhiberi.
808 5483 861 5537 In
893 5486 1035 5537 omni
1066 5499 1192 5551 ergo
1223 5482 1360 5545 loco,
1387 5482 1439 5536 in
1470 5495 1574 5549 quo
1607 5490 1768 5548 nego-

176 5579 255 5629 tia
292 5586 484 5630 tractat
537 5574 817 5644 praafcctus
861 5573 1088 5643 efﬁgiem
1138 5587 1255 5625 esse
1294 5580 1522 5639 oportet,
1556 5580 1615 5623 ut
1650 5584 1768 5638 quae

176 5670 325 5723 ﬁunt
369 5669 733 5722 auctoritatem
779 5664 1025 5719 habeant.
1073 5665 1366 5730 Imperator
1413 5660 1648 5731 quidem,
1681 5670 1765 5712 ut-

175 5767 313 5832 ppte
342 5757 502 5811 homo
526 5797 541 5825 ,
574 5758 767 5828 ubique
813 5771 1046 5826 prazsens
1078 5769 1196 5810 esse
1236 5770 1339 5808 non
1374 5759 1548 5824 potest
1578 5769 1589 5804 :
1626 5752 1766 5805 Deus

1185 370 1272 425 DE
1311 363 1524 423 MUNDI
1560 356 1953 421 CREATIONE
1992 357 2249 415 ORATIO
2284 358 2351 413 VI

3325 364 3440 422 490

1852 487 1984 526 vero
2010 484 2228 532 rursus,
2253 476 2311 521 ut
2342 467 2479 520 Deus
2508 471 2620 529 est,
2654 460 2802 517 nullo
2846 460 3004 515 modo
3039 467 3211 530 potest
3238 459 3304 513 ab
3334 463 3429 511 ιιι.-

1850 562 2084 617 minibus
2107 559 2297 614 videri.
2328 556 2483 611 Dedit
2511 555 2760 609 arborem
2793 553 2999 620 imperii
3027 550 3391 606 characterem
3415 592 3429 615 ,

1848 653 1938 720 qui
1970 651 2231 705 Adamum
2262 645 2766 708 commonefaceret,
2799 643 3067 711 accepisse
3105 656 3162 696 se
3194 642 3431 694 omnium

1848 742 2200 794 dominatum.
2243 740 2484 805 Agnosce
2513 751 2634 791 eum
2665 735 2753 805 qui
2787 733 2879 787 tibi
2922 740 3235 801 potestatem
3264 729 3429 785 dedit.

1851 832 1916 885 Et
1954 840 2010 884 ut
2047 830 2224 883 discas
2278 826 2546 897 quomodo
2573 827 2734 879 arbor
2759 826 2899 892 ipsos
2927 821 3431 885 commonefaceret,

1849 936 1968 975 cum
2018 935 2239 987 serpens
2287 919 2565 972 mulierem
2612 916 2860 983 decipere
2906 915 3090 978 voluit,
3142 914 3276 970 dixit
3323 914 3431 967 illi:

1849 1013 1952 1067 Cur
1978 1014 2103 1065 dixit
2128 1012 2262 1065 vobis
2288 1011 2424 1064 Deus
2452 1008 2848 1063 necomederetis
2873 1025 2934 1061 ea:
2963 1009 3099 1060 onmi
3124 1008 3259 1077 tigno
3279 1006 3433 1076 (Gen.

1850 1107 1901 1160 '5.
1934 1106 2008 1174 2)
2039 1105 2061 1157 ?
2086 1105 2275 1159 Mulier
2304 1118 2410 1156 non
2441 1103 2603 1156 oblita
2631 1111 2747 1156 erat
2772 1102 2902 1169 legis
2925 1141 2941 1166 ,
2966 1103 3072 1153 imo
3095 1102 3251 1154 etiam
3282 1103 3432 1169 igno-

1850 1196 2074 1249 rantiam
2121 1195 2372 1263 currigit,
2405 1202 2458 1246 et
2488 1194 2561 1246 ait
2589 1210 2601 1246 ί
2635 1191 2751 1245 Νοη
2778 1192 2846 1245 ita
2880 1192 3014 1246 dixit
3045 1192 3180 1245 Deus
3206 1235 3219 1257 ,
3250 1191 3340 1245 sed
3370 1209 3433 1247 ex

1850 1287 1994 1341 onmi
2044 1286 2185 1354 ligno
2230 1286 2558 1340 comedimus
2587 1302 2600 1343 :
2633 1284 2700 1338 de
2745 1284 2846 1338 hoc
2890 1294 3065 1337 autem
3114 1285 3253 1353 ligno
3301 1286 3435 1340 dixit

1853 1380 2012 1444 Deus,
2044 1394 2110 1432 ne
2153 1377 2493 1431 comederitis
2520 1392 2584 1431 ex
2613 1376 2725 1441 illo,
2770 1392 2943 1444 neque
2984 1378 3207 1445 tangatis
3241 1377 3434 1445 ipsum.

1850 1470 1984 1524 Vide
2030 1471 2442 1523 accurationem.
2501 1469 2639 1523 Deus
2683 1484 2789 1522 non
2837 1469 3017 1522 dixit:
3062 1468 3139 1523 Ne
3186 1471 3433 1539 tangatis.

1851 1561 2063 1614 Nullum
2092 1562 2287 1629 quippe
2317 1568 2431 1613 erat
2473 1559 2525 1612 in
2566 1568 2705 1614 tactu
2745 1560 3038 1627 periculum
3071 1577 3082 1612 :
3110 1560 3201 1613 sed
3228 1562 3323 1627 illi,
3348 1563 3435 1631 qui

1852 1650 2025 1705 divina
2060 1651 2267 1720 praediti
2315 1650 2594 1721 prudentia
2637 1658 2812 1716 erant,
2844 1651 3064 1719 reliquis
3094 1650 3352 1718 fruentes,
3386 1654 3437 1708 id

1853 1743 1989 1810 apud
2031 1759 2090 1796 se
2132 1751 2434 1795 statuerunt
2465 1738 2643 1794 :Dixit
2665 1740 2807 1795 Deus
2847 1756 2916 1796 ne
2946 1741 3012 1794 de
3039 1741 3233 1796 arbore
3262 1754 3439 1810 guste-

1854 1850 1974 1889 mus
2003 1849 2017 1898 ;
2046 1848 2143 1886 nos
2184 1849 2249 1887 ne
2291 1842 2569 1901 tangamus
2602 1832 2837 1901 quidem.
2868 1832 3036 1884 Tanta
3080 1834 3285 1886 mulieri
3312 1848 3437 1887 cura

1854 1933 1969 1979 erat
2012 1924 2259 1977 servandi
2308 1924 2397 1976 Dei
2442 1931 2786 1991 prteceptutn.
2830 1922 2960 1977 Erat
2996 1924 3153 1992 igitur
3192 1923 3353 1978 arbztr
3388 1925 3437 1976 in

1856 2015 2034 2070 medio
2085 2016 2277 2084 posita,
2332 2030 2432 2083 qua
2485 2029 2707 2082 serpens
2751 2014 2959 2067 seduxit
2999 2029 3112 2067 eos.
3157 2015 3287 2068 Rem
3318 2016 3439 2069 audi

1856 2106 2196 2175 stupendam.
2252 2105 2391 2160 Usus
2440 2106 2794 2158 instrumento
2839 2114 2919 2156 est
2967 2104 3032 2156 ad
3078 2102 3337 2168 fraudem,
3384 2121 3441 2159 re

1858 2212 2049 2266 nempe
2080 2196 2283 2249 homini
2314 2196 2489 2248 insita.
2523 2195 2659 2247 Deus
2688 2195 2832 2247 enim
2865 2194 3133 2249 hominem
3163 2196 3396 2249 formans
3423 2238 3437 2260 ,

1856 2306 1976 2344 cum
2009 2291 2207 2358 reliqua
2236 2288 2479 2351 scicntia,
2505 2288 2663 2342 etiam
2692 2286 3014 2340 desiderium
3042 2287 3133 2341 Dei
3156 2288 3438 2345 indiderat.

1857 2383 1987 2436 Cum
2030 2382 2190 2449 igitur
2231 2380 2281 2432 in
2320 2378 2425 2431 illis
2467 2375 2713 2431 desiderii
2763 2375 3285 2442 flammamviderct,
3323 2380 3439 2432 ait:

1859 2472 2016 2526 Eritis
2046 2474 2172 2524 sicut
2200 2470 2290 2523 dii.
2324 2468 2494 2533 Nunc,
2530 2466 2771 2521 homines
2792 2507 2805 2531 ,
2841 2481 2943 2519 non
2980 2468 3199 2534 potestis
3227 2482 3441 2535 semper

1857 2579 1975 2618 cum
2010 2563 2119 2616 Deo
2145 2575 2283 2615 esse.
2316 2559 2370 2613 Si
2400 2557 2606 2611 fueritis
2634 2558 2767 2611 sicut
2796 2556 2867 2609 dit
2894 2596 2908 2621 ,
2938 2571 3151 2626 semper
3187 2573 3308 2611 cum
3351 2560 3444 2612 illo

1859 2657 2019 2711 futuri
2061 2656 2208 2708 estis.
2250 2653 2434 2722 Neque
2463 2652 2603 2705 enim
2634 2652 2768 2707 dixit
2798 2651 2903 2706 illis
2935 2668 2949 2705 :
2982 2649 3037 2706 Si
3079 2653 3440 2718 comedet-itis,

1862 2747 1953 2800 Dei
1978 2748 2157 2800 hostes
2172 2744 2339 2798 eritis.
2362 2742 2693 2797 Desiderium
2716 2756 2842 2810 ergo
2866 2760 2893 2793 :1
2913 2740 3312 2810 qualitatiseum
3335 2743 3445 2798 Deo

1860 2839 2135 2891 mulierem
2167 2836 2401 2903 decipit:
2438 2835 2631 2903 illaque
2663 2833 2833 2885 virum
2868 2848 2971 2886 non
3003 2834 3221 2901 decipit,
3246 2834 3339 2889 sed
3369 2835 3446 2887 illi

1860 2928 2071 2983 suadet.
2102 2928 2155 2981 Id
2189 2926 2498 2980 testificatur
2528 2925 2722 2979 Paulus
2751 2924 2936 2978 dicens
2966 2942 2978 2976 :
3011 2923 3175 2977 Adam
3214 2925 3446 2979 seductus

1860 3037 1959 3073 non
1986 3018 2100 3087 est(
2134 3019 2185 3072 I.
2215 3018 2349 3071 Tim.
2376 3016 2431 3072 9..
2468 3017 2535 3070 H
2564 3018 2604 3084 ).
2636 3014 2747 3069 Cur
2790 3023 2967 3069 autem
3006 3013 3288 3068 danmatus
3317 3026 3396 3069 est
3423 3016 3447 3067 τ

1865 3111 1991 3165 Vide
2020 3110 2143 3165 mali
2174 3110 2510 3179 gravitatem.
2537 3105 2727 3160 Mulier
2748 3105 2967 3159 seducta
2988 3104 3221 3159 comedit
3254 3121 3268 3169 ;
3296 3115 3446 3173 post-

1861 3218 2017 3273 quam
2049 3202 2372 3261 comederat,
2399 3201 2511 3252 viro
2535 3198 2743 3262 suadet,
2777 3215 2841 3251 ne
2873 3198 2981 3251 sola
3015 3206 3443 3268 perverteretur:

1860 3296 2045 3356 suasit,
2078 3308 2182 3346 non
2211 3293 2452 3359 decepit;
2482 3291 2662 3358 utjam
2695 3304 2837 3358 saepe
2864 3289 2976 3341 fieri
3003 3289 3159 3343 solet.
3185 3288 3341 3342 Novit
3368 3292 3448 3343 vir

1864 3386 2041 3449 fidem,
2071 3394 2211 3438 amat
2237 3384 2428 3453 legem,
2454 3382 2630 3435 studio
2657 3382 2846 3449 plenus
2871 3391 2948 3433 ρει
2980 3380 3292 3435 orthodoxa:
3318 3382 3451 3436 reii-

1861 3476 2065 3545 gionis,
2098 3489 2407 3543 moremque
2438 3472 2574 3541 gerit
2604 3472 2788 3536 uxori,
2820 3486 2885 3523 ne
2912 3469 3143 3522 studium
3177 3470 3446 3536 ostendat,

1862 3585 1967 3625 non
2016 3570 2265 3638 ignorans
2314 3566 2615 3629 veritatem,
2651 3563 2743 3617 sed
2791 3561 3002 3631 cettjugi
3052 3562 3447 3631 obtemperans.

1862 3660 2008 3715 Multi
2053 3673 2279 3727 namque
2322 3664 2609 3724 putarunt,
2643 3654 2975 3722 ignorantem
3012 3652 3272 3706 Adamum
3300 3669 3454 3709 acce-

1863 3752 2005 3819 pisse
2029 3750 2095 3802 ab
2126 3763 2289 3801 uxore
2309 3787 2321 3809 ,
2354 3763 2473 3799 cum
2518 3745 2749 3798 nesciret
2794 3744 2933 3795 unde
2960 3743 3187 3797 fructum
3219 3743 3450 3802 tulisset.

1864 3844 1933 3896 At
1957 3840 2093 3895 nulia
2125 3842 2219 3908 ipsi
2242 3839 2514 3893 excusatio
2536 3845 2781 3908 superest
2807 3853 2819 3888 :
2853 3834 2995 3893 Deus
3021 3836 3163 3890 enim
3188 3839 3451 3905 coarguit,

1865 3950 1983 3989 Cum
2012 3935 2084 3986 ait
2112 3950 2122 3984 :
2157 3932 2288 3998 Quia
2315 3930 2503 3983 audisti
2530 3945 2695 3981 vocem
2726 3929 2899 3981 uxoris
2927 3936 3026 3981 tute
3052 3926 3217 3999 (Gen.
3243 3929 3295 3982 5.
3326 3928 3390 3982 17
3410 3928 3453 3999 ).

1866 4026 1979 4079 Non
2020 4024 2157 4076 dixit
2183 4062 2195 4080 ,
2227 4020 2357 4087 Quia
2402 4019 2648 4086 accepisti
2696 4018 2761 4070 ab
2810 4032 2975 4069 uxore
3016 4026 3102 4068 tua
3138 4034 3150 4069 :
3195 4033 3317 4069 nam
3357 4032 3452 4084 po-

1866 4119 2057 4170 tuisset
2081 4115 2257 4167 dicere
2283 4153 2295 4174 ,
2332 4110 2643 4179 lgnorabam
2672 4150 2686 4173 ,
2721 4107 3025 4162 nesciebam
3059 4107 3197 4161 unde
3219 4107 3452 4161 afferret.

1867 4208 1975 4259 Viri
2008 4207 2209 4259 crimen
2239 4214 2341 4268 est,
2385 4218 2488 4255 non
2528 4201 2667 4270 quod
2706 4200 2958 4267 deceptus
2983 4241 2997 4264 ,
3044 4199 3137 4252 sed
3178 4200 3315 4267 quod
3372 4201 3453 4253 in-

1868 4308 2077 4352 escatus
2111 4298 2196 4348 sit.
2225 4294 2340 4349 Jatn
2373 4294 2435 4346 ad
2467 4293 2720 4362 judicium
2750 4292 3054 4346 veniamus:
3080 4292 3349 4347 vidi-amns
3372 4293 3452 4347 in-

1869 4399 2162 4443 strumenta
2209 4387 2398 4454 prima,
2448 4399 2567 4453 qua:
2609 4383 2660 4436 in
2706 4391 2891 4436 sancto
2929 4384 3037 4445 illo,
3072 4383 3378 4451 incorrupto
3404 4393 3459 4436 et

1868 4478 2113 4531 clementi
2144 4474 2261 4534 [oro
2292 4475 2447 4527 allata
2475 4482 2631 4537 sunt,
2662 4474 2925 4539 descripta
2956 4472 3125 4525 literis
3148 4472 3459 4525 ἱηιιιιοτιριιίη

1868 4572 1965 4623 bus
1992 4610 2006 4634 ,
2048 4582 2271 4636 quarum
2300 4565 2613 4619 memoriam
2640 4606 2661 4630 ,ν
2683 4572 3026 4632 conspectum
3054 4606 3068 4629 ,
3097 4564 3460 4632 conspicuita-

1871 4672 1973 4714 tein
2010 4664 2207 4713 nullum
2232 4674 2401 4712 :evum
2430 4657 2611 4710 delere
2640 4657 2855 4724 poterit.
2879 4654 2995 4709 .Iam
3026 4657 3451 4711 anidmadvcrte.

1869 4752 2091 4815 Audiuit,
2134 4751 2325 4819 inquit,
2357 4749 2521 4801 Adam
2557 4764 2726 4800 vocent
2754 4747 2959 4800 Domini
2990 4747 3355 4801 deambulanlis
3393 4752 3460 4800 (ut

1869 4860 2123 4911 vesperam
2151 4843 2202 4893 in
2231 4841 2467 4908 paradiso
2500 4837 2649 4910 (Gen.
2681 4840 2732 4891 ὅ.
2768 4839 2845 4905 8).
2872 4841 2909 4893 Α
2937 4841 3155 4907 strepitu
3187 4842 3371 4899 sensit,
3406 4850 3461 4894 et

1870 4952 1897 4987 ει
1922 4932 2323 4989 consuetudine.
2355 4930 2566 5000 Ergone
2597 4945 2625 4981 a
2662 4930 2884 4998 strepitu
2926 4930 3090 4996 potuit
3120 4930 3260 4983 Deus
3290 4944 3457 4999 appa-

1872 5035 1989 5072 rere
2020 5017 2039 5069 ?
2070 5015 2374 5084 Apparebat
2404 5030 2508 5067 non
2554 5022 2611 5067 ut
2644 5024 2780 5079 erat,
2812 5012 2905 5065 sed
2938 5022 2994 5065 ut
3020 5013 3250 5067 volebat.
3284 5012 3459 5068 Bene-

1870 5110 2041 5162 dictus
2068 5117 2370 5160 sanctorum
2400 5106 2539 5159 Deus
2558 5146 2571 5169 ,
2598 5103 2737 5172 quod
2767 5103 2830 5155 ad
2864 5118 3142 5172 vesperam
3173 5113 3300 5159 tunc
3320 5104 3461 5158 Ada-

1873 5214 2016 5253 mum
2040 5197 2331 5250 visitaverit
2358 5237 2371 5259 ,
2406 5207 2457 5249 et
2486 5210 2624 5247 nunc
2657 5194 2705 5246 in
2738 5209 2897 5247 cruce
2921 5194 2984 5247 ad
3016 5209 3315 5264 vesperam.
3350 5195 3459 5249 Illis

1870 5289 2064 5358 quippe
2096 5289 2240 5340 horis
2267 5287 2509 5339 Christus
2540 5286 2840 5353 passionem
2874 5284 3159 5348 sustinuit,
3193 5300 3325 5353 quas
3353 5287 3459 5355 egit

1871 5380 2037 5433 Adam
2066 5418 2080 5442 ,
2120 5393 2180 5431 ex
2207 5392 2318 5446 quo
2348 5376 2653 5429 comederat
2676 5417 2689 5439 ,
2717 5375 2886 5428 dimec
2916 5374 3147 5427 latebras
3173 5384 3452 5443 qurererct,

1872 5486 1933 5523 ac
1955 5471 2214 5539 judicium
2245 5470 2464 5530 subiret,
2498 5484 2525 5521 a
2554 5479 2702 5521 sexta
2730 5483 2899 5534 usque
2930 5466 2994 5519 ad
3028 5481 3219 5519 nonam
3251 5468 3454 5519 horam.

1872 5564 2030 5617 Sexta
2075 5562 2202 5614 hora
2249 5560 2481 5615 comedit
2513 5576 2525 5611 :
2561 5559 2673 5611 hare
2708 5559 2848 5610 enim
2890 5569 3093 5610 natura:
3129 5556 3304 5624 regula
3337 5568 3456 5623 est;

1874 5665 1992 5723 post
2012 5662 2215 5707 sextam
2238 5650 2515 5707 abscondit
2542 5663 2621 5704 se.
2644 5649 2720 5702 Ad
2740 5662 3013 5717 vesperam
3038 5646 3175 5699 Deus
3199 5646 3263 5700 ad
3288 5648 3461 5714 ipsum

1875 5748 2037 5801 venit.
2070 5744 2399 5800 Desideravit
2426 5741 2662 5796 Adamus
2705 5740 2815 5795 fieri
2857 5740 2990 5794 deus
3020 5757 3034 5804 ;
3065 5754 3177 5794 rem
3210 5738 3458 5809 impossi.
