3976 6218
481 291 591 347 491

485 402 618 478 ἦλθε
640 399 774 475 πρὸς
797 399 960 454 αὐτὸν
983 401 1012 454 6
1029 398 1182 462 Θεός.
1201 395 1397 451 Ἐπεθύ
1407 413 1578 467 μησεν
1617 395 1789 465 Ἀδὰμ
1818 392 2070 478 γενέσθαι

489 476 608 550 θεός
631 505 643 516 ·
674 484 948 540 ἀδυνάτων
978 482 1035 536 δέ
1063 480 1406 550 ἐπεθύμησεν
1425 498 1438 510 ·
1479 480 1666 532 ἔλυσεν
1698 477 1862 532 αὐτοῦ
1883 477 1911 528 ὁ
1934 476 2071 544 Χρι-

490 569 612 630 στὸς
635 568 733 638 τὴν
760 565 1074 634 ἐπιθυμίαν.
1105 562 1260 635 [502]
1286 561 1668 631 Ἐπεθύμησας
1699 561 1764 613 σὺ
1794 557 2069 627 γενέσθαι,

487 651 517 704 6
561 651 658 702 οὐκ
692 637 901 718 ἠδύνω·
941 645 1193 715 ἐπιθυμῶ
1231 644 1341 712 ἐγὼ
1387 645 1641 712 γενέσθαι
1699 641 2008 711 ἄνθρωπος,
2045 637 2072 688 6

488 734 749 802 δύναμαι·
785 731 1133 800 ἀντεσήκωσε
1173 729 1284 797 γὰρ
1315 726 1478 780 αὐτοῦ
1513 729 1540 778 6
1583 726 1712 788 Θεὸς
1749 728 1813 794 τῇ
1866 722 2071 793 ἀπάτῃ.

501 814 883 884 Ἐπεθύμησας
917 813 1025 864 τῶν
1075 812 1214 883 ὑπὲρ
1257 811 1350 872 σὲ,
1396 809 1659 878 λαμϐάνω
1703 808 1770 859 τὰ
1818 807 1909 858 ὑπ’
1951 805 2070 874 ἐμέ.

503 898 760 960 Ἰσοθεῖας
813 895 1212 965 ἐπεθύμησας·
1277 893 1614 963 ίσάνθρωπος
1672 891 1913 959 γίνομαι.
1977 889 2074 940 Διά

491 981 649 1033 τοῦτο
679 980 771 1032 καὶ
800 977 1010 1039 Παῦλος
1039 977 1187 1044 λέγει
1212 992 1223 1004 ·
1263 976 1367 1028 Καὶ
1403 974 1665 1042 σχήματι
1709 970 1971 1039 εὑρεθεὶς
1997 971 2078 1034 ὠς

495 1065 824 1132 ἄνθρωπος.
878 1059 1268 1130 Ἐπεθύμησας
1320 1058 1573 1126 γενέσθαι
1624 1057 1784 1120 θεὸς,
1833 1055 1928 1108 καὶ
1979 1055 2079 1106 οὐκ

492 1146 850 1217 ηγανάκτησα
876 1144 965 1195 διὰ
989 1141 1146 1195 τοῦτο
1171 1159 1183 1171 ·
1219 1141 1356 1194 Θέλω
1375 1141 1484 1211 γάρ
1514 1156 1573 1192 σε
1603 1139 1834 1192 ίσοθεῖαν
1859 1137 2044 1190 ποθεῖν
2062 1152 2076 1166 ·

495 1230 667 1298 ἀλλ’ἢ
699 1227 1101 1296 ἀγανάκτησις,
1133 1225 1215 1277 ὅτι
1248 1224 1399 1295 παρὰ
1428 1223 1656 1292 γνώμην
1684 1221 1777 1274 τοῦ
1810 1219 2079 1272 Δεσπότου

494 1311 766 1381 ἠθέλησας
790 1310 1032 1378 ἁρπάσαι
1065 1309 1126 1360 τὸ
1161 1307 1400 1377 ἀξίωμα.
1421 1304 1810 1374 Ἐπεθύμησας
1831 1301 2081 1370 γενέσθαι

497 1393 617 1456 θεὸς
637 1435 652 1458 ,
679 1394 773 1446 καὶ
803 1393 903 1444 οὐκ
933 1389 1206 1460 ὴδυνήθης
1233 1406 1244 1418 ·
1280 1391 1503 1457 γίνομαι
1534 1387 1821 1456 ἀνθρωπος
1847 1426 1860 1446 ,
1901 1387 1995 1436 καὶ
2022 1385 2084 1436 τὸ

495 1475 754 1529 ἀδύνατον
778 1474 998 1527 δυνατὸν
1027 1471 1184 1524 ποιῶ.
1217 1472 1338 1523 Ὀτι
1368 1470 1425 1522 δέ
1459 1469 1742 1539 ἐπιθυμῶν
1773 1464 1904 1538 ἦλθε
1949 1468 2086 1538 πρὸς

495 1559 671 1623 τοῦτο,
706 1560 972 1629 μαρτυρεῖ
997 1556 1159 1618 αὐτὸς
1185 1554 1359 1622 λέγων
1380 1571 1392 1583 ·
1423 1555 1510 1606 ὅτε
1544 1554 1606 1606 τὸ
1637 1555 1824 1623 πάσχα
1845 1551 2032 1621 ἤσθιεν
2058 1552 2086 1604 6

495 1642 709 1713 τρέφων
732 1641 868 1711 μετά
892 1640 1000 1692 τῶν
1019 1637 1390 1709 τρεφομένων,
1417 1638 1508 1690 καὶ
1525 1637 1773 1708 τράπεζα
1799 1636 2087 1706 προέκειτο

495 1725 574 1795 τῷ
606 1725 856 1795 τρέφοντι
889 1725 1070 1775 πᾶσαν
1096 1723 1195 1790 τὴν
1229 1721 1319 1774 ὑπ’
1345 1721 1595 1790 οὐρανὸν,
1631 1721 1778 1788 λέγει
1807 1723 1920 1783 τοῖς
1953 1720 2088 1772 ἀπο-

501 1808 734 1870 στόλοις·
791 1806 1101 1874 Ἐπιθυμίᾳ
1140 1805 1489 1871 ὲπεθύμησα
1522 1802 1736 1871 φαγεῖν
1777 1802 1841 1855 τὸ
1877 1801 2088 1869 πάσχα

499 1890 675 1944 τοῦτο
696 1888 824 1958 μεθ’
854 1887 1042 1957 ὑμῶν.
1066 1887 1159 1957 Μὴ
1193 1887 1300 1956 γὰρ
1325 1886 1602 1956 ἐϐάσκηνά
1639 1903 1732 1938 σου
1754 1889 1821 1956 τῇ
1850 1885 2085 1955 ίσοθεῖᾳς

500 1973 572 2026 Σὺ
609 1974 678 2025 τὰ
711 1972 818 2041 ἐμά
867 1971 1137 2042 ἠθέλησας
1168 1969 1444 2041 ἁρπάσαι,
1484 1968 1557 2039 μὴ
1610 1968 1906 2038 δυνάμενος
1933 1987 1944 1999 -
1979 1967 2089 2034 ἐγὼ

499 2055 568 2108 τά
623 2054 691 2107 σὰ
730 2053 1021 2124 λαμϐάνω,
1059 2053 1378 2122 δυνάμενος.
1424 2051 1686 2122 Πρόσεχε.
1730 2049 1983 2122 Κατῆλθε
2028 2049 2091 2103 τὸ

499 2136 746 2200 δειλινὸν,
781 2137 876 2191 καὶ
909 2136 1085 2204 λέγει·
1127 2135 1330 2204 Ἀδὰμ,
1358 2135 1479 2188 ποῦ
1507 2135 1564 2188 εἴ
1580 2175 1594 2198 ,

577 2294 651 2352 ς’.
700 2287 926 2356 Ἀδελφά
954 2288 1137 2338 ἐκεῖνα
1171 2284 1491 2339 καὶταῦτα·
1524 2284 1642 2347 ἐνὸς
1669 2283 1778 2353 γὰρ
1819 2282 1953 2336 Θεοῦ
1997 2284 2095 2337 κά-

503 2377 658 2429 κεῖνα
689 2374 787 2427 καὶ
813 2372 1004 2426 ταῦτα.
1031 2371 1124 2443 Μὴ
1156 2371 1265 2443 γὰρ
1299 2371 1456 2435 ἀλλος
1486 2366 1648 2440 ἢλθεν
1683 2370 1775 2422 ἐπὶ
1806 2371 1867 2422 τὸ
1901 2369 2093 2434 πάθος,

504 2466 619 2520 ἀλλ’
663 2467 690 2519 6
743 2463 1019 2521 κατελθὼν
1066 2465 1124 2515 ἐν
1179 2463 1258 2533 τῷ
1305 2462 1654 2533 παραδείσῳ;
1717 2459 1977 2532 Ἐκρύϐη,
2028 2461 2095 2532 ᾔ-

505 2548 662 2602 σθετο
709 2547 848 2616 μετά
897 2545 958 2598 τὸ
1007 2547 1223 2614 φαγεῖν.
1253 2546 1700 2614 Διηνοίχθησαν
1735 2543 1844 2615 γὰρ
1893 2542 2091 2597 αὐτῶν

507 2635 561 2685 οὶ
615 2630 943 2700 ὀφθαλμοὶ,
999 2629 1171 2700 φησι,
1231 2629 1331 2682 καὶ
1395 2628 1672 2696 ἔγνωσαν
1729 2626 1818 2680 δτι
1883 2625 2097 2696 γυμνοί

509 2709 692 2784 ἦσαν.
765 2710 983 2782 Ἐπειδὴ
1030 2715 1059 2762 ό
1117 2711 1360 2774 διάϐολος
1420 2705 1608 2776 εἶπεν,
1661 2703 1744 2782 ’ῌ
1791 2709 1869 2763 ἂν
1904 2712 2093 2778 ἡμέρᾳ

508 2795 736 2866 φάγητε
757 2835 770 2857 ,
800 2792 1075 2861 διανοιχθ
1089 2792 1341 2857 ήσονται
1371 2791 1538 2861 ὑμῶν
1561 2796 1614 2847 οι
1643 2794 1941 2862 ὀφθαλμοί
1959 2810 1972 2822 .
2001 2793 2097 2854 εδε.

511 2877 711 2948 φησὶν,
776 2874 1071 2945 ἡλήθευσεν
1135 2876 1164 2927 6
1205 2875 1469 2938 Σατανᾶς.
1515 2875 1710 2945 Παύλῳ
1763 2875 1960 2947 πρέπει
2017 2877 2102 2928 λέ-

506 2977 624 3028 γειν
647 2976 659 2989 '
696 2961 778 3012 Οὐ
817 2958 927 3028 γὰρ
958 2957 1144 3012 αὑτοῦ
1179 2959 1250 3012 τὰ
1280 2957 1551 3026 νοήματα
1599 2949 1959 3028 ἀγνοοῦμεν.
2008 2961 2101 3012 01'-

508 3044 663 3099 δασιν
705 3045 754 3095 οἱ
786 3043 927 3112 ἀγιοι
963 3043 1062 3106 τὰς
1093 3042 1335 3112 μηχανὰς
1373 3042 1467 3096 τοῦ
1508 3042 1778 3098 διαϐόλου.
1833 3045 1972 3114 Ὅρα
1999 3060 2101 3098 καφ

511 3128 654 3182 κίαν.
693 3126 862 3180 Πόθεν
905 3126 1020 3197 ᾔδει
1061 3129 1089 3179 6
1144 3125 1389 3188 διάϐολος
1415 3166 1430 3190 ,
1464 3127 1546 3178 ὅτι
1602 3125 1742 3195 μετὰ
1797 3126 1858 3179 τὸ
1908 3131 2102 3195 φαγεῖν

511 3210 818 3278 ἀνοίγονται
844 3209 1023 3262 αὐτῶν
1047 3210 1096 3261 οί
1125 3208 1426 3277 όφθαλμοί;
1461 3208 1537 3278 μὴ
1567 3207 1677 3276 γὰρ
1709 3209 1900 3276 τυφλοὶ
1925 3205 2100 3280 ﬁdem;

511 3293 677 3362 Λέγει
707 3296 739 3366 ἡ
764 3293 976 3365 Γραφὴ,
1013 3293 1143 3362 πρὶν
1174 3294 1364 3360 φαγεῖν
1387 3291 1584 3353 αὐτοὺς
1608 3291 1716 3344 ἀπὸ
1738 3290 1830 3343 τοῦ
1859 3291 2100 3361 δένδρου,

513 3373 688 3442 Εἶδε,
725 3378 910 3448 φησὶν,
959 3376 998 3444 ἠ
1041 3373 1197 3446 γυνὴ
1241 3375 1307 3427 τὸ
1354 3372 1627 3442 δένδρον.
1661 3373 1872 3426 Οὐκοῦν
1900 3376 1999 3427 οὐκ
2036 3372 2105 3446 ἦν

512 3462 707 3532 τυφλή.
735 3459 890 3524 Εἶδε,
923 3462 1108 3529 φησιν,
1131 3461 1169 3527 ἠ
1195 3457 1350 3527 γυνὴ
1379 3457 1445 3510 τὸ
1474 3457 1747 3524 δένδρον,
1777 3457 1865 3510 δτι
1888 3458 2106 3525 ὡραῖον

513 3547 600 3611 εις
637 3544 874 3611 ὅρασιν.
918 3542 1141 3612 Πρῶτον
1179 3539 1285 3593 εἶδε
1309 3581 1324 3605 ,
1356 3541 1450 3594 καὶ
1477 3539 1598 3593 τότε
1627 3539 1797 3609 ἔφαγε
1816 3581 1829 3594 .
1858 3541 1983 3604 Πῶς
2011 3539 2105 3594 οὖν

517 3625 848 3696 ἠνοίχθησαν
871 3624 1052 3677 αὐτῶν
1083 3626 1131 3675 οί
1152 3623 1452 3692 ὀφθαλμοῖς
1482 3621 1742 3692 Πρόσεχε,
1766 3623 2068 3694 παρακαλῶ
2088 3637 2102 3651 ·

525 3707 765 3763 ἐνταῦθά
798 3709 914 3760 ἐστι
957 3706 1020 3760 τὸ
1075 3704 1427 3776 ζητούμενον.
1477 3704 1536 3756 '0
1584 3704 1825 3766 διάϐολος
1858 3705 1965 3756 ἀπὸ
2011 3707 2106 3757 ἐκ-

516 3791 778 3854 πτώσεως
819 3785 909 3860 ἦν,
947 3789 1228 3852 τουτέστι,
1268 3788 1377 3840 ἀπὸ
1417 3785 1788 3857 παραϐάσεως
1810 3801 1825 3816 ·
1858 3787 1952 3839 καὶ
1987 3787 2107 3856 ᾔδει

516 3875 569 3928 τί
595 3874 793 3929 ἔπαθεν
826 3874 854 3924 6
879 3871 1168 3942 παραϐάς,
1198 3871 1291 3923 καὶ
1324 3870 1377 3922 τί
1417 3869 1719 3938 πάσχουσιν
1754 3870 1803 3921 οί
1835 3869 2109 3939 παραϐαί-

517 3976 717 4021 νοντες.
754 3956 947 4009 Κοινὸν
994 3954 1052 4007 δέ
1095 3956 1210 4006 ἐστι
1252 3953 1312 4006 τὸ
1350 3953 1522 4015 πάθος
1556 3954 1795 4008 πάντων.
1852 3953 1960 4005 Καὶ
1999 3955 2110 4022 γὰρ

520 4043 782 4112 σήμερον,
799 4041 926 4091 ὅταν
949 4037 1460 4107 ἁμαρτάνωμεν,ώς
1476 4037 1666 4104 τυφλοὶ
1687 4035 2075 4106 ἁμαρτάνομεν
2092 4052 2104 4066 ·

520 4125 613 4178 καὶ
643 4125 770 4177 ὅταν
797 4121 1228 4192 ἁμαρτήσωμεν,
1263 4120 1384 4172 τότε
1423 4119 1640 4190 ὁρῶμεν
1667 4119 1718 4170 τί
1746 4119 2105 4188 ἐποιήσαμεν.

521 4202 667 4269 Οἶον,
697 4206 884 4274 ὥσπερ
917 4205 968 4254 εί
997 4220 1080 4265 τις
1104 4201 1436 4270 ἐγκαλεῖται,
1469 4202 1571 4254 Διά
1605 4201 1654 4254 τί
1679 4201 1795 4255 τόδε
1823 4201 2107 4270 ἐποίησας,

520 4287 912 4360 προφασίζεται
926 4284 1550 4355 ἀνάγκην-Ἀληθῶςοὺκ
1565 4285 1792 4336 ἔϐλεπον
1807 4283 1857 4336 τί
1873 4285 2108 4336 ἐποίουν·

520 4375 618 4442 οὐχ
645 4372 720 4434 ὡς
753 4369 949 4436 τυφλὸς
974 4367 1069 4432 ὢν,
1101 4368 1216 4421 ἀλλ’
1241 4369 1426 4439 ἐπειδὴ
1457 4371 1515 4421 ἐν
1540 4372 1605 4438 τῇ
1636 4369 1880 4440 ἁμαρτίᾳ
1908 4369 1934 4420 6
1965 4368 2112 4434 λογι-

524 4455 658 4524 σμὸς
697 4452 968 4522 πηροῦται
1003 4491 1017 4512 ,
1055 4451 1172 4513 ὅλος
1201 4451 1484 4519 γινόμενος
1509 4451 1603 4502 τοῦ
1635 4451 1871 4521 πρᾶξαι,
1899 4453 1992 4504 καὶ
2020 4470 2112 4503 τυ-

523 4535 748 4605 φλοῦται
781 4537 838 4586 ἐν
875 4534 953 4604 τῷ
982 4535 1260 4604 πράττειν.
1291 4534 1485 4585 Βλέπει
1519 4535 1656 4603 μετὰ
1687 4533 1860 4587 ταῦτα
1893 4537 1956 4603 τῇ
1991 4551 2114 4586 συν-

523 4620 728 4688 ειδήσει
767 4618 818 4669 τί
842 4616 1130 4687 πεποίηκε.
1160 4616 1316 4682 Λέγω
1339 4615 1396 4667 δὲ
1434 4615 1508 4678 ὡς
1535 4619 1592 4668 ἐν
1616 4616 1904 4668 ὑποθέσει·
1937 4616 2114 4684 εἰσέρ-

523 4702 675 4772 χεταί
713 4717 796 4762 τις
839 4699 1131 4770 λῃστεύσαι
1178 4698 1272 4749 ἐπὶ
1303 4698 1512 4760 οἰκίας,
1556 4700 1649 4750 καὶ
1696 4699 2004 4768 εἰσέρχεται
2038 4698 2114 4757 ὡς

523 4784 719 4852 τυφλός
741 4799 752 4810 ·
785 4782 845 4834 οὐ
873 4781 1142 4848 λογίζεται
1168 4781 1258 4832 τὸν
1280 4781 1627 4842 ἀπαντῶντα,
1662 4780 1752 4831 τὸν
1784 4780 2108 4850 κρατοῦντα,

524 4869 615 4920 τὸν
651 4866 814 4933 φόϐον
844 4866 949 4918 τῶν
980 4863 1268 4925 δικαστῶν,
1293 4863 1386 4915 τὸν
1416 4863 1800 4935 ἐπηρτημένον
1834 4862 2075 4914 κίνδυνον
2097 4879 2110 4894 ·

525 4951 861 5018 τετύφλωται
891 4951 997 5019 γὰρ
1029 4950 1132 5001 ὑπὸ
1157 4951 1256 5018 τῆς
1286 4949 1462 5001 νόσου.
1502 4949 1670 5000 Ὅταν
1694 4947 1912 5016 εἰσέλθῃ
1937 4988 1950 5010 ,
1986 4949 2114 4999 ὅταν

527 5035 687 5106 λάϐῃ,
724 5034 848 5085 ὅταν
888 5034 1090 5099 κλέψας
1113 5031 1328 5104 ἐξέλθῃ,
1367 5031 1593 5101 μηδενὸς
1631 5031 1917 5100 παρόντος,
1949 5028 2113 5096 φόϐου

529 5116 847 5186 πληροῦται,
873 5114 1188 5167 αἰσθάνεται
1219 5115 1270 5166 τί
1301 5115 1548 5184 ἐποίησε,
1580 5115 1674 5167 καὶ
1700 5114 1974 5181 λογίζεται
1997 5113 2077 5165 ὅτι
2098 5154 2113 5178 ,

528 5202 622 5253 ἐὰν
661 5198 868 5271 ζητηθῇ
895 5238 910 5261 ,
952 5198 1132 5251 νοοῦσι
1175 5201 1236 5251 τὸ
1279 5201 1511 5269 πρᾶγμα
1556 5199 1700 5262 τίνος
1735 5198 1882 5250 ἐστὶν
1933 5197 2112 5268 ἔργον.

530 5284 684 5356 [505]
716 5286 823 5337 Καὶ
862 5284 898 5337 ἀ
931 5283 1003 5351 μὴ
1037 5283 1317 5351 ἐλογίσατο
1349 5283 1624 5352 πράττων,
1666 5279 1939 5349 λογίζεται
1978 5281 2119 5350 μετὰ.

527 5370 588 5420 τὸ
618 5368 842 5438 πρᾶξαι.
883 5362 1028 5429 Οῗον,
1061 5367 1088 5418 6
1115 5368 1400 5435 μοιχεύων,
1437 5368 1528 5419 καὶ
1559 5367 1897 5436 ἐπιρρίπτων
1928 5365 2117 5417 ἑαυτὸν

529 5455 791 5526 ἀλλοτρίῳ
825 5454 961 5524 πυρὶ
983 5495 995 5516 ,
1028 5455 1363 5523 εἰσέρχεται,
1398 5455 1490 5505 καὶ
1523 5455 1582 5507 οὑ
1620 5453 1891 5520 λογίζεται
1921 5454 2002 5504 ὅτι
2036 5453 2119 5503 νό-

535 5555 624 5606 μοι
653 5540 786 5602 είσὶ,
816 5538 1172 5607 δικαστήρια,
1210 5537 1569 5605 κατηγορίαι,
1605 5536 1730 5604 ξίφη
1763 5535 2078 5604 ἠκονημένα
2104 5551 2116 5564 ·

531 5620 638 5673 ἀλλ’
674 5623 800 5674 ὅταν
821 5621 1024 5693 πράξῃ,
1058 5621 1247 5690 δειλιᾷ,
1273 5618 1568 5672 ὑποπτεύει
1592 5620 1778 5680 παῖδα,
1804 5617 2119 5685 παιδίσκην,

533 5703 767 5776 γείτονα,
791 5704 1030 5775 συγγενῆ
1053 5719 1066 5731 ·
1097 5705 1189 5757 καὶ
1213 5703 1246 5758 ἃ
1283 5703 1354 5774 μὴ
1381 5701 1608 5754 ἔϐλεπεν
1638 5704 1695 5754 ἐν
1731 5701 1809 5762 τῷ
1837 5698 2117 5770 πράττειν,

1525 282 1614 338 DE
1654 282 1873 341 MUNDI
1911 275 2311 337 CBEATIONE
2349 278 2609 336 ORATIO
2640 281 2728 336 VI.

3632 284 3745 339 492

2180 389 2365 459 βλέπει
2401 394 2539 464 μετά
2566 394 2626 447 τὸ
2647 393 2872 465 πρᾶξαι.
2910 393 3077 450 Πάλιν
3104 396 3362 466 παραινεῖ
3395 411 3478 458 τις
3517 393 3624 448 τινὶ
3649 394 3754 448 ἀπ-

2179 473 2398 543 έχεσθαι
2435 477 2622 531 κακῶν
2645 494 2658 508 ·
2701 477 2803 532 κᾶν
2849 478 3080 550 ἀπειθὴς
3117 472 3192 552 ᾖ,
3228 481 3262 548 ή
3296 477 3553 547 συνήθεια
3582 475 3754 546 τούτῳ

2179 552 2357 621 λέγει·
2404 558 2670 623 Πολλάκις
2717 561 2864 631 αὐτῷ
2896 557 3066 624 εἷπον,
3099 563 3195 614 καὶ
3223 561 3320 612 οὐκ
3355 561 3588 630 ήκουσεν
3611 575 3624 589 ·
3655 559 3755 628 οὐχ

2181 637 2263 689 ὅτι
2297 639 2393 690 οὐκ
2417 641 2646 709 ἤκουσεν
2677 655 2720 694 ι.
2761 644 2990 697 Ἔπειτα
3023 642 3316 710 ἐπαγαγὼν
3347 641 3494 709 αὐτῷ
3519 641 3756 709 πληγὰς,

2181 719 2346 786 λέγει·
2380 723 2625 776 Διδάσκω
2648 741 2705 777 σε
2736 727 2984 779 ἀκούειν·
3011 727 3106 796 οὐχ
3136 728 3216 796 6:1
3244 726 3414 796 ἀκοὴν
3437 724 3586 792 αὐτῷ
3608 723 3759 776 δίδω-

2185 819 2286 866 σιν,
2333 804 2446 856 ἀλλ’
2482 807 2560 858 ὃτι
2593 809 2624 878 ή
2659 807 2842 880 πληγὴ
2871 809 3171 880 διορθοῦται
3217 809 3311 879 τὴν
3353 807 3644 878 πρόληψιν,
3668 806 3762 859 καῖ

2184 887 2263 948 εἰς
2293 886 2504 939 σύνεσιν
2548 890 2710 942 αὐτὸν
2737 890 2911 961 φέρει.
2961 891 3113 945 Οῦτω
3156 892 3246 944 καὶ
3275 892 3303 944 6
3343 891 3662 959 προφήτης’
3704 887 3767 940 Ἡ

2186 969 2421 1023 παιδεία
2449 973 2664 1039 Κυρίου
2703 975 2922 1044 ἀνοίγει
2945 993 3064 1043 μου
3084 977 3155 1028 τὰ
3189 971 3327 1028 ὦτα.
3374 973 3527 1027 Ἐπεὶ
3557 966 3652 1024 οὖν
3679 969 3770 1030 ἐξ-

2187 1053 2383 1107 έπεσεν
2417 1055 2446 1106 6
2481 1054 2730 1120 διάϐολος
2762 1059 2845 1123 (οὐ
2878 1059 2986 1129 γὰρ
3032 1057 3391 1128 ἐπιλέλησμαι
3439 1056 3538 1124 τῆς
3572 1051 3771 1106 ὑποθέ-

2190 1154 2326 1199 σεως
2351 1139 2388 1204 ),
2431 1139 2548 1208 ᾔδει
2588 1138 2691 1191 ποῦ
2731 1134 2799 1210 ἦν
2833 1141 2969 1210 μετὰ
3011 1141 3071 1194 τὸ
3113 1143 3387 1203 ἐκπεσεῖν,
3419 1139 3513 1191 καὶ
3538 1139 3660 1188 τότε
3691 1135 3770 1196 είς

2187 1221 2439 1291 αἴσθησιν
2462 1218 2622 1292 ἦλθεν
2651 1216 2724 1275 ὧν
2747 1224 3022 1293 ἐποίησεν.
3041 1224 3281 1294 Ἐμαθεν
3297 1217 3388 1275 οὖν
3402 1221 3461 1285 ἐξ
3480 1214 3555 1274 ὧν
3575 1217 3772 1279 ἔπαθε,

2190 1306 2284 1358 καὶ
2303 1305 2471 1372 λέγει,
2503 1305 2638 1359 Ἐὰν
2665 1307 2910 1376 φάγητε,
2933 1308 3272 1376 ἀνοίγονται
3291 1305 3456 1376 ὑμῶν
3475 1304 3773 1372 01651an-

2188 1389 2290 1456 μοί
2309 1405 2321 1419 ·
2343 1389 2640 1454 τουτέστιν,
2663 1390 2738 1454 ὡς
2767 1392 2857 1443 καὶ
2885 1394 2932 1443 οἱ
2953 1391 3100 1460 ἐμοί·
3131 1386 3264 1456 οἶδα,
3298 1392 3389 1458 ἀφ’
3408 1382 3468 1442 οὗ
3499 1385 3771 1457 παρέϐην,

2191 1470 2244 1522 τί
2276 1470 2504 1523 ἔπαθον·
2535 1471 2706 1540 ἔγνων
2747 1473 2798 1524 τί
2833 1473 3033 1526 ἔπαθον
3053 1513 3067 1536 ,
3096 1475 3266 1541 ἔγνων
3294 1473 3438 1535 τίνος
3475 1473 3774 1538 ἀπέτυχον.

2193 1548 2337 1608 Εἶτα
2363 1553 2609 1624 ἔφαγον,
2639 1555 2736 1608 καί
2778 1555 3214 1626 διηνοίχθησαν
3247 1555 3445 1611 αὐτῶν
3465 1559 3520 1609 οι
3551 1555 3778 1622 ὀφθαλ-

2187 1637 2325 1706 μοὶ,
2360 1638 2457 1690 καὶ
2487 1633 2651 1692 εἶδον
2695 1639 2784 1692 δτι
2829 1642 3040 1710 γυμνοὶ
3076 1638 3257 1710 ἦσαν.
3301 1641 3412 1710 Πρὸ
3435 1640 3546 1709 γὰρ
3586 1636 3773 1689 τούτου

2192 1716 2333 1791 ἦσαν
2366 1721 2597 1790 γυμνοὶ,
2648 1724 2742 1774 καὶ
2779 1725 2879 1776 οὐκ
2907 1725 3222 1794 ᾐσχύνοντο.
3275 1723 3644 1778 ’Λπεδύσαντο
3679 1719 3774 1788 τὴν

2195 1804 2516 1869 ἀθανασίαν,
2544 1805 2859 1876 περιῃρέθη
2885 1809 2917 1876 ὴ
2956 1809 3117 1878 στολὴ
3147 1809 3244 1876 τῆς
3273 1807 3448 1878 δόξης,
3485 1801 3777 1874 ἐγυμνώθη

2195 1888 2257 1940 τὸ
2285 1887 2442 1956 σῶμα
2471 1927 2485 1951 ,
2515 1887 2609 1940 καὶ
2648 1882 2715 1958 ἦν
2747 1889 2916 1959 πηλὸς
2944 1889 3148 1942 λοιπόν.
3183 1891 3397 1952 Εὐθέως
3426 1888 3581 1958 βρύει
3603 1889 3639 1956 ή
3667 1884 3779 1937 ἐπί-

2197 1987 2314 2023 νοια
2347 1970 2454 2023 τῶν
2481 1970 2706 2040 τεχνῶν.
2745 1970 2942 2042 Πρώτη
2973 1973 3133 2042 τέχνη
3168 1971 3262 2024 τοῦ
3303 1971 3475 2041 Ἀδὰμ
3514 1968 3775 2041 ῥαπτική.

2198 2053 2312 2124 Πρὸ
2343 2053 2520 2121 πάσης
2561 2053 2757 2124 τέχνης
2794 2054 2953 2108 ἔλαϐε
2983 2055 3052 2109 τὰ
3088 2055 3260 2124 φύλλα
3289 2056 3385 2124 τῆς
3430 2054 3605 2120 συκῆς
3626 2091 3642 2114 ,
3693 2050 3780 2103 καὶ

2198 2135 2426 2207 ερῤαψετ
2469 2135 2561 2198 Τίς
2606 2139 2634 2188 6
2677 2135 2927 2202 διδάξας;
2965 2139 3050 2201 τίς
3091 2139 3120 2189 6
3162 2137 3496 2200 παιδεύσας;
3550 2133 3782 2186 Ἔλαϐεν

2199 2220 2346 2284 ἅπαξ
2371 2218 2523 2290 παρὰ
2557 2220 2690 2272 Θεοῦ
2726 2221 2961 2286 σύνεσιν,
2988 2221 3151 2275 είκὼν
3177 2217 3244 2292 ἦν
3269 2219 3405 2273 Θεοῦ
3434 2260 3448 2284 ,
3483 2218 3580 2272 καὶ⁵
3609 2219 3782 2287 ἀμφι-

2202 2302 2422 2364 ϐάλλεις
2443 2305 2569 2374 περὶ
2587 2304 2684 2373 τὴν
2708 2305 2910 2371 γνῶσιν
2933 2323 2949 2369 ;
2983 2307 3151 2358 Ὅταν
3175 2307 3434 2376 ἐννοήσῃς
3463 2301 3604 2356 κατά
3634 2317 3785 2353 σεαυ-

2199 2387 2313 2451 τὸν,
2358 2386 2521 2440 πόθεν
2558 2386 2846 2457 ἄνθρωπος
2878 2387 3105 2459 ἄροτρον
3145 2388 3360 2458 πρῶτον
3400 2386 3668 2456 ἐποίησε,
3705 2382 3786 2444 τίς

2204 2470 2445 2536 ὑπέδειξε
2471 2469 2695 2540 ποιῆσαι
2721 2470 2897 2534 ξύλον,
2918 2471 3012 2523 καὶ
3037 2469 3404 2541 μεσολαϐἦσαι
3436 2469 3675 2539 σίδηρον,
3697 2466 3788 2517 καὶ

2205 2553 2448 2622 σφίγξαι,
2491 2555 2584 2607 καὶ
2632 2553 2864 2624 ζεύγλην
2916 2553 3182 2606 ἐπιθεῖναι
3231 2556 3342 2616 τοῖς
3389 2551 3574 2622 βουσί·
3626 2547 3789 2601 ¹πόθεν

2204 2638 2341 2708 γυνὴ
2367 2631 2492 2708 εὗρε
2523 2639 2720 2709 τέχνην
2756 2637 3068 2708 ἱστουργίας
3088 2678 3103 2700 ,
3138 2637 3322 2691 λαϐεῖν
3346 2636 3530 2698 πόκον,
3568 2631 3788 2695 πλῦναι,

2208 2721 2394 2784 ξεῖναι,
2425 2720 2621 2790 νῆσαι,
2660 2720 2722 2773 τὸ
2763 2720 3111 2790 συνημμένον
3161 2719 3443 2784 λεπτῦναι,
3487 2717 3581 2770 καὶ
3628 2715 3792 2768 πάλιν

2209 2804 2426 2874 σχισθέν
2459 2804 2693 2872 συνάψαι
2715 2819 2729 2836 ·
2760 2804 2922 2856 πόθεν
2948 2803 3106 2856 τοῦτο
3128 2820 3140 2868 ;
3166 2803 3262 2865 Τίς
3295 2803 3497 2868 ἐδίδαξε
3527 2800 3656 2862 τοὺς
3678 2814 3770 2851 1:0:

2208 2888 2395 2950 κιλτὰς
2420 2888 2518 2958 τὴν
2545 2887 2915 2958 ποικιλτικήν;
2950 2888 3221 2958 Ἕστηκεν
3253 2887 3415 2950 ἱστὸς,
3452 2887 3507 2938 ἐν
3528 2886 3586 2938 τὸ
3610 2901 3799 2955 παρα-

2209 2971 2580 3042 πεμπόμενον,
2607 2972 2668 3023 οὐ
2705 2972 2827 3045 χεὶρ
2859 2971 3223 3043 ἐργαζομένη,
3256 2971 3370 3026 ἀλλ’
3399 2973 3427 3024 6
3445 2970 3598 3038 λόγος
3621 2970 3797 3040 ἔργά-

2210 3059 2381 3124 ζεται,
2405 3056 2561 3126 λόγος
2590 3057 2803 3128 μορφὰς
2824 3054 3094 3110 ἀποτελεῖ.
3117 3057 3230 3109 οὐκ
3250 3055 3524 3109 ἐπιϐάλλει
3551 3057 3748 3123 χεῖρας
3773 3055 3799 3106 6

2210 3142 2460 3215 τεχνίτης
2481 3181 2495 3207 ,
2530 3142 2624 3194 καὶ
2650 3142 2678 3194 6
2707 3141 2864 3210 λόγος
2892 3142 2988 3210 τῆς
3015 3141 3213 3211 τέχνης
3246 3142 3443 3212 μορφοῖ
3467 3139 3525 3192 τὸ
3557 3138 3799 3208 ἱμάτιον,

2210 3233 2305 3282 καὶ
2328 3228 2384 3279 ἐν
2413 3225 2711 3296 ὁρωμένοις
2743 3228 3016 3296 σχήμασιν
3043 3226 3315 3296 ἐγείρεται
3336 3224 3397 3276 τὸ
3428 3221 3679 3293 βούλημα
3707 3221 3799 3275 τοῦ

2209 3309 2479 3379 τεχνίτου.
2513 3305 2645 3361 Εἶτα
2665 3309 2694 3360 6
2725 3309 3006 3378 ποικιλτὴς
3027 3309 3088 3361 οὐ
3110 3309 3251 3361 κινεῖ
3272 3310 3450 3378 χεῖρα,
3479 3307 3572 3359 καὶ
3592 3305 3801 3376 ἐγείρει

2216 3396 2454 3464 μορφάς.
2482 3392 2598 3444 Καὶ
2622 3391 2715 3448 ἐάν
2741 3391 3012 3464 ἀκούσῃς,
3044 3392 3125 3444 δτι
3151 3390 3282 3453 Θεὸς
3308 3389 3618 3461 ἐργάζεται,
3647 3388 3803 3459 νομί-

2214 3475 2327 3540 ζεις
2354 3476 2433 3528 ὅτι
2479 3477 2636 3544 χεῖρα
2681 3473 2847 3527 κινῶν
2886 3474 3224 3546 ἐργάζεταις
3264 3475 3374 3527 Καὶ
3416 3473 3510 3526 ἐὰν
3554 3469 3801 3543 ζητήσῃς

2214 3560 2397 3612 πᾶσαν
2425 3559 2643 3629 τέχνην,
2679 3561 2772 3611 καὶ
2801 3559 2984 3610 πᾶσαν
3023 3557 3287 3621 ἐπίνοιαν,
3329 3558 3424 3609 καὶ
3456 3556 3636 3625 εἴπῃς,
3683 3555 3802 3615 Πῶς

2213 3641 2441 3712 ἐνόησαν
2464 3641 2580 3693 τόδε
2611 3641 2643 3711 ἦ
2669 3640 2816 3706 τόδε;
2848 3639 3224 3711 μνημονεύσας
3242 3639 3343 3708 τῆς
3365 3638 3588 3708 πρώτης
3614 3637 3800 3705 φωνῆς

2213 3726 2312 3795 τῆς
2346 3723 2630 3792 λεγούσης,
2683 3723 3038 3791 Ποιήσωμεν
3083 3723 3398 3789 ἄνθρωπον
3429 3723 3558 3774 κατ’
3593 3723 3801 3774 εἰκόνα

2214 3807 2530 3877 ἡμετέραν,
2562 3807 2715 3875 ἔσχες
2736 3808 2834 3876 τῆς
2854 3805 3088 3876 ἀπορίας
3108 3806 3204 3875 τὴν
3225 3803 3405 3857 λύσιν.
3437 3801 3614 3857 Εὶιοὼν
3638 3801 3797 3864 Θεοῦ,

2217 3893 2309 3944 καὶ
2340 3893 2400 3943 οὐ
2423 3893 2534 3942 νοεῖ
2561 3906 2575 3954 ;
2602 3888 2765 3942 είκὼν
2803 3887 2960 3951 Θεοῦ,
2995 3889 3087 3940 καὶ
3114 3889 3174 3941 οὐ
3210 3889 3457 3959 μιμεῖται
3483 3887 3575 3940 τὸν
3598 3887 3801 3953 4:01:6—

2216 3991 2349 4046 την;
2385 3975 2642 4042 Ἕρραψε
2671 3975 2878 4041 φύλλα
2912 3970 3133 4040 συκῆς.

2288 4122 2352 4187 ζ’.
2389 4121 2839 4191 Αἰσχυνέσθωσαν
2870 4121 2919 4174 οί
2953 4118 3380 4192 ἀλληγοροῦντες
3402 4157 3416 4182 ,
3446 4118 3531 4172 ὅτι
3570 4119 3600 4170 6
3629 4117 3803 4188 παρὰ·

2217 4208 2391 4268 δεισος
2431 4208 2487 4259 ἐν
2527 4205 2740 4275 οὐρανῷ
2779 4207 2915 4270 ἐστι,
2959 4206 3055 4259 καὶ
3094 4204 3464 4274 πνευματικός
3503 4205 3674 4256 ἐστιν.
3722 4201 3802 4255 Ἐν

2217 4288 2432 4359 οὐρανῷ
2472 4289 2609 4358 σε).ιῆ
2643 4289 2694 4340 τί
2731 4291 2913 4352 ποιεῖ;
2959 4287 3098 4341 Ἀλλ’
3131 4287 3269 4338 ἔστω
3313 4289 3341 4339 ό
3387 4285 3721 4356 παράδεισος
3749 4285 3802 4336 ἐν

2219 4374 2434 4445 οὐρανῷ
2462 4391 2473 4403 ·
2505 4372 2657 4444 [504]
2683 4375 2731 4425 οί
2761 4374 2995 4442 ποταμοὶ
3016 4371 3179 4424 πόθεν
3205 4369 3520 4441 ἐξέρχονται
3541 4387 3554 4435 ;
3579 4371 3680 4423 οὑκ
3705 4368 3802 4421 ἀπὸ

2219 4458 2322 4526 γῆς
2348 4474 2361 4520 ;
2396 4459 2458 4509 ΕΞ
2487 4460 2514 4509 ό
2542 4457 2871 4525 παράδεισος
2897 4455 3028 4517 ἀνω,
3061 4454 3218 4525 δῆλον
3251 4455 3333 4506 ὅτι
3369 4455 3464 4507 καὶ
3493 4455 3542 4506 οί
3576 4453 3807 4523 ποταμοὶ

2219 4539 2424 4592 ἀνωθεν
2449 4540 2651 4609 ῥέουσι.
2677 4540 2768 4608 Μὴ
2794 4538 2900 4610 γὰρ
2930 4534 3080 4590 εἶπεν
3102 4539 3134 4608 ἡ
3156 4538 3372 4608 Γραφή·
3398 4535 3654 4606 Ποταμὸς
3678 4553 3802 4589 κατι

2221 4623 2435 4694 ἔρχεται
2462 4621 2520 4686 ἐξ
2551 4622 2744 4692 Ἐδέμς
2775 4622 2935 4674 Ἀλλὰ
2957 4621 3018 4674 τὸ
3051 4622 3290 4689 σόφισμα
3308 4620 3357 4674 δ.
3401 4619 3642 4672 Γελῶσιν
3667 4621 3804 4690 ἡμᾶς

2220 4707 2269 4759 οἱ
2297 4705 2689 4775 άλληγορηταί.
2723 4705 3008 4760 Ἑνέδυσε
3033 4705 3142 4774 γὰρ
3159 4703 3381 4768 αὐτοὺς
3399 4705 3430 4756 ὀ
3461 4703 3630 4768 Θεὸς,
3659 4705 3802 4771 φησὶ,

2222 4787 2478 4855 χιτῶνας
2527 4789 2939 4855 δεμματίνους.
2991 4785 3140 4858 *Αρα
3191 4786 3263 4856 μὴ
3315 4785 3444 4855 βόας
3491 4786 3804 4856 ἢπρόϐατα

2223 4870 2403 4933 ἔθυσε,
2442 4873 2535 4922 καὶ
2567 4871 2813 4941 βυρσεῖον
2837 4869 3035 4941 ήνοιξε,
3062 4870 3155 4921 καὶ
3180 4869 3376 4941 τέχνην
3412 4869 3664 4940 βυρσέως
3690 4873 3806 4923 ἀπε·

2220 4953 2406 5005 τέλεσε
2432 4971 2445 5017 ;
2474 4953 2718 5023 Λέγομεν
2736 4956 2916 5023 ἡμεῖς,
2938 4953 3058 5005 ὅλον
3081 4951 3140 5003 τὸ
3165 4951 3304 5018 ζῶον
3330 4955 3662 5023 παρήγαγεν
3687 4953 3804 5005 ἀνευ

2226 5035 2564 5104 συμπλοκῆς,
2599 5037 2726 5090 ἄνευ
2780 5037 3061 5104 συζυγίας.
3101 5035 3172 5088 Τὸ
3219 5037 3292 5106 μὴ
3324 5035 3384 5088 ὃν
3429 5037 3692 5106 ἐποίησε,
3724 5035 3803 5086 καὶ

2228 5120 2392 5191 μέρος
2422 5121 2515 5173 τοῦ
2537 5122 2688 5184 ὄντος
2719 5123 2892 5172 ποιεῖν
2922 5121 3022 5173 οὐκ
3052 5119 3320 5188 ἡδύνατος
3356 5120 3561 5173 Λοιπὸν
3607 5117 3803 5186 φιλοτι-

2229 5203 2451 5273 μοῦνται
2473 5222 2484 5234 ·
2518 5205 2630 5258 ἀλλ’
2670 5205 2922 5259 οὐδέποτε
2946 5203 3077 5266 Θεὸς
3099 5207 3245 5257 ποιεῖ
3267 5205 3434 5274 μέρος
3459 5203 3629 5268 ζώου,
3665 5201 3805 5255 οὐδὲν

2225 5288 2414 5352 ἀτελὲς
2439 5292 2583 5341 ποιεῖ
2610 5289 2637 5339 6
2663 5288 2813 5350 Θεός.
2853 5286 3064 5339 Ἀκούει
3097 5287 3272 5357 δέρμα
3295 5329 3308 5351 ,
3335 5289 3427 5340 καὶ
3448 5288 3609 5354 ζητεῖ
3633 5285 3804 5343 πόθεν.

2226 5371 2434 5425 Οὐκοῦν
2454 5370 2634 5424 ἀκούω
2657 5369 2811 5439 κάγὼ
2829 5365 2965 5440 αἷμα
2984 5371 3039 5422 ἐν
3055 5359 3336 5440 Αἰγύπτῳ,
3361 5371 3456 5421 καὶ
3480 5367 3636 5439 ζητῶ
3657 5365 3807 5420 πόθεν

2292 5587 2323 5648 υς
2341 5582 2450 5648 Hic,
2476 5588 2585 5648 [3051
2611 5582 2698 5648 οὐχ
2722 5583 2793 5628 ὅτι
2819 5582 2904 5628 οὐκ
2924 5579 3491 5648 ἤκουσενηάοξῑὶόοτειιιι·
3510 5577 3644 5632 haud
3667 5571 3806 5627 dubie

2227 5647 2328 5694 ἀλλ’
2351 5646 2423 5691 ὅτι
2459 5644 2546 5704 οὐχ
2570 5645 2855 5698 ὑπήκουσεν,
2881 5647 2953 5689 vel
2990 5643 3104 5702 quid
3129 5643 3314 5704 simile.

2294 5705 2320 5744 ἱ·
2345 5703 2596 5758 Conllbélls.
2623 5704 2760 5757 dedit
2779 5705 2898 5753 ἀλλὰ
2916 5705 2986 5751 ἱδε
3006 5704 3058 5749 τό
3082 5703 3312 5764 σόφισμα.
