3976 6218
212 362 314 418 491

217 463 370 517 bilem
398 460 748 517 desideravit:
780 462 895 532 ejus
914 462 1158 519 Christus
1187 464 1509 523 desiderium
1533 468 1790 539 implevit.

210 550 528 606 DesideraSIi
560 551 610 605 id
638 566 758 607 esse
777 593 789 616 ,
820 553 960 623 quod
990 569 1094 609 non
1126 556 1343 624 potuisti
1376 576 1387 609 :
1416 557 1669 615 desidero
1693 576 1794 632 ego

208 641 316 697 fieri
346 642 525 705 homo,
560 652 613 696 et
644 657 859 712 possum
887 662 898 695 :
932 645 1047 713 ejus
1069 647 1240 701 errori
1266 648 1436 703 vicem
1465 649 1790 706 contrariam

206 733 341 787 Deus
365 732 565 786 retulit.
604 733 926 787 Desiderasti
958 750 1077 804 qua:
1107 751 1265 806 supra
1290 748 1342 793 te
1373 750 1547 803 erant,
1574 756 1791 796 assumo

203 836 297 891 ego
322 837 439 890 quae
470 820 605 875 infra
636 838 721 876 me
748 831 889 877 sunt.
930 822 1314 893 tEqualitatem
1350 843 1471 882 cum
1518 829 1626 885 Deo
1660 843 1790 885 con-

200 912 437 979 cupivisti
470 930 481 964 :
530 913 749 980 aequalis
795 913 997 967 homini
1041 914 1129 968 fio.
1174 916 1299 971 ideo
1338 917 1412 971 ait
1440 918 1638 973 Paulus
1672 938 1685 974 :
1720 919 1789 973 Et

196 1000 363 1053 habitu
400 1001 627 1054 inventus
662 1011 718 1055 ut
757 1003 904 1056 homo
938 1005 955 1074 (
983 1003 1216 1075 Philipp.
1244 1005 1297 1059 2.
1327 1008 1358 1061 7
1388 1010 1428 1079 ).
1460 1008 1785 1065 Desiderasti

192 1107 310 1147 esse
339 1088 496 1157 Deus,
528 1110 699 1164 neque
727 1094 848 1150 ideo
877 1098 1179 1167 indignatus
1209 1114 1324 1152 sum
1358 1116 1372 1153 :
1403 1101 1524 1155 volo
1558 1102 1700 1155 enim
1734 1110 1784 1157 te

190 1184 546 1251 aequalitatem
594 1202 713 1239 cum
762 1189 870 1242 Deo
910 1191 1292 1259 concupiscere
1320 1208 1335 1257 ;
1366 1192 1460 1247 sed
1500 1194 1618 1248 ideo
1640 1195 1781 1249 indi-

188 1285 371 1343 gnatus
396 1291 543 1338 sum,
573 1278 711 1347 quod
746 1288 938 1347 praeter
966 1279 1174 1336 Domini
1202 1285 1518 1338 sententiam
1548 1300 1665 1340 eam
1696 1286 1780 1341 di-

186 1367 439 1435 gnitatem
471 1383 659 1436 rapere
691 1368 943 1424 volueris.
979 1371 1203 1427 Voluisti
1232 1374 1364 1428 deus
1394 1375 1530 1441 fieri,
1564 1392 1665 1432 nec
1686 1392 1782 1446 po-

185 1463 331 1516 tuisti
365 1480 379 1529 ;
408 1461 569 1516 homo
596 1461 665 1516 fio
685 1504 704 1528 ,
744 1472 798 1518 et
826 1465 968 1533 quod
1002 1465 1333 1534 impossibile
1358 1478 1494 1534 erat,
1523 1471 1777 1539 possibile

181 1555 367 1609 reddo.
398 1555 551 1622 Quod
597 1565 775 1609 autem
822 1572 889 1610 ex
925 1556 1193 1612 desiderio
1234 1559 1299 1612 ad
1341 1560 1444 1615 hoc
1470 1562 1772 1631 accederet,

181 1647 293 1716 ipse
324 1649 642 1703 testificatur
670 1648 752 1702 his
780 1648 957 1703 verbis
988 1668 1005 1704 :
1032 1666 1152 1704 cutn
1193 1651 1309 1721 ipse
1340 1653 1533 1723 pascha
1566 1654 1772 1724 ederet,

178 1738 293 1808 ipse
321 1739 474 1794 alens
499 1754 621 1794 cum
649 1739 712 1794 iis
752 1741 841 1809 qui
869 1739 1171 1803 alebantur,
1217 1759 1337 1796 cum
1378 1758 1562 1798 mensa
1605 1761 1774 1816 appo-

176 1833 277 1884 sita
301 1831 373 1885 illi
399 1840 577 1903 esset,
610 1831 698 1900 qui
727 1831 822 1884 alit
854 1833 1163 1887 universum
1194 1835 1417 1899 orbem,
1450 1837 1621 1905 inquit
1642 1853 1775 1907 apo-

174 1922 326 1977 stolis
358 1941 370 1977 :
401 1922 661 1977 Desiderio
691 1923 974 1978 desideravi
1004 1927 1098 1979 ltoe
1124 1929 1313 1998 pascha
1351 1931 1660 1983 manducare
1690 1947 1775 1985 1'0-

174 2016 367 2068 biscum
395 2014 543 2087 (Luc.
584 2014 674 2069 22.
711 2016 824 2086 15).
856 2015 992 2071 Num
1022 2018 1165 2072 illam
1199 2034 1320 2073 cum
1354 2020 1463 2075 Deo
1493 2022 1771 2091 aequalita-

172 2116 281 2163 tem
311 2109 473 2163 invidi
501 2109 596 2163 tibi
621 2109 743 2163 iTu
776 2126 893 2164 mea
923 2126 1181 2181 usurpare
1212 2112 1425 2168 voluisti
1452 2157 1468 2182 ,
1496 2130 1618 2169 cum
1662 2132 1768 2171 non

172 2215 357 2269 posses
382 2218 395 2265 ;
427 2216 527 2271 ego
555 2211 641 2255 tua
660 2218 896 2268 assumo,
921 2206 1061 2274 quod
1086 2219 1214 2260 sane
1246 2222 1481 2275 possum.
1513 2210 1764 2265 Animum

166 2291 381 2346 adhibe.
420 2293 702 2347 Descendit
730 2294 796 2348 ad
824 2309 1105 2365 veSperam
1131 2339 1145 2362 ,
1174 2306 1229 2352 et
1260 2298 1392 2353 dicit
1424 2318 1437 2353 :
1467 2300 1652 2366 Adam,
1684 2302 1768 2357 ubi

164 2400 219 2440 es
248 2384 397 2458 (Gen.
429 2386 479 2438 δ.
515 2385 568 2453 9)
594 2386 619 2439 τ

239 2496 294 2552 6.
329 2497 453 2551 llznc
498 2496 676 2551 affinia
720 2507 845 2553 sunt
872 2516 887 2552 :
914 2501 1072 2555 unius
1115 2501 1257 2556 enim
1292 2502 1388 2558 Dei
1419 2515 1543 2559 sunt
1570 2516 1623 2561 et
1651 2506 1765 2563 hac

161 2600 219 2646 et
242 2590 352 2644 illa.
382 2589 646 2660 Numquid
673 2592 814 2645 enim
846 2592 983 2646 alius
1008 2593 1074 2646 ad
1106 2595 1405 2664 passionem
1435 2599 1599 2663 venit,
1626 2599 1764 2655 alius

161 2680 444 2737 descendit
484 2679 534 2733 in
566 2680 916 2749 paradisum?
946 2682 1241 2737 Abscondit
1270 2700 1329 2739 se
1349 2727 1363 2751 ,
1395 2690 1581 2753 sensit,
1612 2700 1761 2759 post-

158 2786 323 2841 quam
354 2771 683 2826 comederat.
719 2773 893 2841 Aperti
936 2783 1051 2826 sunt
1095 2776 1237 2829 enim
1286 2794 1463 2830 eorum
1506 2782 1672 2846 oculi,
1718 2792 1762 2837 et

157 2871 501 2934 cognoverunt
544 2879 597 2916 se
626 2863 791 2916 nudos
822 2880 929 2918 esse
970 2863 1123 2935 (Gen.
1155 2867 1207 2921 5.
1243 2868 1320 2936 7).
1355 2867 1488 2935 Quia
1518 2868 1762 2926 diabolus

155 2954 371 3007 dixerat
396 2995 409 3019 ,
448 2953 559 3019 Qua
588 2954 668 3006 die
697 2954 1015 3009 comederitis
1034 2997 1047 3021 ,
1082 2957 1371 3026 aperientur
1414 2960 1548 3013 oculi
1578 2963 1760 3020 uestri:

154 3059 310 3110 ecce,
336 3044 524 3115 inquit,
543 3059 667 3098 vera
685 3044 817 3098 dixit
838 3055 1070 3100 satanas.
1090 3047 1254 3101 Paulo
1270 3051 1519 3104 convenit
1538 3051 1719 3109 dicere
1742 3072 1755 3109 :

153 3134 285 3189 Non
312 3136 444 3189 enim
460 3138 571 3205 ejus
591 3136 801 3188 consilia
817 3137 1199 3206 ignoramus(2.
1217 3137 1406 3193 Cor.2.
1424 3144 1445 3195 1
1460 3141 1536 3213 1).
1552 3141 1759 3199 Norunt

152 3228 331 3282 sancti
363 3228 560 3282 diaboli
593 3227 890 3281 machinas.
930 3226 1065 3283 Vide
1093 3230 1371 3285 malitiam.
1404 3232 1558 3289 Unde
1601 3247 1758 3293 norat

153 3320 425 3383 diabolus,
456 3319 568 3374 fore
596 3327 672 3385 ut,
699 3328 977 3388 postquam
1006 3320 1387 3388 comedissent,
1420 3326 1757 3394 aperirentur

149 3426 343 3466 eorum
374 3409 559 3465 oculi?
589 3426 713 3463 num
742 3414 868 3464 caeci
897 3413 1084 3466 erant?
1114 3414 1248 3468 Dicit
1273 3415 1569 3486 Scriptura,
1600 3430 1755 3475 ante-

150 3516 319 3571 quam
352 3500 427 3554 illi
468 3502 816 3555 comederent
845 3502 913 3556 de
942 3504 1173 3558 arbore:
1211 3504 1346 3559 Vidit
1387 3508 1569 3563 mulier
1599 3510 1753 3564 arbo-

148 3611 285 3648 rem.
315 3594 431 3649 Non
466 3609 592 3665 ergo
633 3609 771 3649 czeca
818 3603 951 3649 erat.
993 3595 1163 3662 Vidit,
1210 3599 1398 3669 inquit,
1440 3603 1622 3659 mulier
1664 3622 1753 3658 ar-

146 3688 325 3741 torem
344 3730 358 3753 ,
388 3688 523 3757 quod
550 3694 757 3757 aspectu
785 3687 999 3756 pulchra
1046 3699 1171 3742 esset
1198 3688 1351 3761 (Gen.
1382 3694 1433 3747 5.
1466 3693 1542 3765 6).
1575 3694 1755 3752 Primo

146 3781 323 3847 vidit,
372 3782 564 3836 deinde
613 3780 865 3836 comedit.
913 3782 1194 3849 Quomodo
1225 3785 1384 3855 igitur
1426 3791 1594 3857 aperti
1628 3801 1755 3845 sunt

145 3886 342 3926 eorum
372 3872 546 3925 oculi?
578 3872 828 3937 Attende,
862 3886 1080 3941 quaeso;
1130 3875 1213 3927 hic
1237 3877 1378 3929 enim
1403 3880 1627 3945 qutestio
1653 3881 1751 3933 sita

142 3970 257 4017 est.
304 3962 554 4017 Diabolus
603 3963 671 4017 de
717 3979 941 4019 numero
971 3979 1155 4018 eorum
1193 3974 1342 4032 erat,
1374 3971 1463 4036 qui
1496 3968 1627 4038 lapsi
1658 3986 1751 4025 seu

145 4056 478 4125 transgressi
529 4055 765 4123 fuerant;
815 4068 1147 4127 noveratque
1192 4058 1318 4129 quid
1368 4074 1559 4129 passus
1609 4071 1755 4118 esset

144 4158 278 4216 post
301 4147 798 4215 transgressionem,
827 4150 1057 4219 quidque
1084 4152 1171 4204 alii
1204 4162 1629 4221 transgressores
1658 4168 1749 4224 pa-

146 4246 420 4291 terentur.
452 4235 766 4291 Communis
806 4249 981 4293 autem
1017 4241 1266 4295 omnibus
1297 4253 1380 4297 est
1410 4244 1523 4299 hate
1551 4248 1747 4315 passio.

138 4330 287 4385 Nam
320 4329 583 4397 hodieque
611 4344 729 4383 cum
765 4344 1048 4397 peccamus
1069 4374 1083 4396 ,
1115 4333 1254 4385 velut
1282 4337 1405 4388 cmci
1436 4352 1747 4405 peccamus:

143 4431 279 4491 post
310 4433 588 4490 peccatum
638 4428 761 4473 tunc
806 4419 1045 4473 videmus
1077 4422 1203 4489 quid
1251 4422 1555 4479 fecerimus.
1591 4428 1750 4482 Verbi

139 4528 339 4573 causa,
370 4512 411 4565 si
445 4512 563 4581 quis
605 4518 901 4572 accusetur,
933 4510 1041 4562 Cur
1072 4510 1172 4563 hoc
1206 4511 1414 4568 fecisti?
1444 4516 1487 4568 is
1514 4520 1751 4572 necessi-

143 4615 322 4658 tatem
374 4601 846 4673 prmtcndit:\’ere
895 4616 998 4654 non
1049 4602 1293 4657 videbam
1329 4607 1449 4673 quid
1488 4608 1747 4675 facerem;

140 4712 262 4750 non
293 4694 433 4763 quod
451 4708 625 4747 c:ecus
649 4701 811 4753 esset,
833 4692 923 4745 sed
946 4693 1085 4761 quod
1111 4695 1251 4748 inter
1270 4696 1593 4764 peccandum
1619 4700 1752 4755 ratio

137 4786 571 4846 obtenebretur,
606 4783 730 4836 dum
775 4791 916 4835 totus
960 4785 1097 4838 actui
1144 4787 1493 4847 incumberet.
1538 4790 1589 4841 in
1638 4791 1753 4859 ipso

140 4888 336 4932 autem
370 4892 535 4946 opere
579 4886 899 4929 exczecatnr.
948 4874 1140 4929 Postea
1190 4894 1316 4931 vero
1346 4880 1397 4932 in
1428 4881 1753 4935 conscientia

136 4971 299 5023 videt
338 4969 465 5037 quid
510 4969 715 5023 fecerit.
764 4968 1005 5039 Exempli
1056 4984 1215 5023 causa
1251 4988 1261 5021 :
1295 4970 1583 5039 ingreditur
1632 4974 1753 5043 quis

136 5061 377 5115 domum
406 5070 462 5113 ut
493 5060 728 5125 foretur,
772 5071 827 5115 ut
874 5074 1049 5113 caecus
1092 5063 1287 5124 intrat;
1334 5076 1439 5115 non
1466 5064 1660 5132 cogitat
1686 5065 1753 5121 de

136 5151 243 5205 illo
268 5191 283 5213 ,
318 5152 407 5219 qui
438 5152 647 5204 obviam
679 5151 883 5206 futurus
910 5162 1025 5217 est,
1054 5152 1121 5205 de
1147 5167 1213 5207 eo
1238 5153 1325 5221 qui
1357 5156 1716 5222 apprehendet
1735 5200 1748 5223 ,

137 5257 261 5297 non
306 5242 372 5297 de
418 5242 655 5311 judicum
705 5251 867 5307 metu,
916 5242 981 5295 de
1026 5244 1368 5311 impendente
1416 5248 1751 5315 periculo:a

136 5337 347 5391 morbo
375 5351 604 5405 namque
642 5336 803 5387 animi
846 5349 1145 5393 excaecatus
1172 5346 1272 5393 est.
1306 5339 1439 5394 Cum
1480 5342 1751 5411 ingressus

140 5427 339 5491 fuerit,
368 5442 487 5480 cum
517 5426 808 5495 abripuerit
837 5468 850 5490 ,
883 5442 1003 5479 cum
1048 5428 1252 5483 furatus
1282 5446 1528 5500 egressus
1558 5431 1751 5500 fuerit,

141 5520 376 5574 nemine
408 5529 698 5587 prmsente,
730 5527 874 5572 metu
904 5519 1139 5589 repletur
1159 5565 1171 5586 ,
1206 5525 1367 5577 sentit
1388 5524 1513 5593 quid
1543 5524 1751 5594 fecerit,

136 5612 453 5683 anxiusque
480 5613 695 5682 cogitat,
725 5612 767 5665 si
797 5614 1108 5681 perquisitio
1138 5612 1308 5668 futura
1337 5618 1424 5682 sit,
1457 5616 1754 5688 deprehen-

143 5718 320 5759 suros
348 5718 467 5758 esse
494 5704 614 5774 quis
644 5702 848 5757 facinus
892 5705 1230 5773 perpetraril.
1264 5706 1394 5772 Quae
1418 5708 1555 5763 inter
1589 5725 1753 5779 agen-

140 5800 289 5855 dum
320 5813 426 5854 non
454 5813 633 5854 secum
666 5797 984 5870 reputabat,
1018 5806 1136 5867 post
1166 5814 1278 5854 rem
1304 5812 1509 5871 gestam
1535 5804 1749 5873 cogitat.

1642 357 2007 417 SEVERIANI

3390 392 3504 449 492

1905 473 2064 529 Verbi
2092 474 2281 543 gratia,
2313 475 2401 545 qui
2430 478 2746 543 mtechatur,
2775 480 2826 534 in
2858 481 3196 554 alienumque
3226 494 3400 541 torum
3429 504 3488 547 se

1903 565 2091 635 injicit,
2127 568 2290 622 intrat
2310 608 2324 632 .
2356 584 2455 625 nec
2480 573 2676 643 cogitat
2705 590 2827 629 esse
2856 576 3035 646 leges,
3067 578 3368 647 tribunalia,
3403 596 3497 637 ac-

1900 667 2175 712 cusatores
2197 700 2213 723 ,
2244 659 2450 729 gladios
2479 673 2663 717 acutos
2685 682 2698 715 :
2719 675 2774 719 at
2803 683 2862 722 re
2894 679 3103 737 peracta
3125 712 3139 734 ,
3184 672 3368 735 timet,
3401 688 3485 728 su-

1896 756 2107 816 spectos
2137 749 2295 804 habet
2321 765 2555 819 servum,
2590 755 2863 823 ancillam,
2899 760 3153 825 vicinum,
3184 773 3488 832 cognatum,

1895 853 2121 908 quaeque
2148 840 2285 895 inter
2306 844 2568 912 agendum
2596 861 2699 899 non
2723 848 3008 917 cogitabat,
3034 849 3261 906 advertit
3287 864 3487 921 postea.

1895 928 2098 984 Rursus
2134 932 2386 987 admonet
2424 936 2542 1004 quis
2572 937 2735 991 alium
2778 947 2835 991 ιιι
2865 940 3131 995 abstineat
3162 958 3192 997 a
3222 944 3375 999 malis
3396 986 3410 1010 ,
3445 946 3490 1000 si

1892 1035 2096 1077 morem
2128 1040 2233 1079 non
2262 1028 2509 1096 gesserit,
2540 1029 2676 1084 solet
2713 1032 2760 1085 ei
2792 1031 2972 1087 dicere
2994 1050 3005 1085 :
3027 1031 3234 1103 Smpius
3262 1036 3369 1090 dixi
3401 1038 3487 1104 ei,

1891 1126 1945 1171 et
1970 1132 2074 1172 non
2104 1119 2339 1181 audivit;
2372 1138 2476 1175 non
2505 1123 2645 1193 quod
2679 1140 2781 1178 non
2811 1126 3060 1193 audierit,
3092 1129 3183 1182 sed
3211 1128 3349 1198 quod
3381 1145 3485 1185 non

1889 1207 2294 1279 obtemperarit.
2326 1212 2460 1267 Tum
2494 1214 2777 1285 inlligendo
2806 1217 2988 1287 plagas
3012 1220 3089 1272 ait
3114 1238 3126 1274 :
3152 1219 3329 1275 Deceo
3353 1229 3408 1275 te
3426 1230 3485 1275 ut

1888 1297 2107 1365 audias;
2138 1316 2245 1356 non
2271 1304 2410 1372 quod
2438 1304 2676 1360 auditum
2708 1308 2779 1361 illi
2804 1310 3020 1375 tribuat,
3048 1312 3141 1367 sed
3164 1312 3303 1381 quod
3330 1314 3479 1382 plaga

1885 1389 2137 1446 emendet
2184 1407 2611 1466 praeoccupatum
2661 1400 2937 1465 animum,
2983 1411 3037 1456 et
3082 1402 3147 1457 ad
3200 1404 3479 1458 meliorem

1884 1479 2088 1553 frugem
2132 1485 2371 1541 reducat.
2415 1487 2505 1543 Sic
2546 1500 2597 1543 et
2630 1490 2929 1560 propheta:
2960 1492 3241 1563 Disciplina
3272 1494 3483 1548 Domini

1882 1578 2044 1646 aperit
2085 1578 2209 1631 mihi
2251 1595 2399 1633 aures
2438 1578 2591 1649 (Isai.
2637 1580 2725 1635 50.
2769 1583 2848 1650 5).
2894 1583 3028 1649 Quia
3069 1600 3197 1655 ergo
3220 1586 3469 1643 diabolus

1881 1669 2155 1723 exciderat
2187 1668 2313 1738 (non
2342 1671 2486 1726 enim
2514 1672 2812 1741 argumenti
2840 1674 3037 1729 oblitus
3068 1676 3226 1747 sum),
3258 1687 3480 1733 noverat

1883 1758 1967 1811 uhi
1995 1770 2149 1823 erat,
2190 1768 2470 1830 postquam
2498 1761 2716 1828 excidit,
2759 1773 2991 1833 tuncque
3021 1765 3071 1819 in
3101 1780 3317 1823 sensum
3346 1766 3479 1822 faci-

1881 1850 2026 1904 noris
2052 1852 2132 1905 sui
2165 1853 2328 1906 venit.
2363 1853 2631 1909 Didicerat
2658 1870 2785 1925 ergo
2815 1873 2879 1910 ex
2914 1857 2977 1911 iis
3006 1872 3231 1927 quorum
3266 1858 3476 1927 perimu-

1879 1942 1985 1997 Ium
2019 1942 2255 2012 fecerat,
2287 1946 2497 2017 aitque,
2531 1945 2594 2002 Si
2620 1948 2967 2015 comederitis,
3012 1950 3298 2017 aperientur
3343 1951 3481 2004 oculi

1876 2038 2055 2103 uestri;
2086 2051 2311 2108 nempe,
2345 2047 2402 2093 ut
2442 2040 2545 2093 mei
2586 2041 2755 2109 aperti
2790 2052 2913 2095 sunt
2946 2059 2957 2095 :
2986 2056 3052 2097 ex
3080 2057 3185 2111 quo
3210 2044 3477 2113 peccavi,

1876 2130 1998 2182 novi
2045 2130 2171 2201 quid
2215 2145 2403 2200 passus
2434 2132 2568 2194 sim.
2616 2133 2741 2187 novi
2780 2133 2907 2202 quid
2942 2135 3233 2189 amiserim.
3278 2134 3475 2189 Deinde

1874 2222 2218 2287 comederunt,
2244 2233 2290 2277 et
2314 2224 2479 2294 aperti
2503 2235 2619 2279 sunt
2647 2227 2781 2279 oculi
2802 2243 2996 2291 eorum,
3018 2236 3061 2281 et
3084 2228 3312 2281 viderunt
3336 2228 3471 2297 quod

1873 2312 2001 2364 nudi
2029 2322 2212 2367 essent.
2248 2315 2386 2369 Ante
2424 2314 2566 2370 enim
2610 2316 2737 2370 nudi
2784 2326 2938 2372 erant
2966 2326 3019 2370 et
3050 2332 3154 2371 non
3186 2318 3471 2372 erubesce-

1876 2401 2026 2457 bant.
2060 2403 2335 2460 Exuerant
2379 2406 2870 2471 immortalitatem,
2922 2408 3129 2462 sublata
3175 2419 3289 2463 erat
3333 2409 3470 2464 stola

1870 2494 2089 2565 gloria},
2133 2496 2385 2552 nudatum
2424 2512 2620 2568 corpus
2663 2498 2865 2564 fuerat,
2910 2508 2964 2554 et
3007 2499 3173 2553 lutum
3215 2498 3469 2566 deinceps

1867 2597 2004 2643 erat.
2052 2586 2243 2643 Statim
2294 2590 2518 2643 scaturit
2560 2590 2834 2644 inventum
2888 2590 3103 2643 artium.
3156 2590 3259 2643 Ars
3296 2590 3469 2659 prima

1868 2677 2059 2732 Adami
2102 2680 2329 2734 sartoria
2371 2679 2487 2734 fuit.
2538 2683 2675 2735 Ante
2702 2696 2917 2735 omnem
2948 2690 3118 2735 artem
3149 2681 3374 2750 sumpsit
3400 2680 3467 2735 fi-

1868 2770 2074 2824 culnea:
2104 2768 2246 2836 folia,
2280 2780 2332 2826 et
2378 2773 2606 2826 consuit.
2640 2773 2771 2839 Quis
2800 2772 3021 2827 docuit?
3048 2774 3165 2844 quis
3194 2782 3465 2827 monstra-

1866 2862 1977 2915 vit?
2000 2860 2175 2917 Semel
2207 2879 2236 2917 a
2268 2863 2377 2918 Deo
2400 2864 2672 2918 solertiam
2692 2873 2992 2933 acceperat,
3020 2866 3191 2935 imago
3211 2875 3325 2919 erat
3344 2864 3460 2930 Dei,

1865 2960 1919 3005 et
1946 2952 2013 3006 de
2041 2953 2263 3007 scientia
2290 2952 2501 3007 dubitas
2525 2954 2548 3006 ‘l'
2570 2955 2700 3007 Cum
2731 2962 2903 3008 tecum
2934 2957 3285 3023 reputaveris,
3320 2954 3462 3011 unde

1864 3043 2095 3111 primum
2142 3043 2302 3097 honto
2332 3053 2567 3099 aratrum
2599 3044 2818 3111 fecerit,
2853 3046 2972 3116 quis
3003 3046 3201 3117 lignum
3233 3057 3419 3115 aptare
3442 3088 3457 3112 ,

1865 3145 1921 3191 et
1948 3137 1998 3190 in
2027 3137 2206 3191 medio
2235 3136 2432 3193 ferrum
2462 3139 2701 3194 inserere
2735 3149 2789 3194 et
2824 3139 3155 3211 adstringere
3184 3140 3456 3206 docuerit,

1857 3225 2044 3297 jugum
2090 3227 2261 3283 bobus
2307 3229 2614 3300 imponere;
2666 3229 2805 3285 unde
2850 3231 3043 3285 mulier
3070 3230 3313 3285 texendae
3341 3231 3459 3286 telm

1860 3327 2031 3372 artem
2058 3319 2354 3386 invenerit,
2386 3322 2630 3375 sumendi
2662 3322 2831 3375 vellus
2855 3364 2867 3387 ,
2900 3321 3141 3386 lavandi,
3172 3322 3416 3391 pectendi
3440 3362 3455 3387 ,

1862 3407 2021 3463 nendi
2045 3450 2059 3473 ,
2090 3410 2336 3479 copulata
2368 3410 2621 3464 tenuandi
2645 3452 2660 3477 ,
2695 3426 2986 3480 rursusque
3015 3413 3259 3467 nectendi
3285 3411 3459 3467 :unde

1861 3498 2003 3554 hoc?
2057 3499 2187 3566 Quis
2248 3499 2650 3571 phrygionicam
2706 3499 3027 3572 phrygiones
3079 3502 3291 3557 docuit?
3344 3502 3460 3558 Stat

1865 3592 2152 3646 textorium
2201 3593 2611 3649 instrumentum
2635 3635 2650 3660 ,
2700 3610 2863 3647 unum
2906 3604 2988 3649 est
3021 3596 3161 3666 quod
3194 3597 3453 3650 mittitur:

1861 3699 1965 3739 non
1998 3699 2185 3739 manus
2212 3687 2409 3753 efficit,
2458 3687 2553 3740 sed
2586 3686 2721 3741 ratio
2750 3697 3005 3755 operatur
3028 3728 3043 3751 ,
3090 3690 3226 3744 ratio
3256 3687 3459 3744 formas

1859 3775 2114 3830 absolvit.
2162 3775 2370 3831 Artifex
2417 3794 2605 3832 manus
2654 3792 2759 3831 non
2808 3776 2997 3846 injicit,
3047 3777 3285 3849 artisque
3322 3780 3461 3834 ratio

1858 3870 2236 3923 vestimentum
2269 3869 2464 3923 format
2485 3912 2499 3933 ,
2532 3882 2587 3924 et
2614 3872 2663 3924 in
2697 3872 2910 3940 liguris,
2939 3886 3058 3941 qua:
3085 3872 3255 3925 oculis
3285 3874 3458 3941 perci-

1862 3963 2094 4030 piuntur,
2128 3963 2392 4016 excitatur
2418 3964 2635 4017 artificis
2664 3964 2930 4017 voluntas.
2960 3963 3077 4017 Jant
3103 3963 3325 4034 phrygio
3351 3979 3457 4019 non

1860 4065 2043 4107 movet
2074 4069 2265 4107 manus
2289 4095 2303 4119 ,
2344 4063 2399 4108 et
2429 4053 2626 4109 formas
2655 4057 2866 4110 excitat.
2906 4055 2961 4110 Si
2989 4066 3165 4109 autem
3193 4055 3452 4121 audieris,

1864 4146 2028 4199 Deum
2076 4145 2321 4215 operari,
2375 4156 2599 4215 putasne
2648 4147 2821 4216 ipsum
2874 4160 3093 4201 movere
3137 4160 3350 4200 manum
3403 4154 3459 4200 ut

1859 4236 2151 4307 eperctur?
2194 4245 2249 4291 et
2292 4237 2335 4290 si
2382 4252 2597 4293 omnem
2650 4248 2819 4292 artem
2870 4250 3137 4305 omneque
3184 4236 3454 4289 inventum

1858 4330 2194 4399 exquisieris,
2223 4329 2550 4400 dixerisque,
2577 4329 2856 4395 Quomodo
2883 4328 2985 4383 hoc
3011 4336 3064 4381 et
3087 4328 3213 4381 illud
3243 4328 3451 4382 invene-

1859 4419 2016 4473 runt?
2047 4420 2361 4474 recordatus
2385 4423 2570 4489 prima:
2592 4421 2738 4473 vocis
2762 4434 2863 4488 qua
2892 4419 3091 4474 dictum
3122 4420 3239 4485 fuit,
3264 4417 3453 4473 Facia-

1860 4526 1972 4563 mus
2004 4510 2254 4563 hominem
2284 4511 2351 4563 ad
2378 4512 2647 4579 imaginem
2674 4522 2919 4575 nostram,
2953 4511 3117 4567 habes
3145 4512 3453 4582 quaastionis

1860 4600 2200 4655 solutionem.
2228 4602 2319 4655 Dei
2346 4602 2516 4671 imago
2535 4610 2642 4659 est.
2667 4612 2836 4653 etnon
2859 4602 3138 4671 intelligit?
3164 4602 3256 4657 Dei
3281 4603 3455 4671 imago

1860 4706 1975 4757 est,
2028 4703 2081 4747 et
2125 4709 2229 4748 non
2278 4694 2511 4747 imitatur
2540 4694 2862 4746 Domintnn?
2892 4695 3098 4747 Censuit
3126 4694 3251 4763 folia
3289 4696 3434 4763 ﬁcus.

1931 4786 1981 4837 7.
2001 4782 2187 4837 Contra
2218 4800 2299 4837 eos
2328 4785 2412 4855 qui
2438 4784 2667 4838 dicebant
2698 4784 2995 4853 paradisum
3017 4786 3069 4837 in
3092 4788 3217 4839 ειειο
3234 4802 3359 4838 esse.
3385 4815 3454 4825 ——

1864 4875 2199 4929 Erubescaut
2229 4877 2317 4946 qtti
2347 4876 2634 4945 allegorice
2668 4879 3087 4947 interpretantes
3115 4877 3325 4945 dicunt,
3359 4893 3454 4947 pa-

1862 4967 2098 5021 radisum
2137 4969 2186 5021 in
2220 4968 2354 5022 Caelo
2398 4977 2451 5023 et
2491 4970 2823 5037 spiritualem
2876 4985 3016 5024 esse.
3074 4970 3134 5025 In
3161 4972 3292 5025 ctelo
3329 4970 3454 5040 quid

1866 5058 1989 5114 facit
2045 5062 2209 5115 licus?
2255 5062 2449 5117 Vemm
2500 5063 2569 5115 sit
2617 5064 2667 5115 in
2700 5066 2831 5118 czelo
2877 5064 3158 5136 paradisus
3192 5082 3204 5117 :
3238 5064 3456 5118 flumina

1865 5154 2005 5207 unde
2034 5155 2266 5213 exeunt?
2299 5171 2476 5210 nonne
2505 5171 2569 5209 ex
2604 5160 2785 5210 terra?
2812 5157 2865 5211 Si
2915 5157 3199 5227 paradisus
3245 5172 3455 5210 sursum

1861 5258 1962 5313 est,
2002 5248 2141 5303 haud
2182 5250 2343 5305 dubie
2386 5251 2604 5303 flumina
2666 5250 2730 5303 de
2772 5252 3015 5321 superuis
3068 5252 3257 5305 ﬂuunt.
3317 5249 3453 5304 Num

1863 5338 1992 5393 dicit
2014 5340 2288 5409 Scriptura
2325 5358 2337 5395 :
2373 5342 2594 5397 Fluvius
2626 5342 2902 5397 descendit
2928 5361 2990 5398 ex
3020 5344 3228 5397 Edent?
3256 5342 3456 5396 Atvide

1865 5430 2157 5499 SOphisma.
2206 5432 2437 5488 lrrident
2470 5450 2566 5489 nos
2622 5436 2694 5489 illi
2754 5435 3131 5505 allegoriarum
3185 5443 3453 5487 auctores.

1866 5524 2045 5578 Induit
2072 5542 2174 5590 eos,
2197 5518 2389 5595 inquit,
2410 5526 2550 5582 Deus
2574 5530 2771 5581 tunicas
2806 5530 3039 5597 pelliccas
3069 5526 3225 5594 (Cen.
3260 5528 3313 5579 5.
3339 5525 3455 5591 21).

1864 5617 2000 5672 Num
2031 5618 2195 5671 boves
2222 5628 2274 5671 et
2307 5633 2433 5671 oves
2469 5620 2769 5682 mactavit,
2801 5620 3117 5687 aperuitque
3139 5617 3347 5670 coriarii
3379 5619 3451 5671 of.

1865 5711 2100 5774 licinam,
2138 5724 2198 5765 ac
2225 5710 2439 5765 coriarii
2473 5723 2642 5767 artem
2673 5712 2820 5783 egit?
2851 5710 3258 5778 Respondemus
3305 5726 3403 5763 nos
3428 5752 3442 5773 ,

1867 5812 2035 5862 totum
2065 5802 2260 5859 animal
2306 5802 2555 5873 produxit
2582 5805 2727 5860 nullo
2755 5816 3046 5873 congressu
3070 5843 3083 5867 ,
3114 5802 3256 5857 nulla
3286 5816 3455 5876 capu-
