3976 6218
543 387 658 444 493

550 487 814 561 μετέϐαλε
859 486 953 542 τὸν
983 485 1172 540 Νεῖλον
1202 488 1282 549 είς
1306 484 1479 556 αἷμα,
1527 489 1657 540 ποῖα
1695 486 1855 539 ἐθυσε
1885 483 2017 548 ζῶα,
2064 487 2121 538 ’0

545 570 789 641 ποταμὸς
830 570 1051 639 γέγονεν
1077 566 1242 641 αἷμα,
1284 572 1379 625 καὶ
1407 570 1559 623 οὐδὲν
1600 570 1764 639 ἐτύθη
1799 568 1937 632 ζῶον
1956 586 1968 597 ·
1995 569 2121 639 δέρ-

548 670 695 727 ματα
712 652 805 706 δύο
830 653 1037 721 γέγονε,
1073 656 1164 707 καὶ
1184 654 1337 722 ζητεῖ
1366 652 1474 706 ἀπὺ
1498 653 1666 706 ποίων
1700 652 1853 716 ζώων
1880 650 2117 719 ἐγένετο.

558 735 716 789 Ἀλλὰ
755 737 916 789 κάκεῖ
940 735 1096 798 ἐκτὸς
1136 735 1277 800 ζώου
1307 734 1500 804 δέρμα.
1533 735 1773 805 Πρόσεχε
1802 736 1867 803 τῇ
1896 732 2119 785 ἀκολου-

545 817 667 889 θία.
699 820 748 870 εί
788 818 880 871 καὶ
908 820 942 888 η
969 817 1121 888 φωνὴ
1151 818 1323 889 ἔκαμε
1344 857 1359 881 ,
1400 820 1493 871 καὶ
1522 820 1699 888 ἡμεῖς,
1745 817 1883 868 Ἀλλ’
1916 817 2003 869 ἵνα
2042 816 2119 886 μὴ

542 898 966 969 ἀκρωτηριασθῇ
996 900 1026 951 6
1055 899 1207 967 λόγος
1232 944 1242 959 ,
1285 898 1437 968 ὀλίγα
1485 899 1665 968 ἡρέμα
1694 895 1930 967 εἰρηκὼς
1962 913 2121 948 κατα-

542 982 737 1033 παύσω
759 980 850 1033 τὺν
876 980 1053 1049 λόγον.
1083 984 1347 1051 Ἕρῤιιψε
1368 984 1572 1051 φύλλα
1588 979 1806 1047 συκῆς.
1842 979 1964 1032 Εἴθε
1985 978 2116 1030 ταύ-

539 1079 640 1132 την
682 1061 781 1134 τὴν
828 1065 1021 1134 τέχνην
1068 1064 1270 1134 ἔμαθον
1315 1063 1611 1134 αίρετικοίί
1664 1062 1832 1133 Ἀδάμ
1866 1061 2119 1134 παραϐάς

541 1144 767 1214 ῥάπτειν
794 1145 1027 1215 ἔμαθεν
1056 1148 1320 1217 αίρετικο“ι
1352 1146 1715 1217 ἐκτραπέντες
1743 1145 1946 1214 σχίζειν
1982 1143 2121 1213 ἔμα-

542 1229 655 1281 θον.
708 1228 877 1300 Ἀδάμ
905 1229 1160 1295 παραϐάς
1183 1230 1444 1302 ἐρραψεν.
1470 1230 1555 1281 ἵνα
1585 1227 1834 1298 σκεπάση
1855 1228 1915 1279 τὸ
1943 1226 2115 1297 ἀσχη-

542 1326 671 1381 μον·
708 1313 977 1383 αίρετικοὶ
1002 1314 1393 1376 πιστεύσαντες
1419 1313 1438 1385 [
1463 1314 1502 1381 ί.
1535 1309 1971 1383 ἀπιστήσαντες]
2010 1309 2120 1379 σχί-

538 1393 740 1458 ζουσιν,
775 1395 860 1447 ἴνα
892 1395 1221 1465 γυμνώσωσι
1250 1397 1319 1449 τά
1352 1397 1504 1464 ἆγια.
1544 1394 1812 1457 Πολλάκις
1842 1393 2118 1463 ἀκούομεν

534 1476 607 1526 τά
636 1475 729 1529 ἐπὶ
761 1476 853 1529 τοῦ
883 1478 1139 1548 σταυροῦ.
1163 1480 1256 1531 καὶ
1286 1479 1638 1548 θαυμάζομεν
1672 1477 1752 1529 ὄτι
1790 1476 2116 1547 στρατιῶται

536 1556 727 1612 ἔλαϐον
760 1560 853 1613 τοῦ
888 1562 1123 1632 Χριστοῦ
1158 1564 1226 1615 τά
1256 1562 1480 1631 ἱμάτια,
1515 1562 1609 1614 καὶ
1641 1561 1998 1633 ἐμερίσαντο,
2023 1560 2118 1612 καὶ

536 1640 737 1705 εὐθέως
772 1643 927 1713 ἡμῶν
953 1645 986 1713 ἡ
1008 1644 1218 1698 διάνοια
1247 1644 1395 1711 λέγει
1420 1663 1432 1675 ·
1471 1644 1647 1715 Πολλὴ
1679 1644 1824 1717 ήτοῦ
1846 1643 1982 1696 Θεοῦ
2011 1661 2108 1713 μα-

535 1724 832 1794 κροθυμία,
862 1724 936 1797 μὴ
962 1727 1241 1779 κατελθεῖν
1268 1727 1550 1797 κεραυνὸν,
1584 1727 1657 1797 μὴ
1681 1726 1961 1780 κατελθεῖν
1984 1729 2117 1796 ρομ-

535 1806 721 1875 φαίαν.
761 1807 899 1860 Ἀλλ’
922 1808 1171 1881 ὑϐρίζετο
1194 1812 1221 1862 6
1247 1810 1465 1877 Ἄγιος,
1496 1811 1588 1862 καὶ
1616 1812 1670 1863 αί
1695 1810 1908 1880 βέϐηλοι
1936 1812 2115 1879 χεῖρες

532 1888 633 1941 οὐκ
664 1888 968 1959 ἐκόπησαν;
1004 1892 1314 1959 θαυμάζεις
1352 1893 1433 1944 ὃτι
1466 1892 1775 1962 ἐτόλμησαν
1820 1894 2020 1945 ἐκεῖνοι
2065 1893 2113 1945 οί

533 1974 861 2043 στρατιῶται
892 1974 1215 2045 μερίσασθαι
1248 1977 1315 2029 τὰ
1343 1976 1567 2045 ίμάτια;
1599 1976 1891 2046 Θαύμασον
1918 1970 2112 2029 61:075-

530 2071 612 2108 τοι
646 2055 935 2128 διέρρηξαν
972 2058 1033 2109 τὸ
1078 2059 1289 2128 ἱμάτιον
1325 2060 1424 2128 τῆς
1471 2058 1817 2127 Ἐκκλησίας.
1853 2060 1915 2110 Οἱ
1949 2075 2113 2129 στρα-

530 2138 722 2195 τιῶται
760 2139 900 2196 εἶδον
938 2144 1028 2195 τὸν
1060 2144 1264 2213 χιτῶνα
1303 2145 1398 2197 τοῦ
1448 2145 1684 2216 Χριστοῦ
1737 2146 2004 2216 ἀρραφον,
2050 2146 2115 2197 ἐκ

528 2224 640 2279 τῶν
663 2226 775 2280 ἀνω
801 2226 1034 2294 ὐφαντὸν
1054 2226 1120 2279 δι’
1146 2228 1287 2291 ὅλου,
1318 2230 1412 2281 καὶ
1434 2229 1723 2296 ἐφείσαντο
1741 2229 1835 2281 τοῦ
1859 2229 2075 2298 ίματίου
2097 2246 2110 2261 ·

527 2308 794 2379 αίρετικοὶ
817 2308 874 2361 δὲ
903 2308 1000 2379 τὴν
1023 2309 1227 2380 ἐσθῆτα
1251 2310 1344 2363 τοῦ
1375 2310 1635 2381 Χριστοῦ,
1662 2311 1763 2379 τὴν
1793 2310 1986 2381 στολὴν
2014 2312 2112 2381 τῆς

539 2389 868 2461 Ἐκκλησίας
911 2390 1155 2460 ἐσχισαν,
1198 2393 1525 2461 ἐμερίσαντο
1550 2433 1566 2458 ,
1600 2393 1919 2462 κατέτεμον.
1974 2392 2111 2445 Ἀλλ’

526 2475 622 2528 ἐπὶ
652 2475 714 2528 τὸ
754 2474 1118 2545 προκείμενον
1163 2475 1573 2547 ἐπανέλθωμεν.
1612 2478 1880 2544 "lippam
1908 2477 2115 2545 φύλλα

526 2556 749 2625 συκῆς.
792 2560 1099 2611 Ἤκουσαν
1136 2558 1242 2612 τοῦ
1284 2558 1433 2612 Θεοῦ
1480 2558 1991 2626 περιπατοῦντος,
2038 2559 2112 2622 ὼς

527 2638 610 2691 ενι
640 2638 902 2693 ἀκοῦσαι·
934 2641 1192 2711 ηκουσαν.
1217 2641 1315 2693 καὶ
1338 2641 1702 2707 ἐκρύόησαν.
1735 2639 2045 2709 Εύγνώμων
2078 2641 2109 2709 ή

527 2726 730 2795 φύσις·
778 2727 882 2781 κᾶν
923 2729 1185 2799 μυριάκις
1222 2722 1372 2799 ὦμεν
1416 2728 1733 2799 ἁμαρτωλοὶ
1757 2766 1771 2791 ,
1806 2727 2113 2798 συνείδησις

526 2815 684 2887 ἡμῶν
696 2816 955 2887 ἐλευθέρα
969 2817 1133 2869 ἐστίν.
1154 2817 1351 2869 Ἐνίοτε
1366 2816 1426 2868 τὸ
1441 2817 1729 2886 πρόσωπον
1746 2815 2109 2884 ἀναισχυντεῖ·

525 2905 619 2956 καὶ
656 2904 689 2973 η
720 2903 1023 2974 συνείδησις
1048 2903 1278 2973 ἐλέγχει.
1320 2902 1519 2956 Ἐνίοτε
1551 2905 1582 2974 ή
1624 2902 1860 2970 γλῶττα·
1898 2902 1963 2954 Τί
2001 2900 2110 2973 γάρ

523 2992 809 3063 ⁴ἦμαρτοη
855 2993 947 3044 καὶ
1003 2993 1308 3061 συνείδησις
1356 2991 1570 3061 ἐλέγχει
1626 2990 1849 3045 ἔσωθεν.
1885 2989 2113 3043 Ἀπλού-

527 3095 710 3132 στατοι
736 3074 877 3149 ἦσαν
906 3079 1000 3132 καὶ
1038 3078 1289 3149 ἀκέραιοι
1319 3080 1368 3130 οί
1398 3079 1525 3149 περὶ
1557 3078 1648 3130 τὸν
1682 3077 1872 3147 Ἀδὰμ,
1904 3077 2113 3147 ὡμολό-

523 3182 655 3235 γουν
686 3166 822 3236 μετὰ
850 3166 1180 3237 ἐλευθερίας.
1198 3167 1258 3219 '0
1284 3167 1418 3230 Θεός
1448 3182 1601 3236 φησι·
1643 3166 1769 3220 Ποῦ
1802 3162 1890 3229 sl;
1919 3166 2111 3219 Πολλοὶ

524 3254 763 3318 εὐσεϐῶς
799 3254 1142 3324 ἐθεώρησαν·
1181 3255 1263 3307 δεῖ
1306 3255 1363 3307 δέ
1409 3254 1695 3324 προσέχειν
1722 3257 1789 3325 τῇ
1827 3253 2106 3325 ἀκριϐείᾳ.

523 3342 637 3395 Καὶ
663 3341 771 3412 γάρ
794 3341 887 3395 καὶ
913 3341 981 3394 τὰ
1002 3341 1226 3394 ἐκείνων
1254 3341 1500 3412 δέχομαι,
1532 3341 1721 3411 ἐπειδὴ
1750 3340 1971 3409 εὐσεϐῆ·
2015 3342 2110 3395 καὶ

521 3427 697 3481 ταῦτα
725 3428 889 3496 λέγω,
934 3428 1121 3498 ἐπειδὴ
1147 3427 1344 3499 ἀληθῆ.
1382 3427 1575 3497 Ἀδὰμ,
1617 3428 1735 3482 ποῦ
1768 3424 1854 3493 sl;
1902 3427 2106 3493 Πόθεν;

522 3514 629 3569 ποῦ
678 3514 981 3584 κατῆλθεςς
1015 3516 1125 3567 ἀπὸ
1154 3516 1313 3577 ποίας
1342 3514 1499 3584 δόξης
1538 3515 1831 3580 ἐξέπεσες;
1866 3513 2107 3585 Ἀληθῶς

522 3603 748 3673 δέχομαι
790 3603 889 3672 τὴν
945 3602 1154 3654 ἔννοιαν
1186 3602 1261 3665 ὼς
1317 3602 1539 3671 εὐσεϐῆ.
1570 3604 1721 3672 Ἔχει
1767 3603 1877 3673 γὰρ
1922 3604 2015 3654 καὶ
2047 3602 2107 3653 τὸ

521 3689 901 3761 εὐπρόσωπον,
937 3691 1035 3742 καὶ
1061 3689 1124 3742 τὸ
1155 3688 1457 3758 συμπαθές.
1498 3688 1658 3741 Ἀλλά
1686 3688 1833 3759 ζητῶ
1861 3688 1959 3759 τὴν
1988 3689 2105 3740 ἀκοο

521 3776 765 3831 λουθίαν.
816 3776 1008 3845 Ἀδὰμ,
1057 3777 1173 3831 ποῦ
1207 3773 1290 3841 el;
1330 3779 1511 3849 ἐρωτᾷ
1543 3781 1572 3831 6
1612 3776 1764 3840 Θεός.
1808 3776 1984 3848 Ιᾙδει,
2033 3776 2108 3839 ὡς

522 3864 790 3933 πλάστης,
820 3863 914 3915 τοῦ
950 3863 1269 3934 πλάσματος
1296 3866 1395 3936 τὴν
1425 3865 1607 3933 φύσιν,
1643 3867 1722 3919 ὅτι
1748 3866 1851 3928 πᾶς
1877 3865 1904 3916 6
1931 3866 2107 3935 ἀμαρ-

519 3952 715 4020 τήσας,
762 3951 1238 4021 ἀπαρρησίαστος,
1301 3952 1395 4004 καὶ
1440 3952 1521 4005 ὅτι
1575 3955 1688 4015 τοῖς
1732 3952 2105 4021 ἁμαρτάνουσι

522 4039 789 4110 ῥάπτεται
811 4038 880 4089 τά
910 4037 1171 4107 στόματα.
1199 4038 1524 4109 Προσέσχεν,
1551 4039 1630 4090 ὃτι
1659 4038 1745 4091 διά
1767 4038 1826 4089 τὸ
1859 4038 1932 4108 μὴ
1962 4038 2105 4106 ἐχειν

522 4124 835 4197 παρρησίαν
864 4124 1050 4191 ἔφυγε.
1083 4124 1277 4189 Δοῦλος
1305 4125 1423 4179 τότε
1457 4125 1692 4195 μάλιστα
1724 4126 1953 4195 ἀγωνιᾷ,
1978 4126 2106 4177 ὅταν

521 4212 780 4282 αἴσθηται
808 4212 889 4264 ὅτι
916 4211 1115 4280 ἔμαθεν
1142 4214 1169 4265 6
1196 4212 1463 4283 δεσπότης
1488 4212 1656 4266 αὑτοῦ
1688 4213 1747 4265 τὸ
1788 4213 2099 4281 γενόμενον·

521 4301 629 4362 ἕως
659 4300 717 4353 δέ
755 4299 938 4365 ἀγνοεῖ
962 4299 990 4350 6
1022 4297 1173 4369 [505l
1215 4298 1505 4371 δεσπότης,
1534 4299 1726 4351 ἐαυτὸν
1757 4298 2105 4368 παραμυθεῖ-

520 4404 613 4441 ται
639 4386 715 4449 ὡς
743 4384 1038 4455 δυνάμενος
1082 4386 1287 4439 λαθεῖν.
1328 4387 1385 4440 '0
1430 4385 1601 4455 Ἀδάμ
1630 4386 1828 4453 ἔφυγεν
1858 4385 1933 4447 ὡς
1962 4402 2103 4451 γνω-

524 4475 699 4537 σθείς·
732 4476 760 4526 6
784 4474 915 4537 Θεὸς
958 4479 1333 4547 προσεποιεῖτο
1362 4478 1608 4544 ἄγνοιαν,
1669 4476 1754 4527 ἵνα
1794 4475 1883 4527 τὸν
1942 4474 2105 4543 φόϐον

521 4558 689 4616 αὐτοῦ
746 4560 1061 4633 καταλύσῃ·
1110 4562 1185 4625 ὡς
1241 4563 1466 4633 λέγομεν
1515 4563 1675 4632 ἡμεῖς
1731 4561 1860 4631 περὶ
1911 4559 2100 4627 φίλου·

534 4646 799 4717 Ἐποίησα
824 4648 1058 4716 ἐμαυτὸν
1083 4648 1162 4711 είς
1198 4649 1292 4701 τὸν
1319 4649 1392 4720 μὴ
1423 4650 1621 4712 εἰδότα,
1660 4649 1747 4701 ἵνα
1777 4648 1850 4717 μὴ
1876 4647 2105 4717 λυπήσω

520 4735 705 4792 αὐτόν.
744 4734 1008 4798 Πολλάκις
1035 4736 1144 4807 γὰρ
1170 4737 1379 4805 γίνεται
1410 4738 1539 4808 παρ’
1568 4739 1698 4805 ἡμῖν
1728 4736 1919 4790 ταῦτα.
1951 4736 2013 4788 Εί
2048 4735 2105 4788 δὲ

521 4822 652 4895 παρ⁹
685 4823 815 4892 ἡμῖν
844 4822 1065 4877 τοιαῦτα
1098 4824 1327 4892 γίνεται.
1360 4823 1539 4894 πολλῷ
1567 4822 1763 4893 μᾶλλον
1793 4822 1945 4891 παρὰ
1984 4821 2104 4891 Θεῷ

520 4910 600 4980 τῷ
626 4909 1007 4981 φιλανθρώπῳ.
1041 4911 1242 4980 Ἀδὰμ,
1275 4911 1391 4964 ποῦ
1416 4906 1505 4975 aI;
1533 4911 1655 4963 ἀντὶ
1684 4908 1801 4971 τοῦ,
1824 4909 1938 4960 Ούκ
1967 4904 2101 4960 οἴδα.

522 4995 655 5052 Εἶτα
680 4996 773 5050 τοῦ
802 4997 935 5051 Θεοῦ
964 5000 1429 5070 προσποιουμένου
1458 4998 1697 5065 ἄγνοιαν,
1726 4999 1758 5067 ἡ
1792 4995 2093 5064 εὐγνώμων

521 5085 617 5139 καὶ
671 5085 929 5156 ἐλευθέρα
960 5084 1105 5156 ψυχὴ
1137 5088 1235 5139 οὐκ
1287 5084 1524 5156 ἐκρυψε’
1568 5082 1684 5150 Τῆς
1730 5080 1937 5152 φωνῆς
1986 5097 2102 5135 σου

522 5172 781 5239 ἤκουσα,
807 5173 903 5225 καὶ
932 5173 1249 5241 ἐφοϐήθην,
1275 5174 1363 5227 ὅτι
1392 5171 1620 5241 γυμνός
1643 5173 1778 5239 εἰμι,
1805 5170 1901 5223 καὶ
1929 5170 2102 5237 ἐκρύ-

522 5262 657 5327 ϐην.
690 5259 788 5312 Διὰ
820 5260 872 5313 τί
903 5260 1209 5333 ἐφοϐήθης;
1243 5261 1331 5313 διὰ
1376 5262 1427 5314 τί
1478 5260 1753 5330 ἐκρύϐης;
1798 5260 2102 5330 Ἑφοϐήθην

521 5346 612 5399 διά
637 5345 735 5417 τὴν
760 5348 1085 5419 παράϐασιν·
1112 5349 1350 5420 ἐκρύϐην
1380 5348 1467 5401 διὰ
1498 5349 1599 5417 τὴν
1630 5346 1931 5416 γύμνωσιν.
1952 5348 2101 5415 Ἀλη-

524 5432 635 5496 θῶς
683 5434 794 5487 ἐστι
838 5435 1067 5489 κλαῦσαι
1120 5439 1211 5491 ἐπὶ
1267 5440 1333 5507 τῇ
1385 5438 1535 5505 φωνῇ
1578 5434 1672 5487 τοῦ
1730 5435 2098 5504 παραϐάντος.

528 5519 647 5587 Τῆς
683 5521 885 5590 φωνῆς
915 5538 1032 5577 σου
1065 5523 1318 5589 ἤκουσα,
1353 5524 1569 5592 ἐκείνης
1601 5522 1700 5592 τῆς
1736 5522 2098 5591 ποθουμένης,

525 5608 737 5679 ἐκείνης
781 5611 879 5681 τῆς
930 5610 1102 5664 πάντα
1158 5629 1245 5681 μοι
1291 5609 1687 5681 χαρισαμένης,
1738 5607 1953 5677 ἐκείνης
2005 5609 2102 5679 τῆς

525 5695 707 5759 ἀγαθά
762 5716 848 5767 μοι
914 5699 1281 5770 χαρισαμένης
1340 5699 1435 5752 καὶ
1502 5696 2098 5765 πραγματευσαμένης.

528 5780 793 5841 'Hmra
832 5786 941 5856 τῆς
983 5787 1189 5856 φωνῆς
1230 5804 1365 5842 σου.
1407 5783 1699 5853 Ἐνενόησα
1728 5782 1887 5847 ποίας
1916 5784 2100 5854 φωνῆς

1958 367 2320 426 SEVEBIANI

3690 380 3809 437 494

2234 489 2368 538 κατέ
2374 502 2474 538 πτυ
2481 502 2569 552 σα,
2586 485 2742 549 ποίας
2753 484 2937 556 φωνῆς
2952 482 3347 555 κατεφρόνησα⁵
3363 481 3461 535 καί
3473 479 3809 549 ἐφοϐήθην,

2230 569 2471 622 τοιούτου
2511 569 2780 623 Δεσπότου
2814 568 3033 639 ἐντολὴν
3073 566 3325 638 παραϐάς
3351 581 3363 593 ·
3392 562 3490 617 καί
3511 563 3807 631 ἐκρύΰην.

2230 650 2319 703 ὅτι
2342 652 2569 721 γυμνός
2595 653 2731 721 ειμι.
2764 647 2900 705 Εἶτα
2924 653 2953 704 6
2980 651 3111 714 Θεὸς
3130 648 3459 718 ἐπιμένειτῇ
3492 645 3809 717 προτροπῇ’

2237 734 2333 800 Τίς
2364 750 2464 788 σοι
2490 731 2657 789 εἶπεν
2687 735 2773 789 ὅτι
2823 734 3048 805 γυμνός
3094 730 3168 796 εἴ,
3206 736 3258 787 εί
3284 732 3369 802 μὴ
3398 731 3515 785 ἀπὸ
3556 730 3664 784 τοῦ
3696 727 3813 792 ξύ-

2227 818 2365 877 λου.
2396 812 2469 871 οὗ
2502 816 2894 886 ἐνετειλάμην
2938 833 3034 871 σοι
3073 817 3287 871 τούτου
3321 815 3508 882 μόνου
3548 810 3636 879 μὴ
3689 825 3813 878 φα-

2228 897 2373 965 γεῖν,
2407 900 2509 953 ἀπ’
2532 900 2717 953 αὐτοῦ
2752 901 3011 967 ἐφαγες;
3056 899 3176 951 ἀντὶ
3218 895 3333 961 τοῦ,
3366 897 3428 949 El
3482 896 3556 965 μὴ
3584 893 3810 952 πάντως

2229 984 2404 1035 ἐκεῖνο
2453 984 2737 1053 ἐποίησας,
2772 984 2801 1036 δ
2852 984 3120 1036 ἐκώλυσα.
3154 982 3296 1052 Ὅρα
3334 978 3449 1041 πῶς
3504 977 3683 1046 ἐρωτᾷ
3732 974 3812 1036 ὡς

2227 1064 2469 1132 ἀγνοῶν·
2504 1066 2567 1121 Εἰ
2598 1066 2672 1137 μὴ
2706 1065 2766 1130 ἐξ
2795 1066 3001 1119 ἐκείνου
3041 1063 3136 1117 τοῦ
3176 1063 3413 1131 δένδρου,
3446 1055 3507 1113 οὗ
3534 1056 3809 1111 ἐνετειλά-

2231 1164 2338 1217 μην
2368 1164 2450 1201 σοι
2482 1148 2557 1219 μὴ
2590 1152 2805 1217 φαγεῖν,
2838 1150 3059 1217 ἔφαγες.
3092 1148 3201 1201 Καὶ
3246 1145 3407 1216 βλέπε
3436 1144 3528 1197 τοῦ
3564 1141 3705 1194 Θεοῦ
3749 1140 3813 1191 τὸ

2228 1230 2628 1302 φιλάνθρωπον.
2660 1233 2755 1298 Τίς
2782 1250 2879 1286 σοι
2907 1228 3069 1291 εἶπες
3102 1230 3200 1282 Διά
3223 1229 3378 1282 τοῦτο
3409 1225 3675 1297 μακρύνει
3707 1222 3811 1291 τὴν

2227 1311 2463 1379 ὁμιλίαν,
2497 1314 2581 1366 ῖνα
2609 1313 2745 1386 λύσῃ
2768 1314 2859 1367 τὸν
2890 1314 3073 1382 φόϐον,
3108 1328 3201 1365 και
3249 1311 3436 1381 ἐγείρῃ
3466 1305 3811 1378 παρρησίαν.

2239 1395 2469 1448 Ἐνενόει
2523 1396 2632 1469 γὰρ
2679 1400 2708 1450 6
2758 1397 2932 1468 Ἀδὰμ
2976 1397 3093 1461 πῶς
3138 1395 3290 1449 οὐδὲν
3345 1391 3602 1461 σκληρὸν,
3652 1386 3814 1439 οὐδὲν

2225 1476 2519 1548 ἀπότομον.
2547 1481 2645 1550 οὐχ
2678 1478 2859 1550 ὕϐρις,
2900 1481 2961 1533 οὐ
3007 1478 3233 1547 πληγαί.
3263 1478 3443 1547 Ἔχεις
3485 1470 3815 1525 διδάσκαλον

2225 1560 2323 1630 τὴν
2352 1561 2662 1633 συνήθειαν.
2697 1563 2894 1626 Δοῦλος
2934 1564 3254 1634 ἁμαρτήσας
3298 1560 3392 1612 ἐὰν
3426 1553 3704 1627 προσέλθῃ
3737 1550 3815 1620 τῷ

2224 1642 2480 1715 δεσπότῃ,
2513 1647 2622 1699 ἀπὸ
2659 1648 2757 1717 τῆς
2794 1647 3016 1717 πρώτης
3040 1646 3222 1716 φωνῆς
3256 1644 3288 1715 ῆ
3328 1642 3548 1713 θάρσος,
3574 1639 3608 1707 ἢ
3642 1636 3814 1705 φόϐον

2224 1724 2509 1796 λαμϐάνει.
2563 1728 2688 1782 Ἐάν
2731 1728 2962 1799 ἄρξηται
3018 1729 3365 1795 ἀγανακτεῖν,
3418 1724 3513 1778 καὶ
3564 1720 3814 1788 κλέπτην

2224 1810 2316 1860 καὶ
2365 1809 2537 1864 δόλιον
2593 1811 2880 1881 ὀνομάζειν
2928 1811 3021 1864 καὶ
3082 1809 3288 1881 μυρίων
3332 1806 3580 1861 θανάτων
3632 1802 3813 1867 ἄξιον.

2224 1892 2559 1961 παραλύεται
2583 1910 2598 1925 ⁸
2630 1894 2725 1947 ἐὰν
2750 1893 2956 1965 ἀκούσῃ
2991 1892 3153 1946 αὑτοῦ
3187 1890 3554 1956 ὀνειδίζοντος,
3594 1885 3813 1949 ’Λθλιε,

2222 1979 2275 2029 τί
2306 1980 2519 2047 ἐγένετό
2555 1997 2636 2033 σοι
2662 1980 2855 2048 τοῦτο;
2897 1980 2983 2033 διὰ
3030 1980 3082 2032 τί
3124 1979 3408 2049 ﬂuam“;
3456 1974 3662 2036 εὐθέως
3708 1974 3813 2040 ἐφ’

2222 2065 2515 2130 οδιάζεται,
2550 2067 2644 2120 καὶ
2675 2067 2867 2139 θαρρεῖ
2891 2067 3046 2130 τέως·
3075 2067 3137 2118 οὐ
3166 2066 3274 2136 γάρ
3304 2065 3378 2127 ώς
3408 2062 3679 2128 δεσπότης
3713 2074 3813 2112 κο-

2222 2151 2391 2217 λάζει,
2416 2153 2528 2206 ἀλλ’
2548 2154 2623 2217 ώς
2651 2154 2966 2218 διδάσκαλος
2992 2151 3248 2207 νουθετεῖ.
3278 2150 3435 2205 Οὕτω
3466 2150 3559 2202 καὶ
3588 2149 3618 2200 6
3652 2146 3811 2207 Θεός·

2228 2241 2324 2305 Τίς
2358 2256 2458 2293 σοι
2502 2237 2671 2295 εἶπεν
2699 2242 2789 2295 ὅτι
2834 2241 3060 2310 γυμνὸς
3088 2236 3161 2303 εί,
3195 2242 3247 2294 εὶ
3282 2238 3367 2307 μὴ
3406 2235 3528 2291 ἀπὸ
3557 2233 3668 2288 τοῦ
3705 2232 3817 2295 ξύ-

2220 2329 2336 2379 λου
2365 2324 2438 2383 οὗ
2474 2328 2863 2397 ἐνετειλάμην
2904 2345 3003 2381 σοι
3041 2326 3127 2397 μὴ
3176 2326 3407 2395 φαγεῖν,
3462 2322 3564 2376 ἀπ’
3617 2317 3817 2373 αὐτοῦ

2220 2414 2476 2483 ἕξω-ταβςὶ
2510 2416 2600 2484 Μὴ
2626 2415 2735 2487 γάρ
2760 2414 2927 2467 πολλά
2959 2414 3243 2479 ἐκώλυσα;
3275 2413 3371 2465 Ἐν
3409 2411 3568 2481 μόνον
3598 2404 3816 2458 ἐκώλυ-

2224 2520 2313 2567 σα,
2353 2504 2445 2555 καὶ
2486 2503 2643 2556 τοῦτο
2698 2504 2760 2557 ού
2814 2504 3008 2572 μισῶν,
3044 2502 3178 2557 ἀλλά
3228 2499 3494 2570 προνοῶν.
3560 2497 3662 2560 Τίς
3709 2506 3817 2545 σοι

2220 2586 2390 2643 εἶπεν
2418 2591 2508 2643 ὅτι
2538 2592 2765 2658 γυμνὸς
2795 2587 2878 2655 εἷ;
2907 2591 3072 2644 Οὐδὲν
3101 2590 3455 2657 ἀναίσχυντον
3480 2580 3662 2644 εἶπεν,
3694 2582 3816 2633 Οὐκ

2222 2677 2399 2745 ᾔδειν
2454 2676 2591 2731 ἀλλὰ
2623 2676 2711 2742 τίς
2748 2679 2809 2731 Ἡ
2866 2676 3042 2747 γυνὴ,
3096 2675 3175 2743 ῆν
3212 2672 3439 2737 ἔδωκάς
3469 2689 3598 2740 μοι,
3652 2668 3813 2732 αὕτη

2214 2779 2317 2831 μοι
2352 2763 2556 2827 ἔδωκε,
2608 2764 2708 2816 καὶ
2744 2763 3002 2832 ἔφαγον·
3041 2762 3159 2816 ἀντὶ
3205 2760 3322 2824 τοῦ,
3358 2757 3415 2811 Ἥ
3450 2754 3677 2811 δοθεῖσά
3723 2770 3818 2823 μοι

2222 2850 2359 2919 πρὸς
2418 2849 2687 2921 βοήθειαν.
2732 2853 2979 2903 Ἤκουσα
3040 2851 3147 2920 γὰρ
3195 2849 3285 2901 ὅτε
3339 2845 3625 2913 ἐπλάσθην
3678 2840 3817 2909 ἐγὼ,

2219 2938 2402 3007 ἐκείνη
2431 2937 2489 2990 δὲ
2518 2937 2750 2998 οὐδέπω.
2779 2938 3028 3006 λέγοντος
3046 2951 3059 2965 ·
3091 2933 3445 3003 Ποιήσωμεν
3472 2927 3641 2993 αὐτῷ
3665 2929 3819 2995 .3011-

2219 3023 2327 3077 θόν
2364 3022 2490 3075 κατ’
2537 3024 2742 3077 αὐτόν.
2770 3026 2875 3076 Ἦν
2901 3022 3127 3087 ἔδωκάς
3169 3038 3295 3091 μοι,
3341 3018 3493 3084 αὕτη
3528 3033 3636 3086 μοι
3671 3014 3819 3070 ἐδω-

2219 3125 2348 3163 κεν.
2381 3112 2494 3163 Ούκ
2534 3106 2709 3171 εἶπεν,
2751 3110 3081 3180 Ἦπάτησεν,
3116 3109 3236 3172 οὐκ,
3280 3105 3605 3176 Ἐψεύσατσ
3648 3103 3818 3167 Αὕτη

2214 3215 2317 3268 μοι
2354 3198 2538 3253 ἔδωκε
2568 3199 2665 3252 καὶ
2698 3202 2942 3269 ἔφαγον.

2288 3350 2357 3415 η’.
2379 3338 2515 3397 Εἶτά
2532 3361 2696 3415 φησιν
2714 3344 2742 3396 6
2762 3344 2893 3408 Θεός
2906 3360 2921 3375 ·
2939 3343 3047 3396 Καὶ
3066 3342 3229 3414 ἐχρῆν
3248 3357 3307 3394 σε
3337 3339 3562 3410 γυναικὶ¹
3582 3338 3820 3391 πιστεῦ-

2220 3447 2330 3495 σαι,
2359 3432 2452 3484 καὶ
2498 3432 2572 3501 μὴ
2619 3431 2777 3500 ἐμοί;
2811 3431 2905 3483 καὶ
2951 3428 3368 3498 ἀξιοπιστοτέρα
3404 3428 3438 3496 ἡ
3477 3425 3625 3495 γυνὴ
3674 3426 3821 3493 ὕπέρ

2217 3518 2353 3588 ἐμέ;
2392 3516 2532 3584 Ἐγὼ
2553 3517 2622 3569 τά
2649 3517 2829 3584 ἀγαθά
2866 3517 3093 3578 δέδωκα,
3132 3514 3425 3584 πράγμασί
3457 3529 3519 3567 σε
3547 3513 3819 3583 ἐτίμησα·

2216 3607 2403 3676 ἐκείνη
2432 3609 2671 3677 ῥήμασιν
2714 3605 2981 3659 ἐδελέασε.
3015 3606 3122 3658 Καὶ
3156 3603 3322 3673 βλέπε
3349 3620 3362 3633 ·
3411 3602 3611 3673 ὥσπερ
3659 3602 3823 3655 δικα-

2219 3693 2351 3764 στὴς
2405 3695 2499 3746 ἐὰν
2545 3692 2764 3764 δέξηται
2804 3691 3101 3760 ἀπολογίαν
3140 3690 3235 3744 τοῦ
3284 3689 3681 3760 δικαζομένου.
3726 3689 3824 3742 καὶ

2220 3782 2418 3852 μηκέτι
2448 3780 2678 3851 ἐξετάσῃ
2719 3780 2900 3843 αὑτὸν,
2938 3778 3071 3833 ἀλλά
3119 3778 3329 3849 μεταϐῇ
3362 3778 3455 3831 ἐπὶ
3498 3778 3595 3830 τὸν
3629 3777 3821 3839 ἄλλον,

2214 3869 2416 3931 εὐθέως
2438 3869 2647 3939 θαρρεῖ,
2680 3868 2772 3921 καὶ
2791 3868 2956 3935 λέγει·
2987 3867 3135 3929 Τέως
3166 3866 3277 3934 ἐγὼ
3298 3865 3644 3936 ἐξητάσθην·
3674 3864 3825 3917 οὕτω

2216 3957 2308 4010 καὶ
2337 3957 2365 4007 6
2392 3955 2522 4017 Θεὸς
2556 3954 2867 4025 μεταϐαίνει
2893 3955 3001 4008 ἀπὸ
3026 3954 3119 4007 τοῦ
3137 3954 3327 4023 Ἀδὰμ.
3358 3954 3447 4007 ἵνα
3472 3953 3623 4023 λύσῃ
3648 3951 3824 4005 αὐτοῦ

2215 4043 2306 4095 τὸν
2350 4040 2501 4113 [506]
2549 4041 2732 4111 φόϐον,
2787 4044 2879 4095 καὶ
2929 4043 3075 4110 λέγει
3110 4044 3173 4111 τῇ
3221 4040 3476 4108 γυναικί·
3534 4040 3599 4093 Τί
3636 4039 3825 4093 τοῦτο

2214 4128 2546 4194 ὲποίησας;
2589 4127 2758 4197 Λέγει
2802 4129 3033 4197 ἐκείνη·
3076 4130 3136 4181 '0
3186 4128 3322 4195 ὄφις
3369 4125 3670 4193 ἠπάτησέ
3725 4142 3824 4192 με,

2216 4214 2317 4268 καὶ
2346 4216 2591 4284 ἔφαγον.
2627 4215 2847 4287 Ἐπειδὴ
2878 4215 3013 4277 ὅλως
3042 4213 3217 4283 ἀληθῆ
3253 4208 3427 4274 εἶπεν,
3458 4212 3567 4280 οὐχ
3596 4210 3825 4281 ὑϐρίζει

2213 4303 2313 4372 τῆς
2370 4302 2626 4370 ἀληθείας
2676 4301 2775 4371 τὴν
2828 4302 3147 4367 ἀπολογίαν,
3203 4297 3340 4351 ἀλλά
3396 4299 3828 4369 καταλιμπάνει

2215 4388 2386 4456 αὐτὴν
2414 4388 2786 4451 ἀνεξέταστον.
2817 4390 2927 4441 Οὐκ
2952 4386 3091 4440 εἷπε·
3126 4387 3234 4440 Καὶ
3256 4385 3561 4457 ἐπιστεύθη
3581 4390 3825 4452 ἐκεῖνος,

2215 4476 2379 4545 ἧγουν
2408 4478 2435 4527 ὁ
2466 4476 2607 4544 ὄφις,
2645 4476 2781 4545 ὑπὲρ
2810 4474 2942 4542 ἐμές
2993 4472 3387 4543 Ἐπηγγείλατο
3424 4474 3703 4538 ίσοθεῖαν,
3730 4476 3828 4527 καὶ

2216 4561 2543 4632 προεξένησε
2588 4561 2834 4614 θάνατον.
2874 4561 3011 4612 Ἀλλ’
3056 4561 3117 4613 οὑ
3164 4560 3341 4631 κρίνει
3387 4560 3627 4623 εὐθέως,
3685 4562 3827 4615 ἀλλὰ

2218 4649 2413 4719 μᾶλλον
2440 4649 2514 4711 ώς
2538 4648 2923 4718 ἀσθενεστέρου
2948 4648 3173 4710 σκεύους
3199 4648 3479 4716 ἐφείσατο.
3511 4650 3615 4701 καὶ
3650 4653 3829 4721 χωρεῖ

2215 4736 2307 4788 ἐπὶ
2334 4736 2424 4789 τὸν
2456 4737 2598 4804 ὅφιν,
2648 4735 2737 4787 ἵνα
2778 4736 2941 4805 πείσῃ
2980 4736 3230 4787 κάκεῖνον
3265 4734 3556 4802 κάκείνην,
3597 4736 3694 4788 ὅτι
3736 4738 3831 4789 ἐπὶ

2212 4822 2305 4877 τόν
2335 4825 2505 4876 αίτιον
2546 4825 2732 4893 χωρεῖ,
2764 4823 2855 4875 καί
2888 4838 3021 4891 φησι
3048 4839 3060 4852 ·
3093 4822 3212 4874 Ὅτι
3256 4820 3436 4873 τοῦτο
3481 4822 3828 4889 ἐποίησας.

2216 4908 2367 4973 Εἶδες
2400 4911 2712 4980 θαυμαστὸν
2744 4912 2969 4980 κριτήν;
3009 4910 3147 4971 Τοὺς
3177 4909 3569 4977 ἀπατηθέντας
3609 4914 3832 4983 ἐρωτᾷ,

2212 4998 2305 5051 τὸν
2354 4999 2711 5065 ἀπατήσαντα
2772 4997 2872 5047 οὐκ
2922 4997 3121 5065 ἐρωτᾷ.
3191 4995 3267 5047 Οὐ
3320 4994 3470 5060 λέγει
3512 4997 3708 5068 αὐτῷ,
3765 4998 3832 5055 Τί

2213 5083 2513 5153 ἐποίησας;
2564 5082 2700 5143 ἀλλ’,
2764 5082 2998 5147 Ἐπειδὴ
3044 5080 3219 5134 τοῦτο
3268 5080 3601 5149 ἐποίησας.
3664 5085 3833 5138 Κατά

2212 5171 2418 5239 ταύτην
2444 5171 2541 5240 τὴν
2576 5169 2758 5222 είκόνα
2796 5169 2960 5221 Δαυῖδ
2983 5167 3153 5236 λέγει.
3191 5170 3313 5222 Οὐκ
3340 5171 3832 5236 ἀναστήσονται

2212 5256 2451 5321 ἀσεϐεῖς
2476 5256 2544 5309 ἐν
2572 5256 2793 5323 κρίσει·
2829 5256 2926 5325 οὐχ
2958 5256 3040 5309 ὅτι
3068 5256 3166 5308 οὐκ
3197 5257 3529 5326 ἐγείρονται,
3570 5259 3704 5311 ἀλλ’
3745 5262 3833 5313 δτι

2211 5348 2311 5398 οὐκ
2344 5345 2706 5410 ἐξετάζονται.
2744 5343 2974 5410 Ἐπειδὴ
3007 5343 3182 5397 τοῦτο
3210 5344 3535 5412 ἐποίησας.
3578 5346 3651 5400 Ἡ
3688 5348 3835 5416 πρὸς

2211 5435 2301 5487 τὸν
2327 5433 2449 5500 ὅφιν
2480 5432 2678 5501 ἀπειλὴ
2722 5429 2979 5498 ἐκούφισε
3021 5429 3121 5493 τάς
3164 5431 3380 5502 πληγὰς
3426 5433 3540 5485 τῶν
3593 5434 3834 5505 ἀπατη-

2214 5521 2432 5573 θέντων.
2465 5519 2525 5570 Εἰ
2555 5517 2650 5588 μὴ.
2686 5519 2870 5586 φησὶν,
2902 5516 3095 5587 ἐκείνῳ
3118 5519 3145 5570 6
3174 5516 3308 5581 Θεὸς
3334 5518 3674 5589 ἐπέγραψεν
3697 5522 3828 5587 ὅλα,

2210 5610 2310 5663 οὐκ
2339 5609 2404 5661 ἀν
2436 5606 2805 5670 ἀνεξετάστως
2852 5606 3014 5659 αὑτὸν
3046 5606 3282 5677 ἔκρινεν.
3338 5606 3583 5674 Ἐπειδὴ
3634 5612 3831 5667 τοῦτο

2208 5698 2521 5762 ἐποίησας,
2552 5694 2980 5762 ἐπικατὰρατος
3016 5696 3098 5747 σὺ
3126 5694 3246 5750 ἀπὸ
3276 5692 3528 5748 πάντων
3556 5694 3690 5749 τῶν
3721 5704 3830 5766 θη-

2204 5787 2351 5857 ρίων
2382 5783 2491 5853 τῆς
2537 5782 2667 5853 γῆς.
2710 5781 2842 5837 Ἐπί
2876 5781 2956 5849 τῷ
2984 5782 3193 5852 στήθει
3224 5782 3327 5837 καί
3356 5781 3433 5854 τῇ
3470 5786 3681 5854 κοιλίᾳ
3714 5800 3827 5844 πσ-
