3976 6218
110 381 221 437 493

128 486 198 541 la.
226 486 376 554 Quod
407 501 512 542 non
542 496 661 542 erat
706 487 834 543 fecit
864 529 878 555 ,
930 503 1107 543 annon
1137 499 1344 560 partem
1373 490 1491 560 ejus
1532 489 1707 545 facere

127 576 362 645 poterit?
392 577 629 632 Instant:
658 587 713 631 at
742 593 1027 647 numquam
1074 580 1213 635 Deus
1245 589 1450 649 partem
1505 580 1710 634 anima-

126 667 192 721 lis
225 669 379 734 facit,
422 668 551 724 nihil
582 670 952 739 imperfectum
976 670 1099 725 facit
1126 672 1284 726 Deus.
1308 672 1471 726 Audit
1492 672 1705 741 pellem,

126 768 181 811 et
203 760 394 827 qumrit
420 759 579 813 unde.
624 760 798 814 Audio
820 772 870 815 et
898 776 1000 829 ego
1031 762 1343 830 sanguinem
1373 764 1424 814 in
1453 762 1705 832 Aigypto,

122 860 177 904 et
202 866 382 919 quaero
407 892 421 915 ,
474 852 612 904 unde
639 856 860 905 mutavit
892 852 1065 905 Nilum
1107 854 1157 907 in
1190 854 1502 919 sanguinem
1531 894 1544 915 ,
1589 868 1706 916 qua:

122 941 374 994 animalia
410 944 683 996 mactavit.
717 942 932 996 Fluvios
983 945 1033 997 in
1076 943 1391 1013 sanguinem
1422 949 1660 997 mutatur
1687 983 1701 1005 ,

118 1040 176 1085 et
207 1032 407 1085 nullum
440 1041 727 1087 mactatum
754 1043 834 1087 est
860 1034 1098 1100 animai;
1132 1033 1299 1103 pelles
1329 1033 1447 1086 dum
1468 1033 1700 1096 fuerunt,

118 1131 175 1176 et
222 1122 411 1192 quaerit
443 1137 506 1176 ex
538 1122 726 1193 quibus
753 1124 1076 1177 animalibus
1109 1125 1361 1178 detraetze
1389 1124 1557 1191 pelles
1588 1122 1702 1177 fue-

116 1216 245 1271 rint.
283 1215 478 1270 Verum
504 1215 609 1269 illic
630 1216 746 1269 sine
772 1215 986 1269 animali
1010 1216 1183 1285 pellis.
1218 1214 1449 1269 Attende
1481 1215 1701 1279 seriem,

114 1323 445 1377 quamquam
478 1324 578 1361 vox
610 1308 835 1373 laborat,
861 1317 915 1363 et
946 1324 1040 1363 nos
1067 1309 1187 1377 ipsi.
1236 1309 1306 1361 At
1328 1322 1395 1361 ne
1433 1306 1613 1360 mutila
1636 1308 1705 1360 sit

112 1401 311 1463 oratio,
344 1400 527 1468 paucis
559 1400 731 1455 lenius
756 1400 998 1469 prolatis,
1041 1400 1200 1454 finem
1225 1398 1436 1454 dicendi
1480 1398 1697 1453 faciam.

110 1488 473 1561 Consuitfolia
517 1492 667 1557 licus.
698 1490 911 1545 Utinam
946 1492 1181 1545 limretici
1231 1491 1366 1545 hanc
1416 1500 1585 1545 artem
1614 1490 1699 1544 di-

106 1580 388 1635 dicissent!
413 1581 581 1635 Adam
613 1583 995 1651 przevaricatus
1016 1597 1283 1638 consuerc
1314 1582 1503 1638 didicit
1538 1600 1551 1635 :
1587 1582 1697 1638 bae-

105 1671 262 1725 retiei
292 1673 531 1740 perversi
564 1672 809 1727 scindere
838 1673 1158 1728 didicerunt.
1192 1673 1361 1754 Adam
1402 1684 1699 1744 transgres-

102 1774 198 1814 sus
256 1763 506 1827 c0nsuit,
552 1772 609 1816 ut
662 1763 897 1817 verenda
956 1773 1190 1832 tegeret;
1245 1763 1484 1818 literetiei
1535 1762 1694 1818 fidem

99 1862 365 1922 negantes
394 1853 665 1919 scindunt,
690 1863 749 1908 ut
788 1864 973 1908 sancta
1015 1855 1235 1910 nudent.
1263 1852 1417 1923 Smpe
1448 1855 1694 1909 audimus

98 1958 223 2011 qua:
247 1943 298 1996 in
315 1958 472 1998 cruce
493 1946 846 2014 contigerunt,
881 1946 1239 2015 miramttrque
1252 1946 1544 2015 sumpsisse
1566 1947 1698 2000 mili-

97 2044 186 2089 tes
217 2036 537 2089 vestimenta
567 2034 786 2101 Christi,
823 2046 879 2091 et
902 2037 1169 2101 divisisse,
1200 2038 1485 2106 Statimque
1516 2048 1694 2092 mente

95 2125 335 2179 dicimus
366 2143 379 2177 :
413 2126 597 2194 Magna
628 2126 719 2181 Dei
771 2129 1047 2195 patientia,
1077 2128 1217 2197 quod
1267 2144 1374 2182 non
1408 2129 1689 2183 immiserit

93 2216 306 2271 fulmen
330 2259 343 2282 ,
374 2217 513 2286 quod
546 2233 650 2271 non
683 2220 957 2272 strinxerit
983 2220 1242 2288 gladium.
1275 2219 1378 2274 Sed
1406 2228 1689 2274 contume-

90 2308 186 2363 liis
216 2308 549 2363 afficiebator
578 2309 843 2374 Sanctus,
874 2321 925 2365 et
957 2312 1192 2381 profante
1231 2328 1421 2379 manus
1448 2328 1551 2366 non
1592 2313 1691 2366 ab-

89 2400 521 2454 scindebantur?
548 2401 753 2456 Miraris
798 2404 938 2471 quod
968 2405 1163 2459 milites
1214 2405 1326 2457 ausi
1382 2406 1487 2459 sint
1519 2406 1683 2458 vesti-

87 2503 281 2545 menta
310 2493 587 2547 dividere?
618 2494 808 2549 Mirare
838 2497 975 2565 quod
1009 2498 1061 2551 hi
1090 2498 1465 2551 vestimentum
1500 2499 1687 2552 Eccle-

84 2584 195 2636 sia:
247 2582 579 2637 disciderint.
630 2583 787 2639 Certe
854 2588 1051 2641 milites
1100 2588 1209 2642 visa
1266 2588 1461 2642 Christi
1510 2589 1686 2642 tunica

85 2675 426 2739 inc0usutili,
457 2691 483 2728 a
532 2691 743 2731 summo
768 2688 1012 2732 contexta
1066 2694 1160 2748 per
1191 2689 1357 2733 totum
1386 2678 1563 2751 (Joan.
1601 2680 1687 2734 I9.

81 2766 212 2836 23),
265 2766 398 2819 vesti
445 2778 839 2837 pepercerunt;
896 2768 1128 2823 Itzeretiei
1184 2785 1313 2823 vero
1366 2770 1561 2825 Christi
1593 2786 1688 2826 ve—

82 2867 261 2922 stem,
299 2857 553 2912 Ecclesite
584 2858 950 2913 indumentum
1002 2859 1307 2921 sciderunt,
1353 2860 1683 2925 diviserunt,

78 2949 452 3003 dissecarunt.
483 2949 587 3005 Sed
618 2951 681 3004 ad
712 2952 1039 3019 propositum
1072 2961 1426 3005 revertamur.
1478 2951 1686 3005 Consuit

78 3042 221 3110 [otia
250 3042 401 3109 ﬁcus.
432 3041 712 3096 Audiet-unt
750 3041 914 3096 Deum
958 3042 1293 3096 ambulantem
1321 3084 1336 3107 ,
1390 3057 1580 3111 nempe
1630 3052 1689 3095 ut

76 3130 283 3183 audire
305 3131 446 3196 licet,
474 3140 521 3183 et
539 3147 590 3185 se
608 3131 972 3185 absconderant
994 3130 1143 3202 (Gen.
1161 3133 1213 3187 3.
1239 3131 1375 3199 7.8).
1412 3131 1579 3185 Proba
1607 3140 1687 3184 est

76 3231 283 3275 natura
320 3238 332 3273 :
361 3222 461 3275 etsi
508 3223 775 3276 sexcentis
807 3224 1036 3291 peccatis
1089 3223 1257 3277 simus
1286 3223 1524 3287 obnoxii,
1556 3237 1687 3275 con-

73 3314 317 3366 scientia
374 3321 551 3366 nostra
581 3313 743 3367 libera
786 3324 887 3368 est.
922 3315 1194 3369 Interdum
1226 3315 1371 3369 frons
1403 3314 1682 3383 impudens

72 3416 194 3469 est,
228 3414 285 3458 et
312 3405 638 3459 conscientia
666 3406 857 3474 arguit.
889 3406 1156 3460 Interdum
1209 3406 1383 3474 lingua
1412 3406 1518 3458 ait:
1546 3405 1681 3470 Quid

71 3497 236 3551 enim
269 3498 528 3563 peccavi?
552 3505 605 3550 et
631 3496 957 3550 conscientia
988 3498 1127 3549 intus
1152 3495 1509 3565 reprehendit.
1537 3494 1679 3549 Sitn-

73 3588 420 3657 plicissimus
441 3598 495 3642 et
524 3588 767 3641 sincerus
790 3598 905 3641 erat
930 3586 1094 3641 Adam
1131 3606 1142 3641 :
1168 3588 1335 3641 libere
1382 3586 1682 3640 confiteba-

70 3689 193 3731 tur.
229 3676 372 3729 Deus
395 3677 501 3729 ait:
530 3676 627 3731 Ubi
652 3677 746 3730 es?
771 3676 915 3731 Multi
945 3679 1026 3746 pie
1065 3679 1238 3731 locum
1272 3677 1643 3731 intelleXerunt
1667 3694 1679 3729 :

64 3775 304 3836 Oportet
333 3776 505 3819 tamen
544 3777 790 3821 accurate
818 3770 1100 3837 inspicere.
1134 3770 1349 3823 Illorum
1392 3784 1547 3823 sensa
1577 3768 1675 3822 ad-

62 3860 244 3915 mitto
272 3868 457 3926 utpote
486 3859 569 3927 pia
596 3876 608 3921 ;
641 3868 695 3912 et
728 3858 843 3913 hzec
872 3860 991 3913 dico
1016 3861 1156 3928 quod
1185 3874 1309 3914 vera
1332 3860 1456 3914 sint.
1490 3860 1677 3923 Adam,

58 3954 170 4006 ubi
200 3968 255 4005 cs
275 3952 301 4004 ?
331 3950 525 4005 Unde?
550 3965 655 4019 quo
702 3952 1067 4004 descendisti?
1104 3968 1167 4005 ex
1194 3968 1297 4021 qua
1328 3952 1493 4021 gloria
1537 3953 1683 4006 exci-

60 4044 255 4099 disti?
296 4041 531 4095 Admitte
574 4042 710 4095 hanc
755 4044 1141 4109 expositionem
1194 4052 1250 4095 ut
1294 4045 1453 4111 piam.
1515 4044 1682 4097 Habet

60 4140 232 4189 eiiim
264 4142 321 4188 et
347 4135 457 4188 veri
488 4136 739 4203 speciem,
774 4144 825 4189 et
855 4136 1156 4188 miserantis
1191 4134 1455 4189 effectum.
1489 4136 1557 4188 At
1596 4150 1683 4188 se-

61 4232 225 4283 riem
260 4241 462 4295 qumro.
496 4226 681 4291 Adam,
716 4227 800 4279 ubi
845 4227 939 4279 es?
979 4226 1271 4295 Interrogat
1314 4227 1471 4281 Deus.
1506 4226 1684 4280 Nove-

50 4330 189 4383 rat,
218 4329 281 4376 ut
306 4318 503 4387 opifex,
537 4320 729 4387 opificii
778 4332 1017 4373 naturam
1053 4320 1191 4388 quod
1222 4321 1459 4391 quisquis
1490 4336 1681 4390 pecca-

64 4412 258 4475 verit,
297 4408 543 4463 fiduciam
569 4410 805 4474 amittat,
831 4411 1075 4480 quodque
1104 4421 1427 4465 consuantur
1454 4427 1681 4480 peccan-

56 4504 220 4553 tium
251 4515 369 4552 ora.
402 4500 871 4554 Animadvertebat
902 4501 1019 4554 ideo
1048 4501 1268 4570 fugisse,
1300 4502 1438 4570 quod
1484 4502 1675 4554 fiducia

49 4598 320 4645 careret.
354 4589 551 4643 Servus
595 4600 701 4643 tum
730 4592 963 4643 maxime
996 4594 1183 4643 anxius
1211 4602 1312 4655 est,
1338 4607 1457 4645 cum
1490 4606 1677 4645 sense-

48 4686 137 4736 rit
179 4679 375 4731 lterum
406 4689 636 4748 peracta:
680 4681 756 4734 rei
790 4695 1009 4749 gnarmn
1039 4696 1158 4733 esse
1207 4697 1218 4731 :
1254 4680 1505 4748 quamdiu
1537 4682 1677 4748 igno-

44 4782 157 4828 rat
212 4770 401 4834 herus,
432 4771 663 4839 seipsum
715 4774 1037 4835 consolatur,
1071 4780 1126 4823 ut
1167 4772 1252 4839 qui
1288 4772 1449 4825 latere
1477 4772 1675 4841 possit.

44 4864 260 4922 Adam
310 4860 543 4930 fugiebat
591 4872 647 4915 ut
689 4862 1093 4930 deprehensus:
1130 4862 1267 4915 Dens
1329 4863 1679 4930 ignorantiam

44 4952 420 5014 simulabat,
449 4960 505 5003 ut
533 4964 730 5005 metum
763 4954 878 5019 ejus
926 4953 1196 5017 solveret;
1228 4962 1282 5005 ut
1332 4967 1428 5004 nos
1453 4952 1679 5019 dicimus

40 5053 139 5106 de
171 5046 355 5099 amico
382 5061 394 5095 :
430 5042 675 5109 Ignorare
705 5060 789 5097 me
835 5044 1075 5097 simulavi
1104 5085 1117 5107 ,
1168 5059 1233 5097 ne
1284 5043 1355 5096 illi
1384 5044 1680 5097 molestiam

40 5152 353 5196 crearent.
389 5135 509 5188 llaec
532 5135 672 5189 enim
704 5151 844 5203 szvpe
871 5137 1008 5204 apud
1041 5150 1135 5188 nos
1166 5136 1503 5204 contingunt.
1531 5134 1681 5199 Quod

39 5236 103 5289 si
152 5226 307 5299 apud
343 5244 435 5280 nos
461 5228 571 5279 ha:c
607 5225 890 5290 accidunt,
926 5228 1089 5279 multo
1142 5228 1307 5295 magis
1351 5227 1485 5293 apud
1516 5227 1678 5279 Deum

36 5318 592 5378 clementissimum.
652 5315 853 5378 Adam,
886 5320 968 5369 ubi
993 5319 1083 5371 es?
1114 5334 1175 5372 ac
1216 5319 1259 5369 si
1317 5317 1541 5379 diceret,
1582 5316 1684 5370 Ne-

35 5414 220 5471 scio.
257 5408 396 5461 'htm
428 5407 533 5461 Deo
566 5421 619 5460 se
642 5406 845 5459 nescire
875 5408 1178 5472 simulantc,
1212 5411 1407 5477 probus
1438 5410 1679 5477 liberque

36 5505 305 5560 animus
330 5513 431 5551 non
458 5499 650 5557 celavit
682 5516 694 5549 :
748 5497 926 5549 Vocem
950 5509 1086 5550 tuom
1114 5502 1285 5552 audiri
1316 5510 1359 5552 et
1405 5501 1584 5565 timui,
1616 5516 1672 5552 eo

32 5595 223 5667 quod
251 5590 418 5645 nudus
446 5608 623 5652 essem,
657 5602 703 5644 et
743 5608 819 5643 me
853 5594 1093 5643 abscondi
1124 5593 1140 5661 (
1168 5592 1295 5646 Gen.
1327 5594 1377 5645 5.
1412 5593 1519 5661 I0).
1577 5593 1683 5646 Cttr

38 5684 320 5746 timuisti
343 5682 365 5736 ?
392 5698 485 5737 cur
525 5692 575 5737 te
603 5681 965 5736 abscondisti?
992 5682 1165 5735 Timui
1199 5684 1268 5735 ob
1307 5684 1685 5754 transgressio-

37 5792 216 5841 nem
251 5790 267 5828 :
299 5789 385 5829 me
412 5773 662 5829 abscondi
706 5774 775 5829 ob
807 5773 1118 5828 nuditatem.
1152 5772 1292 5829 Vere
1314 5784 1681 5847 transgresso-

1165 378 1253 434 DE
1291 378 1500 435 MUNDI
1538 377 1934 434 CREATIONE
1973 377 2230 435 ORATIO
2266 379 2351 434 VI.

3292 390 3407 447 494

1822 490 1896 544 ris
1925 505 2027 544 vox
2049 490 2316 563 laerymas
2359 501 2555 548 movet.
2612 494 2796 551 Vocem
2842 504 2982 553 tuam
3025 498 3219 566 audiri,
3254 501 3398 558 illam

1818 579 2247 647 desiderabilem,
2276 582 2418 637 illam
2447 599 2566 655 qua:
2608 586 2735 641 mihi
2775 590 2950 642 omnia
2976 589 3161 659 largita
3192 600 3295 655 est,
3327 591 3396 646 il-

1815 670 1917 724 lam
1947 687 2063 741 quxe
2093 672 2223 726 mihi
2270 672 2404 727 bona
2434 676 2660 730 contulit
2708 687 2761 732 et
2790 689 3007 747 operata
3054 689 3156 735 εει.
3210 681 3397 736 Audivi

1813 778 1981 815 uocem
2012 772 2171 815 tuam.
2215 762 2451 834 Cogitavi
2482 768 2692 835 qualem
2742 784 2924 823 vocem
2975 771 3193 840 respui,
3241 788 3397 843 quam

1811 868 1996 907 vocem
2051 852 2267 922 despexi
2302 871 2315 907 :
2349 866 2401 909 et
2449 857 2621 923 timui,
2668 860 2790 913 talis
2846 860 3056 914 Domini
3088 862 3394 916 mandatum

1813 956 2201 1015 transgressus,
2236 957 2291 1002 et
2335 963 2422 1003 me
2447 950 2723 1015 abscondi,
2761 966 2826 1004 eo
2856 951 2994 1021 quod
3053 953 3224 1007 nudus
3267 955 3390 1008 sim.

1811 1037 2021 1091 Exinde
2046 1038 2184 1093 Deus
2226 1055 2448 1096 monere
2480 1043 2682 1111 pergit:
2711 1044 2836 1109 Quis
2864 1045 3101 1098 indicauit
3142 1047 3229 1100 tibi
3256 1047 3393 1111 quod

1810 1129 1977 1181 nudus
2007 1144 2156 1189 esses,
2190 1130 2287 1183 nisi
2316 1132 2449 1199 quod
2476 1149 2537 1185 ea:
2563 1133 2701 1201 ligno
2743 1134 2805 1188 de
2840 1151 2937 1199 quo
2986 1142 3094 1189 soto
3143 1152 3392 1205 pra-cepe-

1807 1234 1922 1270 ram
1951 1218 2041 1270 tibi
2085 1234 2145 1271 ne
2170 1220 2456 1274 comedens
2481 1262 2495 1284 ,
2549 1224 2811 1277 comedisti
2841 1222 2988 1295 (Gen.
3028 1226 3078 1281 5.
3124 1226 3258 1297 ll)?
3290 1226 3389 1282 hoc

1807 1317 1906 1370 est,
1938 1308 2043 1361 Nisi
2075 1309 2227 1376 plane
2261 1311 2359 1362 hoc
2383 1312 2619 1377 fecisses,
2652 1314 2791 1381 quod
2822 1314 3229 1382 prohibueram?
3259 1317 3388 1372 Vide

1806 1399 2076 1467 quomodo
2102 1400 2398 1454 sciscitatur
2426 1415 2489 1455 ac
2520 1401 2562 1455 si
2596 1404 2825 1457 nesciret
2848 1422 2861 1458 :
2886 1405 2992 1458 Nisi
3034 1405 3172 1474 quod
3204 1421 3266 1460 ex
3301 1405 3386 1458 illa

1803 1490 2014 1554 arbore,
2044 1488 2111 1543 de
2139 1504 2240 1558 qua
2272 1504 2625 1559 prreceperam
2659 1491 2749 1545 tibi
2780 1508 2845 1547 ne
2880 1494 3210 1559 comederes,
3240 1509 3387 1548 como

1802 1578 1986 1633 edisti?
2012 1580 2078 1633 At
2118 1579 2237 1633 vide
2264 1580 2355 1634 Dei
2388 1581 2782 1650 benignitatem.
2825 1582 2947 1647 Quis
2970 1583 3207 1637 indicavit
3251 1584 3338 1638 tibi
3359 1584 3382 1638 ἱ

1811 1669 1935 1725 Ideo
1960 1672 2282 1742 colloquium
2314 1673 2575 1747 producit,
2601 1682 2657 1726 ut
2684 1684 2881 1727 metum
2910 1674 3081 1728 solvat
3106 1716 3120 1739 ,
3164 1684 3218 1729 et
3247 1673 3385 1729 fidu-r

1802 1763 1937 1816 ciam
1966 1764 2178 1817 excitet.
2212 1761 2489 1833 Cogitabat
2515 1764 2654 1818 enim
2685 1764 2853 1818 Adam
2886 1766 3015 1819 nihil
3060 1766 3128 1820 ibi
3167 1765 3383 1830 durum,

1803 1855 1936 1908 nihil
1977 1870 2223 1925 asperum
2271 1871 2422 1920 esse,
2471 1872 2575 1909 non
2604 1856 2984 1910 contumeliam
3005 1898 3019 1923 ,
3049 1872 3152 1911 non
3185 1858 3385 1926 plagas.

1800 1943 1976 1998 Habes
2027 1945 2330 2013 magistram
2358 1946 2817 2000 consuetudinem.
2843 1946 3039 2002 Servus
3065 1948 3152 2016 qui
3199 1962 3385 2017 peccas

1799 2036 1894 2098 vit,
1923 2037 1965 2088 si
2000 2035 2188 2089 herum
2207 2035 2380 2100 adeat,
2413 2052 2442 2088 a
2470 2037 2635 2105 prima
2670 2052 2802 2091 voce
2851 2046 2940 2090 aut
2992 2036 3238 2091 fiduciam
3292 2046 3381 2090 aut

1803 2138 2003 2183 metum
2036 2129 2279 2183 assumit.
2317 2127 2370 2182 Si
2403 2130 2489 2183 ille
2517 2128 2776 2198 indignari
2811 2130 3035 2197 coeperit
3057 2170 3070 2195 ,
3102 2127 3383 2196 furemquo

1798 2220 1969 2281 illum,
2005 2218 2419 2281 fraudulentum,
2452 2220 2700 2289 milleque
2727 2220 2989 2273 mortibus
3028 2218 3245 2289 dignum
3283 2232 3378 2286 ap-

1796 2310 2023 2379 pellarit,
2056 2311 2234 2363 animo
2264 2309 2475 2374 deﬁcit;
2509 2312 2589 2363 sin
2638 2310 2782 2363 illum
2836 2310 3247 2380 exprobrantem
3278 2324 3377 2361 au-

1793 2403 1924 2467 diat,
1954 2402 2132 2463 Miser,
2166 2417 2264 2456 cur
2293 2404 2392 2456 hoc
2424 2403 2629 2457 fecisti?
2665 2419 2759 2457 cur
2788 2401 3058 2472 peccasti?
3088 2402 3266 2455 statim
3294 2415 3380 2453 re--

1794 2501 2013 2559 sumpto
2043 2493 2225 2546 animo
2253 2492 2476 2546 confidit
2504 2510 2516 2545 :
2544 2508 2715 2561 neque
2757 2493 2898 2546 enim
2925 2503 2979 2545 ut
3013 2491 3173 2545 herus
3206 2490 3375 2559 punit,

1793 2582 1886 2639 sed
1914 2594 1969 2636 ut
1997 2584 2251 2653 magister
2278 2594 2478 2636 monet.
2504 2582 2593 2637 Sic
2623 2584 2762 2637 Deus
2786 2602 2798 2635 :
2827 2582 2951 2649 Quis
2970 2582 3097 2635 dixit
3128 2581 3213 2633 tibi
3245 2584 3376 2649 quod

1797 2673 1965 2726 nudus
1992 2688 2145 2737 esses,
2185 2674 2281 2727 nisi
2310 2674 2443 2740 quod
2471 2673 2532 2726 de
2580 2673 2750 2743 ligno,
2786 2674 2849 2727 de
2891 2688 2990 2741 quo
3039 2687 3373 2743 praeceperant

1794 2765 1883 2818 tibi
1912 2781 1973 2818 ne
2018 2767 2323 2830 comederes,
2371 2764 2680 2818 comedisti?
2719 2764 2854 2818 Num
2891 2764 3053 2817 multa
3084 2763 3324 2833 prohibui
3352 2763 3371 2815 ’Ξ

1798 2855 1969 2910 Unum
2002 2856 2246 2925 prohibui
2274 2898 2287 2918 ,
2334 2856 2488 2924 idque
2538 2871 2640 2908 non
2683 2856 2755 2908 tui
2782 2856 2925 2920 odio,
2967 2855 3060 2911 sed
3106 2855 3246 2925 quod
3281 2855 3373 2909 tibi

1794 2949 2177 3016 prospicerem.
2224 2947 2348 3013 Quis
2379 2949 2466 3000 tibi
2494 2948 2733 3000 indicavit
2756 2988 2769 3007 .
2813 2948 2948 3016 quod
2996 2947 3161 3000 nudus
3198 2946 3375 3000 esses!

1790 3037 1933 3092 Nihil
1966 3038 2299 3107 impudenter
2331 3038 2604 3107 respondit
2635 3057 2648 3092 :
2680 3053 2785 3091 non
2818 3038 2985 3103 dixit,
3035 3037 3371 3097 Nesciebam.

1790 3130 1926 3197 Quid
1967 3129 2134 3199 ergo?
2182 3129 2403 3193 Mulier,
2447 3146 2594 3201 quant
2656 3130 2839 3183 dedisti
2882 3130 3008 3181 mihi
3023 3169 3037 3193 ,
3082 3128 3189 3182 [nec
3233 3128 3373 3181 dedit

1790 3224 1932 3288 mihi,
1963 3232 2006 3274 et
2029 3224 2219 3275 comedi
2244 3221 2393 3289 (Gen.
2426 3222 2477 3275 5.
2508 3221 2621 3287 l2):
2647 3237 2708 3273 ac
2737 3224 2778 3273 si
2807 3221 3027 3285 diceret,
3075 3223 3203 3284 Quae
3250 3219 3371 3273 data

1791 3315 1918 3368 mihi
1951 3323 2098 3376 erat,
2131 3325 2184 3366 ut
2212 3315 2507 3380 adjuvarct.
2564 3313 2752 3366 Audivi
2790 3312 2930 3365 enim
2962 3326 3080 3366 cum
3114 3310 3372 3365 formatus

1788 3422 1964 3461 essem
1990 3447 2002 3468 ,
2053 3416 2105 3459 et
2134 3406 2216 3458 illa
2262 3406 2491 3459 nondum
2541 3414 2722 3467 esset,
2750 3404 3015 3457 dicentem
3048 3420 3062 3456 :
3098 3400 3374 3456 Faciamus

1789 3498 1866 3550 illi
1912 3499 2195 3568 adjutorem
2223 3498 2437 3549 similem
2466 3498 2510 3550 ei
2538 3495 2689 3566 (Gen.
2721 3494 2774 3548 2.
2809 3496 2920 3563 l3).
2956 3494 3081 3549 ch
3101 3510 3252 3564 quam
3279 3494 3370 3546 dc-

1789 3589 1908 3642 disti
1936 3590 2080 3653 mihi,
2114 3590 2250 3641 dedit
2290 3590 2434 3640 mihi.
2462 3588 2571 3643 Non
2602 3587 2755 3653 dixit,
2793 3587 3029 3657 Decepit,
3065 3602 3190 3651 non,
3224 3584 3370 3641 Men-

1788 3681 1882 3733 tita
1914 3691 1987 3734 est
2020 3700 2032 3733 :
2077 3679 2200 3733 Htvc
2222 3681 2345 3732 mihi
2366 3680 2520 3741 dedit,
2545 3690 2589 3731 et
2614 3679 2827 3733 comedi.

1860 3774 1912 3827 8.
1960 3773 2093 3826 Tum
2129 3771 2618 3839 Deus:0portebat
2654 3780 2703 3825 te
2760 3770 2909 3824 uxori
2963 3768 3184 3824 credere
3210 3808 3224 3833 ,
3262 3780 3367 3821 non

1789 3864 1957 3916 mihi?
1990 3878 2112 3915 num
2140 3861 2239 3916 fide
2270 3861 2480 3930 dignior
2504 3878 2587 3913 me
2615 3860 2850 3913 mulier"
2878 3859 2988 3928 Ego
3011 3858 3148 3912 bona
3184 3856 3368 3921 tribui,

1788 3969 1887 4023 ego
1920 3963 1968 4007 te
1990 3954 2147 4007 rebus
2178 3952 2306 4020 ipsis
2331 3950 2584 4005 honoravi
2617 3968 2630 4004 :
2666 3951 2751 4003 illa
2798 3951 2972 4004 verbis
3002 3949 3274 4003 inescavit.
3307 3948 3371 4001 fit

1788 4046 1909 4099 vide
1935 4064 1947 4097 :
1980 4054 2036 4096 ut
2081 4044 2244 4110 judex
2274 4051 2490 4112 accepta
2523 4043 2868 4095 excusatione
2895 4041 2994 4104 rei,
3023 4042 3065 4092 si
3096 4056 3201 4092 non
3234 4038 3369 4091 ultra

1788 4133 2171 4188 examinaverit
2200 4133 2368 4190 illum.
2417 4132 2509 4186 sed
2541 4132 2811 4185 transierit
2838 4131 2900 4183 ad
2954 4130 3114 4184 alium
3143 4170 3158 4196 ,
3188 4129 3366 4183 statim

1788 4240 1910 4279 reus
1941 4240 2059 4277 cum
2094 4222 2282 4276 fiducia
2312 4222 2460 4288 dicit,
2493 4222 2709 4276 Interim
2756 4237 2854 4290 ego
2908 4236 3131 4276 examen
3183 4219 3317 4274 subii
3350 4236 3365 4272 :

1787 4318 1862 4370 sic
1894 4327 1945 4370 et
1969 4316 2107 4369 Deus
2138 4314 2204 4367 ab
2237 4314 2438 4367 Adamo
2461 4316 2669 4379 transit,
2704 4324 2761 4367 ut
2791 4316 2905 4381 ejus
2928 4324 3125 4368 metum
3156 4312 3361 4375 solvat,

1786 4418 1839 4461 et
1874 4408 2079 4461 mulieri
2109 4406 2256 4469 dicit,
2292 4405 2394 4458 Cur
2412 4406 2506 4457 ltoc
2537 4405 2744 4473 fecisti?
2772 4405 2899 4467 Qua:
2916 4403 3175 4472 respondit
3199 4416 3217 4455 :
3245 4401 3370 4455 Ser-

1786 4515 1907 4568 pens
1936 4498 2133 4551 seduxit
2183 4514 2289 4559 me,
2332 4507 2375 4549 et
2403 4496 2594 4548 comedi
2630 4494 2779 4563 (Gen.
2812 4495 2864 4549 5.
2898 4494 3009 4563 15).
3060 4492 3190 4559 Quia
3244 4506 3368 4545 vera

1785 4590 1936 4649 dixit,
1963 4602 2139 4640 veram
2191 4587 2330 4640 Deus
2361 4586 2729 4639 defensionem
2785 4598 2891 4637 non
2934 4584 3195 4652 vituperat
3225 4623 3239 4649 ,
3272 4583 3367 4635 sed

1788 4681 1903 4733 sine
1936 4679 2171 4733 nlteriori
2201 4679 2447 4733 examine
2471 4678 2723 4747 relinquit
2743 4692 2881 4731 eam.
2920 4676 3031 4730 Non
3064 4676 3196 4729 dixit
3227 4691 3241 4729 :
3272 4673 3369 4728 Er-

1786 4785 1921 4839 gone
1948 4770 2034 4823 ille
2061 4811 2075 4835 ,
2109 4770 2311 4823 scilicet
2339 4784 2563 4837 serpens
2591 4808 2605 4833 ,
2646 4783 2732 4821 me
2772 4767 2875 4821 fide
2925 4766 3132 4836 dignior
3159 4764 3370 4819 habitus

1787 4862 1908 4917 est?
1938 4861 2188 4915 Promisit
2214 4862 2572 4928 mqualitatem
2605 4873 2724 4911 cum
2760 4858 2889 4923 Deo,
2915 4867 2967 4911 et
2996 4864 3218 4910 mortem
3247 4869 3369 4923 pro-

1788 4954 2011 5009 curavit.
2045 4953 2243 5006 Verum
2273 4969 2377 5005 non
2404 4953 2583 5006 statim
2630 4950 2856 5021 judicat,
2890 4949 2983 5002 sed
3020 4948 3067 5002 ei
3118 4956 3176 4999 ut
3216 4945 3365 5000 infir—

1789 5046 1942 5101 miori
1974 5046 2083 5097 vasi
2118 5046 2284 5113 magis
2313 5045 2588 5112 pepercit;
2621 5049 3032 5109 serpentemque
3062 5036 3263 5100 adivit,
3312 5044 3371 5090 ut

1787 5146 1841 5189 et
1868 5136 1981 5189 viro
2011 5144 2064 5189 et
2090 5135 2299 5189 mulieri
2330 5133 2695 5202 persuaderet,
2728 5144 2785 5182 se
2802 5140 3073 5183 auctorem
3100 5126 3367 5179 aditurum

1788 5239 1947 5289 esse;
1982 5225 2180 5293 aitque,
2212 5224 2339 5288 Quia
2366 5224 2457 5274 hoc
2483 5221 2661 5290 fecisti.
2694 5219 2876 5273 V'iden‘
2894 5220 3083 5273 mirum
3114 5218 3371 5287 judicent?

1791 5316 2057 5385 Deceptos
2087 5316 2394 5382 interrogat,
2419 5312 2760 5381 deceptorem
2786 5326 2959 5365 secus.
2985 5310 3097 5364 Non
3125 5312 3171 5364 ei
3195 5310 3323 5364 dicit
3354 5349 3368 5372 ,

1789 5408 1923 5474 Quid
1970 5406 2331 5471 fecisti‘tsed,
2387 5405 2520 5468 Quia
2580 5406 2673 5458 hoc
2722 5406 2906 5475 fecisti.
2959 5404 3156 5459 Eodem
3214 5404 3373 5457 modo

1788 5499 1951 5553 David
1982 5500 2108 5552 dicit
2134 5541 2147 5561 ,
2184 5496 2305 5549 Non
2331 5507 2590 5564 resurgent
2639 5498 2786 5567 impii
2810 5498 2863 5549 in
2877 5497 3075 5566 judicio
3110 5496 3280 5566 (Psal.
3312 5498 3364 5549 I.

1791 5592 1880 5659 5);
1912 5606 2015 5643 non
2046 5591 2166 5660 quia
2196 5604 2299 5642 non
2336 5597 2617 5658 resurgent
2642 5629 2654 5650 ,
2704 5588 2795 5642 sed
2825 5588 2943 5657 quia
2962 5604 3074 5641 non
3103 5587 3373 5642 exrunina-

1791 5681 2007 5735 buntur.
2050 5680 2179 5744 Quia
2206 5683 2297 5732 Itoc
2326 5680 2512 5748 fecisti.
2548 5678 2750 5733 Inflicta
2784 5680 3016 5747 serpenti
3075 5692 3249 5746 pretia,
3275 5692 3371 5730 eo-

1794 5791 1910 5830 rum
1940 5790 2073 5847 quos
2100 5775 2381 5831 seduxcrat
2410 5790 2593 5846 pmnas
2622 5775 2851 5830 leviores
2876 5771 3075 5829 effecit.
3114 5772 3253 5841 Nisi,
3295 5772 3374 5832 ius
