3976 6218
628 380 743 436 495

623 485 756 553 quit,
795 483 932 536 Deus
956 478 1131 532 omnia
1163 478 1234 532 illi
1261 476 1650 544 adscripsisset.
1674 487 1776 525 non
1800 472 1916 526 sine
1953 474 2200 527 exatninc

627 573 945 629 Sententiam
980 572 1205 624 tulisset.
1233 569 1364 636 Quia
1391 570 1485 620 Iwc
1512 567 1688 637 fecisti,
1715 564 2012 617 maledictus
2035 580 2084 616 es
2115 581 2202 615 sn-

628 681 716 734 per
734 678 905 716 onmes
931 662 1113 714 bestias
1141 671 1311 714 terrm.
1339 659 1508 727 Super
1532 667 1702 725 pectus
1733 667 1872 708 tuum
1911 666 1954 708 et
1986 664 2203 707 uentrem

622 753 868 823 gradieris
919 747 1067 814 (Gen.
1097 749 1149 802 5.
1187 748 1291 816 14).
1321 749 1462 813 Quia
1491 748 1586 798 hoc
1623 747 1795 814 fecisti
1833 746 1994 812 :quia
2039 743 2202 797 eordc

620 843 807 913 cepisti
836 884 848 906 ,
887 855 950 895 ac
992 839 1162 894 ventri
1191 849 1248 893 ut
1275 839 1452 892 cibum
1483 844 1719 907 gustaret
1745 836 1982 901 suasisti,
2033 833 2201 902 Super

620 945 792 1002 pectus
836 945 882 986 et
934 942 1149 985 ventrem
1177 930 1446 1001 gradieris.
1497 927 1611 981 Non
1638 927 1778 995 quod
1829 935 1952 980 ante
1980 925 2200 994 pedibus

617 1026 688 1077 sit
718 1039 863 1085 usus.
888 1022 1128 1076 decernit
1155 1021 1292 1074 Deus
1334 1031 1386 1073 ut
1418 1034 1578 1088 super
1604 1028 1849 1073 ventrem
1893 1018 2196 1088 gradiatur,

616 1116 708 1168 sed
729 1116 849 1184 quia
879 1124 1088 1168 erectus
1114 1113 1387 1166 mulierem
1415 1113 1719 1181 alloquutus
1744 1121 1878 1166 erat.
1910 1110 2022 1164 Non
2053 1111 2196 1164 enim

619 1215 824 1274 poterat
850 1207 953 1258 alio
976 1205 1131 1257 modo
1154 1220 1272 1258 cum
1292 1203 1401 1256 Eva
1430 1203 1750 1270 colloquium
1780 1203 2030 1256 miscere.
2051 1200 2201 1254 Allo-

613 1296 808 1365 quendi
844 1296 1098 1357 formam,
1122 1311 1222 1364 qua
1255 1295 1414 1347 Evam
1445 1293 1749 1356 seduxerat,
1793 1290 2072 1360 gradiendi
2105 1304 2198 1343 su-

620 1403 715 1456 per
743 1397 925 1455 pectus
967 1402 1122 1456 paena
1150 1386 1371 1454 castigat
1391 1424 1404 1446 ,
1436 1393 1490 1437 et
1516 1399 1545 1436 a
1577 1383 1865 1437 constituto
1911 1379 2193 1435 incedendi

616 1478 774 1531 modo
799 1477 960 1545 ejicit.
989 1477 1100 1530 Etsi
1128 1477 1268 1530 enim
1302 1475 1418 1528 sine
1448 1475 1672 1542 pedibus
1709 1488 1736 1524 a
1791 1473 2052 1541 principio
2084 1471 2194 1524 for-

615 1579 788 1623 matus
818 1579 970 1634 erat,
1011 1577 1066 1621 at
1095 1567 1317 1637 agilibus
1368 1565 1684 1635 quibusdam
1730 1563 2194 1618 convolutionibus

611 1671 844 1725 erectus,
864 1672 1086 1716 extenso
1111 1671 1326 1728 pectore
1352 1659 1499 1729 quasi
1532 1657 1822 1726 equitabat.
1857 1655 2003 1711 Unde
2031 1657 2190 1708 etiam

614 1767 756 1806 nunc
782 1765 1003 1819 serpens
1029 1751 1191 1803 iratus
1220 1764 1364 1816 saepe
1390 1750 1622 1816 seipsmn
1645 1748 1822 1815 erigit,
1857 1756 1910 1799 et
1941 1746 1990 1798 in
2021 1745 2194 1798 circu-

611 1844 714 1896 lum
735 1842 1049 1896 cmtvoltttus
1066 1842 1258 1894 currit:
1282 1854 1594 1909 progressus
1606 1848 1779 1892 autem
1794 1846 2043 1906 quantum
2063 1837 2192 1890 satis

610 1941 716 1995 est,
748 1941 803 1986 ttt
824 1934 1024 2000 antiqui
1047 1946 1259 2001 gressus
1288 1929 1501 1984 refricet
1525 1930 1858 1992 memoriam,
1889 1943 2098 1981 rursum
2125 1942 2192 1980 ex

606 2023 885 2079 sententia:
907 2025 1020 2092 lege
1047 2023 1419 2091 prosternitur.
1453 2020 1516 2073 Et
1543 2030 1724 2073 terram
1755 2020 1978 2072 comedes
1998 2019 2191 2070 cunctis

607 2116 779 2169 diebus
809 2116 924 2168 vitta
956 2125 1072 2168 tum.
1095 2114 1397 2167 Inimicitias
1425 2129 1606 2182 ponam
1636 2114 1765 2165 inter
1792 2122 1838 2164 te
1863 2121 1908 2164 et
1931 2111 2191 2163 mulierem

609 2205 761 2275 (Gen.
786 2207 838 2260 '5.
863 2204 971 2277 15).
997 2206 1133 2272 Quid
1161 2206 1260 2260 sibi
1287 2207 1419 2268 vult,
1446 2204 1655 2258 Terram
1679 2204 1945 2258 camertes?
1973 2203 2025 2257 ld
2047 2202 2189 2272 quod

607 2298 868 2351 Adamum
893 2299 1004 2351 fore
1028 2297 1320 2366 procurasti
1350 2339 1364 2363 ,
1394 2297 1495 2351 hoc
1534 2297 1708 2365 ipsum
1749 2295 1992 2350 comede.
2025 2295 2191 2349 Audi-

607 2399 760 2442 tnrus
788 2391 929 2442 enim
957 2389 1046 2442 ille
1073 2399 1156 2443 est
1187 2406 1199 2441 :
1237 2389 1394 2442 Terra
1415 2405 1487 2452 es,
1528 2399 1573 2441 et
1595 2390 1644 2440 in
1677 2398 1861 2441 tetram
1903 2389 2182 2441 reverteris.

606 2480 907 2534 Inimicitias
942 2496 1122 2550 ponam
1144 2481 1274 2532 inter
1301 2489 1349 2533 te
1383 2489 1427 2532 et
1455 2480 1712 2532 mulierem
1764 2476 1912 2549 (Gen.
1968 2478 2021 2533 ὅ.
2074 2478 2182 2544 19).

606 2575 737 2642 Quia
768 2574 1011 2627 simulata
1057 2573 1290 2626 amicitia
1319 2572 1599 2635 seduxisti,
1631 2579 1897 2639 tamquam
1941 2570 2188 2625 inimicus

605 2665 834 2732 ejiceris.
864 2663 1054 2718 Sermo
1082 2665 1179 2717 istc
1214 2665 1264 2716 in
1290 2663 1457 2732 legem
1489 2663 1713 2716 transiit.
1739 2662 1968 2716 Attende
1994 2662 2183 2729 igitur:

619 2754 829 2809 Terram
867 2756 1097 2808 comedes
1130 2754 1317 2806 cunctis
1366 2752 1541 2806 diebus
1585 2754 1700 2806 vita:
1723 2763 1842 2806 tuae.
1875 2752 2007 2806 Vide
2043 2769 2183 2805 :non

603 2845 733 2900 dicit
763 2845 1018 2913 serpenti,
1050 2845 1211 2898 Terra
1243 2845 1334 2897 tibi
1395 2845 1544 2897 cibus
1579 2845 1680 2898 erit
1705 2863 1718 2897 :
1745 2859 1847 2897 non
1891 2845 2030 2898 enim
2067 2858 2184 2898 ser-

606 2950 794 3009 pentes
835 2948 1026 2991 terram
1061 2952 1275 3004 semper
1294 2935 1602 3002 comedunt,
1632 2935 1724 2990 sed
1755 2937 2005 2990 carnibus
2023 2937 2181 2989 etiam

605 3031 821 3082 aluntur
859 3039 914 3082 et
944 3026 1222 3093 fruetibus,
1251 3027 1454 3080 semina
1483 3025 1762 3091 mandunt,
1793 3036 1848 3080 et
1876 3026 2066 3080 herbas
2097 3041 2187 3080 ca-

608 3131 775 3190 ptant.
807 3120 921 3175 Hoc
966 3129 1141 3175 autem
1191 3119 1320 3174 dicit
1355 3138 1367 3172 :
1397 3119 1662 3173 Absumes
1714 3128 1943 3184 terram,
2002 3119 2062 3172 in
2098 3119 2183 3172 illa

603 3223 840 3280 reptans.

676 3306 735 3360 Si
781 3303 1011 3358 diabolus
1052 3304 1279 3372 decepit,
1335 3320 1424 3355 cur
1478 3303 1695 3371 serpenti
1746 3302 2078 3356 maledicitur.
2117 3331 2187 3342 —-

606 3397 797 3452 Verum
831 3399 978 3448 aiunt
1009 3395 1220 3465 quidam
1253 3412 1268 3449 :
1306 3394 1359 3449 Si
1388 3394 1629 3448 diabolus
1656 3395 1894 3464 decepit,
1941 3411 2036 3449 cur
2073 3411 2188 3450 ser-

601 3505 733 3558 pens
772 3489 1196 3543 maledictionem
1239 3487 1472 3555 excipit?
1521 3487 1838 3540 luvisibilem
1887 3488 2182 3540 daemonem

602 3581 849 3635 invisibili
876 3580 1024 3648 plaga
1064 3578 1259 3640 allicit;
1309 3579 1512 3632 visibile
1548 3579 1959 3631 instrumentum
1991 3578 2182 3632 visibili

601 3674 860 3742 supplicio
892 3672 1118 3740 subjicit.
1165 3670 1380 3738 Quare?
1411 3669 1557 3724 Sicut
1590 3671 1728 3723 Deus
1760 3669 2038 3723 invisibilis
2062 3684 2183 3722 cum

603 3767 704 3831 sit,
734 3764 938 3816 visibile
977 3769 1374 3814 monumentum
1404 3760 1549 3814 dedit
1575 3761 1820 3813 arborem
1853 3776 1866 3812 :
1896 3759 1972 3813 sic
2000 3760 2184 3814 diabo-

601 3859 706 3922 lus,
737 3855 1012 3909 invisibilis
1034 3869 1153 3906 cum
1182 3855 1250 3906 sit
1273 3895 1286 3917 ,
1320 3852 1560 3905 homines
1603 3867 1695 3920 per
1722 3859 2020 3919 serpentem
2053 3852 2182 3903 allo-

600 3949 797 4019 quitur.
847 3944 1071 4013 Subjicit
1113 3960 1238 4012 ergo
1283 3945 1421 3998 Deus
1458 3952 1759 4011 serpentem
1800 3943 2179 4007 maledictioni,

603 4052 658 4094 ut
688 4040 729 4094 si
763 4039 843 4092 cui
881 4039 1122 4093 diabolus
1166 4037 1286 4090 mali
1318 4035 1586 4106 quidpiam
1626 4037 1845 4101 fecerit,
1879 4046 2180 4105 serpentem

600 4147 756 4200 quem
785 4130 924 4184 videt
953 4140 1246 4195 repentem,
1271 4127 1581 4182 recordetur
1597 4127 1723 4181 olim
1741 4138 1973 4182 erectum
2000 4125 2180 4193 fuisse,

599 4223 917 4292 cogitetque,
949 4222 989 4273 si
1021 4220 1264 4287 nequitia:
1289 4219 1530 4273 minister
1554 4219 1630 4272 sic
1657 4219 1923 4288 plectitur,
1951 4217 2066 4286 ejus
2091 4234 2184 4271 au-

600 4323 716 4366 ctor
744 4319 937 4380 quanta
959 4311 1222 4378 patiatur?
1253 4311 1635 4363 Animadverte
1662 4310 1842 4377 igitur.
1862 4309 1994 4362 lluic
2015 4308 2183 4362 reiaf—

602 4406 722 4458 linia
758 4405 813 4458 in
837 4403 1124 4472 Evangelia
1162 4401 1536 4470 deprehendis.
1562 4400 2016 4466 Quemadmodum
2039 4400 2179 4454 enim

603 4497 652 4549 in
682 4493 874 4547 visibili
907 4503 1154 4561 serpente
1186 4494 1486 4561 loquentem
1518 4508 1620 4544 una
1658 4505 1777 4544 cum
1819 4506 1883 4544 eo
1913 4492 2002 4560 qui
2036 4491 2180 4543 vide-

604 4587 756 4638 batur
786 4581 1179 4645 condemnavit,
1226 4582 1303 4636 sic
1318 4581 1440 4636 etin
1459 4582 1744 4649 Evangelio
1760 4596 1879 4634 cum
1908 4579 2183 4634 d;emones

601 4676 866 4728 Christum
900 4683 1146 4742 rogarent
1168 4714 1182 4738 ,
1227 4687 1293 4726 ne
1325 4672 1658 4726 mitterentur
1686 4671 1734 4724 in
1765 4669 2050 4741 abyssum,
2097 4671 2182 4724 di-

603 4776 886 4832 cerentquc
907 4805 920 4830 ,
958 4763 1200 4816 Permitte
1228 4763 1367 4816 nobis
1411 4765 1462 4815 in
1507 4778 1685 4831 porcos
1723 4760 1918 4831 ingredi
1948 4759 2094 4825 (Luc.
2125 4759 2180 4813 8.

603 4858 691 4910 51.
720 4856 849 4926 52);
883 4856 1121 4924 permisit
1165 4853 1404 4922 ingredi,
1463 4860 1519 4905 ut
1568 4851 1857 4903 invisibiles
1905 4849 2020 4901 illos
2059 4863 2178 4901 cum

603 4949 895 5002 \‘isibilibus
934 4945 1246 5023 corporibus
1283 4945 1668 5012 subntergeret.
1694 4941 1904 4994 Terram
1933 4940 2176 4992 contedes.

602 5040 902 5093 Inimicitias
947 5054 1128 5107 ponam
1172 5036 1301 5088 inter
1328 5045 1371 5087 te
1398 5045 1441 5086 et
1472 5036 1746 5086 mulierem.
1791 5031 2087 5085 Amicitiam
2131 5030 2180 5081 iu

603 5132 782 5185 odium
816 5132 1067 5191 mutavit,
1107 5141 1159 5180 ct
1192 5141 1367 5180 sermo
1407 5126 1457 5179 iu
1495 5127 1663 5194 legem
1692 5139 1878 5177 versus
1904 5133 2004 5178 cst.
2040 5124 2183 5175 Alias

604 5224 797 5291 quippe
844 5220 1040 5273 bestias
1085 5217 1301 5271 student
1355 5219 1596 5268 homines
1650 5215 1855 5269 cicures
1910 5213 2178 5267 reddere:

605 5319 905 5381 serpentem
949 5324 1075 5362 vero
1121 5309 1162 5359 si
1210 5307 1326 5375 quis
1371 5307 1594 5368 viderit,
1647 5305 1827 5358 statim
1866 5305 2180 5357 concitatur.

607 5407 781 5458 Μςηιρῑ
826 5403 1019 5471 quippe
1066 5401 1336 5452 decretum
1370 5415 1381 5450 :
1413 5395 1714 5449 Inimicitias
1750 5412 1932 5465 ponam
1965 5396 2091 5446 inter
2118 5405 2182 5446 tc.

607 5497 825 5549 Etiatusi
857 5493 996 5547 deuti
1028 5490 1244 5552 viderit,
1281 5503 1472 5540 necare
1494 5489 1656 5553 cupit.
1704 5487 1756 5540 Si
1786 5486 1836 5538 iu
1865 5486 1944 5537 via
1976 5485 2183 5550 viderit,

605 5591 782 5642 furore
814 5586 877 5639 ad
901 5584 1246 5637 oceideudmn
1277 5579 1461 5634 fertur.
1495 5579 1872 5633 Stimulateum
1898 5586 2044 5631 vetus
2067 5592 2189 5630 seu-

609 5681 790 5730 iutilia.
840 5678 892 5731 Si
922 5684 1198 5731 sescentas
1237 5674 1412 5743 plagas
1437 5670 1670 5740 serpenti
1701 5670 1955 5732 intulerit,
1991 5668 2190 5722 videat-

606 5784 708 5838 que
736 5777 892 5837 caput
920 5785 1020 5820 non
1055 5767 1401 5829 vulneratum,
1430 5761 1604 5817 statim
1635 5768 1812 5814 mouet
1837 5779 1848 5812 :
1879 5759 2048 5827 Caput
2073 5775 2186 5814 scr-

2065 356 2432 414 SEVERIANI
3782 397 3864 449 4%
3936 365 3937 406 l

2315 476 2487 543 pentis
2539 491 2644 532 non
2699 480 3029 547 percussisti,
3081 492 3236 552 caput
3283 484 3413 548 feri;
3461 489 3712 556 quoniam
3756 490 3861 544 Deus

2311 568 2441 622 dicit
2472 585 2485 621 :
2515 568 2638 638 Ipse
2656 570 2932 624 observabit
2959 583 3109 642 caput
3132 583 3293 641 tuum,
3327 586 3370 629 et
3397 587 3450 630 tu
3480 578 3756 632 obsereabis
3781 582 3861 650 ejus

2312 657 2622 712 calcaneum.
2667 661 2802 728 Quid
2835 661 2935 716 hoc
2955 665 3053 718 sibi
3083 665 3230 718 vult?
3272 666 3383 720 Non
3413 666 3574 732 dicit,
3603 670 3802 723 Faciam
3825 687 3863 723 υ.

2313 745 2473 800 homo
2515 762 2542 800 a
2583 751 2791 804 czetcris
2848 753 2949 806 tuis
2997 753 3251 807 membris
3305 756 3558 812 feriendis
3607 759 3859 821 abstineat,

2310 837 2590 908 solumque
2618 850 2778 909 caput
2817 844 3008 897 caadat.
3061 844 3238 900 Utitur
3275 850 3416 902 enim
3458 849 3621 904 homo
3653 851 3806 920 plagis
3826 854 3863 904 in

2309 928 2485 981 omnia
2513 932 2774 998 serpentis
2807 933 3045 986 membra
3067 975 3082 999 ,
3121 945 3178 988 ut
3204 936 3521 1006 ubicumque
3550 942 3863 1008 percusserit,

2311 1025 2476 1071 totum
2525 1020 2829 1075 ulciscatur.
2876 1021 2930 1077 id
2973 1040 3133 1092 porro
3158 1028 3297 1095 quod
3327 1042 3360 1080 a
3389 1028 3614 1083 Domino
3662 1034 3866 1098 serpenti

2307 1109 2505 1164 dictum
2530 1122 2609 1167 est
2628 1153 2643 1179 ,
2673 1113 2753 1167 Tu
2787 1115 3066 1169 observabis
3100 1118 3390 1172 calcaneum
3417 1121 3528 1185 ejus
3552 1161 3566 1184 ,
3595 1136 3704 1174 noa
3732 1122 3866 1191 signi-

2307 1199 2460 1266 ficat,
2504 1203 2600 1271 ipsi
2631 1218 2942 1259 concessum
2969 1222 3088 1262 esse
3119 1219 3178 1262 ut
3220 1210 3524 1264 calcaueum
3574 1212 3863 1266 adoriatur:

2305 1291 2508 1346 invadit
2533 1295 2677 1348 enim
2725 1296 3042 1366 quandoque
3083 1314 3305 1368 serpens
3356 1300 3722 1365 dormientes,
3764 1318 3867 1356 ven-

2305 1390 2440 1437 trem
2473 1398 2575 1438 uon
2605 1401 2727 1440 raro
2752 1397 3006 1456 occupat,
3057 1389 3290 1443 immittit
3322 1406 3586 1445 venenum
3606 1434 3622 1456 ,
3651 1395 3867 1447 manibus

2303 1486 2364 1526 ac
2393 1474 2607 1542 reliquis
2635 1477 2886 1530 membris
2918 1494 3126 1532 morsus
3153 1480 3318 1550 infigit
3344 1523 3359 1546 ,
3388 1494 3551 1550 atque
3579 1483 3634 1536 in
3670 1484 3866 1552 quodvis

2303 1567 2601 1620 membrum
2635 1567 2833 1622 incidat
2855 1611 2869 1634 ,
2919 1569 3046 1623 illud
3073 1571 3269 1625 damno
3307 1571 3505 1637 aflicit;
3557 1590 3742 1628 verum
3770 1589 3870 1628 sea—

2303 1657 2483 1711 tentia:
2529 1673 2682 1712 meus
2726 1659 2842 1712 talis
2872 1669 2955 1712 est
2986 1677 2998 1708 :
3026 1659 3142 1714 Non
3195 1661 3362 1726 ultra,
3416 1663 3621 1732 inquit,
3674 1678 3868 1732 serpens

2302 1747 2469 1802 libere
2501 1748 2701 1802 homini
2755 1749 3120 1816 insidiabitur;
3167 1751 3260 1806 sed
3292 1753 3433 1806 intus
3475 1768 3706 1806 manens
3746 1763 3868 1807 tanto

2303 1839 2574 1894 hominum
2623 1852 2828 1894 terrore
2861 1839 3148 1905 afficieris,
3191 1850 3247 1895 ut
3274 1843 3324 1895 in
3363 1843 3609 1897 cavernis
3655 1842 3864 1905 latitans,

2299 1931 2385 1984 vix
2413 1946 2478 1985 ex
2501 1929 2851 1985 foraminibus
2876 1929 3250 1986 formidolosus
3275 1933 3591 2001 respiciens,
3613 1933 3868 1987 hominum

2299 2022 2552 2075 transitus
2576 2032 2778 2075 tantum
2804 2022 3062 2076 observes
3088 2063 3103 2089 ,
3133 2032 3188 2074 ut
3214 2023 3347 2075 citra
3384 2023 3682 2091 periculum
3711 2037 3864 2076 exeas.

2299 2112 2470 2168 llomo
2489 2123 2690 2180 autem,
2725 2115 2914 2183 inquit,
2947 2115 3113 2169 libere
3145 2115 3456 2180 ambulabit,
3481 2125 3646 2183 caput
3675 2127 3810 2168 tuum
3827 2115 3868 2167 in

2297 2204 2645 2261 foraminibus
2697 2207 3007 2269 observans,
3053 2216 3319 2277 tamquam
3365 2208 3567 2261 inimici
3609 2208 3866 2271 latitantis,

2296 2313 2400 2351 non
2429 2300 2581 2352 amici
2612 2300 2791 2368 specie
2819 2300 3103 2369 loquentis.

2368 2390 2420 2444 9.
2444 2388 2548 2444 Sed
2574 2391 2694 2458 quia
2729 2402 2936 2459 tempus
2961 2398 3142 2460 urget,
3172 2390 3468 2445 orationem
3499 2390 3866 2459 compleamus.

2297 2482 2645 2553 Interrogavit
2665 2499 2784 2536 eam
2813 2499 2929 2552 qua:
2957 2482 3178 2551 decepta
3208 2483 3375 2537 fuerat
3418 2497 3433 2535 ;
3478 2483 3675 2535 transit
3699 2482 3764 2536 ad
3789 2481 3866 2535 de-

2294 2583 2588 2641 ceptorem.
2636 2573 2909 2628 Sententia
2938 2587 2967 2625 a
2998 2572 3176 2626 radice
3201 2586 3322 2625 orsa
3351 2579 3432 2625 est
3457 2612 3471 2636 ,
3515 2587 3714 2640 nempe
3739 2587 3766 2623 a
3795 2587 3866 2623 se-

2294 2667 2533 2721 ductore.
2568 2667 2767 2720 Deinde
2794 2666 2856 2718 ad
2883 2665 3161 2735 deceptam
3187 2665 3330 2719 venit
3359 2673 3412 2719 et
3438 2665 3614 2718 minas
3637 2667 3865 2718 intentat.

2295 2755 2468 2810 Prima
2501 2771 2602 2809 vox
2629 2756 2693 2809 ad
2738 2764 3045 2825 serpentem
3073 2755 3213 2810 dicta
3258 2754 3391 2817 fuit,
3446 2753 3774 2808 Maledicta.
3819 2751 3870 2804 Et

2294 2847 2421 2900 dixit
2460 2846 2596 2900 Deus
2631 2847 2829 2900 mulieri
2861 2864 2877 2901 :
2915 2845 3264 2915 Multiplicans
3299 2847 3647 2914 multiplicabo
3689 2847 3869 2898 dolorrs

2296 2947 2407 2990 tuos
2449 2948 2494 2990 et
2531 2937 2744 3006 gemitus
2784 2946 2894 2989 tuos
2921 2934 3071 3008 (Gen.
3103 2937 3156 2991 5.
3191 2937 3301 3006 16).
3347 2935 3461 2989 Νοιι
3489 2935 3788 2998 maledicit,
3818 2947 3870 2986 ne

2296 3030 2485 3098 pariat,
2517 3030 2638 3099 quia
2663 3028 2772 3098 jam
2797 3030 2940 3097 prius
2970 3027 3313 3084 hencdixerat
3343 3045 3356 3080 :
3391 3044 3508 3080 nam
3538 3042 3664 3080 cum
3686 3027 3867 3080 forma-

2293 3123 2372 3176 vit
2400 3138 2491 3176 eos
2520 3164 2532 3185 ,
2558 3124 2630 3176 ait
2662 3141 2673 3175 :
2705 3121 2771 3175 Et
2812 3122 3062 3175 benedixit
3100 3137 3183 3174 eos
3213 3119 3346 3173 Deus
3373 3119 3561 3178 dicens.
3592 3120 3813 3172 Crescite
3836 3127 3870 3169 ct

2294 3216 2734 3283 multiplicamini,
2787 3225 2832 3268 et
2873 3217 3058 3284 replete
3103 3225 3286 3267 terram
3331 3213 3478 3283 (Gen.
3515 3213 3567 3265 1.
3593 3210 3719 3278 28).
3758 3210 3870 3263 Dicit

2293 3321 2420 3360 vero
2454 3305 2647 3360 Paulus
2668 3346 2680 3368 ,
2711 3305 2837 3360 Sine
2866 3304 3157 3374 paenitentia
3186 3315 3296 3355 sunt
3322 3302 3455 3353 dona
3475 3299 3570 3352 Dei
3592 3300 3776 3366 (Rom.
3801 3299 3870 3350 1|.

2291 3397 2404 3465 29).
2437 3397 2549 3450 Non
2579 3412 2708 3465 ergo
2740 3398 3003 3450 maledicit
3025 3409 3156 3463 quos
3177 3392 3517 3448 benedixerat
3546 3408 3559 3443 :
3590 3392 3690 3445 sed
3717 3389 3868 3460 quid?

2292 3490 2622 3560 Stupendum
2679 3488 2970 3542 remedium
3018 3486 3220 3540 vulneri
3268 3484 3512 3541 adhibet.
3568 3481 3794 3536 dolores
3831 3488 3874 3532 et

2289 3582 2564 3650 gemitum.
2616 3578 2794 3634 Genus
2823 3579 3098 3632 sententia:
3136 3585 3254 3640 est,
3299 3588 3415 3643 qua:
3445 3573 3747 3640 percutiat,
3793 3571 3872 3625 sed

2290 3671 2465 3726 delicti
2515 3670 2831 3724 solutionem
2879 3669 3167 3736 promittat.
3229 3662 3612 3732 Multiplicans,
3674 3663 3872 3732 inquit,

2291 3762 2634 3828 multiplicabo
2659 3762 2856 3814 dolores
2879 3770 3010 3824 tuos,
3030 3767 3073 3811 et
3099 3756 3338 3827 gemitum
3355 3763 3511 3806 tuum.
3539 3752 3871 3808 Petiihmtia:

2290 3855 2546 3910 remedia.
2601 3854 2848 3907 Animum
2903 3852 3113 3904 adhibe.
3168 3845 3623 3914 Quemadmodum
3689 3844 3871 3898 medici

2290 3949 2476 4003 eodem
2503 3948 2741 4001 remedio
2768 3945 3011 3999 mordent
3039 3953 3091 3997 et
3121 3934 3355 4004 leniunt';
3407 3939 3644 4006 itemque
3680 3936 3871 3992 ferrum

2290 4040 2475 4094 eadem
2515 4039 2750 4093 sectione
2794 4037 3083 4103 eodemque
3120 4033 3303 4086 dolore
3343 4030 3563 4082 salutem
3603 4037 3870 4096 paretat:

2288 4131 2366 4185 sic
2399 4131 2534 4185 Deus
2566 4128 2801 4198 peccauti
2829 4127 3031 4181 mulieri
3064 4124 3169 4179 duo
3199 4123 3290 4177 dat
3313 4120 3640 4191 paenitentia:
3670 4121 3874 4181 viatica,

2289 4224 2526 4277 dolorem
2556 4231 2609 4275 et
2637 4222 2908 4290 gemitum.
2964 4218 3097 4285 Quid
3143 4216 3292 4286 juvat
3332 4215 3484 4268 dolor
3528 4223 3582 4266 et
3624 4213 3874 4266 tristitia?

2290 4315 2425 4367 Audi
2459 4315 2675 4367 Paulum
2702 4313 2966 4365 dicentem
2999 4327 3010 4362 :
3039 4309 3164 4372 Quae
3180 4305 3456 4359 secundum
3485 4301 3649 4354 Deum
3686 4315 3762 4356 est
3791 4305 3872 4351 ti-

2287 4405 2420 4456 stitia
2449 4403 2785 4471 pmnilentiant
2816 4401 2866 4452 in
2890 4401 3102 4452 salutem
3127 4395 3356 4450 stabilem
3379 4403 3615 4461 operatur
3647 4394 3728 4460 (2.
3764 4392 3872 4443 Cur.

2288 4497 2339 4549 7.
2367 4498 2473 4553 id).
2505 4495 2570 4548 Et
2596 4494 2720 4563 quid
2744 4501 2993 4561 operatur
3017 4489 3247 4559 gemitus
3267 4487 3289 4539 ?
3309 4483 3444 4538 Audi
3473 4482 3669 4536 Isaiam
3712 4501 3726 4534 :
3758 4481 3875 4534 Cum

2287 4585 2838 4654 aversnsingemueris,
2875 4593 2998 4635 tunc
3035 4578 3214 4632 salvus
3258 4581 3364 4633 eris
3412 4570 3574 4646 (Isai.
3631 4577 3730 4631 50·
3769 4577 3869 4628 Ἰδι.

2293 4668 2639 4736 Illultiplicuns
2661 4666 2996 4732 multiplicabo
3014 4662 3238 4714 tristitias
3265 4670 3375 4710 tuas
3389 4665 3433 4706 et
3460 4655 3711 4722 gemitum
3740 4669 3872 4707 tuum

2287 4759 2519 4813 Tristitia
2548 4757 2863 4811 exteriorem
2893 4751 3093 4803 vultum
3125 4747 3385 4801 deformat
3412 4756 3475 4794 ac
3506 4739 3728 4792 tristem
3765 4739 3874 4790 red-

2289 4853 2385 4906 dit.
2432 4850 2592 4903 Corde
2627 4849 2831 4901 laztantc
2867 4846 3010 4913 ﬂoret
3050 4841 3255 4899 rullus;
3293 4850 3406 4887 cum
3428 4848 3544 4885 vero
3581 4832 3636 4883 in
3663 4832 3875 4883 tristitiis

2287 4953 2544 5005 versatur,
2585 4949 2782 4993 ntwstns
2808 4946 2878 4989 est
2903 4933 3084 5004 (Prov.
3118 4930 3200 4984 15.
3230 4927 3343 4995 51).
3391 4923 3520 4992 Quia
3569 4922 3768 4973 oculus
3799 4937 3874 4972 at-

2288 5036 2472 5088 borem
2505 5032 2724 5090 viderat,
2755 5025 3217 5094 mqualitatemque
3241 5033 3362 5072 cum
3391 5017 3498 5069 Deo
3529 5024 3722 5067 mente
3745 5014 3874 5077 Cr-gi-

2290 5133 2508 5184 laverat,
2537 5123 2626 5174 dat
2649 5121 2785 5173 Deus
2814 5115 2960 5169 cordi
2981 5113 3256 5183 gemitum,
3285 5107 3557 5174 vultuique
3580 5104 3873 5158 ιτίειίιὲίιιιτ,

2291 5229 2346 5271 ιιι
2370 5232 2460 5286 per
2480 5230 2540 5266 ea
2569 5227 2687 5280 qua:
2711 5214 3017 5278 peccaverat
3045 5203 3310 5272 puniatur,
3341 5210 3499 5266 utque
3527 5197 3872 5262 supplicium.

2291 5285 2397 5362 imo
2429 5305 2569 5357 salus
2601 5303 2710 5369 ipsa
2737 5341 2750 5363 ,
2794 5296 3000 5350 mulieri
3032 5292 3285 5356 suadeat,
3321 5289 3482 5342 Deum
3517 5302 3623 5340 non
3678 5285 3872 5336 irritam

2292 5399 2477 5451 fecisse
2508 5394 2734 5462 priorem
2782 5385 3227 5441 benedictionem.
3281 5379 3410 5434 Nam
3454 5391 3574 5430 Ctllll
3623 5374 3872 5429 dixisset,

2294 5490 2498 5557 Replete
2527 5496 2730 5546 terram,
2757 5484 2851 5546 ait,
2873 5477 2937 5531 In
2955 5478 3127 5531 dolore
3147 5476 3310 5544 paries
3335 5472 3482 5538 ﬁlios.
3513 5468 3748 5522 Partum
3781 5481 3873 5515 nrt.-

2295 5580 2455 5633 tollo:
2488 5574 2649 5629 semel
2678 5573 2818 5627 enim
2850 5569 3093 5625 benedixi
3119 5583 3131 5630 ;
3162 5564 3254 5620 sed
3294 5563 3468 5632 paries
3497 5559 3550 5612 in
3578 5558 3875 5614 laboribus.

2295 5670 2345 5722 in
2374 5663 2880 5737 perturbationibus.
2924 5656 3244 5714 Gravissima
3276 5653 3388 5706 haec
3416 5649 3650 5703 tristitia.
3713 5646 3770 5699 1d
3802 5657 3871 5696 te-

2296 5736 2459 5812 statur
2486 5755 2738 5810 Servator
2767 5769 2779 5807 :
2813 5750 3000 5806 Mulier
3024 5789 3039 5818 ,
3070 5762 3183 5802 cum
3227 5744 3397 5815 parit,
3439 5739 3698 5793 tristitiam
3740 5736 3874 5786 [tab-sl
