3976 6218
97 343 211 399 495

90 459 305 529 ρεύσῃ.
342 451 582 518 Ἐπειδὴ
636 449 812 504 τοῦτο
851 448 1176 514 ἐποίησας·
1229 444 1678 529 ἐπειδὴεκαρδίαν

99 528 406 612 ἠπάτησας,
445 535 539 589 καὶ
573 534 672 603 τὴν
719 533 923 586 κοιλίαν
957 531 1180 594 ἔπεισας
1216 529 1501 601 βρώματος
1537 528 1680 596 ἀψα.

101 628 245 687 σθαι,
286 621 410 674 Ἐπί
466 617 546 684 τῷ
607 616 818 682 στήθει
863 616 960 669 καὶ
1017 614 1092 682 τῇ
1135 615 1332 679 κοιλίῃ
1386 613 1677 681 πορεύσῃ.

112 707 344 773 Ἐπειδὴ
384 705 559 759 τοῦτο
612 702 942 766 ἐποίησας’
981 699 1164 769 ἐπειδὴ
1217 699 1442 768 καρδίαν
1469 698 1681 767 ἠπάτη-

99 811 217 855 σας,
276 791 367 844 καὶ
405 788 502 858 τὴν
555 785 763 839 κοιλίαν
807 785 1031 845 ἔπεισας
1082 781 1367 854 βρώματος
1418 780 1678 848 ἅψασθαι,

113 875 235 927 Ἐπὶ
269 873 348 937 τῷ
377 871 583 935 στήθει
618 869 713 921 καὶ
761 865 835 934 τῇ
889 871 1091 930 κοιλία
1140 867 1430 933 πορεύσῃ.
1465 864 1575 932 Ούχ
1607 862 1682 924 ὼς

97 960 224 1011 ποσὶ
254 953 593 1026 κεχρημένου
624 951 684 1004 τὸ
714 949 1000 1021 πρότερον,
1032 949 1126 1002 νῦν
1158 948 1517 1016 ἀποφαίνεται
1551 948 1682 1008 Θεὸς

96 1043 188 1096 τὸν
225 1042 316 1093 ἐπὶ
361 1038 462 1107 τῆς
515 1036 724 1098 κοιλίας
786 1035 1108 1103 περίπατον,
1158 1032 1273 1084 ἀλλ’
1312 1030 1499 1100 ἐπειδὴ
1525 1029 1682 1099 ὀρθὸς

95 1122 342 1194 ἑστηκὼς
367 1123 434 1191 τῇ
474 1119 695 1187 γυναικὶ
725 1117 1012 1184 διελέγετο.
1047 1117 1120 1168 Οὐ
1153 1115 1259 1187 γὰρ
1289 1110 1356 1184 ἦν
1384 1113 1556 1174 ἄλλως
1586 1113 1682 1163 αύ-

95 1210 188 1261 τὸν
210 1208 306 1276 τὴν
351 1206 490 1275 πρὸς
542 1203 642 1272 τὴν
686 1200 828 1254 Εὕαν
861 1199 1133 1253 ποιεῖσθαι
1166 1198 1420 1265 διάλεξιν.
1454 1196 1594 1250 Αύτὸ
1623 1196 1684 1250 τὸ

94 1293 194 1362 τῆς
226 1287 509 1351 διαλέξεως
558 1286 761 1355 σχῆμα,
821 1283 939 1354 μεθ’
992 1276 1053 1336 οῦ
1107 1281 1250 1336 Εὕαν
1283 1282 1556 1352 ὴπάτησε,
1606 1279 1683 1349 τῷ

94 1375 238 1430 κατὰ
275 1373 338 1446 [ί.
381 1370 497 1443 ἐπὶ]
530 1369 607 1439 τῷ
648 1368 832 1440 στήθει
863 1368 1149 1438 περιπάτῳ
1194 1364 1431 1428 κολάζει,
1462 1366 1555 1418 καὶ
1583 1365 1683 1434 τῆς

93 1455 540 1526 ἀντιτεταγμένης
569 1452 819 1506 ἐκϐάλλει
847 1451 1128 1518 βαδίσεως.
1163 1449 1225 1502 Et
1252 1450 1363 1520 γάρ
1392 1452 1486 1502 καὶ
1509 1451 1683 1512 ἄπους

93 1542 156 1607 ἐξ
183 1541 356 1611 ἀρχῆς
387 1537 768 1598 διεπέπλαστο,
813 1534 949 1588 ἀλλά
991 1534 1214 1597 κύκλοις
1262 1533 1478 1604 γοργῶν
1520 1549 1682 1585 τινων

93 1625 341 1680 κάτωθεν
404 1620 643 1689 ἑλιγμῶν
706 1617 1125 1689 ἀνορθούμενος,
1191 1616 1511 1684 τεταμένοις
1571 1616 1683 1676 τοῖς

93 1708 349 1777 στήθεσιν
378 1705 598 1757 ἵππευε.
628 1702 718 1754 Διὸ
743 1703 838 1754 καὶ
868 1701 961 1753 νῦν
988 1703 1014 1753 6
1048 1701 1170 1768 ὄφις
1193 1699 1453 1762 πολλάκις
1481 1697 1685 1767 θυμού-

93 1808 256 1863 μενος
289 1790 571 1858 ἀνίστησιν
620 1785 833 1847 ἐαυτὸν,
884 1786 978 1839 καὶ
1030 1784 1303 1846 κυκλικῶς
1339 1783 1684 1852 ἑλισσόμενος

89 1875 279 1947 τρέχει
303 1889 316 1905 ⁸
361 1870 570 1942 προϐἀς
597 1870 654 1923 δέ
692 1870 814 1921 ὅσον
844 1868 1011 1932 δεῖξαι
1036 1867 1130 1920 τοῦ
1167 1866 1398 1920 παλαιοῦ
1432 1865 1685 1934 βαδίσμα-

85 1975 184 2020 τος
210 1957 312 2028 τὴν
343 1956 584 2025 μνήμην,
617 1952 778 2006 πάλιν
809 1951 889 2021 τῷ
914 1952 1014 2021 τῆς
1052 1951 1378 2018 ἀποφάσεως
1408 1949 1681 2001 καταϐάλ-

87 2041 248 2093 λεται
277 2038 445 2106 νόμῳ.
471 2035 579 2089 Καὶ
618 2034 736 2103 γῆν
769 2033 930 2102 φαγῇ
961 2033 1166 2097 πάσας
1191 2034 1296 2098 τὰς
1323 2031 1546 2101 ἡμέρας
1576 2030 1684 2096 τῆς

87 2121 245 2191 ζωῆς
276 2136 413 2175 σου.
441 2120 698 2186 Ἔχθραν
717 2117 884 2185 θήσω
919 2117 1036 2170 ἀνὰ
1061 2117 1255 2184 μέσον
1297 2115 1413 2169 σοῦ
1445 2117 1540 2167 καὶ
1575 2113 1684 2181 τῆς

87 2206 404 2276 γυναικός.
434 2203 500 2256 Τί
546 2204 661 2254 ἐστι
691 2201 772 2264 τὸ,
808 2199 941 2268 Γῆν
969 2199 1171 2270 φαηῖἶ
1205 2201 1270 2252 ’Ὀ
1316 2198 1684 2276 προεξένησας

85 2274 351 2358 γενέσθαι
379 2284 457 2356 τῷ
492 2284 685 2355 ⁹Λδάμ,
735 2283 895 2336 τοῦτο
929 2283 1096 2338 ἔσθιε.
1148 2282 1348 2336 Μέλλει
1382 2283 1489 2354 γὰρ
1531 2274 1686 2343 οὗτος

94 2372 354 2425 ἀκούειν’
402 2366 490 2436 Γῆ
541 2363 613 2433 εἴ,
650 2367 746 2420 καί
780 2369 867 2432 είς
912 2365 1031 2435 γῆν
1057 2367 1394 2434 άπελεύσῃ.
1430 2367 1688 2434 Ἐχθρίιν

89 2455 265 2525 θήσω
300 2454 417 2508 ἀνὰ
446 2451 642 2520 μέσον
677 2451 795 2504 σοῦ
821 2451 920 2504 καί
952 2449 1064 2518 τῆς
1089 2452 1393 2517 γυναικός.
1432 2450 1585 2502 Ἐπεὶ
1612 2447 1687 2511 ὡς

87 2539 251 2608 φίλον
277 2537 583 2606 ὴπάτησας,
611 2533 686 2596 ὼς
715 2533 908 2603 ἐχθρὸς
935 2531 1192 2603 ἐκϐάλλῃ.
1213 2533 1447 2594 Ἐκεῖνος
1476 2535 1502 2585 6
1533 2532 1688 2599 λόγος

88 2623 264 2692 νόμος
298 2620 534 2688 ἐγένετο.
583 2617 828 2688 Πρόσεχε
872 2614 1081 2668 τοίνυν·
1119 2616 1251 2683 Γῆν
1282 2615 1444 2685 φαγῆ
1485 2615 1688 2682 πάσας

86 2709 205 2770 τὰς
249 2704 478 2774 ἡμέρας
524 2700 634 2769 τῆς
668 2699 816 2769 ζωῆς
869 2715 1009 2755 σου.
1036 2700 1211 2772 ’Ὁραα
1264 2701 1325 2753 οὑ
1361 2700 1522 2753 τοῦτο
1562 2699 1690 2768 περὶ

85 2791 191 2845 τοῦ
215 2790 393 2859 ὄφεως
413 2788 582 2856 λέγει,
615 2787 695 2838 ὃτι
729 2785 924 2837 Ἔσται
953 2801 1035 2836 σοι
1063 2784 1230 2837 σιτίον
1258 2784 1380 2854 ήγῆ
1405 2802 1417 2813 ·
1444 2784 1562 2836 οὐδὲ
1582 2783 1690 2850 γὰρ

87 2875 186 2927 ἀεὶ
213 2875 326 2936 τοῖς
372 2873 528 2940 ὄφεσι
574 2871 635 2923 τὸ
676 2868 992 2939 ἐσθιόμενον
1029 2869 1124 2939 γῆ,
1170 2869 1304 2922 ἀλλά
1349 2869 1443 2920 καὶ
1495 2868 1688 2939 κρέασι

87 2955 411 3028 τρέφονται,
448 2955 544 3006 καὶ
571 2955 803 3025 καρποῖς
834 2952 1190 3020 εὐωχοῦνται,
1223 2952 1318 3005 καὶ
1360 2952 1691 3020 σπερμάτων

88 3038 454 3107 ἐφάπτονται,
504 3037 598 3087 καὶ
647 3035 876 3103 βοτάνας
933 3035 1194 3104 θηρῶσιν.
1250 3034 1409 3086 Ἀλλά
1459 3034 1548 3086 διά
1596 3034 1690 3087 τοῦ

88 3123 298 3184 εἰπεῖν,
332 3119 467 3188 Γῆν
496 3116 679 3188 φαγῇ,
697 3117 855 3170 τοῦτο
881 3117 1027 3186 λέγει
1051 3132 1065 3147 ·
1086 3117 1502 3189 Δαπανήσει[ς],
1534 3119 1685 3187 φησὶ,

87 3206 198 3278 τὴν
233 3206 359 3276 γῆν,
387 3205 474 3258 ἐπ’
501 3203 671 3274 αὐτὴν
701 3201 1102 3272 ἐντριϐόμενος.

199 3355 349 3409 Αλλά
389 3354 609 3423 λέγουσί
650 3371 791 3417 τινες
814 3370 827 3384 ·
867 3353 981 3406 E16
1025 3351 1269 3423 διάϐολος
1303 3351 1570 3421 ἠπάτησε,
1604 3352 1692 3406 διὰ

89 3441 149 3494 τί
179 3443 210 3494 6
235 3441 359 3509 ὄφις
382 3421 482 3509 τὴν
511 3437 756 3508 κατάραν
785 3435 1002 3500 ἐδέξατο
1024 3453 1040 3501 ;
1075 3421 1116 3488 ἰ’
1121 3436 1179 3488 6v
1204 3435 1436 3505 ἀόρατον
1463 3436 1694 3505 δαίμονα

90 3523 326 3596 ἀοράτῳ
367 3522 616 3593 μαστίζει
649 3521 853 3591 πληγῇο
884 3520 945 3573 τὸ
972 3520 1249 3591 ὁρώμενον
1282 3521 1513 3590 ὄργανον
1551 3521 1692 3590 ὁρω-

94 3611 244 3680 μένῃ
301 3606 591 3660 ὑποϐάλλει
636 3605 897 3677 τιμωρίᾳ.
933 3606 1031 3658 Διά
1077 3604 1161 3670 τί;
1201 3605 1413 3674 Ὥσπερ
1464 3604 1695 3675 ἀόρατος

89 3693 175 3745 ὢν
205 3693 234 3744 6
275 3689 428 3752 Θεὸς,
465 3689 664 3742 ἔδωκεν
692 3687 970 3758 ὁρώμενον
1013 3688 1315 3759 ὑπόμνημα
1344 3687 1405 3741 τὸ
1444 3688 1691 3759 δένδρον’

89 3774 281 3835 οὕτως
320 3773 548 3842 ἀόρατος
600 3771 675 3825 ὢν
703 3774 732 3824 6
776 3771 1038 3834 διάϐολος,
1092 3770 1401 3841 ἀνθρώποις
1437 3771 1582 3839 λέγει
1611 3772 1698 3824 διά

91 3859 197 3912 τοῦ
220 3858 418 3923 ὄφεως.
437 3855 760 3909 ’Υποϐἀλλει
791 3855 970 3908 τοίνυν
989 3857 1018 3907 6
1040 3855 1170 3917 Θεὸς
1196 3854 1285 3907 τὸν
1312 3855 1435 3923 ὄφιν
1461 3857 1694 3926 κατάρᾳ,

95 3945 195 3997 ῖνε.
221 3941 330 3994 κᾶν
359 3939 450 3992 τὸν
489 3939 734 3992 διάϐολόν
764 3951 790 3979 ει
814 3940 898 4001 τίς
932 3955 984 3990 τι
1029 3938 1218 4000 ἔπαθε,
1257 3938 1345 3991 τὸν
1381 3937 1533 4010 [5071
1575 3939 1698 4009 ὄφιν

93 4027 193 4081 ἀεὶ
251 4023 465 4095 βλέπων
514 4023 809 4094 συρόμενον
856 4021 948 4075 τόν
982 4038 1111 4073 ποτε
1161 4021 1575 4091 διανεστηκότα,
1620 4027 1698 4086 εἰς

94 4109 420 4180 ὑπόμνησιν
448 4106 610 4178 λάϐῃ,
650 4107 730 4159 ὅτι
757 4107 805 4158 εί
839 4107 866 4158 6
894 4104 1166 4175 ὑπουργὸς
1192 4105 1290 4175 τῆς
1327 4107 1524 4170 κακίας
1556 4106 1700 4158 οὕτω

95 4193 422 4257 κολάζεται,
449 4193 476 4245 6
506 4189 803 4261 αὐτουργὸς
829 4188 1028 4246 πόσον;
1069 4188 1310 4259 Πρόσεχε
1343 4191 1541 4243 τοίνυν.
1573 4191 1701 4242 Τού-

94 4295 204 4333 ⁴του
237 4274 442 4345 ἀόελφά
473 4273 747 4346 εὑρίσκεις
795 4273 852 4326 ἐν
880 4271 958 4342 τῷ
989 4271 1319 4343 Εὑαγγελίῳ.
1343 4274 1556 4343 Ὥσπερ
1593 4274 1700 4346 γὰρ

97 4365 164 4414 ἐν
199 4359 282 4428 τῷ
319 4359 581 4430 ὁρωμένῳ
626 4357 746 4426 ὄφει
799 4356 888 4409 τὸν
926 4356 1188 4410 λαλοῦντα
1226 4357 1515 4428 κατέκρινε
1564 4357 1701 4427 μετά

96 4441 209 4497 τοῦ
238 4442 543 4511 ὁρωμένου,
564 4439 706 4494 οὕτω
733 4440 828 4494 καὶ
853 4441 912 4493 ὲν
931 4439 1011 4509 τῷ
1034 4440 1367 4509 Εὐαγγελίῳ,
1395 4443 1484 4494 ὅτε
1513 4445 1561 4494 οί
1590 4442 1702 4494 δαί-

104 4542 279 4594 μονες
331 4523 514 4591 ἠξίουν
561 4525 653 4576 τὸν
703 4523 935 4595 Χριστὸν
989 4523 1062 4594 μὴ
1120 4524 1436 4594 πεμφθῆναι
1480 4528 1558 4589 είς
1603 4526 1703 4594 τὴν

100 4609 374 4666 ἄϐυσσον,
427 4606 645 4674 ελεγονο
676 4607 1030 4675 Ἐπίτρεψον
1076 4609 1222 4676 ἡμῖν
1270 4610 1568 4662 είσελθεῖν
1616 4612 1704 4676 εἰς

101 4691 264 4756 τοὺς
299 4689 568 4757 χοίρους·
614 4689 914 4758 ἐπέτρεψεν
951 4691 1233 4756 εἰσελθεῖν,
1269 4692 1355 4744 ῖνα
1381 4694 1506 4754 τοὺς
1533 4693 1704 4764 ἀορά-

102 4791 244 4835 τους
276 4774 373 4825 σὺν
406 4774 516 4834 τοῖς
551 4771 849 4841 ὁρωμένοις
884 4772 1097 4841 σώμασι
1146 4777 1537 4849 καταποντίσῃ.
1574 4777 1705 4845 Γῆν

104 4854 308 4928 φαγῇ.
337 4856 600 4923 Ἐχθραν
631 4852 795 4920 θήσω
824 4855 940 4908 ἀνὰ
961 4854 1155 4921 μέσον
1182 4857 1299 4909 σοῦ
1333 4858 1426 4910 καί
1464 4857 1573 4925 τῆς
1598 4877 1703 4926 γυ-

103 4941 350 5005 ναικός.
384 4939 492 5009 Τὴν
519 4938 701 5007 φιλίαν
728 4940 806 5001 είς
841 4937 1039 5009 ἔχθραν
1073 4939 1391 5010 μετέστησε,
1420 4943 1513 4993 καὶ
1543 4944 1706 5012 νόμος

104 5025 342 5092 ἐγένετο
377 5025 404 5076 6
430 5023 605 5090 λόγος.
655 5023 764 5076 Καὶ
796 5020 863 5073 τά
893 5023 988 5090 μὲν
1019 5021 1154 5074 ἄλλα
1186 5022 1349 5093 θηρία
1388 5025 1707 5078 σπεύδουσιν

103 5110 158 5160 οἱ
199 5105 478 5175 ἄνθρωποι
509 5105 823 5175 ἡμερῶσαι·
862 5105 984 5172 ὄφιν
1016 5104 1070 5156 δέ
1111 5105 1204 5157 ἐάν
1234 5123 1316 5168 τις
1356 5105 1461 5176 ἴδῃ,
1506 5108 1706 5175 σφαδά-

105 5191 223 5254 ζει.
265 5186 432 5240 Μένει
469 5187 574 5254 γὰρ
608 5189 634 5239 6
665 5189 787 5257 ὅρος
810 5203 823 5216 ·
854 5188 1117 5256 Ἐχθραν
1160 5189 1324 5251 θήσω
1370 5189 1484 5242 ἀνὰ
1515 5189 1710 5258 μέσον

104 5271 260 5327 σοῦ.
314 5269 432 5323 Κᾶν
462 5269 520 5320 ὲν
547 5269 694 5338 οἰκίᾳ
742 5268 846 5339 ἴδῃ,
877 5270 1134 5338 φονεῦσαι
1165 5272 1306 5324 θέλει
1332 5291 1342 5301 ·
1391 5273 1492 5325 κᾶν
1522 5276 1580 5326 ἐν
1607 5272 1709 5343 ὁδῷ

108 5356 230 5426 ἴδῃ,
263 5354 515 5422 μαίνεται
544 5350 821 5420 φονεῦσαι.
857 5352 1063 5406 Νύσσει
1088 5355 1196 5425 γάρ
1232 5357 1392 5409 αὑτὸν
1416 5357 1443 5408 ὀ
1486 5358 1709 5427 ἀρχαῖος

105 5443 302 5508 λόγος.
339 5441 555 5511 Μυρίας
595 5439 692 5491 ἐὰν
724 5437 798 5508 δῷ
843 5439 1056 5510 πληγάς
1084 5443 1162 5512 τῷ
1202 5443 1343 5512 ὄφει,
1379 5445 1470 5497 ἐάν
1499 5446 1584 5517 ἴδῃ
1615 5445 1711 5516 τήν

107 5526 365 5597 κεφαλὴν
396 5529 467 5596 μὴ
503 5526 824 5597 τρωθεῖσαν,
856 5528 1055 5589 εὐθέως
1085 5534 1461 5603 Μρεγγυᾶται
1497 5534 1574 5604 τῷ
1615 5535 1681 5602 ἐφ

109 5609 343 5666 εστῶτι·
385 5609 494 5681 Τήν
533 5608 770 5679 κεφαλὴν
807 5610 906 5663 οὐκ
937 5610 1172 5685 ἔπληξας
1211 5616 1307 5671 τοῦ
1337 5617 1529 5688 ὄφεως,
1575 5618 1714 5672 κατά

183 5780 215 5810 ⁸
245 5779 379 5830 Fort.
407 5781 485 5830 διὰ
504 5780 585 5830 τὸν
605 5782 647 5831 ἃ.

1199 326 1286 381 DE
1320 325 1536 381 MUNDI
1567 323 1964 378 CRMTIONE
2002 326 2260 384 ORATIO
2294 328 2379 382 Vl.

1783 447 1885 516 τῆς
1918 445 2160 516 κεφαλῆς
2203 445 2434 516 κροῦσον
2455 463 2470 479 ο
2510 447 2697 520 ἐπειδὴ
2737 449 2766 502 6
2805 448 2938 512 Θεὸς
2967 443 3144 513 εἶπεν,
3173 453 3366 517 Αὐτός

1782 542 1899 581 σου
1941 528 2189 596 τηρήσει
2233 529 2530 598 κεφαλὴν,
2577 530 2675 584 καί
2720 532 2802 585 σὺ
2861 530 3146 600 τηρήσεις
3178 535 3367 589 αὐτοῦ

1782 609 2063 677 πτέρναν.
2110 611 2173 663 Τί
2217 612 2274 665 δὲ
2312 612 2469 666 τοῦτό
2502 616 2678 678 ἐστιν;
2709 615 2783 667 Οὐ
2811 613 2981 682 λέγει,
3022 615 3103 667 δτι
3147 616 3367 686 Ποιήσω

1781 693 1873 744 τὸν
1923 693 2208 764 ἄνθρωπον
2261 695 2402 748 κατά
2449 695 2557 749 τῶν
2599 696 2775 751 ἄλλων
2820 697 2915 750 τοῦ
2967 696 3217 767 σώματός
3272 716 3366 752 σου

1787 777 1962 846 μελῶν
1999 778 2077 848 μὴ’
2131 780 2506 849 καταχρῆσθαι
2554 780 2758 852 πληγῇ,
2807 781 2974 852 μόνην
3018 783 3073 835 δέ
3120 782 3367 846 κολάζειν

1783 860 1879 930 τήν
1927 861 2192 931 κεφαλήν.
2244 861 2521 933 Κέχρηται
2555 865 2662 935 γάρ
2708 867 2735 918 6
2779 865 3065 934 ἄνθρωπος
3111 867 3204 919 καὶ
3249 869 3366 928 ταῖς

1784 943 1926 996 κατά
1955 945 2174 997 πάντων
2205 945 2314 998 τῶν
2348 946 2524 1017 μελῶν
2565 948 2656 1000 ἐπὶ
2699 948 2788 1001 τὸν
2833 949 2952 1016 ὄφιν
2986 950 3243 1018 πληγαῖς,
3291 949 3368 1011 ὡς

1784 1026 1904 1078 ὅθεν
1939 1026 2005 1079 ἂν
2041 1028 2238 1100 πλήξῃ,
2267 1029 2326 1081 τὸ
2367 1031 2475 1082 πᾶν
2514 1030 2942 1102 τιμωρούμενος.
2982 1031 3091 1085 Καὶ
3130 1031 3190 1084 τὸ
3230 1031 3366 1102 πρὸς

1783 1110 1873 1162 τὸν
1906 1110 2028 1180 ὅφιν
2051 1111 2108 1164 δέ
2140 1114 2290 1183 παρά
2311 1113 2403 1166 τοῦ
2433 1116 2703 1167 Δεσπότου
2736 1115 2918 1185 ῥηθὲν,
2952 1117 3033 1168 ὅτι
3063 1114 3146 1170 Σὺ
3181 1114 3368 1169 αὐτοῦ

1785 1196 2070 1263 τηρήσεις
2103 1199 2385 1266 πτέρναν,
2425 1201 2486 1252 οὐ
2514 1200 2673 1253 τοῦτο
2717 1201 2975 1270 κηρύττει
3008 1203 3068 1254 τὸ
3101 1202 3242 1255 κατὰ
3269 1201 3369 1270 τῆς

1787 1284 2024 1355 πτέρνης
2049 1284 2292 1338 δεδόσθαι
2332 1289 2444 1350 τοῖς
2481 1288 2668 1357 ὄφεσιν
2698 1288 2910 1356 ἔφοδον⁸
2942 1289 3232 1358 ἐπέρχεται
3261 1288 3369 1358 γάρ

1786 1366 1897 1419 ἐσθ’
1948 1369 2037 1422 ὅτε
2086 1369 2179 1421 καὶ
2219 1370 2590 1435 καθεύδουσιν,
2653 1373 3080 1441 ἐπιλαμϐάνεται
3131 1370 3370 1442 γαστρὸς

1787 1451 2066 1516 πολλάκις,
2097 1451 2300 1522 ἐνίησιν
2334 1453 2430 1519 ἰὸν,
2483 1456 2576 1508 καὶ
2623 1457 2779 1526 χερσὶ
2827 1459 3092 1526 προσάγει
3122 1456 3217 1509 καὶ
3256 1461 3370 1518 τοῖς

1785 1535 1991 1599 λοιποῖς
2023 1535 2208 1605 μέλεσι
2242 1537 2528 1607 δήγματα·
2581 1541 2674 1591 καὶ
2717 1540 2854 1604 ὅλως
2879 1542 3032 1594 οὐδὲν
3057 1540 3237 1593 αὐτῶν
3262 1538 3370 1590 τῶν

1787 1619 2144 1691 ἀνθρωπίνων
2193 1620 2370 1690 μελῶν
2418 1622 2657 1690 ἐμπεσὸν
2705 1624 3003 1694 ἀχείρωτον
3037 1624 3220 1695 μένειυ
3255 1622 3370 1675 ἀλλ’

1786 1706 1816 1774 ή
1851 1705 1949 1774 τῆς
1979 1705 2307 1773 ἀποφάσεως
2359 1706 2562 1758 διάνοια
2614 1708 2836 1778 τοιαύτη
2860 1725 2872 1736 '
2915 1709 3028 1761 Ούκ
3077 1707 3178 1771 ἔτι,
3215 1707 3369 1776 φησὶ,

1787 1789 1925 1858 πρὸς
1981 1787 2272 1859 ἐπιϐουλὴν
2321 1789 2610 1859 ἀνθρώπου
2661 1792 2688 1841 ὁ
2741 1791 2862 1860 ὄφις
2909 1790 3369 1862 παρῤησιάσεται.

1786 1872 1901 1926 ἀλλ’
1934 1873 2062 1924 εἴσω
2099 1872 2296 1942 μένων,
2333 1874 2587 1926 τοσοῦτον
2617 1873 2758 1938 ’έξεις
2801 1874 2907 1926 τῶν
2945 1874 3247 1945 ἀνθρώπων
3279 1871 3372 1923 τὸν

1787 1955 1974 2024 φόϐον,
2027 1955 2166 2007 ὥστε
2213 1956 2440 2024 φωλεοῖς
2487 1957 2956 2030 ἐγκατακρύπτειν
3008 1957 3222 2022 σαυτὸν,
3279 1955 3374 2009 καὶ

1789 2038 1940 2108 μόλις
1970 2038 2029 2101 ἐξ
2059 2038 2208 2090 ὀπῶν
2244 2039 2380 2108 μετά
2420 2039 2586 2108 φόϐου
2621 2041 2972 2111 προκύπτειν,
3001 2040 3099 2104 τάς
3130 2040 3238 2093 τῶν
3278 2040 3374 2093 ἀν-

1788 2122 2020 2194 θρώπων
2070 2123 2340 2193 παρόδους
2391 2123 2551 2193 μόνον
2590 2124 2863 2196 τηροῦντα
2906 2125 3042 2195 πρὸς
3094 2122 3375 2176 ἀκίνδυνον

1789 2206 2032 2276 πρόοδον.
2068 2206 2126 2258 Ὀ
2153 2207 2208 2258 δέ
2241 2205 2547 2276 ἅνθρωπος,
2582 2209 2767 2278 φησὶν,
2797 2209 2854 2260 ἐν
2884 2208 3038 2279 ἀδείᾳ
3067 2206 3376 2276 περιπατή-

1791 2307 1892 2351 σει,
1921 2291 2019 2359 τῆς
2049 2288 2248 2342 σαυτοῦ
2281 2289 2523 2359 κεφαλῆς
2559 2292 2616 2342 ἐν
2649 2292 2874 2360 φωλεοῖς
2905 2291 3266 2361 τηρουμένης,
3299 2289 3376 2350 ὼς

1789 2371 1982 2443 ἐχθροῦ
2037 2373 2441 2443 κρυπτομένου,
2481 2375 2540 2426 ού
2591 2375 2970 2445 φθεγγομένης
3015 2375 3148 2444 πρὸς
3188 2372 3372 2437 αὑτὸν,

1790 2456 1864 2519 ὡς
1902 2456 2036 2526 πρὸς
2071 2457 2247 2526 φίλον.

1861 2541 1926 2592 θ’.
1959 2539 2097 2591 Ἀλλ’
2120 2539 2306 2609 ἐπειδὴ
2337 2541 2363 2591 6
2395 2541 2584 2612 καιρὸς
2608 2541 2840 2610 ἐπείγει,
2871 2541 3247 2612 πληρώσωμεν
3282 2555 3378 2595 και

1790 2624 1948 2693 ἡμεῖς
1977 2623 2066 2675 τὸν
2102 2622 2277 2692 λόγον.
2321 2626 2598 2695 Ἠρὼτησε
2629 2626 2726 2696 τὴν
2768 2627 3160 2697 ἀπατηθεῖσαν,
3211 2643 3376 2696 μετα-

1793 2705 1964 2759 ϐαίνει
1998 2707 2089 2759 ἐπὶ
2117 2707 2208 2760 τὸν
2249 2708 2622 2778 ἀπατήσαντα.
2655 2711 2718 2762 'll
2753 2710 3024 2779 ἀπόφασις
3053 2711 3238 2763 λοιπὸν
3269 2710 3378 2763 ἀπὸ

1792 2791 1888 2859 τῆς
1920 2789 2075 2859 ῥίζης
2109 2791 2312 2861 ἡρξατο
2338 2793 2431 2846 τοῦ
2467 2794 2872 2861 ἀπατήσαντος.
2921 2790 3054 2846 Εἶτα
3089 2789 3252 2864 ἦλθεν
3283 2796 3379 2847 ἐπὶ

1791 2872 1888 2942 τὴν
1920 2874 2315 2943 ἀπατηθεῖσαν,
2350 2877 2442 2928 καὶ
2468 2878 2694 2930 ἀπειλεῖ.
2739 2879 2803 2929 Ἡ
2829 2875 3018 2948 πρώτη
3053 2878 3203 2948 φωνὴ
3243 2878 3380 2947 πρὸς

1791 2955 1882 3009 τὸν
1907 2956 2050 3025 ὄφιν,
2091 2959 2576 3026 Ἐπικατάρατος.
2604 2961 2715 3014 Καὶ
2747 2956 2917 3014 εἶπεν
2943 2965 2975 3015 ό
3006 2961 3150 3026 Θεὸς
3180 2960 3254 3029 τῇ
3277 2979 3383 3030 γυ-

1791 3041 1982 3093 ναικί·
2021 3044 2355 3106 Πληθύνων
2392 3042 2682 3110 πληθυνῶ
2728 3043 2833 3108 τὰς
2872 3046 3071 3109 λύπας
3117 3061 3234 3098 σου
3278 3043 3380 3098 καὶ

1793 3122 1936 3186 τοὺς
1985 3127 2361 3192 στεναγμούς
2431 3141 2568 3178 σου.
2634 3126 2708 3179 Οὐ
2778 3128 3104 3196 καταρᾶται,
3162 3127 3250 3180 ἵνα
3303 3129 3379 3200 μὴ

1794 3204 1978 3276 τίκτῃ,
2015 3206 2204 3274 ἐπειδὴ
2238 3205 2560 3276 προφθάστς
2599 3207 2924 3278 εύλόγησεν’
2956 3210 3044 3262 ὅτε
3073 3209 3178 3281 γὰρ
3210 3210 3380 3266 ἐπλα·

1795 3305 1885 3340 σεν
1930 3289 2147 3352 αὐτοὺς,
2177 3289 2323 3358 λέγει
2347 3308 2360 3321 ο
2407 3291 2513 3344 Καὶ
2549 3292 2892 3359 εὐλόγησεν
2919 3293 3141 3360 αὐτοὺς
3171 3298 3203 3349 ό
3237 3295 3383 3364 Θεὸς

1792 3373 1990 3441 λέγων
2010 3391 2023 3404 ·
2046 3373 2394 3437 Αὺξιὶνεσθε
2427 3374 2525 3428 καί
2555 3377 2958 3444 πληθύνεσθε,
3002 3379 3100 3431 καὶ
3141 3379 3382 3447 πληρώ-

1795 3471 1943 3509 σατε
1970 3455 2087 3523 τὴν
2123 3456 2261 3527 γῆν.
2293 3459 2454 3527 Λέγει
2493 3459 2547 3512 δὲ
2583 3459 2813 3524 Παῦλος,
2849 3462 3289 3530 Ἀμεταμέλητα
3311 3464 3384 3518 τὰ

1797 3540 2138 3610 χαρίσματα
2176 3542 2285 3596 τοῦ
2327 3541 2494 3595 Θεοῦ.
2523 3544 2595 3595 Οὐ
2643 3545 2949 3612 καταρᾶται
2983 3541 3077 3598 οῦν
3115 3545 3209 3610 οὓς
3242 3547 3386 3600 εὐλόο

1797 3641 1967 3692 γησεν
1987 3642 2001 3656 '
2039 3625 2176 3679 ἀλλά
2204 3625 2290 3691 τί;
2324 3625 2485 3678 Ξένον
2512 3627 2800 3696 φάρμακον
2833 3627 2984 3701 [508]
3015 3632 3277 3700 προσάγει
3309 3630 3386 3702 τῷ

1797 3709 2095 3779 τραύματι,
2128 3709 2305 3773 λύπας
2335 3713 2427 3763 καὶ
2468 3711 2791 3781 στεναγμόν.
2839 3714 3032 3784 Σχῆμά
3072 3716 3219 3769 ἐστιν
3248 3718 3385 3768 ἀπο-

1799 3793 2018 3862 φάσεως
2051 3791 2411 3864 πληττούσης,
2443 3792 2598 3846 λύσιν
2623 3794 2678 3846 δὲ
2709 3794 2802 3847 τοῦ
2833 3798 3174 3867 πταίσματος
3217 3801 3388 3869 ἐπαγτ

1799 3877 2142 3946 γελλόμενον.
2173 3877 2526 3942 Πληθύνων,
2558 3878 2711 3947 φησὶ,
2739 3880 3029 3945 πληθυνῶ
3056 3883 3163 3946 τὰς
3187 3885 3389 3951 λύπας

1799 3975 1917 4012 σου
1956 3958 2054 4010 καὶ
2093 3958 2200 4010 τόν
2228 3960 2569 4026 στεναγμόν
2601 3975 2738 4012 σου.
2771 3962 3041 4030 Φάρμακα
3076 3965 3386 4034 μετανοίας.

1799 4042 2040 4111 Πρόσεχε
2069 4056 2082 4070 ·
2123 4039 2311 4110 ὥσπερ
2354 4043 2404 4093 οί
2454 4042 2626 4112 ἰατροὶ
2686 4044 2743 4094 ἐν
2788 4042 2866 4112 τῷ
2916 4045 3064 4116 αὐτῷ
3109 4048 3389 4119 φαρμάκῳ

1801 4125 1896 4175 καὶ
1930 4123 2190 4190 στύφουσι
2231 4124 2324 4175 καὶ
2370 4122 2754 4192 θεραπεύουσι,
2787 4127 2818 4195 ὴ
2865 4127 3002 4197 αύτὴ
3036 4131 3175 4199 τομὴ
3206 4131 3300 4184 καὶ
3329 4131 3391 4183 τὸ

1802 4205 1936 4258 αύτὸ
1979 4205 2220 4276 σιδήριον
2251 4207 2344 4258 καὶ
2373 4209 2404 4276 ἠ
2440 4207 2578 4278 αὑτὴ
2606 4207 2766 4279 ὀδύνη
2802 4209 2940 4279 μετά
2966 4211 3063 4280 τῆς
3087 4212 3260 4283 τομῆς
3293 4232 3392 4266 σω-

1803 4289 1994 4360 τηρίαν
2035 4291 2227 4360 γεννᾷο
2259 4288 2431 4352 οὕτως
2456 4293 2482 4343 6
2513 4291 2642 4355 Θεὸς
2667 4292 2847 4346 δίδωσι
2889 4295 2980 4348 δύο
3008 4295 3192 4363 ἐφόδια
3228 4315 3390 4366 μετα-

1804 4373 1952 4435 νοίας
1981 4375 2047 4444 τῇ
2076 4373 2463 4444 ἀμαρτησάσῃ,
2484 4373 2662 4445 λύπην
2686 4378 2778 4430 καὶ
2805 4379 3129 4448 στεναγμόν.
3159 4380 3223 4432 Τί
3255 4382 3393 4452 ὠφε-

1806 4456 1888 4509 λεῖ
1919 4456 2095 4526 λύπη;
2135 4460 2336 4510 Ἀκουε
2382 4457 2594 4511 Παύλου
2643 4461 2922 4529 λέγοντος·
2968 4463 3036 4517 'H
3086 4463 3194 4535 γὰρ
3241 4468 3392 4520 κατὰ

1814 4541 1962 4594 Θεὸν
1994 4542 2159 4608 λύπη
2194 4541 2520 4609 μετάνοιαν
2564 4547 2650 4607 είς
2690 4545 2992 4612 σωτηρίαν
3021 4546 3390 4616 ἀμεταμέλη-

1811 4641 1917 4678 τον
1965 4623 2390 4693 κατεργάζεται.
2447 4627 2555 4678 Καὶ
2604 4627 2656 4678 τί
2709 4629 2999 4697 ἐργάζεται
3050 4629 3388 4697 στεναγμός;

1813 4707 2007 4760 Ἀκουε
2055 4707 2306 4760 Ἠσαῒου’
2377 4709 2553 4761 Ὅταν
2601 4709 3009 4778 ἀποστραφεὶς
3066 4712 3389 4781 στενάξῃς,

1807 4792 1940 4844 τότε
1980 4791 2256 4859 σωθήσῃ.
2307 4791 2638 4858 Πληθύνων
2682 4790 2973 4858 πληθυνῶ
3026 4793 3132 4860 τὰς
3192 4798 3392 4863 λύπας

1809 4889 1926 4928 σου
1955 4874 2053 4926 καὶ
2085 4876 2193 4927 τὸν
2225 4874 2566 4943 στεναγμόν
2611 4890 2747 4928 σου.
2798 4875 2861 4927 Ἠ
2891 4874 3033 4948 λύπη
3066 4878 3308 4948 ἀμορφοῖ
3334 4881 3396 4934 τὸ

1815 4955 1920 5020 ἐξω
1951 4957 2242 5026 πρόσωπον
2282 4958 2374 5008 καὶ
2409 4957 2635 5024 στυγνὸν
2669 4960 2830 5012 ποιεῖ.
2870 4958 3126 5026 Καρδίας
3157 4963 3397 5030 εὐφραι-

1811 5037 2069 5105 νομένης
2100 5037 2309 5091 θιίλλει
2342 5039 2689 5105 πρόσωπον,
2719 5040 2789 5092 ἐν
2834 5040 2902 5092 δὲ
2932 5042 3158 5109 λύπαις
3201 5048 3396 5111 οὔσης

1812 5118 2237 5186 σκυθρωπάζει.
2277 5121 2496 5190 Ἐπειδὴ
2528 5118 2664 5175 εἶδεν
2699 5125 2726 5176 ὁ
2755 5124 3031 5195 ὀφθαλμὸς
3062 5126 3121 5180 τὸ
3160 5126 3395 5198 δένδρον,

1813 5203 1906 5254 καὶ
1952 5201 2235 5266 ἐλογίσατο
2282 5208 2349 5276 τῇ
2399 5204 2608 5277 διανοίᾳ
2651 5206 2904 5274 ίσοθεῖαν,
2949 5208 3164 5263 δίδωσιν
3199 5214 3227 5264 6
3266 5210 3397 5272 Θεὸς

1816 5287 2119 5355 στεναγμὸν
2157 5290 2223 5358 τῇ
2260 5289 2475 5360 καρδίᾳ,
2509 5292 2598 5343 καὶ
2642 5290 2817 5362 λύπην
2862 5292 2945 5362 τῷ
2976 5293 3273 5364 προσώπῳ,
3313 5295 3399 5346 ἵνα

1817 5368 1881 5421 δι’
1911 5364 1985 5422 ὧν
2007 5371 2223 5442 ἥμαρτε
2246 5373 2507 5445 κολασθῇ,
2549 5376 2641 5428 καὶ
2677 5376 2762 5429 ἵνα
2799 5376 2963 5447 πείσῃ
3005 5378 3140 5446 αὕτη
3168 5381 3198 5448 ἡ
3225 5395 3398 5448 τιμωο

1821 5453 1932 5524 ρία,
1963 5454 2165 5523 μᾶλλον
2193 5456 2255 5509 »δὲ
2298 5457 2564 5529 σωτηρία,
2590 5460 2685 5531 τὴν
2719 5463 2974 5530 γυναῖκα,
3002 5461 3083 5512 δτι
3116 5461 3216 5511 οὐκ
3242 5460 3401 5528 ἐψεύ-

1819 5552 1948 5589 σατο
1976 5538 2073 5606 τὴν
2101 5540 2335 5610 ἀρχαίαν
2360 5542 2629 5610 εὐλογίαν.
2663 5543 2847 5596 Είπὼν
2874 5543 2981 5613 γάρ
3014 5543 3215 5607 αὐτοῖς,
3246 5546 3404 5610 Iun-

1811 5619 2050 5689 ρώσατε
2088 5623 2202 5691 τὴν
2241 5624 2376 5695 γῆν,
2411 5627 2577 5695 λέγει,
2630 5628 2733 5681 Ἐν
2762 5628 2984 5690 λύπαις
3011 5624 3153 5692 τέξῃ
3201 5625 3401 5680 τέκνα.

1816 5704 1894 5755 Τὸ
1941 5706 2038 5773 μὲν
2079 5707 2283 5763 τίκτειν
2327 5711 2427 5763 οὐκ
2455 5711 2694 5783 ἀναιρῷ⁸
2746 5707 2892 5772 ἅπαξ
2942 5707 3051 5779 γὰρ
3094 5709 3362 5780 εὐλόγησα
3389 5726 3402 5741 ο

1824 5787 1959 5841 ἀλλά
1990 5790 2269 5862 ὀδυνήσεις
2315 5796 2372 5848 ἐν
2423 5795 2625 5861 πόνοις,
2673 5797 2730 5849 ὲν
2784 5795 3066 5862 ταραχαῖς.
3106 5790 3317 5865 Ἐκεινη
