3976 6218
608 458 754 531 λύπη
803 456 1100 528 βαρυτάτη.
1144 457 1254 510 Καὶ
1288 460 1555 528 μαρτυρεῖ
1580 459 1610 511 6
1643 459 1869 530 Σωτήρ·
1913 460 1982 515 ’11
2009 459 2186 529 γυνὴ,

610 541 756 598 ὅταν
785 543 973 608 τίκτῃ,
1005 542 1212 607 λύπην
1244 542 1389 609 ἔχει.
1427 543 1688 595 Λυπεῖται
1726 544 2005 606 τίκτουσα,
2040 560 2193 614 μερι-

611 629 724 700 μνᾷ
765 627 1038 696 τρέφουσα
1060 641 1073 655 ·
1107 626 1200 678 ἐὰν
1297 627 1324 676 6
1363 629 1490 688 παῖς
1519 628 1576 678 ὲν
1609 627 1814 697 ἡλικία,
1849 630 2089 698 μεριμνᾷ
2119 625 2192 698 μὴ

611 713 836 783 ἀνόητος
972 711 1066 762 ἐὰν
1113 709 1388 780 ἀποδημῇ,
1436 709 1509 780 μὴ
1548 711 1813 781 ἀποθάνῃ,
1860 712 1933 782 μὴ
1968 715 2190 782 νοσήσῃ,

615 795 691 865 μὴ
717 793 987 846 ὀδυνᾶται.
1019 791 1190 844 Τοῦτο
1217 794 1245 844 6
1287 793 1423 863 ἀνὴρ
1456 794 1556 845 οὐκ
1588 793 1700 862 ἔχει
1723 811 1735 822 ·
1768 794 1868 847 κᾶν
1891 795 1998 866 γάρ
2043 811 2195 864 μερι-

613 878 794 946 μνήσῃ
821 877 849 928 6
885 876 1086 945 πατὴρ,
1116 875 1212 943 οὐχ
1247 875 1415 938 οὕτως
1444 877 1518 938 ὡς
1549 879 1579 945 ἡ
1623 879 1827 947 μήτηρ,
1858 877 1991 930 ἀλλὰ
2018 895 2194 947 παραυ

611 960 861 1030 μυθεῖται
891 960 1100 1024 ἑαυτὸν,
1135 959 1328 1026 λέγων·
1359 961 1676 1030 Ἀνθρωπος
1705 963 1873 1023 ἐστιν,
1902 958 2040 1015 οἶδεν
2070 963 2195 1014 ἐαυ-

611 1043 705 1096 τοῦ
749 1045 1086 1114 προστῆναι·
1122 1044 1214 1094 καὶ
1259 1043 1318 1094 οὐ
1380 1046 1636 1114 μεριμνᾷ.
1683 1045 1780 1097 Διὰ
1817 1046 1896 1109 τίς
1927 1047 2048 1096 ’Ὁτι
2094 1046 2191 1097 οὐκ

611 1128 842 1198 ἥκουσιν
870 1126 1049 1188 αὐτός·
1086 1126 1183 1178 Ἐν
1214 1127 1436 1190 λύπιιις
1470 1127 1610 1193 τέξῃ
1647 1128 1844 1180 τέκνα.
1877 1127 2037 1180 Ξένον
2060 1125 2193 1190 εἶδος

603 1210 800 1279 δίκης·
839 1212 871 1281 ὴ
921 1213 1083 1278 πεῖρα
1121 1209 1350 1279 μάρτυς.
1391 1211 1557 1262 Ὅταν
1610 1210 1796 1272 ὠδῖνες
1848 1211 2052 1263 λάϐωσι
2099 1229 2194 1278 γυ-

611 1298 794 1357 ναῖκα,
841 1293 960 1346 οὐδὲ
1005 1297 1061 1344 ὲν
1102 1293 1286 1356 αὐτοῖς
1334 1296 1444 1356 τοῖς
1497 1294 1678 1356 πόνοις
1720 1295 2050 1365 ἀπαγορεύει
2102 1293 2193 1347 τὸν

611 1377 800 1448 ἄνδρα.
847 1377 920 1429 Οὐ
979 1377 1144 1444 λέγει·
1186 1376 1311 1428 Εἴθε
1356 1377 1428 1444 μὴ
1475 1373 1540 1446 ἦν
1598 1380 1793 1446 γάμος,
1845 1379 1954 1430 εῖθε
2007 1377 2079 1447 μὴ
2126 1374 2192 1446 ἦν

611 1461 926 1529 τεκνογονία
951 1464 962 1514 !
999 1463 1072 1514 Οὐ
1099 1465 1368 1530 συγχωρεῖ
1397 1463 1528 1532 αὐτῇ
1559 1465 1585 1514 ό
1611 1463 1743 1521 Θεὸς
1778 1461 1900 1514 οὔτε
1935 1462 2071 1532 μετὰ
2095 1462 2192 1532 τὴν

613 1548 808 1615 πεῖραν
845 1545 1066 1614 μισῆσαι
1099 1546 1189 1597 τὸν
1219 1546 1386 1614 ἄνδρα
1409 1563 1420 1574 ·
1478 1545 1589 1597 ἀλλ’
1624 1541 1730 1597 οἶδε
1769 1547 1860 1598 καὶ
1907 1546 1960 1597 τί
2000 1544 2190 1605 ἔπαθε,

612 1629 707 1682 καὶ
730 1629 782 1680 τί
816 1627 1042 1698 ὐπέστη,
1076 1629 1166 1682 καὶ
1203 1629 1391 1695 ἀγαπᾶ
1418 1630 1507 1680 τὸν
1543 1630 1729 1697 ἄνδρα.
1757 1631 1853 1681 Διὰ
1879 1629 2056 1694 τοῦτο,
2093 1631 2193 1682 Ἑν

611 1714 834 1776 λύπαις
866 1711 1006 1778 τέξῃ
1039 1711 1239 1772 τέκνα,
1270 1713 1363 1763 καὶ
1414 1713 1564 1779 πρὸς
1600 1714 1704 1765 τὸν
1762 1714 1950 1780 ἄνδρα
1992 1729 2109 1766 σου
2150 1713 2188 1778 ἡ

612 1794 964 1863 ἀποστροφή
993 1810 1128 1856 σου,
1162 1795 1256 1847 καί
1284 1796 1463 1860 αὐτός¹
1484 1812 1599 1847 σου
1633 1797 1952 1862 κυριεύσει.
1973 1797 2189 1868 Ἐπειδὴ

612 1880 736 1948 ἄρτι
771 1879 955 1941 κακῶς
993 1879 1333 1947 ὲκνρίευσας,
1363 1879 1453 1930 καὶ
1489 1879 1703 1946 ἐγένετο
1727 1879 1910 1942 δοῦλος
1946 1881 2046 1949 τῆς
2091 1879 2190 1949 σῆς

613 1963 894 2033 αἱρέσεως,
927 1961 1036 2014 λύω
1081 1961 1178 2032 τὴν
1217 1962 1570 2014 ἀκολουθίαν·
1622 1963 1780 2025 αὐτὸς
1828 1964 2134 2028 δεσποξέτω
2163 1966 2191 2016 6

613 2046 690 2116 μὴ
723 2044 1036 2113 ἀπατηθείς.
1066 2046 1162 2096 Διὰ
1208 2043 1364 2096 τοῦτο
1393 2045 1602 2108 Παῦλος
1633 2047 1812 2112 λέγει·
1845 2047 2092 2100 Puram!
2125 2045 2192 2098 δὲ

611 2127 922 2180 διδάσκειν
960 2130 1068 2180 οὐκ
1097 2127 1408 2194 ἐπιτρέπω,
1440 2129 1580 2182 οὐδὲ
1609 2130 1918 2184 αὐθεντεῖν
1946 2129 2185 2196 ἀνδρός.

613 2211 814 2274 Κακῶς
854 2212 959 2280 γάρ
1009 2211 1224 2280 πρῶτον
1273 2212 1510 2275 ἐδίδαξεν
1565 2215 1622 2265 έν
1673 2214 2004 2283 παραδείσῳ.
2039 2213 2190 2266 Οὐδὲ

611 2293 920 2346 αὐθεντεῖν
971 2293 1206 2358 ἀνδρός.
1252 2295 1450 2355 Κακῶς
1496 2295 1602 2364 γάρ
1653 2296 2004 2365 ηύθέντησεν.
2048 2298 2188 2366 Ἀρα

611 2372 704 2429 οῦν
743 2377 881 2430 κατὰ
906 2376 1106 2445 ταύτην
1133 2377 1231 2437 τὴν
1269 2376 1475 2429 ἔννοιαν
1521 2382 1775 2447 παραινεῖ
1805 2381 1832 2431 6
1866 2379 2073 2442 Παῦλος
2115 2380 2188 2449 μὴ

610 2459 881 2512 διδάσκειν
913 2462 1163 2526 γυναῖκα,
1199 2459 1286 2511 διὰ
1328 2459 1396 2512 τά
1436 2460 1493 2511 ὲν
1543 2461 1857 2530 παραδείσῳ
1907 2462 2185 2530 γινόμενα.

610 2542 702 2612 Μὴ
746 2545 905 2612 ἡμεῖς
955 2541 1322 2611 σοφιζώμεθα,
1359 2543 1520 2596 ἄκουε
1569 2543 1766 2596 αὐτοῦ·
1819 2545 2070 2598 Ιύνιιικὶ
2123 2545 2189 2596 δὲ

609 2624 921 2678 διδάσκειν
943 2627 1051 2678 οὐκ
1079 2625 1389 2692 ἐπιτρέπω,
1420 2626 1562 2679 οὐδὲ
1600 2628 1907 2681 αὐθεντεῖν
1947 2629 2184 2696 ἀνδρός.

611 2709 721 2762 Καὶ
750 2709 835 2761 ἵνα
868 2708 1012 2779 δείξῃ
1046 2709 1126 2761 ὅτι
1156 2709 1242 2760 διά
1273 2709 1336 2761 τά
1365 2711 1574 2778 πρῶτα,
1611 2713 1804 2779 ἐπάγει
1831 2729 1843 2742 ·
1888 2713 2056 2781 Ἀδὰμ
2078 2714 2187 2780 γὰρ

610 2792 722 2844 οὐκ
767 2790 1065 2857 ἠπατήθη,
1108 2792 1145 2859 ἠ
1185 2791 1253 2844 δὲ
1285 2795 1438 2860 γυνὴ
1485 2794 1856 2861 ἀπατηθεῖσίι
1895 2797 1964 2848 ἐν
2004 2812 2188 2864 πυρα·

613 2875 786 2927 ϐάσει
828 2872 1054 2942 γέγονε.

686 2964 735 3009 ι’.
757 2957 820 3008 Τί
846 2953 936 3010 οὖν
961 2974 973 3022 ;
1008 2956 1370 3027 ὑποϐέϐληται
1396 2961 1458 3028 τῇ
1489 2959 1754 3032 καταδίκῃ
1783 2961 1843 3013 τὸ
1870 2962 1979 3012 τῶν
2002 2977 2186 3028 γυναι-

610 3040 722 3093 κῶν
762 3041 936 3108 γένος,
970 3041 1062 3092 καὶ
1097 3041 1244 3110 μένει
1275 3043 1330 3092 ὲν
1363 3041 1578 3105 λύπαις,
1608 3044 1702 3095 καὶ
1727 3045 1784 3094 ού
1825 3043 2007 3095 λύεται
2042 3046 2069 3095 ὁ
2096 3046 2183 3096 δερ

611 3123 778 3193 σμόςς
805 3118 1005 3175 Ἦλθεν
1029 3125 1056 3175 6
1087 3124 1316 3194 Χριστὸς
1342 3127 1369 3177 6
1390 3125 1529 3178 λύων
1557 3126 1645 3178 τὸν
1679 3127 1873 3195 δεσμόν
1895 3146 1906 3158 ·
1948 3128 2186 3198 ἀπήντη.

611 3223 702 3258 σεν
737 3207 769 3276 ἡ
802 3207 1129 3276 Κυριοτόκος
1165 3208 1302 3278 ὑπὲρ
1340 3209 1430 3261 τοῦ
1459 3211 1649 3277 γένους
1677 3211 2109 3282 άπολογουμένη,
2149 3216 2182 3283 ἡ

610 3287 763 3360 [509]
792 3289 917 3354 άγία
964 3290 1237 3359 ιῐαρθένος
1267 3293 1385 3344 ἀντὶ
1427 3293 1526 3361 τῆς
1572 3293 1840 3363 παρθένου
1866 3311 1878 3322 ·
1922 3294 2186 3363 παρθένος

608 3371 717 3439 γὰρ
751 3368 817 3442 ἦν
849 3376 940 3424 καὶ
975 3375 1005 3442 ὴ
1045 3372 1154 3425 Εῦα
1200 3375 1287 3426 ὅτε
1335 3376 1610 3444 ἥμαρτεν·
1663 3377 1818 3428 ἔλυσε
1863 3377 1961 3448 τὴν
2009 3378 2185 3447 λύπην

607 3458 702 3509 καὶ
756 3457 845 3509 τὸν
887 3459 1189 3526 στεναγμὸν
1234 3459 1330 3527 τῆς
1395 3459 2185 3532 καταδεδικασμένης.,Ὥσπερ

607 3541 716 3611 γάρ
750 3542 841 3593 ἐάν
864 3558 946 3602 τις
986 3540 1155 3610 κληθῇ
1186 3543 1265 3602 εἰς
1298 3543 1362 3592 τά
1407 3541 1672 3609 βασίλεια,
1722 3542 2011 3606 σπουδάζει
2059 3547 2185 3606 τοὺς

611 3623 774 3686 ίδίους
799 3624 1048 3693 τιμῆσαι,
1077 3624 1176 3674 κάν
1205 3618 1338 3675 ὦσιν
1362 3626 1416 3677 ἐν
1449 3625 1680 3694 ἀνάγκῃ,
1712 3626 2006 3678 ἀπολῦσαι·
2044 3627 2185 3677 οῦτω

607 3705 866 3774 κληθείσα
895 3707 926 3774 ἠ
968 3706 1095 3772 ἁγία
1124 3705 1393 3775 [Ιαρθένος
1420 3709 1497 3768 εἰς
1530 3709 1596 3758 τὰ
1627 3707 1871 3776 βασίλεια
1909 3710 2186 3778 ὑπηρετη-

609 3788 804 3841 σασθαι
836 3791 898 3858 τῇ
936 3787 1056 3858 θείᾳ.
1097 3791 1364 3856 γεννήσει.
1401 3788 1630 3842 ἐλθοῦσα
1675 3792 1752 3852 εἰς
1793 3791 1946 3855 ξένας
1990 3793 2184 3855 ὠδῖνας

605 3872 808 3942 ταύτην
858 3873 1077 3941 πρωτην
1120 3875 1258 3923 αἰτεῖ
1304 3873 1480 3941 χάριν,
1541 3873 1737 3942 μᾶλλον
1784 3874 1839 3926 δὲ
1891 3875 2178 3944 λαμϐάνει.

620 3955 837 4024 Ἐπειδὴ
866 3955 964 4008 οὐκ
989 3955 1193 4024 ἔπρεπε
1228 3956 1324 4026 τὴν
1349 3957 1636 4009 κατάδικον
1669 3961 1900 4024 γυναῖκα
1928 3961 2183 4028 γεννῆσαι

607 4041 696 4092 τὸν
721 4038 1030 4103 ἀνεύθυνον,
1069 4040 1283 4110 ἔρχεται
1313 4044 1340 4093 6
1371 4040 1512 4093 λύων
1540 4040 1756 4111 πρῶτον
1787 4043 1882 4111 τῆς
1919 4043 2060 4105 Εὐας
2086 4045 2183 4113 τὴν

604 4122 781 4194 λύπην
814 4123 898 4176 διά
927 4125 1118 4193 χαρᾶς.
1151 4123 1407 4194 Ἔρχεται
1433 4126 1459 4176 ὁ
1489 4123 1718 4192 ἄγγελος
1738 4123 1908 4192 λέγων
1936 4129 2000 4196 τῇ
2033 4127 2182 4196 Παρ-

606 4208 744 4278 θένῳ
763 4225 775 4239 ·
795 4208 986 4275 Χαῖρε,
1008 4206 1466 4275 κεχαριτωμένη.
1485 4205 1614 4260 Εἶτα
1636 4206 1723 4260 διὰ
1743 4207 1836 4260 τοῦ
1865 4209 2038 4276 Χαῖρε
2066 4210 2182 4263 λύει

609 4291 695 4342 τὸν
727 4290 923 4356 δεσμὸν
955 4293 1051 4358 τῆς
1080 4289 1274 4359 λύπης.
1304 4290 1479 4357 Χαῖρε
1500 4308 1512 4320 ·
1547 4287 1709 4360 ἦλθεν
1739 4292 1767 4342 6
1796 4290 1936 4344 λύων
1965 4293 2062 4362 τὴν
2093 4292 2182 4344 λύ-

609 4388 735 4442 πην.
763 4371 954 4437 Χαῖρε,
981 4373 1417 4439 κεχαριτωμένη
1444 4389 1456 4399 ·
1485 4373 1670 4441 ἐπειδὴ
1695 4373 1797 4435 ἕως
1823 4375 1916 4426 νῦν
1941 4392 2181 4445 κεκατη-

608 4453 838 4525 ραμένη.
862 4449 986 4506 Ὧδε
1011 4455 1245 4523 πρόσεχε
1262 4457 1324 4524 τῇ
1352 4454 1444 4506 τοῦ
1474 4453 1606 4506 Θεοῦ
1631 4457 1831 4524 χάριτι.
1861 4456 2056 4522 Χαῖρε,
2088 4474 2182 4510 κε-

610 4539 1001 4606 χαριτωμένη·
1067 4541 1098 4592 ό
1162 4539 1373 4605 Κύριος
1419 4537 1567 4606 μετὰ
1615 4538 1751 4592 σοῦ.
1796 4538 2012 4609 Ἐπειδὴ
2061 4541 2177 4609 μετ’

606 4620 818 4690 ἐκείνης
855 4623 881 4672 6
915 4621 1034 4688 διρις
1089 4623 1146 4674 ὲν
1182 4621 1349 4693 λύπῃ,
1393 4624 1568 4690 χαῖρε,
1610 4621 1795 4690 ἐπειδὴ
1839 4620 1978 4690 μετὰ
2030 4622 2122 4674 σοῦ
2151 4624 2180 4674 6

604 4703 753 4767 Θεός.
796 4705 901 4757 Καὶ
931 4703 1093 4772 βλέπε
1125 4704 1225 4772 τὴν
1265 4704 1445 4774 φωνὴν
1484 4703 1576 4755 τοῦ
1621 4704 1876 4770 ἀγγέλου,
1909 4706 2024 4768 πῶς
2053 4707 2178 4776 ὃλην

602 4787 892 4858 έρμηνεύει
922 4786 1013 4839 τοῦ
1039 4785 1274 4857 Χριστοῦ
1303 4787 1399 4856 τὴν
1425 4788 1753 4855 οἰκονομίαν.
1782 4788 1976 4856 Χαῖρε,
2002 4806 2178 4857 κεχα-

599 4871 908 4938 ριτωμένη.
929 4871 1142 4941 Ἐπειδὴ
1171 4872 1350 4940 ἐκείνη
1378 4871 1572 4940 διπλῆν
1602 4871 1759 4922 ἔλαϐε
1792 4875 2056 4942 κατάραν,
2080 4874 2179 4942 τὴν

599 4950 774 5021 λύπην
807 4957 899 5006 καὶ
931 4955 1018 5006 τὸν
1061 4954 1359 5023 στεναγμὸν
1399 4956 1487 5007 τὸν
1533 4955 1622 5006 ἐπὶ
1660 4954 1767 5005 τῶν
1811 4956 2034 5019 ὠδίνων,
2069 4959 2178 5008 εἰσ-

603 5038 724 5102 άγει
749 5035 838 5086 τὸν
873 5037 1087 5088 τοκετὸν
1121 5036 1210 5088 τὸν
1240 5036 1430 5089 λύοντα
1463 5040 1665 5089 ἐκεῖνον
1694 5037 1784 5088 τὸν
1816 5039 1988 5090 τόκον.
2031 5039 2176 5091 Ἰδοὺ

601 5117 898 5183 συλλήψῃ
943 5119 1010 5168 ἐν
1043 5119 1270 5186 γαστρὶ,
1304 5122 1397 5172 καὶ
1427 5121 1565 5186 τέξῃ
1591 5124 1742 5181 υἱὸν,
1773 5119 1868 5172 καὶ
1900 5121 2178 5186 καλέσεις

600 5202 663 5253 τύ
714 5201 898 5267 ὄνομα
942 5201 1126 5252 αὐτοῦ
1169 5203 1424 5267 Ἰησοῦν.
1477 5204 1665 5269 Αὐτὸς
1708 5203 1818 5272 γὰρ
1853 5203 2037 5256 σώσει
2072 5203 2178 5256 τὸν

613 5285 751 5337 λαὸν
818 5282 1002 5335 αὐτοῦ
1065 5283 1182 5335 ἀπὸ
1240 5284 1358 5338 τῶν
1435 5287 1729 5355 ἁμαρτιῶν
1786 5287 2003 5341 αὐτῶν.
2067 5289 2178 5351 Τάς

602 5367 871 5436 ἁμαρτίας
896 5365 1000 5417 τῶν
1032 5365 1140 5416 σῶν
1169 5371 1417 5434 πατέρων
1451 5370 1564 5422 λύει
1592 5372 1618 5421 ὁ
1650 5373 1713 5421 ὲκ
1743 5369 1834 5420 σοῦ
1867 5370 2176 5437 βλαστάνων

603 5450 834 5518 καρπός.
865 5448 1062 5502 Λοιπὸν
1116 5449 1418 5520 μετεϐλήθη
1466 5454 1525 5503 τὸ
1581 5456 1830 5522 πρᾶγμα.
1879 5453 1988 5522 Τὴν
2033 5452 2177 5504 Εῦαν

600 5532 705 5593 ἓως
747 5535 983 5602 σήμερον
1021 5532 1070 5585 οἱ
1115 5531 1403 5595 ἀκούοντες
1459 5535 1874 5597 ταλανίζουσιν·
1916 5536 2051 5587 Οὐαὶ
2106 5537 2174 5605 τῇ

599 5615 779 5684 ἀθλία,
810 5615 925 5677 οἵας
959 5616 1113 5686 δόξης
1165 5617 1448 5682 ὲξέπεσενί
1503 5617 1622 5667 οὐαὶ
1651 5622 1714 5688 τῇ
1749 5618 1928 5688 ἀθλία,
1959 5617 2012 5669 τί
2046 5615 2180 5669 ἐπα-

601 5696 726 5749 θενι
765 5698 832 5750 'H
879 5699 1064 5768 Μαρία
1110 5699 1228 5752 καθ’
1273 5699 1506 5766 ἑκάστην
1550 5700 1762 5768 ἡμέραν
1793 5702 1978 5754 ἀκούει
2029 5699 2178 5768 παρὰ

601 5781 820 5834 πάντων
839 5781 1103 5853 μακαρία,
1126 5782 1314 5852 ἀμέλει
1340 5781 1636 5851 πλησθεῖσα
1657 5783 1967 5851 Πνεύματος
1991 5785 2168 5853 άγίου,

2060 340 2430 398 SEVERIANI

2298 459 2405 512 Καὶ
2431 458 2572 531 αὕτη
2605 462 2639 530 ὴ
2670 460 2941 533 ῐῐαρθένος
2969 463 3154 516 λοιπὸν
3188 462 3610 534 προφητεύσασα
3644 465 3861 520 ἄκουσον

2292 544 2345 596 τί
2377 544 2563 612 λέγει·
2606 547 2955 616 Εὐλογητὸς
2980 548 3192 615 Κύριος
3217 550 3251 600 ό
3282 547 3428 614 Θεὸς
3458 547 3565 602 τοῦ
3604 550 3859 616 Ἰσραὴλ,

2293 625 2383 679 ὅτι
2411 627 2792 696 ἐπεσκέψατο
2832 629 2947 696 τὴν
2982 631 3346 684 ταπείνωσιν
3378 628 3486 697 τῆς
3513 631 3741 698 δούλης
3765 635 3861 686 αὐ-

2292 711 2431 764 τοῦ·
2479 711 2600 765 ἀπὸ
2632 712 2744 780 γὰρ
2777 711 2884 766 τοῦ
2913 714 3030 766 νῦν
3046 712 3410 782 μακαριοῦσί
3444 731 3522 782 με
3569 713 3762 769 πᾶσαι
3811 720 3866 769 αὶ

2293 795 2512 862 γενεαί.
2547 794 2664 848 Ἵνα
2692 795 2841 867 δείξῃ
2870 795 2950 847 ὅτι
2981 795 3041 847 τὸ
3073 795 3358 866 πρόσωπον
3384 797 3483 866 τῆς
3527 796 3670 860 Εῦας
3696 797 3868 868 φέρει,

2298 878 2444 942 Ἕως
2489 877 2602 944 νῦν,
2625 880 2810 946 φησὶν,
2839 877 3224 949 ὑϐριζομένην,
3253 879 3362 932 ἀπὸ
3403 879 3496 932 τοῦ
3551 879 3650 934 νῦν
3695 899 3870 950 μακα-

2295 963 2470 1034 ριοῦσί
2512 979 2578 1032 με
2615 964 2784 1015 πᾶσαι
2811 963 2866 1014 αἱ
2893 963 3095 1030 γενεαί.
3128 963 3237 1016 Καὶ
3266 962 3339 1027 τί,
3372 963 3558 1034 φησὶν,
3588 964 3872 1033 ὠφελεῖται

2299 1047 2370 1118 μὴ
2407 1048 2717 1111 ἀκούονσας
2773 1048 3019 1100 Μάλιστα
3068 1047 3165 1116 μὲν
3207 1043 3299 1099 οὖν
3328 1047 3534 1110 ἀκούει,
3583 1048 3648 1099 ἐκ
3683 1047 3780 1101 τοῦ
3819 1050 3874 1098 ὲν

2293 1132 2442 1200 τόπῳ
2480 1129 2746 1199 φωτεινῷ,
2779 1131 2836 1181 ὲν
2866 1129 3018 1201 χώρα
3049 1130 3264 1194 ζώντων
3295 1127 3454 1194 εἶναι,
3486 1133 3518 1201 ἡ
3553 1132 3741 1200 μήτηρ
3781 1130 3876 1198 τῆς

2294 1215 2590 1285 σωτηρίας,
2615 1217 2645 1284 ἠ
2686 1215 2836 1284 πηγὴ
2869 1215 2961 1267 τοῦ
2986 1213 3243 1284 αἰσθητοῦ
3265 1215 3467 1282 φωτός·
3503 1212 3766 1282 αἰσθητοῦ
3795 1214 3879 1266 δια

2292 1299 2389 1364 τὴν
2424 1297 2620 1367 σάρκα,
2644 1296 2834 1366 νοητοῦ
2851 1296 2939 1348 διά
2953 1296 3050 1367 τὴν
3073 1296 3318 1366 θεότητα.
3344 1297 3530 1359 Οὕτως
3559 1291 3654 1348 οὖν
3673 1295 3741 1347 δι’
3760 1296 3877 1348 ὅλου

2296 1381 2680 1451 μακαρίζεται.
2714 1381 2875 1433 Ἀλλὰ
2915 1382 3006 1433 καὶ
3036 1381 3110 1443 ὡς
3135 1380 3214 1432 ἔτι
3250 1381 3344 1451 ἔζη
3377 1383 3433 1433 έν
3459 1381 3645 1450 σαρκὶ.
3672 1382 3882 1450 ἐμακα-

2294 1465 2500 1534 ρίζετο·
2567 1465 2765 1534 ἤκουσε
2810 1465 2915 1534 γάρ
2953 1464 3046 1516 τοῦ
3109 1463 3458 1535 μακαρισμοῦ
3502 1464 3579 1515 ἐτι
3621 1465 3678 1515 ἐν
3716 1465 3882 1532 σαρκὶ

2291 1545 2444 1601 οὖσα.
2466 1548 2678 1618 Ἑκείνη
2702 1548 2918 1617 πρῶτον
2943 1544 3072 1613 εἶδε,
3103 1549 3193 1599 καὶ
3223 1548 3343 1600 τότε
3367 1547 3633 1614 ἐγεύσατο
3657 1546 3754 1598 τοῦ
3777 1546 3884 1598 δέν-

2291 1633 2417 1702 δρου
2445 1647 2457 1660 ·
2502 1631 2638 1700 αῦτη
2675 1630 2890 1700 πρῶτον
2918 1629 3062 1692 εἷπε,
3097 1632 3190 1682 καὶ
3215 1631 3335 1683 τότε
3367 1630 3566 1700 ἢκουσε
3591 1627 3685 1680 τοῦ
3710 1646 3883 1698 μακα-

2294 1713 2650 1784 ρισμοῦ.”οτε
2689 1713 2798 1783 γάρ
2841 1715 2870 1765 6
2918 1713 3106 1784 Σωτὴρ
3137 1713 3435 1774 ἐδίδασκεν,
3477 1708 3695 1778 Ἐπῆρε
3724 1711 3880 1779 γυνή

2292 1815 2380 1862 τις
2409 1797 2708 1866 φωνὴνὲκ
2743 1797 2849 1850 τοῦ
2887 1798 3098 1864 ὄχλου,
3143 1798 3235 1850 καὶ
3273 1795 3418 1862 λέγει
3450 1794 3625 1864 αὐτῷ,
3662 1796 3881 1849 πάντων

2292 1881 2623 1933 ἀκουόντων·
2649 1882 2921 1947 Μακαριά
2945 1883 2978 1947 ἡ
3007 1876 3643 1945 κοιλιάήβαστάσασά
3667 1894 3764 1941 σε,
3789 1878 3880 1929 καί

2285 1967 2501 2032 μαστοὶ
2515 2008 2526 2027 ,
2543 1965 2648 2028 οὓς
2663 1964 2988 2029 ἐθήλασας.
3011 1963 3148 2014 Ἀλλ’
3164 1962 3253 2015 ἐπὶ
3268 1963 3356 2015 τὸν
3373 1963 3542 2031 Ἀδάμ
3558 1963 3880 2032 ἐπλήρωσεν

2291 2050 2318 2099 6
2353 2049 2484 2110 Θεὸς
2513 2050 2610 2119 τὴν
2637 2049 2934 2116 ἀπόφασιν,
2966 2047 3165 2116 μᾶλλον
3191 2046 3248 2099 δὲ
3279 2047 3375 2117 τὴν
3413 2046 3556 2100 ἴασιν
3578 2047 3684 2116 τῆς
3712 2064 3880 2115 μετα-

2291 2132 2457 2193 νοίας,
2473 2134 2564 2183 καὶ
2583 2131 2746 2198 λέγει·
2766 2131 2893 2183 Ὅτι
2916 2130 3186 2198 ἤκουσας
3207 2130 3313 2198 τῆς
3329 2129 3534 2199 φωνῆς
3553 2129 3666 2196 τῆς
3680 2145 3880 2198 γυναισ

2291 2216 2398 2278 κός
2425 2231 2564 2278 σοι),
2584 2215 2679 2267 καί
2709 2215 2924 2281 ἔφαγες
2951 2213 3068 2267 ἀπὸ
3100 2212 3206 2264 τοῦ
3239 2212 3451 2278 ξύλου,
3479 2209 3553 2267 οὗ
3584 2211 3880 2265 ἐνετειλά-

2285 2316 2408 2366 μην
2429 2314 2525 2350 σοι
2543 2297 2628 2365 μὴ
2651 2297 2882 2365 φαγεῖν,
2915 2295 3344 2363 ἑπικατάρατος
3371 2296 3407 2360 ἠ
3440 2294 3514 2362 γῆ
3547 2295 3619 2348 ἐν
3638 2294 3768 2360 τοῖς
3789 2296 3877 2361 ἐρα

2290 2400 2414 2448 you;
2435 2396 2572 2432 σου.
2602 2381 2770 2433 Πάλιν
2786 2382 2813 2431 6
2840 2380 3203 2448 εὐλογημένος
3225 2380 3282 2430 οὐ
3307 2378 3572 2448 λαμϐάνει
3593 2379 3697 2449 τὴν
3720 2379 3882 2430 κατά-

2291 2480 2412 2533 ραν,
2454 2463 2625 2530 άλλ“ἠ
2673 2463 2972 2532 γῆ.⁹Αλλος
3005 2463 3240 2532 ἥμαρτε,
3277 2463 3370 2514 καὶ
3410 2461 3544 2530 άλλη
3588 2460 3878 2513 τύπτεται.

2293 2547 2505 2615 Ὥσπερ
2529 2547 2559 2614 ἡ
2587 2544 2740 2616 [510]
2766 2545 2865 2614 τῆς
2891 2543 3034 2606 Εὔας
3062 2545 3295 2613 κατάρα·
3332 2544 3532 2614 μᾶλλον
3557 2544 3615 2597 δὲ
3647 2546 3681 2613 ἡ
3712 2545 3880 2596 ἐπιτί-

2293 2646 2454 2697 μησις
2490 2630 2571 2698 (οὐ
2604 2630 2712 2700 γάρ
2745 2624 2810 2696 ἦν
2835 2629 3064 2696 κατάρα,
3089 2626 3224 2678 ἀλλὰ
3253 2626 3596 2696 διόρθωσις)·
3627 2627 3823 2696 ὥσπερ
3850 2629 3876 2694 ἡ

2290 2713 2601 2781 ἐπιτίμησις
2618 2711 2714 2781 τῆς
2741 2710 2905 2773 Εὐας,
2925 2713 3026 2762 Ἐν
3049 2711 3272 2774 ,λύπαις
3297 2709 3436 2776 τέξῃ
3460 2709 3576 2778 (καὶ
3597 2710 3713 2778 γάρ
3736 2711 3880 2760 πάσα

2289 2795 2424 2863 γυνὴ
2448 2795 2503 2845 ὲν
2520 2794 2716 2856 λύπαις
2733 2793 2947 2859 τίκτει),
2972 2792 3183 2862 ἔμεινεν
3205 2792 3307 2854 ἕως
3331 2792 3475 2861 ἄρτι·
3503 2790 3653 2845 οὕτω
3674 2790 3878 2844 καὶτοῦ

2301 2877 2490 2946 Ἀδάμ·
2543 2875 2995 2943 Ἐπικατάρατος
3027 2875 3064 2940 ἠ
3107 2873 3180 2943 γῆ
3219 2874 3289 2927 ἐν
3331 2873 3453 2939 τοῖς
3497 2875 3705 2942 ἔργοις
3747 2890 3877 2928 σου.

2299 2958 2482 3029 Ἦμὼν
2501 2958 2789 3028 παράνομα
2809 2957 2876 3010 τὰ
2890 2958 3044 3027 ἔργα,
3067 2960 3211 3027 καὶὴ
3236 2957 3307 3026 γῆ
3327 2956 3554 3027 μαστίζε
3565 2975 3676 3012 ται.
3694 2955 3880 3026 Ἥμεῖς

2288 3042 2696 3112 ἁμαρτάνομεν,
2727 3042 2821 3092 καὶ
2854 3044 2886 3112 η
2917 3042 2986 3112 γῆ
3025 3041 3238 3110 δέχεται
3275 3042 3373 3110 τὴν
3400 3040 3674 3112 κατάραν.
3707 3040 3880 3093 Φείδεο

2285 3141 2375 3176 ται
2399 3129 2426 3177 6
2455 3124 2585 3187 Θεὸς
2622 3125 2714 3176 τοῦ
2745 3124 3080 3194 πλάσματος,
3115 3123 3189 3186 ὼς
3239 3123 3491 3191 εὐγενοῦς
3533 3124 3754 3186 παιδὸς,
3794 3125 3880 3175 καὶ

2285 3208 2476 3261 τύπτει
2522 3211 2620 3278 τὴν
2652 3212 2755 3279 γῆν
2786 3208 2860 3272 ὡς
2909 3207 3272 3275 παιδαγωγόν.
3338 3207 3812 3274 Ἐπικατάρατος
3845 3208 3876 3271 ἡ

2287 3291 2362 3360 γῆ
2390 3293 2457 3344 ἐν
2485 3292 2608 3358 τοῖς
2637 3291 2833 3362 ἔργοις
2859 3306 2995 3345 σου.
3029 3291 3120 3360 Μὴ
3149 3295 3212 3362 τῇ
3253 3290 3412 3360 φύσει
3443 3292 3710 3361 πρόσεχε,
3748 3291 3881 3344 ἀλλα

2285 3377 2349 3443 τῇ
2379 3373 2472 3426 τοῦ
2499 3375 2633 3427 Θεοῦ
2655 3378 2857 3445 χάριτι.
2881 3375 2994 3426 Οὐκ
3017 3370 3184 3438 εἶπεν,
3225 3373 3698 3439 Ἐπικατάρατος
3719 3374 3758 3439 ἠ
3783 3372 3876 3439 γῆ·

2288 3460 2407 3511 ἐπεὶ
2442 3459 2599 3528 ἔμενε
2636 3458 3077 3528 κεκατηραμένη,
3115 3457 3208 3508 καὶ
3248 3454 3456 3523 καρπὸν
3495 3456 3598 3506 οὐκ
3647 3451 3878 3526 ἕᾳτρεν·

2285 3542 2472 3610 ὥσπερ
2493 3538 2609 3592 εἷπε
2630 3544 2694 3610 τῇ
2724 3543 2880 3608 συκῇ,
2908 3538 3132 3604 Μηκέτι
3159 3538 3226 3590 ἐκ
3245 3536 3358 3590 σοῦ
3378 3536 3602 3604 καρπὸς
3626 3537 3878 3602 ἐξέλθῃ.

2287 3622 2385 3675 καὶ
2412 3621 2734 3689 ἐξηράνθη·
2755 3621 2922 3682 οὕτως
2950 3617 3060 3690 εἶχε
3090 3620 3338 3687 γενέσθαι
3365 3622 3510 3690 καὶὴ
3540 3621 3612 3689 γῆ
3637 3632 3666 3660 ι
3687 3638 3699 3649 ·
3743 3622 3880 3674 ἀλλὰ

2285 3705 2454 3772 λέγει·
2496 3706 2591 3757 Ἑν
2613 3705 2738 3768 τοῖς
2759 3704 2954 3772 ἔργοις
2975 3720 3112 3757 σου.
3141 3703 3308 3756 Ὅταν
3332 3703 3581 3772 ἁμάρτω,
3608 3703 3882 3757 τύπτεται

2285 3788 2442 3858 ἡγῆο
2486 3788 2574 3840 ὅτε
2614 3786 2934 3856 εὐοδοῦμαι,
2980 3786 3192 3852 εὐλογεῖ
3230 3787 3414 3856 αὐτήν.
3453 3787 3561 3838 Καὶ
3607 3786 3786 3854 βλέπε
3829 3789 3882 3838 τὸ

2286 3875 2617 3944 θαυμαστόν.
2651 3875 2778 3927 Ὀτε
2806 3874 3019 3925 ἔκτισεν
3039 3875 3066 3925 6
3097 3873 3228 3935 Θεὸς
3264 3873 3362 3944 τὴν
3391 3873 3513 3943 γῆν,
3541 3875 3643 3942 τὴν
3673 3874 3885 3928 θάλασ-

2287 3976 2406 4021 σαν,
2431 3959 2496 4010 τά
2525 3957 2764 4022 πετεινά,
2787 3957 2852 4009 τά
2875 3955 3098 4026 ἑρπετά,
3129 3956 3196 4008 τὰ
3223 3957 3406 4026 θηρία,
3439 3957 3530 4008 τὸν
3556 3956 3882 4028 ἄνθρωπον,

2285 4043 2460 4094 πάντα
2489 4040 2748 4108 εὐλόγησε
2770 4057 2780 4069 ·
2805 4041 2929 4101 τοὺς
2956 4041 3200 4108 καρποὺς
3219 4041 3318 4091 οὐκ
3339 4039 3655 4106 εὐλόγησεν,
3686 4041 3885 4108 ἐπειδὴ

2285 4125 2397 4195 ᾔδει
2419 4126 2498 4177 ὅτι
2522 4124 2845 4192 φυλάττεται
2870 4126 2933 4193 τῇ
2961 4127 3028 4194 γῇ
3062 4125 3251 4194 αῦτηὴ
3281 4123 3538 4194 τιμωρία,
3575 4124 3663 4176 ἵνα
3696 4125 3886 4195 ἁμαρ-

2282 4209 2551 4260 τανόντων
2573 4207 2680 4259 τῶν
2707 4205 3008 4276 ἀνθρώπων
3027 4206 3244 4276 δέξηται
3268 4205 3517 4277 ἀφορίαν,
3551 4207 3645 4258 καὶ
3666 4207 3886 4259 δικαιο-

2285 4289 2638 4360 πραγούντων
2680 4288 2896 4359 δέξηται
2940 4289 3218 4358 εὐφορίαν.
3273 4289 3386 4340 Οὐκ
3429 4287 3702 4356 εὐλόγησε
3758 4292 3886 4351 τοὺς

2284 4373 2551 4442 καρπούς·
2588 4371 2998 4442 ἀμεταμέλητον
3035 4372 3144 4440 γὰρ
3172 4366 3238 4438 ἦν
3269 4371 3327 4421 τὸ
3351 4370 3615 4439 χάρισμα·
3666 4371 3887 4426 Ἀκάν-

2283 4458 2390 4518 θας
2439 4455 2538 4506 καὶ
2583 4455 2892 4522 τριϐόλους
2922 4451 3204 4506 ἀνατελεῐ
3246 4466 3362 4503 σοι.
3405 4452 3884 4523 Κατεφρόνησας,

2283 4539 2437 4607 φησὶ,
2477 4537 2584 4589 τῶν
2609 4536 2880 4604 μεγάλων·
2915 4534 3117 4586 τύπτου
3157 4535 3262 4587 ὐπὸ
3299 4534 3403 4588 τῶν
3431 4535 3672 4606 μικρῶν.
3707 4539 3886 4591 Βλέπε

2283 4619 2397 4680 πῶς
2427 4620 2520 4672 καὶ
2547 4621 2601 4670 αἱ
2632 4618 2868 4670 παιδεῖαι
2897 4619 3216 4690 σύμμετροι.
3254 4618 3498 4673 ’Δκανθα
3530 4621 3799 4692 ἀναιρεῖν
3832 4626 3886 4677 αὖ

2282 4701 2522 4754 δύναται·
2559 4701 2787 4770 αἱμάξαι
2816 4702 2843 4740 ι»
2871 4701 3113 4754 δύναται.
3154 4702 3259 4754 Καὶ
3287 4702 3517 4770 φάγεται
3549 4703 3651 4775 τὴν
3693 4708 3810 4777 γῆν
3836 4711 3888 4759 ὲν

2282 4786 2497 4848 λύπαις.
2543 4787 2756 4854 Ἐκείνη
2782 4787 2952 4838 τίκτει
2976 4787 3032 4838 ἐν
3053 4785 3267 4848 λύπαις·
3300 4789 3363 4838 σὺ
3393 4787 3534 4854 φάγε
3564 4789 3626 4841 ὲν
3651 4789 3887 4854 λύπαι-το

2292 4871 2355 4922 Ἦ
2389 4872 2496 4940 γάρ
2531 4869 2730 4940 ἀρχαία
2761 4871 3032 4938 ἀπόφασις
3071 4870 3222 4939 μένει
3267 4872 3370 4934 ἕως
3395 4871 3538 4940 ἄρτι.
3567 4873 3687 4926 Καὶ
3721 4877 3884 4945 βλέπε

2285 4972 2374 5024 μοι
2411 4954 2682 5016 πλούσιον,
2710 4954 2935 5021 πένητα,
2956 4953 3209 5024 ἄρχοντα,
3238 4971 3429 5022 μεγαν,
3454 4953 3682 5009 είέστιν
3721 4960 3888 5013 αὐτοῦ

2280 5038 2370 5088 τὸν
2394 5038 2504 5104 βίον
2539 5037 2742 5089 ἄλυπον
2773 5038 2970 5105 εὑρεῖν.
3007 5039 3038 5105 ἢ
3075 5035 3396 5104 ἀμέριμνον.
3427 5036 3522 5088 Διὰ
3553 5039 3639 5101 τί;
3673 5045 3787 5093 Διά
3813 5046 3886 5098 τὸ,

2295 5121 2389 5171 Ἐν
2431 5119 2622 5185 ἱδρῶτι
2663 5119 2768 5171 τοῦ
2807 5118 3128 5184 προσώπου
3176 5133 3293 5171 σου
3322 5117 3486 5186 φαγῇ
3530 5121 3646 5173 τὸν
3703 5124 3889 5193 ἀρτίτ

2280 5217 2414 5254 σου.
2459 5203 2570 5253 Οὐκ
2613 5199 2882 5268 ἠθέλησας
2918 5199 3054 5266 μετὰ
3088 5199 3343 5263 ἀνέσεως·
3379 5203 3434 5254 ὲν
3468 5202 3664 5270 ἱδρῶτι
3725 5210 3883 5276 φάγε,

2281 5286 2354 5336 Οὐ
2395 5283 2608 5346 κολάζει
2631 5283 2791 5335 αὐτὸν
2813 5283 2974 5352 λιμῷ,
3002 5283 3116 5335 ἀλλ’
3141 5286 3430 5338 omum;
3452 5289 3717 5358 τιμωρίᾳ
3748 5303 3773 5328 c
3803 5295 3889 5341 καὶ

2281 5369 2447 5435 πόνῳ.
2474 5368 2673 5420 Λοιπὸν
2703 5367 2788 5428 σὺ,
2809 5368 2838 5418 6
2860 5364 3066 5429 πιστὸς,
3092 5368 3266 5420 έκεῖνο
3287 5368 3518 5436 λόγισαι·
3546 5367 3612 5420 ΕΞ
3640 5373 3675 5423 ό
3716 5374 3886 5440 Ἀδάμ

2340 5543 2364 5569 ⁸
2387 5539 2517 5598 Conj.
2543 5540 2652 5588 Sav.
2680 5545 2737 5601 τῇ
2759 5545 2838 5602 γῇ.

2342 5602 2369 5640 δ
2397 5601 2447 5648 1η
2481 5615 2592 5649 mss.
2622 5602 2730 5655 ..Εαι
2757 5601 3013 5664 Iegebalur
3035 5598 3280 5663 prisribns
3300 5596 3484 5664 ειη-θεῖε
3503 5598 3731 5664 ﬂagris.
3763 5605 3885 5653 Sen.

2278 5676 2359 5710 sus
2379 5669 2540 5710 autem
2571 5660 2883 5722 postulata'ul
2904 5660 3070 5718 στέξαι,
3099 5669 3180 5709 aut
3199 5661 3409 5723 αἱμάξαι,
3437 5660 3514 5723 v_el
3536 5662 3675 5718 quid
3701 5669 3885 5715 smnia

2342 5728 2364 5754 τ
2413 5724 2506 5771 l’ro
2563 5720 2764 5786 τιμωρίᾳ
2823 5730 2962 5783 putat
3021 5720 3554 5784 Savllius'legendum
3627 5726 3885 5778 ταλαιπω-

2281 5795 2372 5860 ρία.
2400 5793 2606 5853 Recepit
2629 5793 2887 5841 Combelis.
