  <div class='ocr_page' id='page_1' title='image "/cluster/home/n/w/nwhite01/storage/ocr_20150623/56/nnc1.0114695758/486.png"; bbox 0 0 3976 6218; ppageno 0'>
   <div class='ocr_carea' id='block_1_1' title="bbox 216 343 333 397">
    <p class='ocr_par' dir='ltr' id='par_1_1' title="bbox 216 343 333 397">
     <span class='ocr_line' id='line_1_1' title="bbox 216 343 333 397; baseline 0.034 -4"><span class='ocrx_word' id='word_1_1' title='bbox 216 343 333 397; x_wconf 83' lang='grc'><strong>497</strong></span> 
     </span>
    </p>
   </div>
   <div class='ocr_carea' id='block_1_2' title="bbox 216 436 1793 511">
    <p class='ocr_par' dir='ltr' id='par_1_2' title="bbox 216 436 1793 511">
     <span class='ocr_line' id='line_1_2' title="bbox 216 436 1793 511; baseline -0.003 -18"><span class='ocrx_word' id='word_1_2' title='bbox 216 444 393 509; x_wconf 83' lang='lat' dir='ltr'><strong>(Joan.</strong></span> <span class='ocrx_word' id='word_1_3' title='bbox 425 441 511 497; x_wconf 86' lang='lat'><strong>16.</strong></span> <span class='ocrx_word' id='word_1_4' title='bbox 543 440 656 511; x_wconf 74' lang='grc'><strong>21).</strong></span> <span class='ocrx_word' id='word_1_5' title='bbox 686 440 952 496; x_wconf 75' lang='lat' dir='ltr'><strong>&#39;[ristatur</strong></span> <span class='ocrx_word' id='word_1_6' title='bbox 980 454 1101 494; x_wconf 89' lang='lat' dir='ltr'><strong>cum</strong></span> <span class='ocrx_word' id='word_1_7' title='bbox 1147 440 1284 509; x_wconf 89' lang='lat' dir='ltr'><strong>parit</strong></span> <span class='ocrx_word' id='word_1_8' title='bbox 1306 482 1321 503; x_wconf 92' lang='lat'><strong>,</strong></span> <span class='ocrx_word' id='word_1_9' title='bbox 1365 439 1519 493; x_wconf 79' lang='lat' dir='ltr'><strong>anxia</strong></span> <span class='ocrx_word' id='word_1_10' title='bbox 1559 448 1640 492; x_wconf 85' lang='lat' dir='ltr'><strong>est</strong></span> <span class='ocrx_word' id='word_1_11' title='bbox 1669 436 1793 490; x_wconf 89' lang='lat' dir='ltr'><strong>dum</strong></span> 
     </span>
    </p>
   </div>
   <div class='ocr_carea' id='block_1_3' title="bbox 216 527 1793 599">
    <p class='ocr_par' dir='ltr' id='par_1_3' title="bbox 216 527 1793 599">
     <span class='ocr_line' id='line_1_3' title="bbox 216 527 1793 599; baseline -0.004 -15"><span class='ocrx_word' id='word_1_12' title='bbox 216 533 385 584; x_wconf 96' lang='lat' dir='ltr'><strong>nutrit</strong></span> <span class='ocrx_word' id='word_1_13' title='bbox 409 547 425 593; x_wconf 88' lang='lat'><strong>;</strong></span> <span class='ocrx_word' id='word_1_14' title='bbox 453 531 540 583; x_wconf 88' lang='lat' dir='ltr'><strong>ubi</strong></span> <span class='ocrx_word' id='word_1_15' title='bbox 571 546 699 598; x_wconf 88' lang='lat' dir='ltr'><strong>puer</strong></span> <span class='ocrx_word' id='word_1_16' title='bbox 720 530 972 599; x_wconf 74' lang='lat' dir='ltr'><strong>grandior</strong></span> <span class='ocrx_word' id='word_1_17' title='bbox 1000 539 1102 595; x_wconf 88' lang='lat' dir='ltr'><strong>est,</strong></span> <span class='ocrx_word' id='word_1_18' title='bbox 1134 540 1349 583; x_wconf 88' lang='lat' dir='ltr'><strong>veretur</strong></span> <span class='ocrx_word' id='word_1_19' title='bbox 1390 545 1455 581; x_wconf 91' lang='lat' dir='ltr'><strong>ne</strong></span> <span class='ocrx_word' id='word_1_20' title='bbox 1480 542 1661 581; x_wconf 84' lang='lat' dir='ltr'><strong>socors</strong></span> <span class='ocrx_word' id='word_1_21' title='bbox 1688 527 1755 578; x_wconf 88' lang='lat' dir='ltr'><strong>sit</strong></span> <span class='ocrx_word' id='word_1_22' title='bbox 1779 542 1793 587; x_wconf 85' lang='lat'><strong>;</strong></span> 
     </span>
    </p>
   </div>
   <div class='ocr_carea' id='block_1_4' title="bbox 214 615 1793 688">
    <p class='ocr_par' dir='ltr' id='par_1_4' title="bbox 214 615 1793 688">
     <span class='ocr_line' id='line_1_4' title="bbox 214 615 1793 688; baseline -0.003 -17"><span class='ocrx_word' id='word_1_23' title='bbox 214 620 263 671; x_wconf 79' lang='lat' dir='ltr'><strong>si</strong></span> <span class='ocrx_word' id='word_1_24' title='bbox 294 619 673 688; x_wconf 74' lang='lat' dir='ltr'><strong>peregrinetur,</strong></span> <span class='ocrx_word' id='word_1_25' title='bbox 706 620 890 671; x_wconf 86' lang='lat' dir='ltr'><strong>metuit</strong></span> <span class='ocrx_word' id='word_1_26' title='bbox 914 635 980 672; x_wconf 82' lang='lat' dir='ltr'><strong>ne</strong></span> <span class='ocrx_word' id='word_1_27' title='bbox 1008 621 1264 671; x_wconf 88' lang='lat' dir='ltr'><strong>moriatur</strong></span> <span class='ocrx_word' id='word_1_28' title='bbox 1287 659 1301 680; x_wconf 92' lang='lat'><strong>,</strong></span> <span class='ocrx_word' id='word_1_29' title='bbox 1335 634 1400 669; x_wconf 85' lang='lat' dir='ltr'><strong>tte</strong></span> <span class='ocrx_word' id='word_1_30' title='bbox 1423 618 1472 669; x_wconf 92' lang='lat' dir='ltr'><strong>in</strong></span> <span class='ocrx_word' id='word_1_31' title='bbox 1499 618 1683 669; x_wconf 90' lang='lat' dir='ltr'><strong>morbo</strong></span> <span class='ocrx_word' id='word_1_32' title='bbox 1714 615 1793 667; x_wconf 86' lang='lat' dir='ltr'><strong>vel</strong></span> 
     </span>
    </p>
   </div>
   <div class='ocr_carea' id='block_1_5' title="bbox 216 703 1794 765">
    <p class='ocr_par' dir='ltr' id='par_1_5' title="bbox 216 703 1794 765">
     <span class='ocr_line' id='line_1_5' title="bbox 216 703 1794 765; baseline -0.004 -2"><span class='ocrx_word' id='word_1_33' title='bbox 216 710 270 763; x_wconf 91' lang='lat' dir='ltr'><strong>in</strong></span> <span class='ocrx_word' id='word_1_34' title='bbox 300 725 531 763; x_wconf 73' lang='lat' dir='ltr'><strong>:erumna</strong></span> <span class='ocrx_word' id='word_1_35' title='bbox 560 719 817 762; x_wconf 80' lang='lat' dir='ltr'><strong>versetur.</strong></span> <span class='ocrx_word' id='word_1_36' title='bbox 865 708 958 762; x_wconf 84' lang='lat' dir='ltr'><strong>His</strong></span> <span class='ocrx_word' id='word_1_37' title='bbox 997 709 1077 760; x_wconf 90' lang='lat' dir='ltr'><strong>vir</strong></span> <span class='ocrx_word' id='word_1_38' title='bbox 1114 723 1218 760; x_wconf 91' lang='lat' dir='ltr'><strong>non</strong></span> <span class='ocrx_word' id='word_1_39' title='bbox 1248 716 1326 760; x_wconf 90' lang='lat' dir='ltr'><strong>cst</strong></span> <span class='ocrx_word' id='word_1_40' title='bbox 1353 706 1648 765; x_wconf 82' lang='lat' dir='ltr'><strong>obnoxius;</strong></span> <span class='ocrx_word' id='word_1_41' title='bbox 1696 703 1794 757; x_wconf 86' lang='lat' dir='ltr'><strong>etsi</strong></span> 
     </span>
    </p>
   </div>
   <div class='ocr_carea' id='block_1_6' title="bbox 214 796 1794 867">
    <p class='ocr_par' dir='ltr' id='par_1_6' title="bbox 214 796 1794 867">
     <span class='ocr_line' id='line_1_6' title="bbox 214 796 1794 867; baseline -0.003 -16"><span class='ocrx_word' id='word_1_42' title='bbox 214 800 357 851; x_wconf 85' lang='lat' dir='ltr'><strong>enim</strong></span> <span class='ocrx_word' id='word_1_43' title='bbox 387 809 537 867; x_wconf 87' lang='lat' dir='ltr'><strong>pater</strong></span> <span class='ocrx_word' id='word_1_44' title='bbox 565 797 633 851; x_wconf 92' lang='lat' dir='ltr'><strong>sit</strong></span> <span class='ocrx_word' id='word_1_45' title='bbox 659 798 946 861; x_wconf 82' lang='lat' dir='ltr'><strong>Sollicitus,</strong></span> <span class='ocrx_word' id='word_1_46' title='bbox 1002 813 1105 849; x_wconf 92' lang='lat' dir='ltr'><strong>non</strong></span> <span class='ocrx_word' id='word_1_47' title='bbox 1147 796 1365 864; x_wconf 90' lang='lat' dir='ltr'><strong>perinde</strong></span> <span class='ocrx_word' id='word_1_48' title='bbox 1412 806 1587 847; x_wconf 90' lang='lat' dir='ltr'><strong>tamen</strong></span> <span class='ocrx_word' id='word_1_49' title='bbox 1636 803 1794 861; x_wconf 89' lang='lat' dir='ltr'><strong>atque</strong></span> 
     </span>
    </p>
   </div>
   <div class='ocr_carea' id='block_1_7' title="bbox 214 887 1790 957">
    <p class='ocr_par' dir='ltr' id='par_1_7' title="bbox 214 887 1790 957">
     <span class='ocr_line' id='line_1_7' title="bbox 214 887 1790 957; baseline -0.003 -16"><span class='ocrx_word' id='word_1_50' title='bbox 214 901 418 952; x_wconf 87' lang='lat' dir='ltr'><strong>mater;</strong></span> <span class='ocrx_word' id='word_1_51' title='bbox 463 889 557 943; x_wconf 81' lang='lat' dir='ltr'><strong>sed</strong></span> <span class='ocrx_word' id='word_1_52' title='bbox 593 890 822 957; x_wconf 71' lang='lat' dir='ltr'><strong>soipsnm</strong></span> <span class='ocrx_word' id='word_1_53' title='bbox 861 890 1162 943; x_wconf 92' lang='lat' dir='ltr'><strong>consolatur</strong></span> <span class='ocrx_word' id='word_1_54' title='bbox 1204 890 1384 940; x_wconf 80' lang='lat' dir='ltr'><strong>dicens</strong></span> <span class='ocrx_word' id='word_1_55' title='bbox 1426 903 1437 937; x_wconf 90' lang='lat'><em>:</em></span> <span class='ocrx_word' id='word_1_56' title='bbox 1487 887 1653 939; x_wconf 91' lang='lat' dir='ltr'><strong>Ilomo</strong></span> <span class='ocrx_word' id='word_1_57' title='bbox 1689 896 1790 950; x_wconf 90' lang='lat' dir='ltr'><strong>est,</strong></span> 
     </span>
    </p>
   </div>
   <div class='ocr_carea' id='block_1_8' title="bbox 213 977 1793 1048">
    <p class='ocr_par' dir='ltr' id='par_1_8' title="bbox 213 977 1793 1048">
     <span class='ocr_line' id='line_1_8' title="bbox 213 977 1793 1048; baseline -0.003 -16"><span class='ocrx_word' id='word_1_58' title='bbox 213 982 317 1033; x_wconf 82' lang='lat' dir='ltr'><strong>scit</strong></span> <span class='ocrx_word' id='word_1_59' title='bbox 347 979 443 1033; x_wconf 84' lang='lat' dir='ltr'><strong>sibi</strong></span> <span class='ocrx_word' id='word_1_60' title='bbox 480 981 812 1048; x_wconf 87' lang='lat' dir='ltr'><strong>prospicere;</strong></span> <span class='ocrx_word' id='word_1_61' title='bbox 856 994 1023 1047; x_wconf 85' lang='lat' dir='ltr'><strong>neque</strong></span> <span class='ocrx_word' id='word_1_62' title='bbox 1054 979 1240 1031; x_wconf 79' lang='lat' dir='ltr'><strong>anxius</strong></span> <span class='ocrx_word' id='word_1_63' title='bbox 1271 986 1372 1030; x_wconf 88' lang='lat' dir='ltr'><strong>est.</strong></span> <span class='ocrx_word' id='word_1_64' title='bbox 1421 977 1631 1042; x_wconf 80' lang='lat' dir='ltr'><strong>Quare?</strong></span> <span class='ocrx_word' id='word_1_65' title='bbox 1663 977 1793 1042; x_wconf 84' lang='lat' dir='ltr'><strong>Quia</strong></span> 
     </span>
    </p>
   </div>
   <div class='ocr_carea' id='block_1_9' title="bbox 214 1068 1791 1139">
    <p class='ocr_par' dir='ltr' id='par_1_9' title="bbox 214 1068 1791 1139">
     <span class='ocr_line' id='line_1_9' title="bbox 214 1068 1791 1139; baseline -0.005 -14"><span class='ocrx_word' id='word_1_66' title='bbox 214 1088 321 1125; x_wconf 88' lang='lat' dir='ltr'><strong>non</strong></span> <span class='ocrx_word' id='word_1_67' title='bbox 353 1073 551 1124; x_wconf 87' lang='lat' dir='ltr'><strong>audivit</strong></span> <span class='ocrx_word' id='word_1_68' title='bbox 578 1072 663 1124; x_wconf 88' lang='lat' dir='ltr'><strong>ille</strong></span> <span class='ocrx_word' id='word_1_69' title='bbox 699 1089 711 1123; x_wconf 93' lang='lat'>:</span> <span class='ocrx_word' id='word_1_70' title='bbox 742 1070 807 1124; x_wconf 92' lang='lat' dir='ltr'><strong>In</strong></span> <span class='ocrx_word' id='word_1_71' title='bbox 835 1072 1088 1123; x_wconf 79' lang='lat' dir='ltr'><strong>doloribus</strong></span> <span class='ocrx_word' id='word_1_72' title='bbox 1118 1071 1284 1139; x_wconf 88' lang='lat' dir='ltr'><strong>paries</strong></span> <span class='ocrx_word' id='word_1_73' title='bbox 1312 1070 1464 1135; x_wconf 85' lang='lat' dir='ltr'><strong>ﬁlios.</strong></span> <span class='ocrx_word' id='word_1_74' title='bbox 1520 1068 1791 1122; x_wconf 84' lang='lat' dir='ltr'><strong>Insolitnnt</strong></span> 
     </span>
    </p>
   </div>
   <div class='ocr_carea' id='block_1_10' title="bbox 213 1159 1794 1230">
    <p class='ocr_par' dir='ltr' id='par_1_10' title="bbox 213 1159 1794 1230">
     <span class='ocr_line' id='line_1_10' title="bbox 213 1159 1794 1230; baseline -0.002 -15"><span class='ocrx_word' id='word_1_75' title='bbox 213 1176 387 1230; x_wconf 68' lang='lat' dir='ltr'><strong>paena:</strong></span> <span class='ocrx_word' id='word_1_76' title='bbox 406 1178 568 1230; x_wconf 84' lang='lat' dir='ltr'><strong>genus</strong></span> <span class='ocrx_word' id='word_1_77' title='bbox 586 1180 597 1212; x_wconf 93' lang='lat'>:</span> <span class='ocrx_word' id='word_1_78' title='bbox 616 1161 939 1229; x_wconf 79' lang='lat' dir='ltr'><strong>experientia</strong></span> <span class='ocrx_word' id='word_1_79' title='bbox 957 1162 1098 1214; x_wconf 83' lang='lat' dir='ltr'><strong>testis</strong></span> <span class='ocrx_word' id='word_1_80' title='bbox 1119 1170 1222 1213; x_wconf 89' lang='lat' dir='ltr'><strong>est.</strong></span> <span class='ocrx_word' id='word_1_81' title='bbox 1240 1161 1368 1212; x_wconf 73' lang='lat' dir='ltr'><strong>Cum</strong></span> <span class='ocrx_word' id='word_1_82' title='bbox 1390 1159 1601 1212; x_wconf 89' lang='lat' dir='ltr'><strong>dolores</strong></span> <span class='ocrx_word' id='word_1_83' title='bbox 1619 1172 1794 1226; x_wconf 92' lang='lat' dir='ltr'><strong>partus</strong></span> 
     </span>
    </p>
   </div>
   <div class='ocr_carea' id='block_1_11' title="bbox 211 1248 1795 1317">
    <p class='ocr_par' dir='ltr' id='par_1_11' title="bbox 211 1248 1795 1317">
     <span class='ocr_line' id='line_1_11' title="bbox 211 1248 1795 1317; baseline -0.002 -14"><span class='ocrx_word' id='word_1_84' title='bbox 211 1252 490 1304; x_wconf 83' lang='lat' dir='ltr'><strong>mulierem</strong></span> <span class='ocrx_word' id='word_1_85' title='bbox 535 1250 811 1311; x_wconf 88' lang='lat' dir='ltr'><strong>invadunt,</strong></span> <span class='ocrx_word' id='word_1_86' title='bbox 855 1265 920 1303; x_wconf 90' lang='lat' dir='ltr'><strong>ne</strong></span> <span class='ocrx_word' id='word_1_87' title='bbox 948 1251 997 1303; x_wconf 93' lang='lat' dir='ltr'><strong>in</strong></span> <span class='ocrx_word' id='word_1_88' title='bbox 1031 1250 1156 1317; x_wconf 85' lang='lat' dir='ltr'><strong>ipsis</strong></span> <span class='ocrx_word' id='word_1_89' title='bbox 1184 1249 1394 1317; x_wconf 83' lang='lat' dir='ltr'><strong>quidem</strong></span> <span class='ocrx_word' id='word_1_90' title='bbox 1428 1249 1692 1302; x_wconf 80' lang='lat' dir='ltr'><strong>laboribus</strong></span> <span class='ocrx_word' id='word_1_91' title='bbox 1722 1248 1795 1300; x_wconf 87' lang='lat' dir='ltr'><strong>vi-</strong></span> 
     </span>
    </p>
   </div>
   <div class='ocr_carea' id='block_1_12' title="bbox 212 1339 1789 1409">
    <p class='ocr_par' dir='ltr' id='par_1_12' title="bbox 212 1339 1789 1409">
     <span class='ocr_line' id='line_1_12' title="bbox 212 1339 1789 1409; baseline -0.003 -14"><span class='ocrx_word' id='word_1_92' title='bbox 212 1358 333 1395; x_wconf 91' lang='lat' dir='ltr'><strong>rum</strong></span> <span class='ocrx_word' id='word_1_93' title='bbox 366 1340 605 1409; x_wconf 81' lang='lat' dir='ltr'><strong>despicit.</strong></span> <span class='ocrx_word' id='word_1_94' title='bbox 647 1340 759 1393; x_wconf 83' lang='lat' dir='ltr'><strong>Non</strong></span> <span class='ocrx_word' id='word_1_95' title='bbox 801 1339 960 1401; x_wconf 90' lang='lat' dir='ltr'><strong>dicit,</strong></span> <span class='ocrx_word' id='word_1_96' title='bbox 997 1339 1201 1392; x_wconf 80' lang='lat' dir='ltr'><strong>Utinam</strong></span> <span class='ocrx_word' id='word_1_97' title='bbox 1234 1340 1426 1406; x_wconf 72' lang='lat' dir='ltr'><strong>nuptis:</strong></span> <span class='ocrx_word' id='word_1_98' title='bbox 1456 1353 1559 1391; x_wconf 90' lang='lat' dir='ltr'><strong>non</strong></span> <span class='ocrx_word' id='word_1_99' title='bbox 1591 1345 1789 1401; x_wconf 85' lang='lat' dir='ltr'><strong>essent,</strong></span> 
     </span>
    </p>
   </div>
   <div class='ocr_carea' id='block_1_13' title="bbox 214 1428 1791 1498">
    <p class='ocr_par' dir='ltr' id='par_1_13' title="bbox 214 1428 1791 1498">
     <span class='ocr_line' id='line_1_13' title="bbox 214 1428 1791 1498; baseline -0.003 -13"><span class='ocrx_word' id='word_1_100' title='bbox 214 1434 414 1485; x_wconf 87' lang='lat' dir='ltr'><strong>utinam</strong></span> <span class='ocrx_word' id='word_1_101' title='bbox 468 1448 570 1485; x_wconf 91' lang='lat' dir='ltr'><strong>non</strong></span> <span class='ocrx_word' id='word_1_102' title='bbox 612 1442 751 1485; x_wconf 88' lang='lat' dir='ltr'><strong>esset</strong></span> <span class='ocrx_word' id='word_1_103' title='bbox 802 1432 1087 1483; x_wconf 90' lang='lat' dir='ltr'><strong>liberorum</strong></span> <span class='ocrx_word' id='word_1_104' title='bbox 1134 1430 1449 1498; x_wconf 87' lang='lat' dir='ltr'><strong>procreatio.</strong></span> <span class='ocrx_word' id='word_1_105' title='bbox 1510 1428 1623 1481; x_wconf 82' lang='lat' dir='ltr'><strong>Non</strong></span> <span class='ocrx_word' id='word_1_106' title='bbox 1668 1428 1791 1480; x_wconf 90' lang='lat' dir='ltr'><strong>sinit</strong></span> 
     </span>
    </p>
   </div>
   <div class='ocr_carea' id='block_1_14' title="bbox 213 1518 1794 1589">
    <p class='ocr_par' dir='ltr' id='par_1_14' title="bbox 213 1518 1794 1589">
     <span class='ocr_line' id='line_1_14' title="bbox 213 1518 1794 1589; baseline -0.004 -13"><span class='ocrx_word' id='word_1_107' title='bbox 213 1523 359 1576; x_wconf 87' lang='lat' dir='ltr'><strong>Deus</strong></span> <span class='ocrx_word' id='word_1_108' title='bbox 384 1522 523 1575; x_wconf 85' lang='lat' dir='ltr'><strong>illam</strong></span> <span class='ocrx_word' id='word_1_109' title='bbox 555 1528 671 1589; x_wconf 92' lang='lat' dir='ltr'><strong>post</strong></span> <span class='ocrx_word' id='word_1_110' title='bbox 703 1520 858 1573; x_wconf 84' lang='lat' dir='ltr'><strong>talem</strong></span> <span class='ocrx_word' id='word_1_111' title='bbox 880 1520 1257 1588; x_wconf 81' lang='lat' dir='ltr'><strong>experientiam</strong></span> <span class='ocrx_word' id='word_1_112' title='bbox 1288 1518 1463 1572; x_wconf 91' lang='lat' dir='ltr'><strong>odisse</strong></span> <span class='ocrx_word' id='word_1_113' title='bbox 1492 1519 1663 1570; x_wconf 90' lang='lat' dir='ltr'><strong>virum</strong></span> <span class='ocrx_word' id='word_1_114' title='bbox 1695 1535 1706 1568; x_wconf 92' lang='lat'><strong>:</strong></span> <span class='ocrx_word' id='word_1_115' title='bbox 1740 1527 1794 1570; x_wconf 89' lang='lat' dir='ltr'><strong>at</strong></span> 
     </span>
    </p>
   </div>
   <div class='ocr_carea' id='block_1_15' title="bbox 213 1610 1791 1680">
    <p class='ocr_par' dir='ltr' id='par_1_15' title="bbox 213 1610 1791 1680">
     <span class='ocr_line' id='line_1_15' title="bbox 213 1610 1791 1680; baseline -0.003 -15"><span class='ocrx_word' id='word_1_116' title='bbox 213 1615 339 1667; x_wconf 86' lang='lat' dir='ltr'><strong>licet</strong></span> <span class='ocrx_word' id='word_1_117' title='bbox 368 1614 510 1666; x_wconf 85' lang='lat' dir='ltr'><strong>novit</strong></span> <span class='ocrx_word' id='word_1_118' title='bbox 538 1611 661 1680; x_wconf 91' lang='lat' dir='ltr'><strong>quid</strong></span> <span class='ocrx_word' id='word_1_119' title='bbox 695 1626 866 1679; x_wconf 87' lang='lat' dir='ltr'><strong>passa,</strong></span> <span class='ocrx_word' id='word_1_120' title='bbox 900 1610 1022 1678; x_wconf 89' lang='lat' dir='ltr'><strong>qttid</strong></span> <span class='ocrx_word' id='word_1_121' title='bbox 1049 1620 1262 1677; x_wconf 82' lang='lat' dir='ltr'><strong>experta</strong></span> <span class='ocrx_word' id='word_1_122' title='bbox 1288 1610 1382 1671; x_wconf 89' lang='lat' dir='ltr'><strong>sit,</strong></span> <span class='ocrx_word' id='word_1_123' title='bbox 1414 1610 1582 1661; x_wconf 89' lang='lat' dir='ltr'><strong>virum</strong></span> <span class='ocrx_word' id='word_1_124' title='bbox 1618 1620 1791 1661; x_wconf 88' lang='lat' dir='ltr'><strong>tamen</strong></span> 
     </span>
    </p>
   </div>
   <div class='ocr_carea' id='block_1_16' title="bbox 208 1699 1792 1770">
    <p class='ocr_par' dir='ltr' id='par_1_16' title="bbox 208 1699 1792 1770">
     <span class='ocr_line' id='line_1_16' title="bbox 208 1699 1792 1770; baseline -0.003 -15"><span class='ocrx_word' id='word_1_125' title='bbox 208 1703 400 1770; x_wconf 82' lang='lat' dir='ltr'><strong>diligit.</strong></span> <span class='ocrx_word' id='word_1_126' title='bbox 434 1702 571 1765; x_wconf 82' lang='lat' dir='ltr'><strong>ideo,</strong></span> <span class='ocrx_word' id='word_1_127' title='bbox 603 1701 667 1753; x_wconf 91' lang='lat' dir='ltr'><strong>In</strong></span> <span class='ocrx_word' id='word_1_128' title='bbox 694 1700 948 1754; x_wconf 79' lang='lat' dir='ltr'><strong>doloribus</strong></span> <span class='ocrx_word' id='word_1_129' title='bbox 970 1701 1133 1768; x_wconf 86' lang='lat' dir='ltr'><strong>paries</strong></span> <span class='ocrx_word' id='word_1_130' title='bbox 1158 1699 1308 1765; x_wconf 76' lang='lat' dir='ltr'><strong>filios,</strong></span> <span class='ocrx_word' id='word_1_131' title='bbox 1329 1709 1372 1751; x_wconf 88' lang='lat' dir='ltr'><strong>et</strong></span> <span class='ocrx_word' id='word_1_132' title='bbox 1389 1699 1453 1749; x_wconf 89' lang='lat' dir='ltr'><strong>ad</strong></span> <span class='ocrx_word' id='word_1_133' title='bbox 1478 1700 1634 1749; x_wconf 87' lang='lat' dir='ltr'><strong>virum</strong></span> <span class='ocrx_word' id='word_1_134' title='bbox 1654 1708 1792 1750; x_wconf 87' lang='lat' dir='ltr'><strong>tuum</strong></span> 
     </span>
    </p>
   </div>
   <div class='ocr_carea' id='block_1_17' title="bbox 209 1788 1787 1861">
    <p class='ocr_par' dir='ltr' id='par_1_17' title="bbox 209 1788 1787 1861">
     <span class='ocr_line' id='line_1_17' title="bbox 209 1788 1787 1861; baseline -0.002 -18"><span class='ocrx_word' id='word_1_135' title='bbox 209 1795 463 1845; x_wconf 67' lang='lat' dir='ltr'><strong>corruersio</strong></span> <span class='ocrx_word' id='word_1_136' title='bbox 508 1802 627 1857; x_wconf 88' lang='lat' dir='ltr'><strong>tua,</strong></span> <span class='ocrx_word' id='word_1_137' title='bbox 675 1802 719 1845; x_wconf 86' lang='lat' dir='ltr'><strong>et</strong></span> <span class='ocrx_word' id='word_1_138' title='bbox 762 1792 869 1861; x_wconf 85' lang='lat' dir='ltr'><strong>ipse</strong></span> <span class='ocrx_word' id='word_1_139' title='bbox 911 1789 1251 1843; x_wconf 83' lang='lat' dir='ltr'><strong>dominabitur</strong></span> <span class='ocrx_word' id='word_1_140' title='bbox 1290 1791 1361 1841; x_wconf 88' lang='lat' dir='ltr'><strong>tui</strong></span> <span class='ocrx_word' id='word_1_141' title='bbox 1407 1788 1555 1860; x_wconf 81' lang='lat' dir='ltr'><strong>(Gen.</strong></span> <span class='ocrx_word' id='word_1_142' title='bbox 1586 1790 1637 1843; x_wconf 78' lang='grc'><strong>5.</strong></span> <span class='ocrx_word' id='word_1_143' title='bbox 1676 1790 1787 1858; x_wconf 83' lang='grc'><strong>16).</strong></span> 
     </span>
    </p>
   </div>
   <div class='ocr_carea' id='block_1_18' title="bbox 207 1882 1791 1950">
    <p class='ocr_par' dir='ltr' id='par_1_18' title="bbox 207 1882 1791 1950">
     <span class='ocr_line' id='line_1_18' title="bbox 207 1882 1791 1950; baseline 0.001 -18"><span class='ocrx_word' id='word_1_144' title='bbox 207 1884 343 1947; x_wconf 83' lang='lat' dir='ltr'><strong>Quia</strong></span> <span class='ocrx_word' id='word_1_145' title='bbox 370 1882 475 1950; x_wconf 88' lang='lat' dir='ltr'><strong>jam</strong></span> <span class='ocrx_word' id='word_1_146' title='bbox 508 1884 642 1936; x_wconf 90' lang='lat' dir='ltr'><strong>male</strong></span> <span class='ocrx_word' id='word_1_147' title='bbox 691 1882 957 1949; x_wconf 79' lang='lat' dir='ltr'><strong>imperasti</strong></span> <span class='ocrx_word' id='word_1_148' title='bbox 985 1923 997 1941; x_wconf 86' lang='lat'><em>.</em></span> <span class='ocrx_word' id='word_1_149' title='bbox 1050 1892 1102 1936; x_wconf 90' lang='lat' dir='ltr'><strong>et</strong></span> <span class='ocrx_word' id='word_1_150' title='bbox 1134 1882 1417 1933; x_wconf 76' lang='lat' dir='ltr'><strong>voluntatis</strong></span> <span class='ocrx_word' id='word_1_151' title='bbox 1465 1890 1563 1932; x_wconf 63' lang='lat' dir='ltr'><strong>tua!</strong></span> <span class='ocrx_word' id='word_1_152' title='bbox 1608 1896 1791 1933; x_wconf 83' lang='lat' dir='ltr'><strong>servus</strong></span> 
     </span>
    </p>
   </div>
   <div class='ocr_carea' id='block_1_19' title="bbox 206 1972 1790 2041">
    <p class='ocr_par' dir='ltr' id='par_1_19' title="bbox 206 1972 1790 2041">
     <span class='ocr_line' id='line_1_19' title="bbox 206 1972 1790 2041; baseline -0.001 -17"><span class='ocrx_word' id='word_1_153' title='bbox 206 1973 428 2027; x_wconf 77' lang='lat' dir='ltr'><strong>aﬂectus</strong></span> <span class='ocrx_word' id='word_1_154' title='bbox 471 1984 585 2037; x_wconf 90' lang='lat' dir='ltr'><strong>est,</strong></span> <span class='ocrx_word' id='word_1_155' title='bbox 632 1973 872 2027; x_wconf 85' lang='lat' dir='ltr'><strong>ordinem</strong></span> <span class='ocrx_word' id='word_1_156' title='bbox 914 1974 1062 2025; x_wconf 90' lang='lat' dir='ltr'><strong>solvo</strong></span> <span class='ocrx_word' id='word_1_157' title='bbox 1096 1990 1107 2024; x_wconf 90' lang='lat'><strong>:</strong></span> <span class='ocrx_word' id='word_1_158' title='bbox 1154 1974 1265 2041; x_wconf 91' lang='lat' dir='ltr'><strong>ipse</strong></span> <span class='ocrx_word' id='word_1_159' title='bbox 1308 1972 1556 2025; x_wconf 83' lang='lat' dir='ltr'><strong>dominus</strong></span> <span class='ocrx_word' id='word_1_160' title='bbox 1585 1973 1670 2034; x_wconf 92' lang='lat' dir='ltr'><strong>sit,</strong></span> <span class='ocrx_word' id='word_1_161' title='bbox 1702 1972 1790 2040; x_wconf 91' lang='lat' dir='ltr'><strong>qni</strong></span> 
     </span>
    </p>
   </div>
   <div class='ocr_carea' id='block_1_20' title="bbox 206 2062 1789 2132">
    <p class='ocr_par' dir='ltr' id='par_1_20' title="bbox 206 2062 1789 2132">
     <span class='ocr_line' id='line_1_20' title="bbox 206 2062 1789 2132; baseline -0.003 -15"><span class='ocrx_word' id='word_1_162' title='bbox 206 2081 317 2118; x_wconf 90' lang='lat' dir='ltr'><strong>non</strong></span> <span class='ocrx_word' id='word_1_163' title='bbox 345 2075 427 2118; x_wconf 87' lang='lat' dir='ltr'><strong>est</strong></span> <span class='ocrx_word' id='word_1_164' title='bbox 451 2066 722 2132; x_wconf 88' lang='lat' dir='ltr'><strong>deceptus.</strong></span> <span class='ocrx_word' id='word_1_165' title='bbox 761 2064 881 2117; x_wconf 92' lang='lat' dir='ltr'><strong>Ideo</strong></span> <span class='ocrx_word' id='word_1_166' title='bbox 910 2064 1101 2116; x_wconf 73' lang='lat' dir='ltr'><strong>Paulus</strong></span> <span class='ocrx_word' id='word_1_167' title='bbox 1129 2064 1198 2115; x_wconf 89' lang='lat' dir='ltr'><strong>ait</strong></span> <span class='ocrx_word' id='word_1_168' title='bbox 1228 2080 1238 2113; x_wconf 90' lang='lat'>:</span> <span class='ocrx_word' id='word_1_169' title='bbox 1276 2062 1477 2115; x_wconf 78' lang='lat' dir='ltr'><strong>Mulieri</strong></span> <span class='ocrx_word' id='word_1_170' title='bbox 1507 2073 1668 2115; x_wconf 77' lang='lat' dir='ltr'><strong>autem</strong></span> <span class='ocrx_word' id='word_1_171' title='bbox 1695 2063 1789 2114; x_wconf 89' lang='lat' dir='ltr'><strong>do-</strong></span> 
     </span>
    </p>
   </div>
   <div class='ocr_carea' id='block_1_21' title="bbox 198 2152 1786 2225">
    <p class='ocr_par' dir='ltr' id='par_1_21' title="bbox 198 2152 1786 2225">
     <span class='ocr_line' id='line_1_21' title="bbox 198 2152 1786 2225; baseline -0.003 -16"><span class='ocrx_word' id='word_1_172' title='bbox 198 2173 319 2209; x_wconf 83' lang='lat' dir='ltr'><strong>cere</strong></span> <span class='ocrx_word' id='word_1_173' title='bbox 358 2174 457 2209; x_wconf 88' lang='lat' dir='ltr'><strong>non</strong></span> <span class='ocrx_word' id='word_1_174' title='bbox 489 2159 717 2225; x_wconf 87' lang='lat' dir='ltr'><strong>permitto</strong></span> <span class='ocrx_word' id='word_1_175' title='bbox 739 2196 751 2217; x_wconf 90' lang='lat'><strong>,</strong></span> <span class='ocrx_word' id='word_1_176' title='bbox 795 2171 950 2222; x_wconf 86' lang='lat' dir='ltr'><strong>neque</strong></span> <span class='ocrx_word' id='word_1_177' title='bbox 989 2154 1238 2206; x_wconf 80' lang='lat' dir='ltr'><strong>dominari</strong></span> <span class='ocrx_word' id='word_1_178' title='bbox 1282 2155 1332 2205; x_wconf 89' lang='lat' dir='ltr'><strong>in</strong></span> <span class='ocrx_word' id='word_1_179' title='bbox 1363 2155 1521 2205; x_wconf 74' lang='lat' dir='ltr'><strong>cirum</strong></span> <span class='ocrx_word' id='word_1_180' title='bbox 1550 2154 1623 2219; x_wconf 80' lang='lat'><strong>(1.</strong></span> <span class='ocrx_word' id='word_1_181' title='bbox 1653 2152 1786 2205; x_wconf 84' lang='lat' dir='ltr'><strong>Tim.</strong></span> 
     </span>
    </p>
   </div>
   <div class='ocr_carea' id='block_1_22' title="bbox 202 2241 1792 2316">
    <p class='ocr_par' dir='ltr' id='par_1_22' title="bbox 202 2241 1792 2316">
     <span class='ocr_line' id='line_1_22' title="bbox 202 2241 1792 2316; baseline -0.003 -17"><span class='ocrx_word' id='word_1_182' title='bbox 202 2246 265 2301; x_wconf 75' lang='grc'><strong>2.</strong></span> <span class='ocrx_word' id='word_1_183' title='bbox 295 2247 401 2316; x_wconf 76' lang='lat'><strong>12).</strong></span> <span class='ocrx_word' id='word_1_184' title='bbox 456 2247 583 2299; x_wconf 80' lang='lat' dir='ltr'><strong>Nam</strong></span> <span class='ocrx_word' id='word_1_185' title='bbox 624 2246 759 2299; x_wconf 87' lang='lat' dir='ltr'><strong>male</strong></span> <span class='ocrx_word' id='word_1_186' title='bbox 783 2246 1009 2315; x_wconf 89' lang='lat' dir='ltr'><strong>primum</strong></span> <span class='ocrx_word' id='word_1_187' title='bbox 1039 2244 1219 2297; x_wconf 88' lang='lat' dir='ltr'><strong>docuit</strong></span> <span class='ocrx_word' id='word_1_188' title='bbox 1242 2244 1290 2296; x_wconf 91' lang='lat' dir='ltr'><strong>in</strong></span> <span class='ocrx_word' id='word_1_189' title='bbox 1319 2243 1578 2312; x_wconf 86' lang='lat' dir='ltr'><strong>paradiso.</strong></span> <span class='ocrx_word' id='word_1_190' title='bbox 1616 2241 1792 2311; x_wconf 84' lang='lat' dir='ltr'><strong>Neque</strong></span> 
     </span>
    </p>
   </div>
   <div class='ocr_carea' id='block_1_23' title="bbox 200 2335 1789 2402">
    <p class='ocr_par' dir='ltr' id='par_1_23' title="bbox 200 2335 1789 2402">
     <span class='ocr_line' id='line_1_23' title="bbox 200 2335 1789 2402; baseline -0.003 -11"><span class='ocrx_word' id='word_1_191' title='bbox 200 2340 457 2393; x_wconf 85' lang='lat' dir='ltr'><strong>dominari</strong></span> <span class='ocrx_word' id='word_1_192' title='bbox 484 2340 536 2391; x_wconf 84' lang='lat' dir='ltr'><strong>in</strong></span> <span class='ocrx_word' id='word_1_193' title='bbox 560 2339 717 2392; x_wconf 83' lang='lat' dir='ltr'><strong>virum</strong></span> <span class='ocrx_word' id='word_1_194' title='bbox 738 2354 755 2390; x_wconf 89' lang='lat'><strong><em>:</em></strong></span> <span class='ocrx_word' id='word_1_195' title='bbox 780 2338 916 2391; x_wconf 78' lang='lat' dir='ltr'><strong>male</strong></span> <span class='ocrx_word' id='word_1_196' title='bbox 940 2337 1082 2391; x_wconf 89' lang='lat' dir='ltr'><strong>enim</strong></span> <span class='ocrx_word' id='word_1_197' title='bbox 1112 2337 1376 2389; x_wconf 88' lang='lat' dir='ltr'><strong>dominata</strong></span> <span class='ocrx_word' id='word_1_198' title='bbox 1402 2346 1503 2389; x_wconf 87' lang='lat' dir='ltr'><strong>est.</strong></span> <span class='ocrx_word' id='word_1_199' title='bbox 1536 2335 1644 2388; x_wconf 91' lang='lat' dir='ltr'><strong>lloc</strong></span> <span class='ocrx_word' id='word_1_200' title='bbox 1662 2352 1789 2402; x_wconf 86' lang='lat' dir='ltr'><strong>ergo</strong></span> 
     </span>
    </p>
   </div>
   <div class='ocr_carea' id='block_1_24' title="bbox 201 2426 1790 2497">
    <p class='ocr_par' dir='ltr' id='par_1_24' title="bbox 201 2426 1790 2497">
     <span class='ocr_line' id='line_1_24' title="bbox 201 2426 1790 2497; baseline -0.003 -15"><span class='ocrx_word' id='word_1_201' title='bbox 201 2445 365 2483; x_wconf 83' lang='lat' dir='ltr'><strong>sensu</strong></span> <span class='ocrx_word' id='word_1_202' title='bbox 392 2431 541 2497; x_wconf 85' lang='lat' dir='ltr'><strong>jubet</strong></span> <span class='ocrx_word' id='word_1_203' title='bbox 569 2430 762 2482; x_wconf 86' lang='lat' dir='ltr'><strong>Paulus</strong></span> <span class='ocrx_word' id='word_1_204' title='bbox 793 2428 1062 2481; x_wconf 86' lang='lat' dir='ltr'><strong>mulierem</strong></span> <span class='ocrx_word' id='word_1_205' title='bbox 1093 2442 1196 2480; x_wconf 92' lang='lat' dir='ltr'><strong>nou</strong></span> <span class='ocrx_word' id='word_1_206' title='bbox 1225 2427 1436 2489; x_wconf 90' lang='lat' dir='ltr'><strong>docere,</strong></span> <span class='ocrx_word' id='word_1_207' title='bbox 1466 2426 1533 2479; x_wconf 91' lang='lat' dir='ltr'><strong>ob</strong></span> <span class='ocrx_word' id='word_1_208' title='bbox 1570 2441 1630 2478; x_wconf 82' lang='lat' dir='ltr'><strong>ea</strong></span> <span class='ocrx_word' id='word_1_209' title='bbox 1672 2441 1790 2494; x_wconf 62' lang='lat' dir='ltr'><strong>quae</strong></span> 
     </span>
    </p>
   </div>
   <div class='ocr_carea' id='block_1_25' title="bbox 201 2517 1786 2585">
    <p class='ocr_par' dir='ltr' id='par_1_25' title="bbox 201 2517 1786 2585">
     <span class='ocr_line' id='line_1_25' title="bbox 201 2517 1786 2585; baseline -0.004 -11"><span class='ocrx_word' id='word_1_210' title='bbox 201 2522 257 2574; x_wconf 91' lang='lat' dir='ltr'><strong>in</strong></span> <span class='ocrx_word' id='word_1_211' title='bbox 308 2522 548 2585; x_wconf 77' lang='lat' dir='ltr'><strong>paradiso</strong></span> <span class='ocrx_word' id='word_1_212' title='bbox 578 2531 869 2574; x_wconf 89' lang='lat' dir='ltr'><strong>evenerant</strong></span> <span class='ocrx_word' id='word_1_213' title='bbox 902 2536 913 2569; x_wconf 89' lang='lat'><strong>:</strong></span> <span class='ocrx_word' id='word_1_214' title='bbox 946 2533 1043 2571; x_wconf 89' lang='lat' dir='ltr'><strong>nec</strong></span> <span class='ocrx_word' id='word_1_215' title='bbox 1088 2533 1188 2571; x_wconf 88' lang='lat' dir='ltr'><strong>nos</strong></span> <span class='ocrx_word' id='word_1_216' title='bbox 1217 2517 1541 2585; x_wconf 83' lang='lat' dir='ltr'><strong>scpbismate</strong></span> <span class='ocrx_word' id='word_1_217' title='bbox 1571 2517 1786 2569; x_wconf 91' lang='lat' dir='ltr'><strong>utimur.</strong></span> 
     </span>
    </p>
   </div>
   <div class='ocr_carea' id='block_1_26' title="bbox 200 2608 1790 2677">
    <p class='ocr_par' dir='ltr' id='par_1_26' title="bbox 200 2608 1790 2677">
     <span class='ocr_line' id='line_1_26' title="bbox 200 2608 1790 2677; baseline -0.002 -14"><span class='ocrx_word' id='word_1_218' title='bbox 200 2612 341 2663; x_wconf 81' lang='lat' dir='ltr'><strong>Audi</strong></span> <span class='ocrx_word' id='word_1_219' title='bbox 372 2626 489 2663; x_wconf 91' lang='lat' dir='ltr'><strong>eum</strong></span> <span class='ocrx_word' id='word_1_220' title='bbox 521 2628 533 2662; x_wconf 89' lang='lat'>:</span> <span class='ocrx_word' id='word_1_221' title='bbox 568 2608 775 2662; x_wconf 79' lang='lat' dir='ltr'><strong>Mulieri</strong></span> <span class='ocrx_word' id='word_1_222' title='bbox 798 2619 962 2661; x_wconf 85' lang='lat' dir='ltr'><strong>autem</strong></span> <span class='ocrx_word' id='word_1_223' title='bbox 991 2609 1165 2661; x_wconf 82' lang='lat' dir='ltr'><strong>docere</strong></span> <span class='ocrx_word' id='word_1_224' title='bbox 1202 2624 1301 2660; x_wconf 88' lang='lat' dir='ltr'><strong>non</strong></span> <span class='ocrx_word' id='word_1_225' title='bbox 1345 2610 1595 2675; x_wconf 80' lang='lat' dir='ltr'><strong>permitto,</strong></span> <span class='ocrx_word' id='word_1_226' title='bbox 1635 2624 1790 2677; x_wconf 86' lang='lat' dir='ltr'><strong>neque</strong></span> 
     </span>
    </p>
   </div>
   <div class='ocr_carea' id='block_1_27' title="bbox 199 2700 1785 2766">
    <p class='ocr_par' dir='ltr' id='par_1_27' title="bbox 199 2700 1785 2766">
     <span class='ocr_line' id='line_1_27' title="bbox 199 2700 1785 2766; baseline 0.001 -14"><span class='ocrx_word' id='word_1_227' title='bbox 199 2702 455 2753; x_wconf 83' lang='lat' dir='ltr'><strong>dominari</strong></span> <span class='ocrx_word' id='word_1_228' title='bbox 482 2704 532 2753; x_wconf 88' lang='lat' dir='ltr'><strong>in</strong></span> <span class='ocrx_word' id='word_1_229' title='bbox 562 2702 739 2753; x_wconf 80' lang='lat' dir='ltr'><strong>virum.</strong></span> <span class='ocrx_word' id='word_1_230' title='bbox 769 2701 834 2753; x_wconf 86' lang='lat' dir='ltr'><strong>Et</strong></span> <span class='ocrx_word' id='word_1_231' title='bbox 860 2710 916 2754; x_wconf 92' lang='lat' dir='ltr'><strong>ut</strong></span> <span class='ocrx_word' id='word_1_232' title='bbox 943 2700 1186 2753; x_wconf 86' lang='lat' dir='ltr'><strong>ostendat</strong></span> <span class='ocrx_word' id='word_1_233' title='bbox 1208 2716 1285 2765; x_wconf 91' lang='lat' dir='ltr'><strong>sc,</strong></span> <span class='ocrx_word' id='word_1_234' title='bbox 1321 2700 1439 2753; x_wconf 89' lang='lat' dir='ltr'><strong>ideo</strong></span> <span class='ocrx_word' id='word_1_235' title='bbox 1459 2700 1507 2752; x_wconf 91' lang='lat' dir='ltr'><strong>id</strong></span> <span class='ocrx_word' id='word_1_236' title='bbox 1531 2709 1785 2766; x_wconf 79' lang='lat' dir='ltr'><strong>statuere,</strong></span> 
     </span>
    </p>
   </div>
   <div class='ocr_carea' id='block_1_28' title="bbox 198 2793 1787 2855">
    <p class='ocr_par' dir='ltr' id='par_1_28' title="bbox 198 2793 1787 2855">
     <span class='ocr_line' id='line_1_28' title="bbox 198 2793 1787 2855; baseline 0 -9"><span class='ocrx_word' id='word_1_237' title='bbox 198 2793 382 2846; x_wconf 86' lang='lat' dir='ltr'><strong>subdit</strong></span> <span class='ocrx_word' id='word_1_238' title='bbox 415 2811 425 2844; x_wconf 90' lang='lat'><strong>:</strong></span> <span class='ocrx_word' id='word_1_239' title='bbox 461 2793 622 2845; x_wconf 77' lang='lat' dir='ltr'><strong>Adam</strong></span> <span class='ocrx_word' id='word_1_240' title='bbox 658 2795 790 2846; x_wconf 87' lang='lat' dir='ltr'><strong>enim</strong></span> <span class='ocrx_word' id='word_1_241' title='bbox 820 2808 919 2846; x_wconf 86' lang='lat' dir='ltr'><strong>non</strong></span> <span class='ocrx_word' id='word_1_242' title='bbox 945 2803 1015 2845; x_wconf 88' lang='lat' dir='ltr'><strong>est</strong></span> <span class='ocrx_word' id='word_1_243' title='bbox 1046 2794 1278 2845; x_wconf 88' lang='lat' dir='ltr'><strong>seductus</strong></span> <span class='ocrx_word' id='word_1_244' title='bbox 1305 2834 1317 2855; x_wconf 93' lang='lat'><strong>,</strong></span> <span class='ocrx_word' id='word_1_245' title='bbox 1362 2793 1542 2845; x_wconf 86' lang='lat' dir='ltr'><strong>mulier</strong></span> <span class='ocrx_word' id='word_1_246' title='bbox 1568 2809 1679 2845; x_wconf 85' lang='lat' dir='ltr'><strong>vero</strong></span> <span class='ocrx_word' id='word_1_247' title='bbox 1706 2810 1787 2846; x_wconf 87' lang='lat' dir='ltr'><strong>se-</strong></span> 
     </span>
    </p>
   </div>
   <div class='ocr_carea' id='block_1_29' title="bbox 198 2882 1366 2955">
    <p class='ocr_par' dir='ltr' id='par_1_29' title="bbox 198 2882 1366 2955">
     <span class='ocr_line' id='line_1_29' title="bbox 198 2882 1366 2955; baseline 0 -19"><span class='ocrx_word' id='word_1_248' title='bbox 198 2886 355 2937; x_wconf 81' lang='lat' dir='ltr'><strong>ducta</strong></span> <span class='ocrx_word' id='word_1_249' title='bbox 378 2896 450 2937; x_wconf 82' lang='lat' dir='ltr'><strong>est</strong></span> <span class='ocrx_word' id='word_1_250' title='bbox 479 2887 531 2938; x_wconf 89' lang='lat' dir='ltr'><strong>in</strong></span> <span class='ocrx_word' id='word_1_251' title='bbox 553 2887 960 2955; x_wconf 71' lang='lat' dir='ltr'><strong>prmuaricatione</strong></span> <span class='ocrx_word' id='word_1_252' title='bbox 984 2884 1141 2951; x_wconf 87' lang='lat' dir='ltr'><strong>(Ibid.</strong></span> <span class='ocrx_word' id='word_1_253' title='bbox 1173 2901 1219 2938; x_wconf 87' lang='grc' dir='ltr'><strong>υ.</strong></span> <span class='ocrx_word' id='word_1_254' title='bbox 1255 2882 1366 2955; x_wconf 71' lang='lat'><strong>1.1).</strong></span> 
     </span>
    </p>
   </div>
   <div class='ocr_carea' id='block_1_30' title="bbox 279 2974 1788 3047">
    <p class='ocr_par' dir='ltr' id='par_1_30' title="bbox 279 2974 1788 3047">
     <span class='ocr_line' id='line_1_30' title="bbox 279 2974 1788 3047; baseline -0.001 -17"><span class='ocrx_word' id='word_1_255' title='bbox 279 2978 363 3030; x_wconf 85' lang='lat'><strong>10.</strong></span> <span class='ocrx_word' id='word_1_256' title='bbox 416 2976 580 3027; x_wconf 83' lang='lat' dir='ltr'><strong>Maria</strong></span> <span class='ocrx_word' id='word_1_257' title='bbox 610 2978 749 3047; x_wconf 85' lang='lat' dir='ltr'><strong>virgo</strong></span> <span class='ocrx_word' id='word_1_258' title='bbox 788 2993 879 3046; x_wconf 87' lang='lat' dir='ltr'><strong>pro</strong></span> <span class='ocrx_word' id='word_1_259' title='bbox 920 2976 1107 3045; x_wconf 83' lang='lat' dir='ltr'><strong>uirgine</strong></span> <span class='ocrx_word' id='word_1_260' title='bbox 1134 2974 1243 3027; x_wconf 88' lang='lat' dir='ltr'><strong>Eva</strong></span> <span class='ocrx_word' id='word_1_261' title='bbox 1286 2975 1563 3028; x_wconf 73' lang='lat' dir='ltr'><strong>intercedit.</strong></span> <span class='ocrx_word' id='word_1_262' title='bbox 1620 2976 1788 3029; x_wconf 79' lang='lat' dir='ltr'><strong>Maria</strong></span> 
     </span>
    </p>
   </div>
   <div class='ocr_carea' id='block_1_31' title="bbox 196 3066 1788 3136">
    <p class='ocr_par' dir='ltr' id='par_1_31' title="bbox 196 3066 1788 3136">
     <span class='ocr_line' id='line_1_31' title="bbox 196 3066 1788 3136; baseline 0 -17"><span class='ocrx_word' id='word_1_263' title='bbox 196 3068 424 3135; x_wconf 81' lang='lat' dir='ltr'><strong>quotidie</strong></span> <span class='ocrx_word' id='word_1_264' title='bbox 450 3066 588 3119; x_wconf 87' lang='lat' dir='ltr'><strong>beata</strong></span> <span class='ocrx_word' id='word_1_265' title='bbox 618 3067 819 3119; x_wconf 88' lang='lat' dir='ltr'><strong>dicitur.</strong></span> <span class='ocrx_word' id='word_1_266' title='bbox 850 3096 919 3105; x_wconf 91' lang='lat'><strong>—-</strong></span> <span class='ocrx_word' id='word_1_267' title='bbox 943 3066 1079 3131; x_wconf 87' lang='lat' dir='ltr'><strong>Quid</strong></span> <span class='ocrx_word' id='word_1_268' title='bbox 1108 3066 1303 3136; x_wconf 82' lang='lat' dir='ltr'><strong>igitur?</strong></span> <span class='ocrx_word' id='word_1_269' title='bbox 1335 3068 1659 3119; x_wconf 86' lang='lat' dir='ltr'><strong>damnationi</strong></span> <span class='ocrx_word' id='word_1_270' title='bbox 1692 3068 1788 3119; x_wconf 90' lang='lat' dir='ltr'><strong>ob-</strong></span> 
     </span>
    </p>
   </div>
   <div class='ocr_carea' id='block_1_32' title="bbox 200 3158 1787 3226">
    <p class='ocr_par' dir='ltr' id='par_1_32' title="bbox 200 3158 1787 3226">
     <span class='ocr_line' id='line_1_32' title="bbox 200 3158 1787 3226; baseline -0.001 -13"><span class='ocrx_word' id='word_1_271' title='bbox 200 3160 395 3213; x_wconf 79' lang='lat' dir='ltr'><strong>noxius</strong></span> <span class='ocrx_word' id='word_1_272' title='bbox 423 3170 502 3213; x_wconf 86' lang='lat' dir='ltr'><strong>est</strong></span> <span class='ocrx_word' id='word_1_273' title='bbox 530 3160 766 3212; x_wconf 87' lang='lat' dir='ltr'><strong>mulieris</strong></span> <span class='ocrx_word' id='word_1_274' title='bbox 793 3173 971 3221; x_wconf 75' lang='lat' dir='ltr'><strong>sexus,</strong></span> <span class='ocrx_word' id='word_1_275' title='bbox 997 3168 1277 3226; x_wconf 87' lang='lat' dir='ltr'><strong>manetque</strong></span> <span class='ocrx_word' id='word_1_276' title='bbox 1301 3159 1349 3209; x_wconf 91' lang='lat' dir='ltr'><strong>in</strong></span> <span class='ocrx_word' id='word_1_277' title='bbox 1374 3158 1665 3220; x_wconf 81' lang='lat' dir='ltr'><strong>doloribus,</strong></span> <span class='ocrx_word' id='word_1_278' title='bbox 1690 3172 1787 3212; x_wconf 89' lang='lat' dir='ltr'><strong>nec</strong></span> 
     </span>
    </p>
   </div>
   <div class='ocr_carea' id='block_1_33' title="bbox 202 3247 1786 3316">
    <p class='ocr_par' dir='ltr' id='par_1_33' title="bbox 202 3247 1786 3316">
     <span class='ocr_line' id='line_1_33' title="bbox 202 3247 1786 3316; baseline 0 -17"><span class='ocrx_word' id='word_1_279' title='bbox 202 3249 469 3302; x_wconf 78' lang='lat' dir='ltr'><strong>vinculum</strong></span> <span class='ocrx_word' id='word_1_280' title='bbox 505 3249 765 3302; x_wconf 83' lang='lat' dir='ltr'><strong>solvitur?</strong></span> <span class='ocrx_word' id='word_1_281' title='bbox 812 3248 965 3301; x_wconf 84' lang='lat' dir='ltr'><strong>Venit</strong></span> <span class='ocrx_word' id='word_1_282' title='bbox 994 3247 1235 3301; x_wconf 89' lang='lat' dir='ltr'><strong>Christus</strong></span> <span class='ocrx_word' id='word_1_283' title='bbox 1264 3248 1347 3316; x_wconf 81' lang='lat' dir='ltr'><strong>qui</strong></span> <span class='ocrx_word' id='word_1_284' title='bbox 1381 3248 1649 3301; x_wconf 89' lang='lat' dir='ltr'><strong>vinculum</strong></span> <span class='ocrx_word' id='word_1_285' title='bbox 1681 3249 1786 3300; x_wconf 84' lang='lat' dir='ltr'><strong>sol-</strong></span> 
     </span>
    </p>
   </div>
   <div class='ocr_carea' id='block_1_34' title="bbox 201 3341 1787 3409">
    <p class='ocr_par' dir='ltr' id='par_1_34' title="bbox 201 3341 1787 3409">
     <span class='ocr_line' id='line_1_34' title="bbox 201 3341 1787 3409; baseline -0.001 -16"><span class='ocrx_word' id='word_1_286' title='bbox 201 3343 281 3394; x_wconf 87' lang='lat' dir='ltr'><strong>vit</strong></span> <span class='ocrx_word' id='word_1_287' title='bbox 312 3344 576 3396; x_wconf 90' lang='lat' dir='ltr'><strong>:occurrit</strong></span> <span class='ocrx_word' id='word_1_288' title='bbox 604 3358 664 3396; x_wconf 86' lang='lat' dir='ltr'><strong>ea</strong></span> <span class='ocrx_word' id='word_1_289' title='bbox 694 3358 808 3409; x_wconf 79' lang='lat' dir='ltr'><strong>quae</strong></span> <span class='ocrx_word' id='word_1_290' title='bbox 845 3342 1119 3395; x_wconf 87' lang='lat' dir='ltr'><strong>Dominum</strong></span> <span class='ocrx_word' id='word_1_291' title='bbox 1156 3342 1356 3408; x_wconf 76' lang='lat' dir='ltr'><strong>peperit</strong></span> <span class='ocrx_word' id='word_1_292' title='bbox 1386 3381 1400 3404; x_wconf 91' lang='lat'><strong>,</strong></span> <span class='ocrx_word' id='word_1_293' title='bbox 1434 3341 1580 3394; x_wconf 82' lang='lat' dir='ltr'><strong>sexui</strong></span> <span class='ocrx_word' id='word_1_294' title='bbox 1614 3350 1787 3409; x_wconf 91' lang='lat' dir='ltr'><strong>patro-</strong></span> 
     </span>
    </p>
   </div>
   <div class='ocr_carea' id='block_1_35' title="bbox 200 3432 1786 3501">
    <p class='ocr_par' dir='ltr' id='par_1_35' title="bbox 200 3432 1786 3501">
     <span class='ocr_line' id='line_1_35' title="bbox 200 3432 1786 3501; baseline -0.001 -15"><span class='ocrx_word' id='word_1_295' title='bbox 200 3435 425 3495; x_wconf 86' lang='lat' dir='ltr'><strong>cinans,</strong></span> <span class='ocrx_word' id='word_1_296' title='bbox 472 3444 649 3487; x_wconf 85' lang='lat' dir='ltr'><strong>sancta</strong></span> <span class='ocrx_word' id='word_1_297' title='bbox 700 3433 857 3501; x_wconf 86' lang='lat' dir='ltr'><strong>Virgo</strong></span> <span class='ocrx_word' id='word_1_298' title='bbox 902 3446 997 3500; x_wconf 90' lang='lat' dir='ltr'><strong>pro</strong></span> <span class='ocrx_word' id='word_1_299' title='bbox 1035 3433 1271 3500; x_wconf 84' lang='lat' dir='ltr'><strong>virgine;</strong></span> <span class='ocrx_word' id='word_1_300' title='bbox 1324 3447 1444 3484; x_wconf 87' lang='lat' dir='ltr'><strong>nam</strong></span> <span class='ocrx_word' id='word_1_301' title='bbox 1496 3432 1641 3500; x_wconf 84' lang='lat' dir='ltr'><strong>virgo</strong></span> <span class='ocrx_word' id='word_1_302' title='bbox 1672 3440 1786 3485; x_wconf 87' lang='lat' dir='ltr'><strong>erat</strong></span> 
     </span>
    </p>
   </div>
   <div class='ocr_carea' id='block_1_36' title="bbox 202 3522 1786 3592">
    <p class='ocr_par' dir='ltr' id='par_1_36' title="bbox 202 3522 1786 3592">
     <span class='ocr_line' id='line_1_36' title="bbox 202 3522 1786 3592; baseline -0.002 -14"><span class='ocrx_word' id='word_1_303' title='bbox 202 3525 315 3578; x_wconf 84' lang='lat' dir='ltr'><strong>Eva</strong></span> <span class='ocrx_word' id='word_1_304' title='bbox 360 3540 477 3577; x_wconf 91' lang='lat' dir='ltr'><strong>cum</strong></span> <span class='ocrx_word' id='word_1_305' title='bbox 516 3524 777 3592; x_wconf 81' lang='lat' dir='ltr'><strong>peccavit;</strong></span> <span class='ocrx_word' id='word_1_306' title='bbox 826 3523 1086 3575; x_wconf 73' lang='lat' dir='ltr'><strong>damnata:</strong></span> <span class='ocrx_word' id='word_1_307' title='bbox 1127 3522 1365 3575; x_wconf 84' lang='lat' dir='ltr'><strong>dolorem</strong></span> <span class='ocrx_word' id='word_1_308' title='bbox 1402 3522 1589 3585; x_wconf 87' lang='lat' dir='ltr'><strong>solvit,</strong></span> <span class='ocrx_word' id='word_1_309' title='bbox 1631 3533 1786 3592; x_wconf 86' lang='lat' dir='ltr'><strong>atque</strong></span> 
     </span>
    </p>
   </div>
   <div class='ocr_carea' id='block_1_37' title="bbox 200 3613 1785 3684">
    <p class='ocr_par' dir='ltr' id='par_1_37' title="bbox 200 3613 1785 3684">
     <span class='ocr_line' id='line_1_37' title="bbox 200 3613 1785 3684; baseline -0.002 -14"><span class='ocrx_word' id='word_1_310' title='bbox 200 3617 478 3684; x_wconf 84' lang='lat' dir='ltr'><strong>gemitum.</strong></span> <span class='ocrx_word' id='word_1_311' title='bbox 508 3615 650 3670; x_wconf 88' lang='lat' dir='ltr'><strong>Sicut</strong></span> <span class='ocrx_word' id='word_1_312' title='bbox 677 3614 817 3667; x_wconf 90' lang='lat' dir='ltr'><strong>enim</strong></span> <span class='ocrx_word' id='word_1_313' title='bbox 857 3613 900 3665; x_wconf 88' lang='lat' dir='ltr'><strong>si</strong></span> <span class='ocrx_word' id='word_1_314' title='bbox 930 3614 1047 3682; x_wconf 89' lang='lat' dir='ltr'><strong>quis</strong></span> <span class='ocrx_word' id='word_1_315' title='bbox 1073 3614 1123 3665; x_wconf 90' lang='lat' dir='ltr'><strong>in</strong></span> <span class='ocrx_word' id='word_1_316' title='bbox 1158 3613 1351 3681; x_wconf 80' lang='lat' dir='ltr'><strong>regiam</strong></span> <span class='ocrx_word' id='word_1_317' title='bbox 1382 3624 1597 3666; x_wconf 85' lang='lat' dir='ltr'><strong>vocetur</strong></span> <span class='ocrx_word' id='word_1_318' title='bbox 1617 3655 1629 3676; x_wconf 89' lang='lat'><strong>,</strong></span> <span class='ocrx_word' id='word_1_319' title='bbox 1661 3630 1785 3667; x_wconf 88' lang='lat' dir='ltr'><strong>suos</strong></span> 
     </span>
    </p>
   </div>
   <div class='ocr_carea' id='block_1_38' title="bbox 201 3702 1781 3772">
    <p class='ocr_par' dir='ltr' id='par_1_38' title="bbox 201 3702 1781 3772">
     <span class='ocr_line' id='line_1_38' title="bbox 201 3702 1781 3772; baseline -0.001 -16"><span class='ocrx_word' id='word_1_320' title='bbox 201 3704 495 3757; x_wconf 83' lang='lat' dir='ltr'><strong>honoribus</strong></span> <span class='ocrx_word' id='word_1_321' title='bbox 523 3718 715 3772; x_wconf 73' lang='lat' dir='ltr'><strong>augere</strong></span> <span class='ocrx_word' id='word_1_322' title='bbox 745 3702 951 3764; x_wconf 87' lang='lat' dir='ltr'><strong>studet,</strong></span> <span class='ocrx_word' id='word_1_323' title='bbox 983 3717 1045 3755; x_wconf 89' lang='lat' dir='ltr'><strong>ac</strong></span> <span class='ocrx_word' id='word_1_324' title='bbox 1069 3742 1083 3765; x_wconf 89' lang='lat'><strong>,</strong></span> <span class='ocrx_word' id='word_1_325' title='bbox 1123 3703 1164 3755; x_wconf 88' lang='lat' dir='ltr'><strong>si</strong></span> <span class='ocrx_word' id='word_1_326' title='bbox 1200 3704 1248 3753; x_wconf 90' lang='lat' dir='ltr'><strong>in</strong></span> <span class='ocrx_word' id='word_1_327' title='bbox 1287 3704 1525 3770; x_wconf 79' lang='lat' dir='ltr'><strong>angustia</strong></span> <span class='ocrx_word' id='word_1_328' title='bbox 1570 3704 1781 3768; x_wconf 69' lang='lat' dir='ltr'><strong>inierint,</strong></span> 
     </span>
    </p>
   </div>
   <div class='ocr_carea' id='block_1_39' title="bbox 202 3792 1783 3859">
    <p class='ocr_par' dir='ltr' id='par_1_39' title="bbox 202 3792 1783 3859">
     <span class='ocr_line' id='line_1_39' title="bbox 202 3792 1783 3859; baseline 0 -13"><span class='ocrx_word' id='word_1_329' title='bbox 202 3793 429 3847; x_wconf 74' lang='lat' dir='ltr'><strong>liberare</strong></span> <span class='ocrx_word' id='word_1_330' title='bbox 455 3810 466 3844; x_wconf 94' lang='lat'><strong>:</strong></span> <span class='ocrx_word' id='word_1_331' title='bbox 495 3794 569 3844; x_wconf 84' lang='lat' dir='ltr'><strong>sic</strong></span> <span class='ocrx_word' id='word_1_332' title='bbox 590 3801 771 3845; x_wconf 89' lang='lat' dir='ltr'><strong>sancta</strong></span> <span class='ocrx_word' id='word_1_333' title='bbox 800 3792 953 3858; x_wconf 77' lang='lat' dir='ltr'><strong>Virgo</strong></span> <span class='ocrx_word' id='word_1_334' title='bbox 982 3792 1031 3843; x_wconf 92' lang='lat' dir='ltr'><strong>in</strong></span> <span class='ocrx_word' id='word_1_335' title='bbox 1060 3792 1255 3859; x_wconf 82' lang='lat' dir='ltr'><strong>regiam</strong></span> <span class='ocrx_word' id='word_1_336' title='bbox 1289 3802 1494 3854; x_wconf 86' lang='lat' dir='ltr'><strong>vocata,</strong></span> <span class='ocrx_word' id='word_1_337' title='bbox 1519 3803 1571 3844; x_wconf 91' lang='lat' dir='ltr'><strong>ut</strong></span> <span class='ocrx_word' id='word_1_338' title='bbox 1594 3794 1783 3846; x_wconf 70' lang='lat' dir='ltr'><strong>divina:</strong></span> 
     </span>
    </p>
   </div>
   <div class='ocr_carea' id='block_1_40' title="bbox 202 3881 1783 3953">
    <p class='ocr_par' dir='ltr' id='par_1_40' title="bbox 202 3881 1783 3953">
     <span class='ocr_line' id='line_1_40' title="bbox 202 3881 1783 3953; baseline -0.001 -16"><span class='ocrx_word' id='word_1_339' title='bbox 202 3884 532 3953; x_wconf 83' lang='lat' dir='ltr'><strong>generationi</strong></span> <span class='ocrx_word' id='word_1_340' title='bbox 564 3883 920 3943; x_wconf 76' lang='lat' dir='ltr'><strong>ministraret,</strong></span> <span class='ocrx_word' id='word_1_341' title='bbox 955 3882 1166 3934; x_wconf 91' lang='lat' dir='ltr'><strong>insolito</strong></span> <span class='ocrx_word' id='word_1_342' title='bbox 1198 3881 1392 3935; x_wconf 91' lang='lat' dir='ltr'><strong>donata</strong></span> <span class='ocrx_word' id='word_1_343' title='bbox 1428 3894 1576 3950; x_wconf 90' lang='lat' dir='ltr'><strong>partu</strong></span> <span class='ocrx_word' id='word_1_344' title='bbox 1606 3924 1617 3944; x_wconf 91' lang='lat'><strong>,</strong></span> <span class='ocrx_word' id='word_1_345' title='bbox 1650 3882 1783 3937; x_wconf 90' lang='lat' dir='ltr'><strong>hanc</strong></span> 
     </span>
    </p>
   </div>
   <div class='ocr_carea' id='block_1_41' title="bbox 202 3974 1783 4043">
    <p class='ocr_par' dir='ltr' id='par_1_41' title="bbox 202 3974 1783 4043">
     <span class='ocr_line' id='line_1_41' title="bbox 202 3974 1783 4043; baseline 0.003 -17"><span class='ocrx_word' id='word_1_346' title='bbox 202 3975 429 4043; x_wconf 87' lang='lat' dir='ltr'><strong>primam</strong></span> <span class='ocrx_word' id='word_1_347' title='bbox 460 3976 677 4043; x_wconf 78' lang='lat' dir='ltr'><strong>gratiam</strong></span> <span class='ocrx_word' id='word_1_348' title='bbox 712 3976 869 4042; x_wconf 89' lang='lat' dir='ltr'><strong>petit,</strong></span> <span class='ocrx_word' id='word_1_349' title='bbox 916 3974 1023 4027; x_wconf 89' lang='lat' dir='ltr'><strong>imo</strong></span> <span class='ocrx_word' id='word_1_350' title='bbox 1062 3974 1274 4043; x_wconf 85' lang='lat' dir='ltr'><strong>accipit.</strong></span> <span class='ocrx_word' id='word_1_351' title='bbox 1325 3976 1456 4041; x_wconf 90' lang='lat' dir='ltr'><strong>Quia</strong></span> <span class='ocrx_word' id='word_1_352' title='bbox 1490 3992 1593 4029; x_wconf 94' lang='lat' dir='ltr'><strong>non</strong></span> <span class='ocrx_word' id='word_1_353' title='bbox 1630 3976 1783 4030; x_wconf 85' lang='lat' dir='ltr'><strong>decc-</strong></span> 
     </span>
    </p>
   </div>
   <div class='ocr_carea' id='block_1_42' title="bbox 202 4065 1785 4137">
    <p class='ocr_par' dir='ltr' id='par_1_42' title="bbox 202 4065 1785 4137">
     <span class='ocr_line' id='line_1_42' title="bbox 202 4065 1785 4137; baseline 0.003 -18"><span class='ocrx_word' id='word_1_354' title='bbox 202 4066 296 4119; x_wconf 85' lang='lat' dir='ltr'><strong>bat</strong></span> <span class='ocrx_word' id='word_1_355' title='bbox 320 4066 485 4133; x_wconf 68' lang='lat' dir='ltr'><strong>culpze</strong></span> <span class='ocrx_word' id='word_1_356' title='bbox 503 4065 781 4119; x_wconf 82' lang='lat' dir='ltr'><strong>obnoxiam</strong></span> <span class='ocrx_word' id='word_1_357' title='bbox 817 4066 1063 4119; x_wconf 81' lang='lat' dir='ltr'><strong>feminam</strong></span> <span class='ocrx_word' id='word_1_358' title='bbox 1088 4068 1355 4120; x_wconf 80' lang='lat' dir='ltr'><strong>innoxium</strong></span> <span class='ocrx_word' id='word_1_359' title='bbox 1383 4067 1613 4137; x_wconf 80' lang='lat' dir='ltr'><strong>gignere,</strong></span> <span class='ocrx_word' id='word_1_360' title='bbox 1642 4070 1785 4123; x_wconf 73' lang='lat' dir='ltr'><strong>venit</strong></span> 
     </span>
    </p>
   </div>
   <div class='ocr_carea' id='block_1_43' title="bbox 204 4156 1785 4226">
    <p class='ocr_par' dir='ltr' id='par_1_43' title="bbox 204 4156 1785 4226">
     <span class='ocr_line' id='line_1_43' title="bbox 204 4156 1785 4226; baseline 0.003 -17"><span class='ocrx_word' id='word_1_361' title='bbox 204 4157 249 4209; x_wconf 90' lang='lat' dir='ltr'><strong>is</strong></span> <span class='ocrx_word' id='word_1_362' title='bbox 282 4157 367 4223; x_wconf 87' lang='lat' dir='ltr'><strong>qui</strong></span> <span class='ocrx_word' id='word_1_363' title='bbox 400 4157 568 4223; x_wconf 90' lang='lat' dir='ltr'><strong>primo</strong></span> <span class='ocrx_word' id='word_1_364' title='bbox 604 4156 723 4209; x_wconf 70' lang='lat' dir='ltr'><strong>Eva:</strong></span> <span class='ocrx_word' id='word_1_365' title='bbox 753 4158 1016 4210; x_wconf 83' lang='lat' dir='ltr'><strong>tristitiam</strong></span> <span class='ocrx_word' id='word_1_366' title='bbox 1040 4174 1130 4225; x_wconf 89' lang='lat' dir='ltr'><strong>per</strong></span> <span class='ocrx_word' id='word_1_367' title='bbox 1154 4158 1399 4226; x_wconf 82' lang='lat' dir='ltr'><strong>gaudium</strong></span> <span class='ocrx_word' id='word_1_368' title='bbox 1430 4160 1603 4212; x_wconf 85' lang='lat' dir='ltr'><strong>solvit.</strong></span> <span class='ocrx_word' id='word_1_369' title='bbox 1630 4161 1785 4215; x_wconf 81' lang='lat' dir='ltr'><strong>Venit</strong></span> 
     </span>
    </p>
   </div>
   <div class='ocr_carea' id='block_1_44' title="bbox 202 4246 1779 4321">
    <p class='ocr_par' dir='ltr' id='par_1_44' title="bbox 202 4246 1779 4321">
     <span class='ocr_line' id='line_1_44' title="bbox 202 4246 1779 4321; baseline 0.004 -24"><span class='ocrx_word' id='word_1_370' title='bbox 202 4246 423 4314; x_wconf 80' lang='lat' dir='ltr'><strong>angelus</strong></span> <span class='ocrx_word' id='word_1_371' title='bbox 459 4246 650 4314; x_wconf 78' lang='lat' dir='ltr'><strong>Virgini</strong></span> <span class='ocrx_word' id='word_1_372' title='bbox 682 4247 859 4300; x_wconf 89' lang='lat' dir='ltr'><strong>dicens</strong></span> <span class='ocrx_word' id='word_1_373' title='bbox 891 4266 903 4301; x_wconf 93' lang='lat'>:</span> <span class='ocrx_word' id='word_1_374' title='bbox 936 4249 1221 4318; x_wconf 83' lang='lat' dir='ltr'><strong>Ave,gratia</strong></span> <span class='ocrx_word' id='word_1_375' title='bbox 1240 4250 1385 4317; x_wconf 85' lang='lat' dir='ltr'><strong>plena</strong></span> <span class='ocrx_word' id='word_1_376' title='bbox 1413 4248 1558 4319; x_wconf 89' lang='lat' dir='ltr'><strong>(Luc.</strong></span> <span class='ocrx_word' id='word_1_377' title='bbox 1589 4252 1637 4303; x_wconf 90' lang='lat'><strong>1.</strong></span> <span class='ocrx_word' id='word_1_378' title='bbox 1666 4252 1779 4321; x_wconf 75' lang='lat'><strong>9.8).</strong></span> 
     </span>
    </p>
   </div>
   <div class='ocr_carea' id='block_1_45' title="bbox 202 4334 1783 4404">
    <p class='ocr_par' dir='ltr' id='par_1_45' title="bbox 202 4334 1783 4404">
     <span class='ocr_line' id='line_1_45' title="bbox 202 4334 1783 4404; baseline 0.004 -16"><span class='ocrx_word' id='word_1_379' title='bbox 202 4334 340 4388; x_wconf 91' lang='lat' dir='ltr'><strong>Tum</strong></span> <span class='ocrx_word' id='word_1_380' title='bbox 370 4352 460 4404; x_wconf 90' lang='lat' dir='ltr'><strong>per</strong></span> <span class='ocrx_word' id='word_1_381' title='bbox 491 4336 706 4399; x_wconf 81' lang='lat' dir='ltr'><strong>Ave,scu</strong></span> <span class='ocrx_word' id='word_1_382' title='bbox 748 4335 923 4390; x_wconf 81' lang='lat' dir='ltr'><strong>Gaude</strong></span> <span class='ocrx_word' id='word_1_383' title='bbox 952 4338 1099 4402; x_wconf 89' lang='lat' dir='ltr'><strong>illud,</strong></span> <span class='ocrx_word' id='word_1_384' title='bbox 1132 4339 1356 4391; x_wconf 81' lang='lat' dir='ltr'><strong>tristitia:</strong></span> <span class='ocrx_word' id='word_1_385' title='bbox 1386 4340 1647 4392; x_wconf 87' lang='lat' dir='ltr'><strong>vincolum</strong></span> <span class='ocrx_word' id='word_1_386' title='bbox 1676 4342 1783 4395; x_wconf 88' lang='lat' dir='ltr'><strong>sol-</strong></span> 
     </span>
    </p>
   </div>
   <div class='ocr_carea' id='block_1_46' title="bbox 203 4426 1781 4498">
    <p class='ocr_par' dir='ltr' id='par_1_46' title="bbox 203 4426 1781 4498">
     <span class='ocr_line' id='line_1_46' title="bbox 203 4426 1781 4498; baseline 0.004 -21"><span class='ocrx_word' id='word_1_387' title='bbox 203 4427 299 4477; x_wconf 85' lang='lat' dir='ltr'><strong>vit.</strong></span> <span class='ocrx_word' id='word_1_388' title='bbox 340 4426 477 4489; x_wconf 78' lang='lat' dir='ltr'><strong>Ave;</strong></span> <span class='ocrx_word' id='word_1_389' title='bbox 506 4428 645 4477; x_wconf 71' lang='lat' dir='ltr'><strong>venit</strong></span> <span class='ocrx_word' id='word_1_390' title='bbox 668 4427 708 4479; x_wconf 89' lang='lat' dir='ltr'><strong>is</strong></span> <span class='ocrx_word' id='word_1_391' title='bbox 729 4428 812 4495; x_wconf 86' lang='lat' dir='ltr'><strong>qui</strong></span> <span class='ocrx_word' id='word_1_392' title='bbox 836 4428 987 4481; x_wconf 88' lang='lat' dir='ltr'><strong>solvit</strong></span> <span class='ocrx_word' id='word_1_393' title='bbox 1007 4429 1288 4481; x_wconf 88' lang='lat' dir='ltr'><strong>tristitiam.</strong></span> <span class='ocrx_word' id='word_1_394' title='bbox 1313 4431 1592 4498; x_wconf 45' lang='lat' dir='ltr'><strong>.‘1ve,gratia</strong></span> <span class='ocrx_word' id='word_1_395' title='bbox 1612 4432 1781 4498; x_wconf 88' lang='lat' dir='ltr'><strong>plena,</strong></span> 
     </span>
    </p>
   </div>
   <div class='ocr_carea' id='block_1_47' title="bbox 202 4515 1779 4588">
    <p class='ocr_par' dir='ltr' id='par_1_47' title="bbox 202 4515 1779 4588">
     <span class='ocr_line' id='line_1_47' title="bbox 202 4515 1779 4588; baseline 0.004 -21"><span class='ocrx_word' id='word_1_396' title='bbox 202 4516 327 4585; x_wconf 85' lang='lat' dir='ltr'><strong>quia</strong></span> <span class='ocrx_word' id='word_1_397' title='bbox 360 4515 610 4568; x_wconf 84' lang='lat' dir='ltr'><strong>hactenus</strong></span> <span class='ocrx_word' id='word_1_398' title='bbox 652 4517 934 4569; x_wconf 86' lang='lat' dir='ltr'><strong>maledicto</strong></span> <span class='ocrx_word' id='word_1_399' title='bbox 974 4518 1221 4572; x_wconf 77' lang='lat' dir='ltr'><strong>obnoxia.</strong></span> <span class='ocrx_word' id='word_1_400' title='bbox 1282 4519 1376 4572; x_wconf 87' lang='lat' dir='ltr'><strong>llic</strong></span> <span class='ocrx_word' id='word_1_401' title='bbox 1426 4520 1517 4573; x_wconf 86' lang='lat' dir='ltr'><strong>Dei</strong></span> <span class='ocrx_word' id='word_1_402' title='bbox 1560 4524 1779 4588; x_wconf 79' lang='lat' dir='ltr'><strong>gratiam</strong></span> 
     </span>
    </p>
   </div>
   <div class='ocr_carea' id='block_1_48' title="bbox 202 4606 1781 4677">
    <p class='ocr_par' dir='ltr' id='par_1_48' title="bbox 202 4606 1781 4677">
     <span class='ocr_line' id='line_1_48' title="bbox 202 4606 1781 4677; baseline 0.005 -19"><span class='ocrx_word' id='word_1_403' title='bbox 202 4606 583 4659; x_wconf 86' lang='lat' dir='ltr'><strong>animadverte.</strong></span> <span class='ocrx_word' id='word_1_404' title='bbox 617 4607 904 4675; x_wconf 77' lang='lat' dir='ltr'><strong>Ave,gratia</strong></span> <span class='ocrx_word' id='word_1_405' title='bbox 934 4610 1080 4675; x_wconf 87' lang='lat' dir='ltr'><strong>plena</strong></span> <span class='ocrx_word' id='word_1_406' title='bbox 1104 4649 1118 4672; x_wconf 96' lang='lat'><strong>,</strong></span> <span class='ocrx_word' id='word_1_407' title='bbox 1152 4608 1397 4662; x_wconf 89' lang='lat' dir='ltr'><strong>Dominus</strong></span> <span class='ocrx_word' id='word_1_408' title='bbox 1422 4621 1599 4663; x_wconf 87' lang='lat' dir='ltr'><strong>tecum.</strong></span> <span class='ocrx_word' id='word_1_409' title='bbox 1652 4613 1781 4677; x_wconf 85' lang='lat' dir='ltr'><strong>Quia</strong></span> 
     </span>
    </p>
   </div>
   <div class='ocr_carea' id='block_1_49' title="bbox 202 4696 1781 4767">
    <p class='ocr_par' dir='ltr' id='par_1_49' title="bbox 202 4696 1781 4767">
     <span class='ocr_line' id='line_1_49' title="bbox 202 4696 1781 4767; baseline 0.003 -18"><span class='ocrx_word' id='word_1_410' title='bbox 202 4712 327 4749; x_wconf 88' lang='lat' dir='ltr'><strong>cum</strong></span> <span class='ocrx_word' id='word_1_411' title='bbox 372 4696 454 4748; x_wconf 89' lang='lat' dir='ltr'><strong>illa</strong></span> <span class='ocrx_word' id='word_1_412' title='bbox 488 4710 705 4764; x_wconf 88' lang='lat' dir='ltr'><strong>serpens</strong></span> <span class='ocrx_word' id='word_1_413' title='bbox 746 4699 794 4748; x_wconf 93' lang='lat' dir='ltr'><strong>in</strong></span> <span class='ocrx_word' id='word_1_414' title='bbox 838 4697 1042 4750; x_wconf 87' lang='lat' dir='ltr'><strong>tristitia</strong></span> <span class='ocrx_word' id='word_1_415' title='bbox 1067 4740 1079 4763; x_wconf 89' lang='lat'><strong>,</strong></span> <span class='ocrx_word' id='word_1_416' title='bbox 1110 4699 1305 4766; x_wconf 84' lang='lat' dir='ltr'><strong>gaude,</strong></span> <span class='ocrx_word' id='word_1_417' title='bbox 1338 4700 1456 4767; x_wconf 87' lang='lat' dir='ltr'><strong>quia</strong></span> <span class='ocrx_word' id='word_1_418' title='bbox 1492 4710 1659 4752; x_wconf 89' lang='lat' dir='ltr'><strong>tecum</strong></span> <span class='ocrx_word' id='word_1_419' title='bbox 1700 4712 1781 4755; x_wconf 91' lang='lat' dir='ltr'><strong>est</strong></span> 
     </span>
    </p>
   </div>
   <div class='ocr_carea' id='block_1_50' title="bbox 204 4786 1780 4856">
    <p class='ocr_par' dir='ltr' id='par_1_50' title="bbox 204 4786 1780 4856">
     <span class='ocr_line' id='line_1_50' title="bbox 204 4786 1780 4856; baseline 0.003 -16"><span class='ocrx_word' id='word_1_420' title='bbox 204 4789 365 4840; x_wconf 87' lang='lat' dir='ltr'><strong>Deus.</strong></span> <span class='ocrx_word' id='word_1_421' title='bbox 402 4789 472 4839; x_wconf 78' lang='lat' dir='ltr'><strong>Ac</strong></span> <span class='ocrx_word' id='word_1_422' title='bbox 508 4786 622 4839; x_wconf 88' lang='lat' dir='ltr'><strong>vide</strong></span> <span class='ocrx_word' id='word_1_423' title='bbox 650 4788 819 4854; x_wconf 85' lang='lat' dir='ltr'><strong>angeli</strong></span> <span class='ocrx_word' id='word_1_424' title='bbox 853 4803 1032 4839; x_wconf 83' lang='lat' dir='ltr'><strong>vocem</strong></span> <span class='ocrx_word' id='word_1_425' title='bbox 1059 4828 1071 4850; x_wconf 87' lang='lat'><strong>,</strong></span> <span class='ocrx_word' id='word_1_426' title='bbox 1103 4790 1365 4856; x_wconf 87' lang='lat' dir='ltr'><strong>quomodo</strong></span> <span class='ocrx_word' id='word_1_427' title='bbox 1395 4800 1553 4843; x_wconf 89' lang='lat' dir='ltr'><strong>totam</strong></span> <span class='ocrx_word' id='word_1_428' title='bbox 1586 4790 1780 4845; x_wconf 85' lang='lat' dir='ltr'><strong>Christi</strong></span> 
     </span>
    </p>
   </div>
   <div class='ocr_carea' id='block_1_51' title="bbox 201 4879 1777 4950">
    <p class='ocr_par' dir='ltr' id='par_1_51' title="bbox 201 4879 1777 4950">
     <span class='ocr_line' id='line_1_51' title="bbox 201 4879 1777 4950; baseline 0.003 -18"><span class='ocrx_word' id='word_1_429' title='bbox 201 4879 651 4946; x_wconf 83' lang='lat' dir='ltr'><strong>dispensationem</strong></span> <span class='ocrx_word' id='word_1_430' title='bbox 703 4879 948 4946; x_wconf 77' lang='lat' dir='ltr'><strong>explicat.</strong></span> <span class='ocrx_word' id='word_1_431' title='bbox 1001 4880 1288 4950; x_wconf 79' lang='lat' dir='ltr'><strong>Ave,gratia</strong></span> <span class='ocrx_word' id='word_1_432' title='bbox 1317 4883 1482 4948; x_wconf 75' lang='lat' dir='ltr'><strong>plena.</strong></span> <span class='ocrx_word' id='word_1_433' title='bbox 1532 4884 1661 4948; x_wconf 84' lang='lat' dir='ltr'><strong>Quia</strong></span> <span class='ocrx_word' id='word_1_434' title='bbox 1694 4886 1777 4938; x_wconf 83' lang='lat' dir='ltr'><strong>illa</strong></span> 
     </span>
    </p>
   </div>
   <div class='ocr_carea' id='block_1_52' title="bbox 200 4970 1777 5043">
    <p class='ocr_par' dir='ltr' id='par_1_52' title="bbox 200 4970 1777 5043">
     <span class='ocr_line' id='line_1_52' title="bbox 200 4970 1777 5043; baseline 0.002 -19"><span class='ocrx_word' id='word_1_435' title='bbox 200 4970 466 5037; x_wconf 87' lang='lat' dir='ltr'><strong>duplicem</strong></span> <span class='ocrx_word' id='word_1_436' title='bbox 497 4970 913 5023; x_wconf 89' lang='lat' dir='ltr'><strong>maledictionem</strong></span> <span class='ocrx_word' id='word_1_437' title='bbox 944 4972 1181 5040; x_wconf 89' lang='lat' dir='ltr'><strong>accepit,</strong></span> <span class='ocrx_word' id='word_1_438' title='bbox 1222 4972 1483 5025; x_wconf 87' lang='lat' dir='ltr'><strong>tristitiam</strong></span> <span class='ocrx_word' id='word_1_439' title='bbox 1524 4982 1575 5027; x_wconf 92' lang='lat' dir='ltr'><strong>et</strong></span> <span class='ocrx_word' id='word_1_440' title='bbox 1611 4978 1777 5043; x_wconf 78' lang='lat' dir='ltr'><strong>gemi-</strong></span> 
     </span>
    </p>
   </div>
   <div class='ocr_carea' id='block_1_53' title="bbox 201 5060 1776 5131">
    <p class='ocr_par' dir='ltr' id='par_1_53' title="bbox 201 5060 1776 5131">
     <span class='ocr_line' id='line_1_53' title="bbox 201 5060 1776 5131; baseline 0.003 -16"><span class='ocrx_word' id='word_1_441' title='bbox 201 5073 316 5115; x_wconf 90' lang='lat' dir='ltr'><strong>tum</strong></span> <span class='ocrx_word' id='word_1_442' title='bbox 351 5071 546 5129; x_wconf 89' lang='lat' dir='ltr'><strong>partus,</strong></span> <span class='ocrx_word' id='word_1_443' title='bbox 582 5060 781 5113; x_wconf 89' lang='lat' dir='ltr'><strong>inducit</strong></span> <span class='ocrx_word' id='word_1_444' title='bbox 807 5074 1031 5127; x_wconf 86' lang='lat' dir='ltr'><strong>partum,</strong></span> <span class='ocrx_word' id='word_1_445' title='bbox 1057 5063 1144 5131; x_wconf 87' lang='lat' dir='ltr'><strong>qui</strong></span> <span class='ocrx_word' id='word_1_446' title='bbox 1174 5063 1343 5115; x_wconf 85' lang='lat' dir='ltr'><strong>solvat</strong></span> <span class='ocrx_word' id='word_1_447' title='bbox 1372 5064 1599 5130; x_wconf 89' lang='lat' dir='ltr'><strong>priorem</strong></span> <span class='ocrx_word' id='word_1_448' title='bbox 1630 5066 1776 5119; x_wconf 90' lang='lat' dir='ltr'><strong>illum</strong></span> 
     </span>
    </p>
   </div>
   <div class='ocr_carea' id='block_1_54' title="bbox 200 5148 1778 5219">
    <p class='ocr_par' dir='ltr' id='par_1_54' title="bbox 200 5148 1778 5219">
     <span class='ocr_line' id='line_1_54' title="bbox 200 5148 1778 5219; baseline 0.003 -17"><span class='ocrx_word' id='word_1_449' title='bbox 200 5158 432 5219; x_wconf 88' lang='lat' dir='ltr'><strong>partum.</strong></span> <span class='ocrx_word' id='word_1_450' title='bbox 489 5148 618 5202; x_wconf 81' lang='lat' dir='ltr'><strong>Ecce</strong></span> <span class='ocrx_word' id='word_1_451' title='bbox 646 5152 891 5217; x_wconf 86' lang='lat' dir='ltr'><strong>concipies</strong></span> <span class='ocrx_word' id='word_1_452' title='bbox 921 5153 971 5203; x_wconf 87' lang='lat' dir='ltr'><strong>in</strong></span> <span class='ocrx_word' id='word_1_453' title='bbox 1002 5161 1137 5204; x_wconf 84' lang='lat' dir='ltr'><strong>utero</strong></span> <span class='ocrx_word' id='word_1_454' title='bbox 1160 5192 1174 5213; x_wconf 96' lang='lat'><strong>,</strong></span> <span class='ocrx_word' id='word_1_455' title='bbox 1220 5162 1264 5203; x_wconf 86' lang='lat' dir='ltr'><strong>et</strong></span> <span class='ocrx_word' id='word_1_456' title='bbox 1306 5153 1467 5219; x_wconf 84' lang='lat' dir='ltr'><strong>paries</strong></span> <span class='ocrx_word' id='word_1_457' title='bbox 1508 5153 1670 5219; x_wconf 82' lang='lat' dir='ltr'><strong>ﬁlium</strong></span> <span class='ocrx_word' id='word_1_458' title='bbox 1690 5197 1703 5217; x_wconf 84' lang='lat'><strong>,</strong></span> <span class='ocrx_word' id='word_1_459' title='bbox 1733 5167 1778 5207; x_wconf 83' lang='lat' dir='ltr'><strong>et</strong></span> 
     </span>
    </p>
   </div>
   <div class='ocr_carea' id='block_1_55' title="bbox 196 5240 1775 5312">
    <p class='ocr_par' dir='ltr' id='par_1_55' title="bbox 196 5240 1775 5312">
     <span class='ocr_line' id='line_1_55' title="bbox 196 5240 1775 5312; baseline 0.002 -18"><span class='ocrx_word' id='word_1_460' title='bbox 196 5240 398 5294; x_wconf 74' lang='lat' dir='ltr'><strong>vocabis</strong></span> <span class='ocrx_word' id='word_1_461' title='bbox 424 5255 599 5293; x_wconf 85' lang='lat' dir='ltr'><strong>nomen</strong></span> <span class='ocrx_word' id='word_1_462' title='bbox 621 5242 728 5305; x_wconf 78' lang='lat' dir='ltr'><strong>eius</strong></span> <span class='ocrx_word' id='word_1_463' title='bbox 753 5240 925 5293; x_wconf 84' lang='lat' dir='ltr'><strong>Jcsum</strong></span> <span class='ocrx_word' id='word_1_464' title='bbox 963 5240 1118 5305; x_wconf 89' lang='lat' dir='ltr'><strong>(Ibid.</strong></span> <span class='ocrx_word' id='word_1_465' title='bbox 1150 5258 1194 5294; x_wconf 90' lang='lat' dir='ltr'><strong>v.</strong></span> <span class='ocrx_word' id='word_1_466' title='bbox 1229 5244 1342 5311; x_wconf 80' lang='grc'><strong>51).</strong></span> <span class='ocrx_word' id='word_1_467' title='bbox 1370 5243 1490 5312; x_wconf 87' lang='lat' dir='ltr'><strong>Ipse</strong></span> <span class='ocrx_word' id='word_1_468' title='bbox 1518 5246 1645 5296; x_wconf 84' lang='lat' dir='ltr'><strong>enim</strong></span> <span class='ocrx_word' id='word_1_469' title='bbox 1670 5246 1775 5297; x_wconf 84' lang='lat' dir='ltr'><strong>sal-</strong></span> 
     </span>
    </p>
   </div>
   <div class='ocr_carea' id='block_1_56' title="bbox 195 5330 1772 5401">
    <p class='ocr_par' dir='ltr' id='par_1_56' title="bbox 195 5330 1772 5401">
     <span class='ocr_line' id='line_1_56' title="bbox 195 5330 1772 5401; baseline 0.003 -18"><span class='ocrx_word' id='word_1_470' title='bbox 195 5348 320 5383; x_wconf 81' lang='lat' dir='ltr'><strong>vum</strong></span> <span class='ocrx_word' id='word_1_471' title='bbox 349 5331 494 5401; x_wconf 79' lang='lat' dir='ltr'><strong>faciet</strong></span> <span class='ocrx_word' id='word_1_472' title='bbox 527 5330 769 5398; x_wconf 85' lang='lat' dir='ltr'><strong>populum</strong></span> <span class='ocrx_word' id='word_1_473' title='bbox 809 5347 952 5383; x_wconf 89' lang='lat' dir='ltr'><strong>suum</strong></span> <span class='ocrx_word' id='word_1_474' title='bbox 978 5349 1008 5382; x_wconf 90' lang='lat' dir='ltr'><strong>a</strong></span> <span class='ocrx_word' id='word_1_475' title='bbox 1037 5334 1249 5399; x_wconf 83' lang='lat' dir='ltr'><strong>peccatis</strong></span> <span class='ocrx_word' id='word_1_476' title='bbox 1279 5350 1450 5385; x_wconf 86' lang='lat' dir='ltr'><strong>eorum</strong></span> <span class='ocrx_word' id='word_1_477' title='bbox 1482 5334 1689 5401; x_wconf 75' lang='lat' dir='ltr'><strong>(Matth.</strong></span> <span class='ocrx_word' id='word_1_478' title='bbox 1727 5338 1772 5387; x_wconf 92' lang='lat'><strong>1.</strong></span> 
     </span>
    </p>
   </div>
   <div class='ocr_carea' id='block_1_57' title="bbox 197 5422 1775 5492">
    <p class='ocr_par' dir='ltr' id='par_1_57' title="bbox 197 5422 1775 5492">
     <span class='ocr_line' id='line_1_57' title="bbox 197 5422 1775 5492; baseline 0.003 -18"><span class='ocrx_word' id='word_1_479' title='bbox 197 5422 318 5487; x_wconf 75' lang='lat'><strong>21).</strong></span> <span class='ocrx_word' id='word_1_480' title='bbox 362 5422 574 5474; x_wconf 85' lang='lat' dir='ltr'><strong>Patrum</strong></span> <span class='ocrx_word' id='word_1_481' title='bbox 609 5430 813 5473; x_wconf 91' lang='lat' dir='ltr'><strong>tuorum</strong></span> <span class='ocrx_word' id='word_1_482' title='bbox 858 5433 1066 5488; x_wconf 89' lang='lat' dir='ltr'><strong>peccata</strong></span> <span class='ocrx_word' id='word_1_483' title='bbox 1098 5424 1248 5475; x_wconf 91' lang='lat' dir='ltr'><strong>solvit</strong></span> <span class='ocrx_word' id='word_1_484' title='bbox 1278 5425 1364 5492; x_wconf 85' lang='lat' dir='ltr'><strong>qui</strong></span> <span class='ocrx_word' id='word_1_485' title='bbox 1398 5441 1459 5476; x_wconf 81' lang='lat' dir='ltr'><strong>ex</strong></span> <span class='ocrx_word' id='word_1_486' title='bbox 1499 5434 1546 5477; x_wconf 91' lang='lat' dir='ltr'><strong>te</strong></span> <span class='ocrx_word' id='word_1_487' title='bbox 1578 5425 1775 5479; x_wconf 76' lang='lat' dir='ltr'><strong>fructus</strong></span> 
     </span>
    </p>
   </div>
   <div class='ocr_carea' id='block_1_58' title="bbox 196 5511 1777 5583">
    <p class='ocr_par' dir='ltr' id='par_1_58' title="bbox 196 5511 1777 5583">
     <span class='ocr_line' id='line_1_58' title="bbox 196 5511 1777 5583; baseline 0.004 -21"><span class='ocrx_word' id='word_1_488' title='bbox 196 5513 385 5564; x_wconf 81' lang='lat' dir='ltr'><strong>oritur.</strong></span> <span class='ocrx_word' id='word_1_489' title='bbox 430 5511 546 5565; x_wconf 80' lang='lat' dir='ltr'><strong>Jam</strong></span> <span class='ocrx_word' id='word_1_490' title='bbox 580 5520 775 5563; x_wconf 87' lang='lat' dir='ltr'><strong>mutata</strong></span> <span class='ocrx_word' id='word_1_491' title='bbox 808 5526 891 5564; x_wconf 89' lang='lat' dir='ltr'><strong>res</strong></span> <span class='ocrx_word' id='word_1_492' title='bbox 921 5520 1020 5565; x_wconf 87' lang='lat' dir='ltr'><strong>est.</strong></span> <span class='ocrx_word' id='word_1_493' title='bbox 1073 5513 1337 5568; x_wconf 89' lang='lat' dir='ltr'><strong>llactenns</strong></span> <span class='ocrx_word' id='word_1_494' title='bbox 1376 5516 1461 5583; x_wconf 93' lang='lat' dir='ltr'><strong>qui</strong></span> <span class='ocrx_word' id='word_1_495' title='bbox 1494 5516 1652 5569; x_wconf 72' lang='lat' dir='ltr'><strong>Evam</strong></span> <span class='ocrx_word' id='word_1_496' title='bbox 1684 5532 1777 5569; x_wconf 53' lang='lat' dir='ltr'><strong>an.</strong></span> 
     </span>
    </p>
   </div>
   <div class='ocr_carea' id='block_1_59' title="bbox 197 5601 1774 5672">
    <p class='ocr_par' dir='ltr' id='par_1_59' title="bbox 197 5601 1774 5672">
     <span class='ocr_line' id='line_1_59' title="bbox 197 5601 1774 5672; baseline 0.003 -19"><span class='ocrx_word' id='word_1_497' title='bbox 197 5601 451 5666; x_wconf 89' lang='lat' dir='ltr'><strong>diebant,</strong></span> <span class='ocrx_word' id='word_1_498' title='bbox 486 5602 729 5655; x_wconf 89' lang='lat' dir='ltr'><strong>miseram</strong></span> <span class='ocrx_word' id='word_1_499' title='bbox 770 5601 1122 5668; x_wconf 73' lang='lat' dir='ltr'><strong>praedicabant</strong></span> <span class='ocrx_word' id='word_1_500' title='bbox 1154 5621 1165 5656; x_wconf 88' lang='lat'>:</span> <span class='ocrx_word' id='word_1_501' title='bbox 1202 5603 1287 5655; x_wconf 64' lang='lat' dir='ltr'><strong>Vua</strong></span> <span class='ocrx_word' id='word_1_502' title='bbox 1318 5605 1527 5658; x_wconf 68' lang='lat' dir='ltr'><strong>miserae</strong></span> <span class='ocrx_word' id='word_1_503' title='bbox 1563 5623 1573 5657; x_wconf 85' lang='lat'><strong>:</strong></span> <span class='ocrx_word' id='word_1_504' title='bbox 1606 5621 1774 5672; x_wconf 89' lang='lat' dir='ltr'><strong>quan-</strong></span> 
     </span>
    </p>
   </div>
   <div class='ocr_carea' id='block_1_60' title="bbox 198 5692 1773 5765">
    <p class='ocr_par' dir='ltr' id='par_1_60' title="bbox 198 5692 1773 5765">
     <span class='ocr_line' id='line_1_60' title="bbox 198 5692 1773 5765; baseline 0.003 -20"><span class='ocrx_word' id='word_1_505' title='bbox 198 5701 310 5745; x_wconf 82' lang='lat' dir='ltr'><strong>tam</strong></span> <span class='ocrx_word' id='word_1_506' title='bbox 340 5692 558 5760; x_wconf 79' lang='lat' dir='ltr'><strong>gloriam</strong></span> <span class='ocrx_word' id='word_1_507' title='bbox 589 5692 803 5746; x_wconf 86' lang='lat' dir='ltr'><strong>amisit!</strong></span> <span class='ocrx_word' id='word_1_508' title='bbox 851 5708 931 5746; x_wconf 72' lang='lat' dir='ltr'><strong>vae</strong></span> <span class='ocrx_word' id='word_1_509' title='bbox 963 5692 1171 5748; x_wconf 75' lang='lat' dir='ltr'><strong>misera:</strong></span> <span class='ocrx_word' id='word_1_510' title='bbox 1200 5712 1212 5747; x_wconf 87' lang='lat'>:</span> <span class='ocrx_word' id='word_1_511' title='bbox 1246 5706 1438 5764; x_wconf 75' lang='lat' dir='ltr'><strong>quanta</strong></span> <span class='ocrx_word' id='word_1_512' title='bbox 1478 5710 1630 5765; x_wconf 84' lang='lat' dir='ltr'><strong>passa</strong></span> <span class='ocrx_word' id='word_1_513' title='bbox 1659 5697 1773 5752; x_wconf 81' lang='lat' dir='ltr'><strong>est!</strong></span> 
     </span>
    </p>
   </div>
   <div class='ocr_carea' id='block_1_61' title="bbox 1315 319 2499 382">
    <p class='ocr_par' dir='ltr' id='par_1_61' title="bbox 1315 319 2499 382">
     <span class='ocr_line' id='line_1_61' title="bbox 1315 319 2499 382; baseline -0.004 -1"><span class='ocrx_word' id='word_1_514' title='bbox 1315 325 1401 381; x_wconf 84' lang='lat' dir='ltr'><strong>DE</strong></span> <span class='ocrx_word' id='word_1_515' title='bbox 1439 322 1650 379; x_wconf 75' lang='lat' dir='ltr'><strong>MUNDI</strong></span> <span class='ocrx_word' id='word_1_516' title='bbox 1691 319 2081 378; x_wconf 68' lang='lat' dir='ltr'><strong>CREATlONE</strong></span> <span class='ocrx_word' id='word_1_517' title='bbox 2124 326 2377 382; x_wconf 61' lang='lat' dir='ltr'><strong>ORATIO</strong></span> <span class='ocrx_word' id='word_1_518' title='bbox 2417 326 2499 380; x_wconf 70' lang='lat' dir='ltr'><strong>Vl.</strong></span> 
     </span>
    </p>
   </div>
   <div class='ocr_carea' id='block_1_62' title="bbox 3356 336 3470 392">
    <p class='ocr_par' dir='ltr' id='par_1_62' title="bbox 3356 336 3470 392">
     <span class='ocr_line' id='line_1_62' title="bbox 3356 336 3470 392; baseline 0.026 -3"><span class='ocrx_word' id='word_1_519' title='bbox 3356 336 3470 392; x_wconf 83' lang='lat'><strong>498</strong></span> 
     </span>
    </p>
   </div>
   <div class='ocr_carea' id='block_1_63' title="bbox 1903 435 3479 503">
    <p class='ocr_par' dir='ltr' id='par_1_63' title="bbox 1903 435 3479 503">
     <span class='ocr_line' id='line_1_63' title="bbox 1903 435 3479 503; baseline -0.001 -14"><span class='ocrx_word' id='word_1_520' title='bbox 1903 437 2061 492; x_wconf 83' lang='lat' dir='ltr'><strong>Maria</strong></span> <span class='ocrx_word' id='word_1_521' title='bbox 2088 440 2322 495; x_wconf 78' lang='lat' dir='ltr'><strong>quotidie</strong></span> <span class='ocrx_word' id='word_1_522' title='bbox 2343 440 2575 492; x_wconf 91' lang='lat' dir='ltr'><strong>omnium</strong></span> <span class='ocrx_word' id='word_1_523' title='bbox 2595 452 2724 492; x_wconf 89' lang='lat' dir='ltr'><strong>voce</strong></span> <span class='ocrx_word' id='word_1_524' title='bbox 2748 437 2912 502; x_wconf 84' lang='lat' dir='ltr'><strong>audit,</strong></span> <span class='ocrx_word' id='word_1_525' title='bbox 2944 436 3100 489; x_wconf 82' lang='lat' dir='ltr'><strong>Beata</strong></span> <span class='ocrx_word' id='word_1_526' title='bbox 3131 452 3146 490; x_wconf 87' lang='lat'><strong>:</strong></span> <span class='ocrx_word' id='word_1_527' title='bbox 3175 448 3299 488; x_wconf 83' lang='lat' dir='ltr'><strong>sane</strong></span> <span class='ocrx_word' id='word_1_528' title='bbox 3325 435 3479 503; x_wconf 85' lang='lat' dir='ltr'><strong>plena</strong></span> 
     </span>
    </p>
   </div>
   <div class='ocr_carea' id='block_1_64' title="bbox 1903 508 3477 594">
    <p class='ocr_par' dir='ltr' id='par_1_64' title="bbox 1903 508 3477 594">
     <span class='ocr_line' id='line_1_64' title="bbox 1903 508 3477 594; baseline -0.003 -16"><span class='ocrx_word' id='word_1_529' title='bbox 1903 526 2102 594; x_wconf 79' lang='lat' dir='ltr'><strong>Spiritu</strong></span> <span class='ocrx_word' id='word_1_530' title='bbox 2131 508 2330 582; x_wconf 79' lang='lat' dir='ltr'><strong>sancto.</strong></span> <span class='ocrx_word' id='word_1_531' title='bbox 2367 530 2441 581; x_wconf 80' lang='lat' dir='ltr'><strong>Ac</strong></span> <span class='ocrx_word' id='word_1_532' title='bbox 2462 528 2672 581; x_wconf 89' lang='lat' dir='ltr'><strong>demum</strong></span> <span class='ocrx_word' id='word_1_533' title='bbox 2704 526 2996 579; x_wconf 85' lang='lat' dir='ltr'><strong>vaticinans</strong></span> <span class='ocrx_word' id='word_1_534' title='bbox 3031 524 3187 592; x_wconf 81' lang='lat' dir='ltr'><strong>Virgo</strong></span> <span class='ocrx_word' id='word_1_535' title='bbox 3209 522 3328 577; x_wconf 87' lang='lat' dir='ltr'><strong>audi</strong></span> <span class='ocrx_word' id='word_1_536' title='bbox 3352 521 3477 591; x_wconf 88' lang='lat' dir='ltr'><strong>quid</strong></span> 
     </span>
    </p>
   </div>
   <div class='ocr_carea' id='block_1_65' title="bbox 1901 615 3482 684">
    <p class='ocr_par' dir='ltr' id='par_1_65' title="bbox 1901 615 3482 684">
     <span class='ocr_line' id='line_1_65' title="bbox 1901 615 3482 684; baseline -0.003 -15"><span class='ocrx_word' id='word_1_537' title='bbox 1901 619 2041 671; x_wconf 83' lang='lat' dir='ltr'><strong>dicat</strong></span> <span class='ocrx_word' id='word_1_538' title='bbox 2074 636 2085 671; x_wconf 91' lang='lat'>:</span> <span class='ocrx_word' id='word_1_539' title='bbox 2115 618 2412 673; x_wconf 85' lang='lat' dir='ltr'><strong>Benedictus</strong></span> <span class='ocrx_word' id='word_1_540' title='bbox 2447 619 2684 672; x_wconf 83' lang='lat' dir='ltr'><strong>Dominus</strong></span> <span class='ocrx_word' id='word_1_541' title='bbox 2717 617 2848 670; x_wconf 85' lang='lat' dir='ltr'><strong>Deus</strong></span> <span class='ocrx_word' id='word_1_542' title='bbox 2875 617 3071 682; x_wconf 86' lang='lat' dir='ltr'><strong>Israel,</strong></span> <span class='ocrx_word' id='word_1_543' title='bbox 3116 617 3232 684; x_wconf 83' lang='lat' dir='ltr'><strong>quia</strong></span> <span class='ocrx_word' id='word_1_544' title='bbox 3262 615 3482 682; x_wconf 72' lang='lat' dir='ltr'><strong>respcait</strong></span> 
     </span>
    </p>
   </div>
   <div class='ocr_carea' id='block_1_66' title="bbox 1902 706 3480 761">
    <p class='ocr_par' dir='ltr' id='par_1_66' title="bbox 1902 706 3480 761">
     <span class='ocr_line' id='line_1_66' title="bbox 1902 706 3480 761; baseline -0.004 -4"><span class='ocrx_word' id='word_1_545' title='bbox 1902 708 2230 760; x_wconf 80' lang='lat' dir='ltr'><strong>humilitatem</strong></span> <span class='ocrx_word' id='word_1_546' title='bbox 2255 708 2455 761; x_wconf 83' lang='lat' dir='ltr'><strong>ancilla:</strong></span> <span class='ocrx_word' id='word_1_547' title='bbox 2490 724 2597 761; x_wconf 70' lang='lat' dir='ltr'><strong>sua:</strong></span> <span class='ocrx_word' id='word_1_548' title='bbox 2622 724 2640 761; x_wconf 90' lang='lat'><strong><em>:</em></strong></span> <span class='ocrx_word' id='word_1_549' title='bbox 2670 724 2733 760; x_wconf 72' lang='lat' dir='ltr'><strong>ea:</strong></span> <span class='ocrx_word' id='word_1_550' title='bbox 2762 710 2855 758; x_wconf 87' lang='lat' dir='ltr'><strong>hoc</strong></span> <span class='ocrx_word' id='word_1_551' title='bbox 2898 708 3026 758; x_wconf 87' lang='lat' dir='ltr'><strong>enim</strong></span> <span class='ocrx_word' id='word_1_552' title='bbox 3067 706 3263 757; x_wconf 83' lang='lat' dir='ltr'><strong>beatam</strong></span> <span class='ocrx_word' id='word_1_553' title='bbox 3294 721 3372 758; x_wconf 89' lang='lat' dir='ltr'><strong>me</strong></span> <span class='ocrx_word' id='word_1_554' title='bbox 3401 706 3480 755; x_wconf 75' lang='lat' dir='ltr'><strong>dt.</strong></span> 
     </span>
    </p>
   </div>
   <div class='ocr_carea' id='block_1_67' title="bbox 1900 796 3480 866">
    <p class='ocr_par' dir='ltr' id='par_1_67' title="bbox 1900 796 3480 866">
     <span class='ocr_line' id='line_1_67' title="bbox 1900 796 3480 866; baseline -0.001 -19"><span class='ocrx_word' id='word_1_555' title='bbox 1900 808 2006 849; x_wconf 86' lang='lat' dir='ltr'><strong>cent</strong></span> <span class='ocrx_word' id='word_1_556' title='bbox 2030 814 2197 850; x_wconf 71' lang='lat' dir='ltr'><strong>omnes</strong></span> <span class='ocrx_word' id='word_1_557' title='bbox 2225 798 2566 866; x_wconf 79' lang='lat' dir='ltr'><strong>generationes</strong></span> <span class='ocrx_word' id='word_1_558' title='bbox 2608 797 2753 865; x_wconf 90' lang='lat' dir='ltr'><strong>(Luc.</strong></span> <span class='ocrx_word' id='word_1_559' title='bbox 2792 798 2838 850; x_wconf 94' lang='lat'><strong>1.</strong></span> <span class='ocrx_word' id='word_1_560' title='bbox 2864 798 2954 851; x_wconf 88' lang='lat'><strong>68.</strong></span> <span class='ocrx_word' id='word_1_561' title='bbox 2986 808 3029 848; x_wconf 89' lang='lat' dir='ltr'><strong>et</strong></span> <span class='ocrx_word' id='word_1_562' title='bbox 3058 798 3166 864; x_wconf 70' lang='grc'><strong>48).</strong></span> <span class='ocrx_word' id='word_1_563' title='bbox 3204 796 3268 850; x_wconf 91' lang='lat' dir='ltr'><strong>Ut</strong></span> <span class='ocrx_word' id='word_1_564' title='bbox 3295 806 3480 848; x_wconf 86' lang='lat' dir='ltr'><strong>osten-</strong></span> 
     </span>
    </p>
   </div>
   <div class='ocr_carea' id='block_1_68' title="bbox 1900 884 3481 954">
    <p class='ocr_par' dir='ltr' id='par_1_68' title="bbox 1900 884 3481 954">
     <span class='ocr_line' id='line_1_68' title="bbox 1900 884 3481 954; baseline -0.003 -16"><span class='ocrx_word' id='word_1_565' title='bbox 1900 886 1989 938; x_wconf 86' lang='lat' dir='ltr'><strong>dat</strong></span> <span class='ocrx_word' id='word_1_566' title='bbox 2014 902 2070 939; x_wconf 89' lang='lat' dir='ltr'><strong>se</strong></span> <span class='ocrx_word' id='word_1_567' title='bbox 2102 902 2377 954; x_wconf 90' lang='lat' dir='ltr'><strong>personam</strong></span> <span class='ocrx_word' id='word_1_568' title='bbox 2403 886 2526 939; x_wconf 71' lang='lat' dir='ltr'><strong>Eva:</strong></span> <span class='ocrx_word' id='word_1_569' title='bbox 2554 898 2788 954; x_wconf 87' lang='lat' dir='ltr'><strong>gestare,</strong></span> <span class='ocrx_word' id='word_1_570' title='bbox 2822 886 2899 938; x_wconf 82' lang='lat' dir='ltr'><strong>Me</strong></span> <span class='ocrx_word' id='word_1_571' title='bbox 2925 885 2991 937; x_wconf 91' lang='lat' dir='ltr'><strong>ad</strong></span> <span class='ocrx_word' id='word_1_572' title='bbox 3019 884 3117 937; x_wconf 87' lang='lat' dir='ltr'><strong>hoc</strong></span> <span class='ocrx_word' id='word_1_573' title='bbox 3147 899 3310 951; x_wconf 84' lang='lat' dir='ltr'><strong>usque</strong></span> <span class='ocrx_word' id='word_1_574' title='bbox 3342 893 3481 937; x_wconf 86' lang='lat' dir='ltr'><strong>tem-</strong></span> 
     </span>
    </p>
   </div>
   <div class='ocr_carea' id='block_1_69' title="bbox 1903 976 3478 1045">
    <p class='ocr_par' dir='ltr' id='par_1_69' title="bbox 1903 976 3478 1045">
     <span class='ocr_line' id='line_1_69' title="bbox 1903 976 3478 1045; baseline -0.001 -18"><span class='ocrx_word' id='word_1_575' title='bbox 1903 993 2027 1044; x_wconf 90' lang='lat' dir='ltr'><strong>pus,</strong></span> <span class='ocrx_word' id='word_1_576' title='bbox 2084 979 2279 1045; x_wconf 86' lang='lat' dir='ltr'><strong>inquit,</strong></span> <span class='ocrx_word' id='word_1_577' title='bbox 2334 979 2667 1031; x_wconf 77' lang='lat' dir='ltr'><strong>contumelia:</strong></span> <span class='ocrx_word' id='word_1_578' title='bbox 2717 978 2975 1039; x_wconf 91' lang='lat' dir='ltr'><strong>habitam,</strong></span> <span class='ocrx_word' id='word_1_579' title='bbox 3024 993 3087 1028; x_wconf 83' lang='lat' dir='ltr'><strong>ex</strong></span> <span class='ocrx_word' id='word_1_580' title='bbox 3120 987 3227 1028; x_wconf 92' lang='lat' dir='ltr'><strong>tum</strong></span> <span class='ocrx_word' id='word_1_581' title='bbox 3271 976 3478 1028; x_wconf 80' lang='lat' dir='ltr'><strong>beatam</strong></span> 
     </span>
    </p>
   </div>
   <div class='ocr_carea' id='block_1_70' title="bbox 1900 1067 3480 1137">
    <p class='ocr_par' dir='ltr' id='par_1_70' title="bbox 1900 1067 3480 1137">
     <span class='ocr_line' id='line_1_70' title="bbox 1900 1067 3480 1137; baseline 0.001 -19"><span class='ocrx_word' id='word_1_582' title='bbox 1900 1069 1930 1119; x_wconf 92' lang='lat' dir='ltr'><strong>d</strong></span> <span class='ocrx_word' id='word_1_583' title='bbox 1956 1077 2075 1122; x_wconf 65' lang='lat' dir='ltr'><strong>cunt</strong></span> <span class='ocrx_word' id='word_1_584' title='bbox 2099 1084 2285 1122; x_wconf 89' lang='lat' dir='ltr'><strong>omnes</strong></span> <span class='ocrx_word' id='word_1_585' title='bbox 2312 1069 2695 1137; x_wconf 80' lang='lat' dir='ltr'><strong>generationes.</strong></span> <span class='ocrx_word' id='word_1_586' title='bbox 2722 1069 2942 1136; x_wconf 84' lang='lat' dir='ltr'><strong>thuid,</strong></span> <span class='ocrx_word' id='word_1_587' title='bbox 2974 1069 3195 1135; x_wconf 59' lang='lat' dir='ltr'><strong>inquies,</strong></span> <span class='ocrx_word' id='word_1_588' title='bbox 3216 1068 3286 1120; x_wconf 92' lang='lat' dir='ltr'><strong>illi</strong></span> <span class='ocrx_word' id='word_1_589' title='bbox 3321 1067 3480 1132; x_wconf 77' lang='lat' dir='ltr'><strong>prod-</strong></span> 
     </span>
    </p>
   </div>
   <div class='ocr_carea' id='block_1_71' title="bbox 1899 1159 3481 1226">
    <p class='ocr_par' dir='ltr' id='par_1_71' title="bbox 1899 1159 3481 1226">
     <span class='ocr_line' id='line_1_71' title="bbox 1899 1159 3481 1226; baseline -0.003 -11"><span class='ocrx_word' id='word_1_590' title='bbox 1899 1173 2012 1223; x_wconf 83' lang='lat' dir='ltr'><strong>est,</strong></span> <span class='ocrx_word' id='word_1_591' title='bbox 2069 1179 2187 1215; x_wconf 89' lang='lat' dir='ltr'><strong>cum</strong></span> <span class='ocrx_word' id='word_1_592' title='bbox 2231 1178 2332 1215; x_wconf 92' lang='lat' dir='ltr'><strong>non</strong></span> <span class='ocrx_word' id='word_1_593' title='bbox 2370 1162 2589 1214; x_wconf 78' lang='lat' dir='ltr'><strong>audiat?</strong></span> <span class='ocrx_word' id='word_1_594' title='bbox 2637 1164 2701 1213; x_wconf 78' lang='grc' dir='ltr'><strong>ΑΙ.</strong></span> <span class='ocrx_word' id='word_1_595' title='bbox 2729 1176 2912 1214; x_wconf 86' lang='lat' dir='ltr'><strong>revera</strong></span> <span class='ocrx_word' id='word_1_596' title='bbox 2948 1160 3091 1212; x_wconf 91' lang='lat' dir='ltr'><strong>audit</strong></span> <span class='ocrx_word' id='word_1_597' title='bbox 3119 1202 3132 1222; x_wconf 90' lang='lat'><strong>,</strong></span> <span class='ocrx_word' id='word_1_598' title='bbox 3163 1159 3301 1226; x_wconf 89' lang='lat' dir='ltr'><strong>quod</strong></span> <span class='ocrx_word' id='word_1_599' title='bbox 3332 1160 3398 1211; x_wconf 90' lang='lat' dir='ltr'><strong>sit</strong></span> <span class='ocrx_word' id='word_1_600' title='bbox 3429 1161 3481 1210; x_wconf 89' lang='lat' dir='ltr'><strong>in</strong></span> 
     </span>
    </p>
   </div>
   <div class='ocr_carea' id='block_1_72' title="bbox 1900 1250 3478 1320">
    <p class='ocr_par' dir='ltr' id='par_1_72' title="bbox 1900 1250 3478 1320">
     <span class='ocr_line' id='line_1_72' title="bbox 1900 1250 3478 1320; baseline -0.002 -17"><span class='ocrx_word' id='word_1_601' title='bbox 1900 1253 2174 1319; x_wconf 79' lang='lat' dir='ltr'><strong>Splendida</strong></span> <span class='ocrx_word' id='word_1_602' title='bbox 2218 1252 2363 1313; x_wconf 86' lang='lat' dir='ltr'><strong>loco,</strong></span> <span class='ocrx_word' id='word_1_603' title='bbox 2412 1253 2461 1304; x_wconf 94' lang='lat' dir='ltr'><strong>in</strong></span> <span class='ocrx_word' id='word_1_604' title='bbox 2496 1252 2708 1320; x_wconf 87' lang='lat' dir='ltr'><strong>regione</strong></span> <span class='ocrx_word' id='word_1_605' title='bbox 2736 1251 2973 1304; x_wconf 89' lang='lat' dir='ltr'><strong>vivorum</strong></span> <span class='ocrx_word' id='word_1_606' title='bbox 2999 1291 3011 1309; x_wconf 87' lang='lat'><strong>.</strong></span> <span class='ocrx_word' id='word_1_607' title='bbox 3061 1259 3230 1301; x_wconf 80' lang='lat' dir='ltr'><strong>mater</strong></span> <span class='ocrx_word' id='word_1_608' title='bbox 3272 1250 3478 1313; x_wconf 86' lang='lat' dir='ltr'><strong>salutis,</strong></span> 
     </span>
    </p>
   </div>
   <div class='ocr_carea' id='block_1_73' title="bbox 1900 1338 3481 1408">
    <p class='ocr_par' dir='ltr' id='par_1_73' title="bbox 1900 1338 3481 1408">
     <span class='ocr_line' id='line_1_73' title="bbox 1900 1338 3481 1408; baseline 0.001 -18"><span class='ocrx_word' id='word_1_609' title='bbox 1900 1338 2017 1392; x_wconf 83' lang='lat' dir='ltr'><strong>fons</strong></span> <span class='ocrx_word' id='word_1_610' title='bbox 2044 1340 2173 1393; x_wconf 90' lang='lat' dir='ltr'><strong>lucis</strong></span> <span class='ocrx_word' id='word_1_611' title='bbox 2195 1384 2207 1403; x_wconf 87' lang='lat'><strong>,</strong></span> <span class='ocrx_word' id='word_1_612' title='bbox 2241 1356 2358 1408; x_wconf 80' lang='lat' dir='ltr'><strong>qua:</strong></span> <span class='ocrx_word' id='word_1_613' title='bbox 2393 1351 2446 1393; x_wconf 88' lang='lat' dir='ltr'><strong>et</strong></span> <span class='ocrx_word' id='word_1_614' title='bbox 2472 1356 2628 1394; x_wconf 83' lang='lat' dir='ltr'><strong>sensu</strong></span> <span class='ocrx_word' id='word_1_615' title='bbox 2658 1351 2710 1392; x_wconf 88' lang='lat' dir='ltr'><strong>et</strong></span> <span class='ocrx_word' id='word_1_616' title='bbox 2751 1352 2926 1391; x_wconf 89' lang='lat' dir='ltr'><strong>mente</strong></span> <span class='ocrx_word' id='word_1_617' title='bbox 2971 1339 3289 1406; x_wconf 82' lang='lat' dir='ltr'><strong>percipitur;</strong></span> <span class='ocrx_word' id='word_1_618' title='bbox 3322 1353 3481 1391; x_wconf 85' lang='lat' dir='ltr'><strong>sensu</strong></span> 
     </span>
    </p>
   </div>
   <div class='ocr_carea' id='block_1_74' title="bbox 1900 1431 3480 1501">
    <p class='ocr_par' dir='ltr' id='par_1_74' title="bbox 1900 1431 3480 1501">
     <span class='ocr_line' id='line_1_74' title="bbox 1900 1431 3480 1501; baseline 0 -19"><span class='ocrx_word' id='word_1_619' title='bbox 1900 1441 2114 1498; x_wconf 89' lang='lat' dir='ltr'><strong>propter</strong></span> <span class='ocrx_word' id='word_1_620' title='bbox 2141 1447 2377 1491; x_wconf 86' lang='lat' dir='ltr'><strong>carnem,</strong></span> <span class='ocrx_word' id='word_1_621' title='bbox 2411 1444 2588 1485; x_wconf 90' lang='lat' dir='ltr'><strong>mente</strong></span> <span class='ocrx_word' id='word_1_622' title='bbox 2619 1443 2835 1501; x_wconf 88' lang='lat' dir='ltr'><strong>propter</strong></span> <span class='ocrx_word' id='word_1_623' title='bbox 2863 1432 3211 1484; x_wconf 88' lang='lat' dir='ltr'><strong>divinitatem.</strong></span> <span class='ocrx_word' id='word_1_624' title='bbox 3260 1431 3346 1485; x_wconf 91' lang='lat' dir='ltr'><strong>Sic</strong></span> <span class='ocrx_word' id='word_1_625' title='bbox 3378 1433 3480 1484; x_wconf 83' lang='lat' dir='ltr'><strong>ita-</strong></span> 
     </span>
    </p>
   </div>
   <div class='ocr_carea' id='block_1_75' title="bbox 1899 1522 3482 1590">
    <p class='ocr_par' dir='ltr' id='par_1_75' title="bbox 1899 1522 3482 1590">
     <span class='ocr_line' id='line_1_75' title="bbox 1899 1522 3482 1590; baseline 0.003 -19"><span class='ocrx_word' id='word_1_626' title='bbox 1899 1535 2000 1588; x_wconf 91' lang='lat' dir='ltr'><strong>que</strong></span> <span class='ocrx_word' id='word_1_627' title='bbox 2026 1538 2237 1589; x_wconf 84' lang='lat' dir='ltr'><strong>prorsus</strong></span> <span class='ocrx_word' id='word_1_628' title='bbox 2266 1523 2415 1576; x_wconf 87' lang='lat' dir='ltr'><strong>beata</strong></span> <span class='ocrx_word' id='word_1_629' title='bbox 2449 1523 2782 1590; x_wconf 84' lang='lat' dir='ltr'><strong>pra-dicatur.</strong></span> <span class='ocrx_word' id='word_1_630' title='bbox 2814 1523 2921 1574; x_wconf 86' lang='lat' dir='ltr'><strong>lmo</strong></span> <span class='ocrx_word' id='word_1_631' title='bbox 2944 1522 3102 1575; x_wconf 89' lang='lat' dir='ltr'><strong>etiam</strong></span> <span class='ocrx_word' id='word_1_632' title='bbox 3132 1523 3254 1575; x_wconf 91' lang='lat' dir='ltr'><strong>dum</strong></span> <span class='ocrx_word' id='word_1_633' title='bbox 3282 1522 3482 1575; x_wconf 83' lang='lat' dir='ltr'><strong>viveret</strong></span> 
     </span>
    </p>
   </div>
   <div class='ocr_carea' id='block_1_76' title="bbox 1900 1611 3480 1682">
    <p class='ocr_par' dir='ltr' id='par_1_76' title="bbox 1900 1611 3480 1682">
     <span class='ocr_line' id='line_1_76' title="bbox 1900 1611 3480 1682; baseline 0.002 -20"><span class='ocrx_word' id='word_1_634' title='bbox 1900 1611 1951 1663; x_wconf 92' lang='lat' dir='ltr'><strong>in</strong></span> <span class='ocrx_word' id='word_1_635' title='bbox 1983 1627 2141 1664; x_wconf 82' lang='lat' dir='ltr'><strong>carne</strong></span> <span class='ocrx_word' id='word_1_636' title='bbox 2164 1654 2175 1670; x_wconf 87' lang='lat'><strong>.</strong></span> <span class='ocrx_word' id='word_1_637' title='bbox 2210 1613 2358 1665; x_wconf 87' lang='lat' dir='ltr'><strong>beata</strong></span> <span class='ocrx_word' id='word_1_638' title='bbox 2388 1613 2807 1682; x_wconf 71' lang='lat' dir='ltr'><strong>praedicabatur:</strong></span> <span class='ocrx_word' id='word_1_639' title='bbox 2838 1613 3035 1665; x_wconf 86' lang='lat' dir='ltr'><strong>audivit</strong></span> <span class='ocrx_word' id='word_1_640' title='bbox 3075 1614 3213 1665; x_wconf 89' lang='lat' dir='ltr'><strong>enim</strong></span> <span class='ocrx_word' id='word_1_641' title='bbox 3252 1613 3480 1666; x_wconf 88' lang='lat' dir='ltr'><strong>beatitu-</strong></span> 
     </span>
    </p>
   </div>
   <div class='ocr_carea' id='block_1_77' title="bbox 1897 1700 3479 1769">
    <p class='ocr_par' dir='ltr' id='par_1_77' title="bbox 1897 1700 3479 1769">
     <span class='ocr_line' id='line_1_77' title="bbox 1897 1700 3479 1769; baseline 0.001 -16"><span class='ocrx_word' id='word_1_642' title='bbox 1897 1702 2072 1755; x_wconf 89' lang='lat' dir='ltr'><strong>dinem</strong></span> <span class='ocrx_word' id='word_1_643' title='bbox 2106 1703 2243 1754; x_wconf 90' lang='lat' dir='ltr'><strong>illam</strong></span> <span class='ocrx_word' id='word_1_644' title='bbox 2272 1718 2391 1755; x_wconf 89' lang='lat' dir='ltr'><strong>cum</strong></span> <span class='ocrx_word' id='word_1_645' title='bbox 2412 1702 2583 1755; x_wconf 88' lang='lat' dir='ltr'><strong>adhuc</strong></span> <span class='ocrx_word' id='word_1_646' title='bbox 2610 1702 2660 1754; x_wconf 93' lang='lat' dir='ltr'><strong>in</strong></span> <span class='ocrx_word' id='word_1_647' title='bbox 2685 1717 2843 1754; x_wconf 90' lang='lat' dir='ltr'><strong>carne</strong></span> <span class='ocrx_word' id='word_1_648' title='bbox 2874 1711 3033 1755; x_wconf 88' lang='lat' dir='ltr'><strong>esset.</strong></span> <span class='ocrx_word' id='word_1_649' title='bbox 3083 1700 3173 1753; x_wconf 90' lang='lat' dir='ltr'><strong>Illa</strong></span> <span class='ocrx_word' id='word_1_650' title='bbox 3205 1703 3376 1769; x_wconf 89' lang='lat' dir='ltr'><strong>primo</strong></span> <span class='ocrx_word' id='word_1_651' title='bbox 3402 1703 3479 1754; x_wconf 89' lang='lat' dir='ltr'><strong>vi-</strong></span> 
     </span>
    </p>
   </div>
   <div class='ocr_carea' id='block_1_78' title="bbox 1896 1791 3475 1861">
    <p class='ocr_par' dir='ltr' id='par_1_78' title="bbox 1896 1791 3475 1861">
     <span class='ocr_line' id='line_1_78' title="bbox 1896 1791 3475 1861; baseline -0.001 -17"><span class='ocrx_word' id='word_1_652' title='bbox 1896 1791 2005 1855; x_wconf 91' lang='lat' dir='ltr'><strong>dit,</strong></span> <span class='ocrx_word' id='word_1_653' title='bbox 2034 1808 2096 1845; x_wconf 91' lang='lat' dir='ltr'><strong>ac</strong></span> <span class='ocrx_word' id='word_1_654' title='bbox 2123 1792 2313 1845; x_wconf 90' lang='lat' dir='ltr'><strong>deinde</strong></span> <span class='ocrx_word' id='word_1_655' title='bbox 2339 1808 2404 1845; x_wconf 78' lang='lat' dir='ltr'><strong>ex</strong></span> <span class='ocrx_word' id='word_1_656' title='bbox 2438 1793 2626 1846; x_wconf 90' lang='lat' dir='ltr'><strong>arbore</strong></span> <span class='ocrx_word' id='word_1_657' title='bbox 2654 1794 2913 1861; x_wconf 79' lang='lat' dir='ltr'><strong>gustavit;</strong></span> <span class='ocrx_word' id='word_1_658' title='bbox 2959 1793 3071 1845; x_wconf 71' lang='lat' dir='ltr'><strong>tunc</strong></span> <span class='ocrx_word' id='word_1_659' title='bbox 3114 1794 3284 1859; x_wconf 90' lang='lat' dir='ltr'><strong>primo</strong></span> <span class='ocrx_word' id='word_1_660' title='bbox 3324 1792 3475 1857; x_wconf 79' lang='lat' dir='ltr'><strong>dixit,</strong></span> 
     </span>
    </p>
   </div>
   <div class='ocr_carea' id='block_1_79' title="bbox 1896 1882 3477 1938">
    <p class='ocr_par' dir='ltr' id='par_1_79' title="bbox 1896 1882 3477 1938">
     <span class='ocr_line' id='line_1_79' title="bbox 1896 1882 3477 1938; baseline -0.002 -1"><span class='ocrx_word' id='word_1_661' title='bbox 1896 1894 1948 1937; x_wconf 90' lang='lat' dir='ltr'><strong>et</strong></span> <span class='ocrx_word' id='word_1_662' title='bbox 1973 1894 2095 1938; x_wconf 91' lang='lat' dir='ltr'><strong>tunc</strong></span> <span class='ocrx_word' id='word_1_663' title='bbox 2120 1885 2493 1938; x_wconf 87' lang='lat' dir='ltr'><strong>beatitudinem</strong></span> <span class='ocrx_word' id='word_1_664' title='bbox 2521 1884 2737 1936; x_wconf 82' lang='lat' dir='ltr'><strong>audivit.</strong></span> <span class='ocrx_word' id='word_1_665' title='bbox 2784 1882 2913 1935; x_wconf 90' lang='lat' dir='ltr'><strong>Cum</strong></span> <span class='ocrx_word' id='word_1_666' title='bbox 2947 1884 3085 1934; x_wconf 89' lang='lat' dir='ltr'><strong>enim</strong></span> <span class='ocrx_word' id='word_1_667' title='bbox 3115 1882 3353 1936; x_wconf 87' lang='lat' dir='ltr'><strong>Salvator</strong></span> <span class='ocrx_word' id='word_1_668' title='bbox 3378 1882 3477 1935; x_wconf 86' lang='lat' dir='ltr'><strong>do-</strong></span> 
     </span>
    </p>
   </div>
   <div class='ocr_carea' id='block_1_80' title="bbox 1896 1973 3474 2042">
    <p class='ocr_par' dir='ltr' id='par_1_80' title="bbox 1896 1973 3474 2042">
     <span class='ocr_line' id='line_1_80' title="bbox 1896 1973 3474 2042; baseline -0.001 -14"><span class='ocrx_word' id='word_1_669' title='bbox 1896 1987 2040 2030; x_wconf 87' lang='lat' dir='ltr'><strong>ceret</strong></span> <span class='ocrx_word' id='word_1_670' title='bbox 2064 2017 2077 2038; x_wconf 87' lang='lat'><strong>,</strong></span> <span class='ocrx_word' id='word_1_671' title='bbox 2114 1976 2371 2028; x_wconf 75' lang='lat' dir='ltr'><strong>Extollens</strong></span> <span class='ocrx_word' id='word_1_672' title='bbox 2395 1992 2560 2027; x_wconf 85' lang='lat' dir='ltr'><strong>uocem</strong></span> <span class='ocrx_word' id='word_1_673' title='bbox 2591 1975 2823 2042; x_wconf 70' lang='lat' dir='ltr'><strong>quaedam</strong></span> <span class='ocrx_word' id='word_1_674' title='bbox 2864 1974 3044 2027; x_wconf 85' lang='lat' dir='ltr'><strong>mulier</strong></span> <span class='ocrx_word' id='word_1_675' title='bbox 3070 1974 3131 2025; x_wconf 88' lang='lat' dir='ltr'><strong>de</strong></span> <span class='ocrx_word' id='word_1_676' title='bbox 3163 1975 3303 2026; x_wconf 87' lang='lat' dir='ltr'><strong>turba</strong></span> <span class='ocrx_word' id='word_1_677' title='bbox 3327 1973 3474 2042; x_wconf 89' lang='lat' dir='ltr'><strong>(Luc.</strong></span> 
     </span>
    </p>
   </div>
   <div class='ocr_carea' id='block_1_81' title="bbox 1898 2063 3472 2137">
    <p class='ocr_par' dir='ltr' id='par_1_81' title="bbox 1898 2063 3472 2137">
     <span class='ocr_line' id='line_1_81' title="bbox 1898 2063 3472 2137; baseline -0.004 -16"><span class='ocrx_word' id='word_1_678' title='bbox 1898 2069 1982 2122; x_wconf 90' lang='lat'><strong>11.</strong></span> <span class='ocrx_word' id='word_1_679' title='bbox 2010 2067 2122 2137; x_wconf 65' lang='grc' dir='ltr'><strong>Ἦ),</strong></span> <span class='ocrx_word' id='word_1_680' title='bbox 2157 2068 2361 2120; x_wconf 91' lang='lat' dir='ltr'><strong>cunctis</strong></span> <span class='ocrx_word' id='word_1_681' title='bbox 2390 2066 2745 2129; x_wconf 85' lang='lat' dir='ltr'><strong>audientibus,</strong></span> <span class='ocrx_word' id='word_1_682' title='bbox 2771 2065 2897 2117; x_wconf 85' lang='lat' dir='ltr'><strong>dicit</strong></span> <span class='ocrx_word' id='word_1_683' title='bbox 2927 2065 3002 2117; x_wconf 92' lang='lat' dir='ltr'><strong>illi</strong></span> <span class='ocrx_word' id='word_1_684' title='bbox 3036 2082 3047 2116; x_wconf 91' lang='lat'><strong>:</strong></span> <span class='ocrx_word' id='word_1_685' title='bbox 3077 2063 3263 2116; x_wconf 86' lang='lat' dir='ltr'><strong>Beatus</strong></span> <span class='ocrx_word' id='word_1_686' title='bbox 3300 2073 3472 2115; x_wconf 78' lang='lat' dir='ltr'><strong>venter</strong></span> 
     </span>
    </p>
   </div>
   <div class='ocr_carea' id='block_1_82' title="bbox 1895 2155 3476 2228">
    <p class='ocr_par' dir='ltr' id='par_1_82' title="bbox 1895 2155 3476 2228">
     <span class='ocr_line' id='line_1_82' title="bbox 1895 2155 3476 2228; baseline 0 -19"><span class='ocrx_word' id='word_1_687' title='bbox 1895 2161 1978 2228; x_wconf 87' lang='lat' dir='ltr'><strong>qui</strong></span> <span class='ocrx_word' id='word_1_688' title='bbox 2007 2170 2051 2212; x_wconf 90' lang='lat' dir='ltr'><strong>te</strong></span> <span class='ocrx_word' id='word_1_689' title='bbox 2081 2159 2311 2226; x_wconf 87' lang='lat' dir='ltr'><strong>portavit,</strong></span> <span class='ocrx_word' id='word_1_690' title='bbox 2338 2169 2380 2211; x_wconf 88' lang='lat' dir='ltr'><strong>ct</strong></span> <span class='ocrx_word' id='word_1_691' title='bbox 2401 2158 2553 2211; x_wconf 86' lang='lat' dir='ltr'><strong>ubera</strong></span> <span class='ocrx_word' id='word_1_692' title='bbox 2578 2174 2690 2228; x_wconf 77' lang='lat' dir='ltr'><strong>quce</strong></span> <span class='ocrx_word' id='word_1_693' title='bbox 2708 2158 2904 2211; x_wconf 73' lang='lat' dir='ltr'><strong>suxisti.</strong></span> <span class='ocrx_word' id='word_1_694' title='bbox 2922 2157 3181 2210; x_wconf 82' lang='lat' dir='ltr'><strong>C:eterunt</strong></span> <span class='ocrx_word' id='word_1_695' title='bbox 3208 2158 3256 2209; x_wconf 94' lang='lat' dir='ltr'><strong>in</strong></span> <span class='ocrx_word' id='word_1_696' title='bbox 3274 2155 3476 2209; x_wconf 68' lang='lat' dir='ltr'><strong>Adamo</strong></span> 
     </span>
    </p>
   </div>
   <div class='ocr_carea' id='block_1_83' title="bbox 1896 2246 3475 2317">
    <p class='ocr_par' dir='ltr' id='par_1_83' title="bbox 1896 2246 3475 2317">
     <span class='ocr_line' id='line_1_83' title="bbox 1896 2246 3475 2317; baseline -0.003 -14"><span class='ocrx_word' id='word_1_697' title='bbox 1896 2250 2132 2317; x_wconf 86' lang='lat' dir='ltr'><strong>implevit</strong></span> <span class='ocrx_word' id='word_1_698' title='bbox 2173 2250 2309 2302; x_wconf 92' lang='lat' dir='ltr'><strong>Deus</strong></span> <span class='ocrx_word' id='word_1_699' title='bbox 2335 2250 2649 2302; x_wconf 89' lang='lat' dir='ltr'><strong>sententiam</strong></span> <span class='ocrx_word' id='word_1_700' title='bbox 2677 2288 2692 2311; x_wconf 95' lang='lat'><strong>,</strong></span> <span class='ocrx_word' id='word_1_701' title='bbox 2728 2249 2832 2299; x_wconf 90' lang='lat' dir='ltr'><strong>imo</strong></span> <span class='ocrx_word' id='word_1_702' title='bbox 2861 2263 2984 2300; x_wconf 89' lang='lat' dir='ltr'><strong>vero</strong></span> <span class='ocrx_word' id='word_1_703' title='bbox 3017 2246 3336 2314; x_wconf 62' lang='lat' dir='ltr'><strong>poenitentiae</strong></span> <span class='ocrx_word' id='word_1_704' title='bbox 3360 2262 3475 2299; x_wconf 87' lang='lat' dir='ltr'><strong>me-</strong></span> 
     </span>
    </p>
   </div>
   <div class='ocr_carea' id='block_1_84' title="bbox 1895 2338 3476 2407">
    <p class='ocr_par' dir='ltr' id='par_1_84' title="bbox 1895 2338 3476 2407">
     <span class='ocr_line' id='line_1_84' title="bbox 1895 2338 3476 2407; baseline -0.005 -12"><span class='ocrx_word' id='word_1_705' title='bbox 1895 2341 2101 2401; x_wconf 86' lang='lat' dir='ltr'><strong>delam,</strong></span> <span class='ocrx_word' id='word_1_706' title='bbox 2155 2342 2373 2407; x_wconf 88' lang='lat' dir='ltr'><strong>aitque:</strong></span> <span class='ocrx_word' id='word_1_707' title='bbox 2409 2339 2539 2403; x_wconf 81' lang='lat' dir='ltr'><strong>Quia</strong></span> <span class='ocrx_word' id='word_1_708' title='bbox 2585 2339 2770 2390; x_wconf 84' lang='lat' dir='ltr'><strong>audisti</strong></span> <span class='ocrx_word' id='word_1_709' title='bbox 2817 2354 2982 2390; x_wconf 83' lang='lat' dir='ltr'><strong>vocem</strong></span> <span class='ocrx_word' id='word_1_710' title='bbox 3034 2338 3204 2389; x_wconf 81' lang='lat' dir='ltr'><strong>uxoris</strong></span> <span class='ocrx_word' id='word_1_711' title='bbox 3254 2346 3383 2400; x_wconf 73' lang='lat' dir='ltr'><strong>ltltB,</strong></span> <span class='ocrx_word' id='word_1_712' title='bbox 3429 2344 3476 2387; x_wconf 85' lang='lat' dir='ltr'><strong>et</strong></span> 
     </span>
    </p>
   </div>
   <div class='ocr_carea' id='block_1_85' title="bbox 1895 2428 3477 2499">
    <p class='ocr_par' dir='ltr' id='par_1_85' title="bbox 1895 2428 3477 2499">
     <span class='ocr_line' id='line_1_85' title="bbox 1895 2428 3477 2499; baseline -0.003 -16"><span class='ocrx_word' id='word_1_713' title='bbox 1895 2431 2150 2483; x_wconf 88' lang='lat' dir='ltr'><strong>comedisti</strong></span> <span class='ocrx_word' id='word_1_714' title='bbox 2178 2431 2239 2482; x_wconf 87' lang='lat' dir='ltr'><strong>de</strong></span> <span class='ocrx_word' id='word_1_715' title='bbox 2277 2431 2441 2498; x_wconf 87' lang='lat' dir='ltr'><strong>ligno,</strong></span> <span class='ocrx_word' id='word_1_716' title='bbox 2473 2446 2533 2481; x_wconf 80' lang='lat' dir='ltr'><strong>ea:</strong></span> <span class='ocrx_word' id='word_1_717' title='bbox 2558 2447 2654 2497; x_wconf 87' lang='lat' dir='ltr'><strong>quo</strong></span> <span class='ocrx_word' id='word_1_718' title='bbox 2682 2445 3015 2499; x_wconf 66' lang='lat' dir='ltr'><strong>praeceperant</strong></span> <span class='ocrx_word' id='word_1_719' title='bbox 3051 2429 3139 2480; x_wconf 86' lang='lat' dir='ltr'><strong>tibi</strong></span> <span class='ocrx_word' id='word_1_720' title='bbox 3166 2445 3225 2480; x_wconf 88' lang='lat' dir='ltr'><strong>ne</strong></span> <span class='ocrx_word' id='word_1_721' title='bbox 3249 2428 3477 2479; x_wconf 69' lang='lat' dir='ltr'><strong>comede-v</strong></span> 
     </span>
    </p>
   </div>
   <div class='ocr_carea' id='block_1_86' title="bbox 1894 2519 3474 2589">
    <p class='ocr_par' dir='ltr' id='par_1_86' title="bbox 1894 2519 3474 2589">
     <span class='ocr_line' id='line_1_86' title="bbox 1894 2519 3474 2589; baseline -0.001 -15"><span class='ocrx_word' id='word_1_722' title='bbox 1894 2539 1990 2588; x_wconf 86' lang='lat' dir='ltr'><strong>res,</strong></span> <span class='ocrx_word' id='word_1_723' title='bbox 2021 2522 2282 2574; x_wconf 84' lang='lat' dir='ltr'><strong>maledicta</strong></span> <span class='ocrx_word' id='word_1_724' title='bbox 2309 2532 2439 2574; x_wconf 80' lang='lat' dir='ltr'><strong>terra</strong></span> <span class='ocrx_word' id='word_1_725' title='bbox 2466 2522 2515 2573; x_wconf 86' lang='lat' dir='ltr'><strong>in</strong></span> <span class='ocrx_word' id='word_1_726' title='bbox 2554 2523 2781 2586; x_wconf 81' lang='lat' dir='ltr'><strong>operibus</strong></span> <span class='ocrx_word' id='word_1_727' title='bbox 2804 2523 2899 2573; x_wconf 86' lang='lat' dir='ltr'><strong>tuis</strong></span> <span class='ocrx_word' id='word_1_728' title='bbox 2933 2519 3083 2588; x_wconf 75' lang='lat' dir='ltr'><strong>(Gen.</strong></span> <span class='ocrx_word' id='word_1_729' title='bbox 3110 2521 3160 2573; x_wconf 83' lang='lat'><strong>&#39;5.</strong></span> <span class='ocrx_word' id='word_1_730' title='bbox 3200 2521 3309 2589; x_wconf 90' lang='lat'><strong>17).</strong></span> <span class='ocrx_word' id='word_1_731' title='bbox 3342 2522 3474 2573; x_wconf 81' lang='lat' dir='ltr'><strong>Rur-</strong></span> 
     </span>
    </p>
   </div>
   <div class='ocr_carea' id='block_1_87' title="bbox 1893 2610 3475 2681">
    <p class='ocr_par' dir='ltr' id='par_1_87' title="bbox 1893 2610 3475 2681">
     <span class='ocr_line' id='line_1_87' title="bbox 1893 2610 3475 2681; baseline -0.001 -16"><span class='ocrx_word' id='word_1_732' title='bbox 1893 2628 1983 2666; x_wconf 90' lang='lat' dir='ltr'><strong>sus</strong></span> <span class='ocrx_word' id='word_1_733' title='bbox 2017 2613 2103 2681; x_wconf 86' lang='lat' dir='ltr'><strong>qui</strong></span> <span class='ocrx_word' id='word_1_734' title='bbox 2138 2611 2445 2665; x_wconf 86' lang='lat' dir='ltr'><strong>benedictus</strong></span> <span class='ocrx_word' id='word_1_735' title='bbox 2474 2612 2640 2664; x_wconf 83' lang='lat' dir='ltr'><strong>l&#39;uerat</strong></span> <span class='ocrx_word' id='word_1_736' title='bbox 2668 2653 2680 2673; x_wconf 92' lang='lat'><strong>,</strong></span> <span class='ocrx_word' id='word_1_737' title='bbox 2716 2610 3138 2663; x_wconf 72' lang='lat' dir='ltr'><strong>tnalcdictionem</strong></span> <span class='ocrx_word' id='word_1_738' title='bbox 3173 2628 3274 2663; x_wconf 92' lang='lat' dir='ltr'><strong>non</strong></span> <span class='ocrx_word' id='word_1_739' title='bbox 3308 2612 3475 2663; x_wconf 82' lang='lat' dir='ltr'><strong>susci—</strong></span> 
     </span>
    </p>
   </div>
   <div class='ocr_carea' id='block_1_88' title="bbox 1896 2701 3474 2773">
    <p class='ocr_par' dir='ltr' id='par_1_88' title="bbox 1896 2701 3474 2773">
     <span class='ocr_line' id='line_1_88' title="bbox 1896 2701 3474 2773; baseline 0 -18"><span class='ocrx_word' id='word_1_740' title='bbox 1896 2706 2005 2773; x_wconf 89' lang='lat' dir='ltr'><strong>pit,</strong></span> <span class='ocrx_word' id='word_1_741' title='bbox 2036 2704 2126 2757; x_wconf 83' lang='lat' dir='ltr'><strong>sed</strong></span> <span class='ocrx_word' id='word_1_742' title='bbox 2160 2714 2315 2756; x_wconf 89' lang='lat' dir='ltr'><strong>terra.</strong></span> <span class='ocrx_word' id='word_1_743' title='bbox 2351 2703 2499 2754; x_wconf 83' lang='lat' dir='ltr'><strong>Alius</strong></span> <span class='ocrx_word' id='word_1_744' title='bbox 2538 2703 2810 2769; x_wconf 87' lang='lat' dir='ltr'><strong>peccavit,</strong></span> <span class='ocrx_word' id='word_1_745' title='bbox 2844 2702 2944 2754; x_wconf 86' lang='lat' dir='ltr'><strong>alia</strong></span> <span class='ocrx_word' id='word_1_746' title='bbox 2986 2702 3222 2755; x_wconf 85' lang='lat' dir='ltr'><strong>caeditur.</strong></span> <span class='ocrx_word' id='word_1_747' title='bbox 3254 2701 3319 2757; x_wconf 93' lang='lat' dir='ltr'><strong>Ut</strong></span> <span class='ocrx_word' id='word_1_748' title='bbox 3354 2703 3474 2755; x_wconf 72' lang='lat' dir='ltr'><strong>Eva:</strong></span> 
     </span>
    </p>
   </div>
   <div class='ocr_carea' id='block_1_89' title="bbox 1895 2791 3474 2861">
    <p class='ocr_par' dir='ltr' id='par_1_89' title="bbox 1895 2791 3474 2861">
     <span class='ocr_line' id='line_1_89' title="bbox 1895 2791 3474 2861; baseline -0.001 -14"><span class='ocrx_word' id='word_1_749' title='bbox 1895 2795 2081 2848; x_wconf 62' lang='lat' dir='ltr'><strong>tnaledi</strong></span> <span class='ocrx_word' id='word_1_750' title='bbox 2111 2796 2196 2846; x_wconf 68' lang='lat' dir='ltr'><strong>&#39;tio</strong></span> <span class='ocrx_word' id='word_1_751' title='bbox 2228 2811 2239 2845; x_wconf 87' lang='lat'><strong>:</strong></span> <span class='ocrx_word' id='word_1_752' title='bbox 2272 2796 2375 2845; x_wconf 91' lang='lat' dir='ltr'><strong>imo</strong></span> <span class='ocrx_word' id='word_1_753' title='bbox 2414 2795 2585 2861; x_wconf 82' lang='lat' dir='ltr'><strong>potius</strong></span> <span class='ocrx_word' id='word_1_754' title='bbox 2626 2791 2960 2855; x_wconf 87' lang='lat' dir='ltr'><strong>emendatio;</strong></span> <span class='ocrx_word' id='word_1_755' title='bbox 3012 2806 3113 2843; x_wconf 92' lang='lat' dir='ltr'><strong>non</strong></span> <span class='ocrx_word' id='word_1_756' title='bbox 3143 2794 3283 2845; x_wconf 88' lang='lat' dir='ltr'><strong>enim</strong></span> <span class='ocrx_word' id='word_1_757' title='bbox 3310 2792 3474 2845; x_wconf 86' lang='lat' dir='ltr'><strong>male-</strong></span> 
     </span>
    </p>
   </div>
   <div class='ocr_carea' id='block_1_90' title="bbox 1892 2882 3471 2949">
    <p class='ocr_par' dir='ltr' id='par_1_90' title="bbox 1892 2882 3471 2949">
     <span class='ocr_line' id='line_1_90' title="bbox 1892 2882 3471 2949; baseline 0.001 -12"><span class='ocrx_word' id='word_1_758' title='bbox 1892 2885 2052 2939; x_wconf 90' lang='lat' dir='ltr'><strong>dictio</strong></span> <span class='ocrx_word' id='word_1_759' title='bbox 2103 2892 2255 2943; x_wconf 88' lang='lat' dir='ltr'><strong>crat,</strong></span> <span class='ocrx_word' id='word_1_760' title='bbox 2309 2883 2400 2936; x_wconf 89' lang='lat' dir='ltr'><strong>sed</strong></span> <span class='ocrx_word' id='word_1_761' title='bbox 2445 2882 2746 2936; x_wconf 87' lang='lat' dir='ltr'><strong>emendatio</strong></span> <span class='ocrx_word' id='word_1_762' title='bbox 2793 2898 2805 2932; x_wconf 73' lang='grc' dir='ltr'>ε</span> <span class='ocrx_word' id='word_1_763' title='bbox 2850 2882 3293 2949; x_wconf 81' lang='lat' dir='ltr'><strong>quemadmodum</strong></span> <span class='ocrx_word' id='word_1_764' title='bbox 3348 2884 3471 2938; x_wconf 57' lang='grc' dir='ltr'><strong>ΕΗ)</strong></span> 
     </span>
    </p>
   </div>
   <div class='ocr_carea' id='block_1_91' title="bbox 1892 2973 3470 3041">
    <p class='ocr_par' dir='ltr' id='par_1_91' title="bbox 1892 2973 3470 3041">
     <span class='ocr_line' id='line_1_91' title="bbox 1892 2973 3470 3041; baseline -0.002 -12"><span class='ocrx_word' id='word_1_765' title='bbox 1892 2977 2171 3039; x_wconf 88' lang='lat' dir='ltr'><strong>correctio,</strong></span> <span class='ocrx_word' id='word_1_766' title='bbox 2198 2973 2261 3026; x_wconf 91' lang='lat' dir='ltr'><strong>In</strong></span> <span class='ocrx_word' id='word_1_767' title='bbox 2291 2974 2546 3025; x_wconf 83' lang='lat' dir='ltr'><strong>doloribus</strong></span> <span class='ocrx_word' id='word_1_768' title='bbox 2573 2974 2736 3039; x_wconf 82' lang='lat' dir='ltr'><strong>paries</strong></span> <span class='ocrx_word' id='word_1_769' title='bbox 2769 2973 2984 3041; x_wconf 89' lang='lat' dir='ltr'><strong>(etenim</strong></span> <span class='ocrx_word' id='word_1_770' title='bbox 3009 2973 3181 3025; x_wconf 91' lang='lat' dir='ltr'><strong>omnis</strong></span> <span class='ocrx_word' id='word_1_771' title='bbox 3210 2974 3397 3026; x_wconf 91' lang='lat' dir='ltr'><strong>mulier</strong></span> <span class='ocrx_word' id='word_1_772' title='bbox 3420 2975 3470 3028; x_wconf 91' lang='lat' dir='ltr'><strong>in</strong></span> 
     </span>
    </p>
   </div>
   <div class='ocr_carea' id='block_1_92' title="bbox 1892 3065 3467 3136">
    <p class='ocr_par' dir='ltr' id='par_1_92' title="bbox 1892 3065 3467 3136">
     <span class='ocr_line' id='line_1_92' title="bbox 1892 3065 3467 3136; baseline -0.002 -13"><span class='ocrx_word' id='word_1_773' title='bbox 1892 3069 2159 3123; x_wconf 81' lang='lat' dir='ltr'><strong>doloribus</strong></span> <span class='ocrx_word' id='word_1_774' title='bbox 2216 3065 2416 3136; x_wconf 87' lang='lat' dir='ltr'><strong>parit).</strong></span> <span class='ocrx_word' id='word_1_775' title='bbox 2471 3067 2725 3117; x_wconf 88' lang='lat' dir='ltr'><strong>hactenus</strong></span> <span class='ocrx_word' id='word_1_776' title='bbox 2774 3066 2963 3116; x_wconf 85' lang='lat' dir='ltr'><strong>mansit</strong></span> <span class='ocrx_word' id='word_1_777' title='bbox 2994 3082 3005 3116; x_wconf 88' lang='lat'><strong>:</strong></span> <span class='ocrx_word' id='word_1_778' title='bbox 3041 3066 3117 3117; x_wconf 90' lang='lat' dir='ltr'><strong>sic</strong></span> <span class='ocrx_word' id='word_1_779' title='bbox 3155 3075 3206 3117; x_wconf 87' lang='lat' dir='ltr'><strong>et</strong></span> <span class='ocrx_word' id='word_1_780' title='bbox 3234 3065 3421 3118; x_wconf 79' lang='lat' dir='ltr'><strong>Adami</strong></span> <span class='ocrx_word' id='word_1_781' title='bbox 3454 3084 3467 3120; x_wconf 90' lang='lat'><strong>:</strong></span> 
     </span>
    </p>
   </div>
   <div class='ocr_carea' id='block_1_93' title="bbox 1894 3153 3467 3224">
    <p class='ocr_par' dir='ltr' id='par_1_93' title="bbox 1894 3153 3467 3224">
     <span class='ocr_line' id='line_1_93' title="bbox 1894 3153 3467 3224; baseline -0.004 -12"><span class='ocrx_word' id='word_1_782' title='bbox 1894 3158 2164 3212; x_wconf 82' lang='lat' dir='ltr'><strong>Maledicta</strong></span> <span class='ocrx_word' id='word_1_783' title='bbox 2186 3157 2382 3209; x_wconf 88' lang='lat' dir='ltr'><strong>terrain</strong></span> <span class='ocrx_word' id='word_1_784' title='bbox 2404 3155 2632 3222; x_wconf 83' lang='lat' dir='ltr'><strong>Operibus</strong></span> <span class='ocrx_word' id='word_1_785' title='bbox 2662 3156 2777 3205; x_wconf 84' lang='lat' dir='ltr'><strong>tuis.</strong></span> <span class='ocrx_word' id='word_1_786' title='bbox 2808 3153 3055 3207; x_wconf 88' lang='lat' dir='ltr'><strong>Nostrum</strong></span> <span class='ocrx_word' id='word_1_787' title='bbox 3084 3170 3241 3220; x_wconf 88' lang='lat' dir='ltr'><strong>opera</strong></span> <span class='ocrx_word' id='word_1_788' title='bbox 3272 3156 3467 3224; x_wconf 85' lang='lat' dir='ltr'><strong>iniqua,</strong></span> 
     </span>
    </p>
   </div>
   <div class='ocr_carea' id='block_1_94' title="bbox 1892 3244 3466 3317">
    <p class='ocr_par' dir='ltr' id='par_1_94' title="bbox 1892 3244 3466 3317">
     <span class='ocr_line' id='line_1_94' title="bbox 1892 3244 3466 3317; baseline -0.004 -13"><span class='ocrx_word' id='word_1_789' title='bbox 1892 3260 1942 3304; x_wconf 89' lang='lat' dir='ltr'><strong>et</strong></span> <span class='ocrx_word' id='word_1_790' title='bbox 1971 3261 2105 3303; x_wconf 80' lang='lat' dir='ltr'><strong>terra</strong></span> <span class='ocrx_word' id='word_1_791' title='bbox 2138 3248 2398 3317; x_wconf 89' lang='lat' dir='ltr'><strong>plectitur.</strong></span> <span class='ocrx_word' id='word_1_792' title='bbox 2432 3244 2535 3297; x_wconf 84' lang='lat' dir='ltr'><strong>Nos</strong></span> <span class='ocrx_word' id='word_1_793' title='bbox 2561 3260 2857 3312; x_wconf 87' lang='lat' dir='ltr'><strong>peccamus,</strong></span> <span class='ocrx_word' id='word_1_794' title='bbox 2888 3255 2941 3297; x_wconf 89' lang='lat' dir='ltr'><strong>et</strong></span> <span class='ocrx_word' id='word_1_795' title='bbox 2972 3254 3108 3297; x_wconf 89' lang='lat' dir='ltr'><strong>terra</strong></span> <span class='ocrx_word' id='word_1_796' title='bbox 3140 3245 3466 3298; x_wconf 83' lang='lat' dir='ltr'><strong>maledictio-</strong></span> 
     </span>
    </p>
   </div>
   <div class='ocr_carea' id='block_1_95' title="bbox 1894 3333 3464 3406">
    <p class='ocr_par' dir='ltr' id='par_1_95' title="bbox 1894 3333 3464 3406">
     <span class='ocr_line' id='line_1_95' title="bbox 1894 3333 3464 3406; baseline -0.004 -13"><span class='ocrx_word' id='word_1_797' title='bbox 1894 3358 2010 3395; x_wconf 89' lang='lat' dir='ltr'><strong>nem</strong></span> <span class='ocrx_word' id='word_1_798' title='bbox 2037 3338 2245 3406; x_wconf 73' lang='lat' dir='ltr'><strong>accipit.</strong></span> <span class='ocrx_word' id='word_1_799' title='bbox 2300 3337 2473 3390; x_wconf 88' lang='lat' dir='ltr'><strong>Parcit</strong></span> <span class='ocrx_word' id='word_1_800' title='bbox 2520 3337 2654 3388; x_wconf 84' lang='lat' dir='ltr'><strong>Deus</strong></span> <span class='ocrx_word' id='word_1_801' title='bbox 2684 3333 2917 3402; x_wconf 77' lang='lat' dir='ltr'><strong>opificio,</strong></span> <span class='ocrx_word' id='word_1_802' title='bbox 2966 3343 3022 3385; x_wconf 93' lang='lat' dir='ltr'><strong>ut</strong></span> <span class='ocrx_word' id='word_1_803' title='bbox 3068 3334 3295 3403; x_wconf 86' lang='lat' dir='ltr'><strong>ingenuo</strong></span> <span class='ocrx_word' id='word_1_804' title='bbox 3339 3335 3464 3399; x_wconf 85' lang='lat' dir='ltr'><strong>lilio,</strong></span> 
     </span>
    </p>
   </div>
   <div class='ocr_carea' id='block_1_96' title="bbox 1892 3428 3467 3500">
    <p class='ocr_par' dir='ltr' id='par_1_96' title="bbox 1892 3428 3467 3500">
     <span class='ocr_line' id='line_1_96' title="bbox 1892 3428 3467 3500; baseline -0.003 -13"><span class='ocrx_word' id='word_1_805' title='bbox 1892 3444 2081 3487; x_wconf 87' lang='lat' dir='ltr'><strong>terram</strong></span> <span class='ocrx_word' id='word_1_806' title='bbox 2113 3443 2167 3485; x_wconf 93' lang='lat' dir='ltr'><strong>ut</strong></span> <span class='ocrx_word' id='word_1_807' title='bbox 2197 3431 2537 3500; x_wconf 70' lang='lat' dir='ltr'><strong>pardagognm</strong></span> <span class='ocrx_word' id='word_1_808' title='bbox 2570 3431 2764 3498; x_wconf 90' lang='lat' dir='ltr'><strong>plectit.</strong></span> <span class='ocrx_word' id='word_1_809' title='bbox 2810 3428 3084 3481; x_wconf 81' lang='lat' dir='ltr'><strong>Maledicta</strong></span> <span class='ocrx_word' id='word_1_810' title='bbox 3113 3440 3245 3482; x_wconf 83' lang='lat' dir='ltr'><strong>terra</strong></span> <span class='ocrx_word' id='word_1_811' title='bbox 3272 3431 3322 3482; x_wconf 86' lang='lat' dir='ltr'><strong>in</strong></span> <span class='ocrx_word' id='word_1_812' title='bbox 3350 3448 3467 3499; x_wconf 79' lang='lat' dir='ltr'><strong>0pc-</strong></span> 
     </span>
    </p>
   </div>
   <div class='ocr_carea' id='block_1_97' title="bbox 1890 3504 3466 3589">
    <p class='ocr_par' dir='ltr' id='par_1_97' title="bbox 1890 3504 3466 3589">
     <span class='ocr_line' id='line_1_97' title="bbox 1890 3504 3466 3589; baseline -0.003 -14"><span class='ocrx_word' id='word_1_813' title='bbox 1890 3525 2023 3575; x_wconf 87' lang='lat' dir='ltr'><strong>ribus</strong></span> <span class='ocrx_word' id='word_1_814' title='bbox 2052 3524 2165 3575; x_wconf 85' lang='lat' dir='ltr'><strong>tuis.</strong></span> <span class='ocrx_word' id='word_1_815' title='bbox 2196 3522 2271 3575; x_wconf 85' lang='lat' dir='ltr'><strong>Ne</strong></span> <span class='ocrx_word' id='word_1_816' title='bbox 2299 3504 2604 3574; x_wconf 83' lang='lat' dir='ltr'><strong>consideres</strong></span> <span class='ocrx_word' id='word_1_817' title='bbox 2645 3531 2883 3571; x_wconf 85' lang='lat' dir='ltr'><strong>naturam</strong></span> <span class='ocrx_word' id='word_1_818' title='bbox 2912 3560 2925 3583; x_wconf 93' lang='lat'><strong>,</strong></span> <span class='ocrx_word' id='word_1_819' title='bbox 2975 3520 3065 3571; x_wconf 88' lang='lat' dir='ltr'><strong>sed</strong></span> <span class='ocrx_word' id='word_1_820' title='bbox 3106 3520 3195 3572; x_wconf 86' lang='lat' dir='ltr'><strong>Dei</strong></span> <span class='ocrx_word' id='word_1_821' title='bbox 3223 3522 3466 3589; x_wconf 85' lang='lat' dir='ltr'><strong>gratiam.</strong></span> 
     </span>
    </p>
   </div>
   <div class='ocr_carea' id='block_1_98' title="bbox 1889 3608 3465 3675">
    <p class='ocr_par' dir='ltr' id='par_1_98' title="bbox 1889 3608 3465 3675">
     <span class='ocr_line' id='line_1_98' title="bbox 1889 3608 3465 3675; baseline -0.003 -8"><span class='ocrx_word' id='word_1_822' title='bbox 1889 3615 2002 3667; x_wconf 80' lang='lat' dir='ltr'><strong>Non</strong></span> <span class='ocrx_word' id='word_1_823' title='bbox 2045 3613 2283 3666; x_wconf 89' lang='lat' dir='ltr'><strong>absolute</strong></span> <span class='ocrx_word' id='word_1_824' title='bbox 2313 3612 2479 3675; x_wconf 80' lang='lat' dir='ltr'><strong>dixit,</strong></span> <span class='ocrx_word' id='word_1_825' title='bbox 2526 3608 2800 3661; x_wconf 83' lang='lat' dir='ltr'><strong>Maledicta</strong></span> <span class='ocrx_word' id='word_1_826' title='bbox 2831 3619 2960 3660; x_wconf 83' lang='lat' dir='ltr'><strong>terra</strong></span> <span class='ocrx_word' id='word_1_827' title='bbox 2991 3624 3008 3662; x_wconf 90' lang='lat'><em>:</em></span> <span class='ocrx_word' id='word_1_828' title='bbox 3041 3625 3157 3661; x_wconf 90' lang='lat' dir='ltr'><strong>nam</strong></span> <span class='ocrx_word' id='word_1_829' title='bbox 3189 3611 3465 3664; x_wconf 84' lang='lat' dir='ltr'><strong>maledicta</strong></span> 
     </span>
    </p>
   </div>
   <div class='ocr_carea' id='block_1_99' title="bbox 1891 3700 3464 3767">
    <p class='ocr_par' dir='ltr' id='par_1_99' title="bbox 1891 3700 3464 3767">
     <span class='ocr_line' id='line_1_99' title="bbox 1891 3700 3464 3767; baseline -0.001 -11"><span class='ocrx_word' id='word_1_830' title='bbox 1891 3706 2210 3767; x_wconf 76' lang='lat' dir='ltr'><strong>mansisset,</strong></span> <span class='ocrx_word' id='word_1_831' title='bbox 2262 3712 2314 3755; x_wconf 90' lang='lat' dir='ltr'><strong>et</strong></span> <span class='ocrx_word' id='word_1_832' title='bbox 2360 3701 2559 3753; x_wconf 81' lang='lat' dir='ltr'><strong>fructus</strong></span> <span class='ocrx_word' id='word_1_833' title='bbox 2588 3717 2691 3752; x_wconf 90' lang='lat' dir='ltr'><strong>non</strong></span> <span class='ocrx_word' id='word_1_834' title='bbox 2740 3700 2975 3763; x_wconf 89' lang='lat' dir='ltr'><strong>tulisset;</strong></span> <span class='ocrx_word' id='word_1_835' title='bbox 3020 3701 3464 3766; x_wconf 87' lang='lat' dir='ltr'><strong>quemadmodum</strong></span> 
     </span>
    </p>
   </div>
   <div class='ocr_carea' id='block_1_100' title="bbox 1889 3790 3465 3857">
    <p class='ocr_par' dir='ltr' id='par_1_100' title="bbox 1889 3790 3465 3857">
     <span class='ocr_line' id='line_1_100' title="bbox 1889 3790 3465 3857; baseline -0.003 -12"><span class='ocrx_word' id='word_1_836' title='bbox 1889 3794 2019 3845; x_wconf 80' lang='lat' dir='ltr'><strong>dixit</strong></span> <span class='ocrx_word' id='word_1_837' title='bbox 2048 3792 2163 3845; x_wconf 75' lang='lat' dir='ltr'><strong>[icui</strong></span> <span class='ocrx_word' id='word_1_838' title='bbox 2201 3809 2211 3842; x_wconf 92' lang='lat'><strong>:</strong></span> <span class='ocrx_word' id='word_1_839' title='bbox 2249 3790 2367 3842; x_wconf 80' lang='lat' dir='ltr'><strong>Non</strong></span> <span class='ocrx_word' id='word_1_840' title='bbox 2399 3793 2530 3841; x_wconf 83' lang='lat' dir='ltr'><strong>ultra</strong></span> <span class='ocrx_word' id='word_1_841' title='bbox 2566 3804 2627 3840; x_wconf 78' lang='lat' dir='ltr'><strong>ea:</strong></span> <span class='ocrx_word' id='word_1_842' title='bbox 2662 3800 2706 3839; x_wconf 85' lang='lat' dir='ltr'><strong>te</strong></span> <span class='ocrx_word' id='word_1_843' title='bbox 2732 3800 2869 3839; x_wconf 74' lang='lat' dir='ltr'><strong>exeat</strong></span> <span class='ocrx_word' id='word_1_844' title='bbox 2903 3793 3097 3857; x_wconf 78' lang='lat' dir='ltr'><strong>fructus</strong></span> <span class='ocrx_word' id='word_1_845' title='bbox 3124 3831 3136 3852; x_wconf 93' lang='lat'><strong>,</strong></span> <span class='ocrx_word' id='word_1_846' title='bbox 3186 3802 3228 3841; x_wconf 81' lang='lat' dir='ltr'><strong>rt</strong></span> <span class='ocrx_word' id='word_1_847' title='bbox 3270 3794 3465 3843; x_wconf 77' lang='lat' dir='ltr'><strong>exaruit</strong></span> 
     </span>
    </p>
   </div>
   <div class='ocr_carea' id='block_1_101' title="bbox 1892 3881 3465 3954">
    <p class='ocr_par' dir='ltr' id='par_1_101' title="bbox 1892 3881 3465 3954">
     <span class='ocr_line' id='line_1_101' title="bbox 1892 3881 3465 3954; baseline 0.001 -21"><span class='ocrx_word' id='word_1_848' title='bbox 1892 3886 2100 3954; x_wconf 80' lang='lat' dir='ltr'><strong>(Matth.</strong></span> <span class='ocrx_word' id='word_1_849' title='bbox 2132 3884 2220 3936; x_wconf 70' lang='grc'><strong>9-1.</strong></span> <span class='ocrx_word' id='word_1_850' title='bbox 2258 3884 2342 3949; x_wconf 81' lang='lat'><strong>19)</strong></span> <span class='ocrx_word' id='word_1_851' title='bbox 2375 3900 2385 3931; x_wconf 91' lang='lat'><strong>:</strong></span> <span class='ocrx_word' id='word_1_852' title='bbox 2417 3883 2491 3934; x_wconf 92' lang='lat' dir='ltr'><strong>sic</strong></span> <span class='ocrx_word' id='word_1_853' title='bbox 2529 3891 2580 3933; x_wconf 88' lang='lat' dir='ltr'><strong>et</strong></span> <span class='ocrx_word' id='word_1_854' title='bbox 2629 3881 2676 3931; x_wconf 92' lang='lat' dir='ltr'><strong>in</strong></span> <span class='ocrx_word' id='word_1_855' title='bbox 2728 3889 2867 3932; x_wconf 89' lang='lat' dir='ltr'><strong>terra</strong></span> <span class='ocrx_word' id='word_1_856' title='bbox 2915 3883 3142 3931; x_wconf 76' lang='lat' dir='ltr'><strong>futurum</strong></span> <span class='ocrx_word' id='word_1_857' title='bbox 3188 3893 3338 3946; x_wconf 88' lang='lat' dir='ltr'><strong>erat;</strong></span> <span class='ocrx_word' id='word_1_858' title='bbox 3375 3884 3465 3935; x_wconf 74' lang='lat' dir='ltr'><strong>sed</strong></span> 
     </span>
    </p>
   </div>
   <div class='ocr_carea' id='block_1_102' title="bbox 1889 3970 3463 4042">
    <p class='ocr_par' dir='ltr' id='par_1_102' title="bbox 1889 3970 3463 4042">
     <span class='ocr_line' id='line_1_102' title="bbox 1889 3970 3463 4042; baseline -0.005 -13"><span class='ocrx_word' id='word_1_859' title='bbox 1889 3977 1980 4039; x_wconf 84' lang='lat' dir='ltr'><strong>ait,</strong></span> <span class='ocrx_word' id='word_1_860' title='bbox 2008 3974 2071 4027; x_wconf 87' lang='lat' dir='ltr'><strong>In</strong></span> <span class='ocrx_word' id='word_1_861' title='bbox 2099 3975 2329 4042; x_wconf 88' lang='lat' dir='ltr'><strong>operibus</strong></span> <span class='ocrx_word' id='word_1_862' title='bbox 2363 3973 2476 4024; x_wconf 85' lang='lat' dir='ltr'><strong>tuis.</strong></span> <span class='ocrx_word' id='word_1_863' title='bbox 2508 3970 2725 4037; x_wconf 87' lang='lat' dir='ltr'><strong>Quando</strong></span> <span class='ocrx_word' id='word_1_864' title='bbox 2756 3985 2935 4039; x_wconf 86' lang='lat' dir='ltr'><strong>pecco,</strong></span> <span class='ocrx_word' id='word_1_865' title='bbox 2973 3970 3261 4037; x_wconf 82' lang='lat' dir='ltr'><strong>percutitur</strong></span> <span class='ocrx_word' id='word_1_866' title='bbox 3292 3983 3463 4033; x_wconf 86' lang='lat' dir='ltr'><strong>terra;</strong></span> 
     </span>
    </p>
   </div>
   <div class='ocr_carea' id='block_1_103' title="bbox 1889 4063 3463 4138">
    <p class='ocr_par' dir='ltr' id='par_1_103' title="bbox 1889 4063 3463 4138">
     <span class='ocr_line' id='line_1_103' title="bbox 1889 4063 3463 4138; baseline -0.003 -17"><span class='ocrx_word' id='word_1_867' title='bbox 1889 4067 2100 4138; x_wconf 88' lang='lat' dir='ltr'><strong>quando</strong></span> <span class='ocrx_word' id='word_1_868' title='bbox 2144 4077 2289 4119; x_wconf 89' lang='lat' dir='ltr'><strong>recte</strong></span> <span class='ocrx_word' id='word_1_869' title='bbox 2335 4064 2557 4127; x_wconf 87' lang='lat' dir='ltr'><strong>incedo,</strong></span> <span class='ocrx_word' id='word_1_870' title='bbox 2602 4064 2744 4115; x_wconf 89' lang='lat' dir='ltr'><strong>illam</strong></span> <span class='ocrx_word' id='word_1_871' title='bbox 2778 4063 3058 4116; x_wconf 87' lang='lat' dir='ltr'><strong>benedicit.</strong></span> <span class='ocrx_word' id='word_1_872' title='bbox 3112 4063 3179 4114; x_wconf 84' lang='lat' dir='ltr'><strong>At</strong></span> <span class='ocrx_word' id='word_1_873' title='bbox 3205 4063 3321 4117; x_wconf 86' lang='lat' dir='ltr'><strong>vide</strong></span> <span class='ocrx_word' id='word_1_874' title='bbox 3352 4080 3463 4116; x_wconf 70' lang='lat' dir='ltr'><strong>rem</strong></span> 
     </span>
    </p>
   </div>
   <div class='ocr_carea' id='block_1_104' title="bbox 1890 4155 3461 4223">
    <p class='ocr_par' dir='ltr' id='par_1_104' title="bbox 1890 4155 3461 4223">
     <span class='ocr_line' id='line_1_104' title="bbox 1890 4155 3461 4223; baseline -0.003 -11"><span class='ocrx_word' id='word_1_875' title='bbox 1890 4161 2099 4213; x_wconf 84' lang='lat' dir='ltr'><strong>miram.</strong></span> <span class='ocrx_word' id='word_1_876' title='bbox 2128 4157 2348 4223; x_wconf 81' lang='lat' dir='ltr'><strong>Quando</strong></span> <span class='ocrx_word' id='word_1_877' title='bbox 2374 4156 2571 4208; x_wconf 88' lang='lat' dir='ltr'><strong>creavit</strong></span> <span class='ocrx_word' id='word_1_878' title='bbox 2598 4155 2733 4207; x_wconf 89' lang='lat' dir='ltr'><strong>Deus</strong></span> <span class='ocrx_word' id='word_1_879' title='bbox 2765 4166 2979 4219; x_wconf 85' lang='lat' dir='ltr'><strong>terram,</strong></span> <span class='ocrx_word' id='word_1_880' title='bbox 3014 4172 3178 4219; x_wconf 83' lang='lat' dir='ltr'><strong>mare,</strong></span> <span class='ocrx_word' id='word_1_881' title='bbox 3205 4157 3461 4220; x_wconf 80' lang='lat' dir='ltr'><strong>volatilia,</strong></span> 
     </span>
    </p>
   </div>
   <div class='ocr_carea' id='block_1_105' title="bbox 1891 4246 3465 4319">
    <p class='ocr_par' dir='ltr' id='par_1_105' title="bbox 1891 4246 3465 4319">
     <span class='ocr_line' id='line_1_105' title="bbox 1891 4246 3465 4319; baseline -0.001 -17"><span class='ocrx_word' id='word_1_882' title='bbox 1891 4251 2117 4319; x_wconf 80' lang='lat' dir='ltr'><strong>reptilia,</strong></span> <span class='ocrx_word' id='word_1_883' title='bbox 2151 4249 2369 4306; x_wconf 80' lang='lat' dir='ltr'><strong>bestias,</strong></span> <span class='ocrx_word' id='word_1_884' title='bbox 2401 4246 2691 4310; x_wconf 91' lang='lat' dir='ltr'><strong>hominem,</strong></span> <span class='ocrx_word' id='word_1_885' title='bbox 2717 4249 2889 4300; x_wconf 89' lang='lat' dir='ltr'><strong>omnia</strong></span> <span class='ocrx_word' id='word_1_886' title='bbox 2919 4248 3188 4303; x_wconf 80' lang='lat' dir='ltr'><strong>benedixit</strong></span> <span class='ocrx_word' id='word_1_887' title='bbox 3221 4268 3232 4300; x_wconf 90' lang='lat'><strong>:</strong></span> <span class='ocrx_word' id='word_1_888' title='bbox 3265 4252 3465 4303; x_wconf 74' lang='lat' dir='ltr'><strong>fructus</strong></span> 
     </span>
    </p>
   </div>
   <div class='ocr_carea' id='block_1_106' title="bbox 1889 4335 3464 4404">
    <p class='ocr_par' dir='ltr' id='par_1_106' title="bbox 1889 4335 3464 4404">
     <span class='ocr_line' id='line_1_106' title="bbox 1889 4335 3464 4404; baseline -0.001 -13"><span class='ocrx_word' id='word_1_889' title='bbox 1889 4353 2016 4393; x_wconf 83' lang='lat' dir='ltr'><strong>vero</strong></span> <span class='ocrx_word' id='word_1_890' title='bbox 2060 4352 2161 4389; x_wconf 90' lang='lat' dir='ltr'><strong>non</strong></span> <span class='ocrx_word' id='word_1_891' title='bbox 2211 4335 2513 4396; x_wconf 81' lang='lat' dir='ltr'><strong>benedixit,</strong></span> <span class='ocrx_word' id='word_1_892' title='bbox 2545 4336 2687 4404; x_wconf 90' lang='lat' dir='ltr'><strong>quod</strong></span> <span class='ocrx_word' id='word_1_893' title='bbox 2730 4352 2918 4402; x_wconf 85' lang='lat' dir='ltr'><strong>nempe</strong></span> <span class='ocrx_word' id='word_1_894' title='bbox 2946 4339 3104 4390; x_wconf 88' lang='lat' dir='ltr'><strong>sciret</strong></span> <span class='ocrx_word' id='word_1_895' title='bbox 3143 4340 3279 4391; x_wconf 89' lang='lat' dir='ltr'><strong>hanc</strong></span> <span class='ocrx_word' id='word_1_896' title='bbox 3312 4348 3464 4391; x_wconf 66' lang='lat' dir='ltr'><strong>terra:</strong></span> 
     </span>
    </p>
   </div>
   <div class='ocr_carea' id='block_1_107' title="bbox 1890 4430 3462 4495">
    <p class='ocr_par' dir='ltr' id='par_1_107' title="bbox 1890 4430 3462 4495">
     <span class='ocr_line' id='line_1_107' title="bbox 1890 4430 3462 4495; baseline -0.001 -11"><span class='ocrx_word' id='word_1_897' title='bbox 1890 4438 2149 4484; x_wconf 87' lang='lat' dir='ltr'><strong>servatam</strong></span> <span class='ocrx_word' id='word_1_898' title='bbox 2178 4442 2293 4480; x_wconf 88' lang='lat' dir='ltr'><strong>esse</strong></span> <span class='ocrx_word' id='word_1_899' title='bbox 2324 4443 2555 4495; x_wconf 69' lang='lat' dir='ltr'><strong>poenam,</strong></span> <span class='ocrx_word' id='word_1_900' title='bbox 2586 4438 2640 4480; x_wconf 91' lang='lat' dir='ltr'><strong>ut</strong></span> <span class='ocrx_word' id='word_1_901' title='bbox 2669 4430 3007 4495; x_wconf 89' lang='lat' dir='ltr'><strong>peccantibus</strong></span> <span class='ocrx_word' id='word_1_902' title='bbox 3034 4430 3332 4483; x_wconf 87' lang='lat' dir='ltr'><strong>hominibus</strong></span> <span class='ocrx_word' id='word_1_903' title='bbox 3357 4441 3462 4483; x_wconf 88' lang='lat' dir='ltr'><strong>ste-</strong></span> 
     </span>
    </p>
   </div>
   <div class='ocr_carea' id='block_1_108' title="bbox 1889 4518 3461 4589">
    <p class='ocr_par' dir='ltr' id='par_1_108' title="bbox 1889 4518 3461 4589">
     <span class='ocr_line' id='line_1_108' title="bbox 1889 4518 3461 4589; baseline -0.001 -15"><span class='ocrx_word' id='word_1_904' title='bbox 1889 4523 2079 4574; x_wconf 86' lang='lat' dir='ltr'><strong>rilitate</strong></span> <span class='ocrx_word' id='word_1_905' title='bbox 2126 4518 2481 4589; x_wconf 89' lang='lat' dir='ltr'><strong>plecteretur,</strong></span> <span class='ocrx_word' id='word_1_906' title='bbox 2519 4527 2570 4571; x_wconf 91' lang='lat' dir='ltr'><strong>et</strong></span> <span class='ocrx_word' id='word_1_907' title='bbox 2612 4518 2775 4585; x_wconf 89' lang='lat' dir='ltr'><strong>probe</strong></span> <span class='ocrx_word' id='word_1_908' title='bbox 2804 4520 3097 4585; x_wconf 80' lang='lat' dir='ltr'><strong>agentibus,</strong></span> <span class='ocrx_word' id='word_1_909' title='bbox 3143 4520 3461 4574; x_wconf 80' lang='lat' dir='ltr'><strong>fertilitatem</strong></span> 
     </span>
    </p>
   </div>
   <div class='ocr_carea' id='block_1_109' title="bbox 1887 4610 3466 4680">
    <p class='ocr_par' dir='ltr' id='par_1_109' title="bbox 1887 4610 3466 4680">
     <span class='ocr_line' id='line_1_109' title="bbox 1887 4610 3466 4680; baseline 0.001 -15"><span class='ocrx_word' id='word_1_910' title='bbox 1887 4615 2166 4680; x_wconf 90' lang='lat' dir='ltr'><strong>acciperet.</strong></span> <span class='ocrx_word' id='word_1_911' title='bbox 2211 4611 2322 4664; x_wconf 85' lang='lat' dir='ltr'><strong>Non</strong></span> <span class='ocrx_word' id='word_1_912' title='bbox 2352 4610 2617 4663; x_wconf 83' lang='lat' dir='ltr'><strong>benediin</strong></span> <span class='ocrx_word' id='word_1_913' title='bbox 2648 4610 2899 4663; x_wconf 75' lang='lat' dir='ltr'><strong>fructibus</strong></span> <span class='ocrx_word' id='word_1_914' title='bbox 2926 4629 2937 4662; x_wconf 91' lang='lat'><strong>:</strong></span> <span class='ocrx_word' id='word_1_915' title='bbox 2966 4611 3160 4664; x_wconf 91' lang='lat' dir='ltr'><strong>donum</strong></span> <span class='ocrx_word' id='word_1_916' title='bbox 3192 4615 3330 4666; x_wconf 90' lang='lat' dir='ltr'><strong>enim</strong></span> <span class='ocrx_word' id='word_1_917' title='bbox 3354 4625 3466 4667; x_wconf 83' lang='lat' dir='ltr'><strong>erat</strong></span> 
     </span>
    </p>
   </div>
   <div class='ocr_carea' id='block_1_110' title="bbox 1888 4699 3461 4771">
    <p class='ocr_par' dir='ltr' id='par_1_110' title="bbox 1888 4699 3461 4771">
     <span class='ocr_line' id='line_1_110' title="bbox 1888 4699 3461 4771; baseline -0.001 -15"><span class='ocrx_word' id='word_1_918' title='bbox 1888 4704 2000 4757; x_wconf 89' lang='lat' dir='ltr'><strong>sine</strong></span> <span class='ocrx_word' id='word_1_919' title='bbox 2024 4700 2348 4771; x_wconf 73' lang='lat' dir='ltr'><strong>poenitentia.</strong></span> <span class='ocrx_word' id='word_1_920' title='bbox 2372 4701 2560 4767; x_wconf 81' lang='lat' dir='ltr'><strong>Spinas</strong></span> <span class='ocrx_word' id='word_1_921' title='bbox 2575 4710 2618 4751; x_wconf 91' lang='lat' dir='ltr'><strong>et</strong></span> <span class='ocrx_word' id='word_1_922' title='bbox 2640 4699 2843 4752; x_wconf 86' lang='lat' dir='ltr'><strong>tribulos</strong></span> <span class='ocrx_word' id='word_1_923' title='bbox 2868 4701 3100 4768; x_wconf 83' lang='lat' dir='ltr'><strong>producet</strong></span> <span class='ocrx_word' id='word_1_924' title='bbox 3128 4702 3231 4754; x_wconf 88' lang='lat' dir='ltr'><strong>tibi.</strong></span> <span class='ocrx_word' id='word_1_925' title='bbox 3256 4702 3461 4771; x_wconf 80' lang='lat' dir='ltr'><strong>Magna,</strong></span> 
     </span>
    </p>
   </div>
   <div class='ocr_carea' id='block_1_111' title="bbox 1887 4791 3459 4863">
    <p class='ocr_par' dir='ltr' id='par_1_111' title="bbox 1887 4791 3459 4863">
     <span class='ocr_line' id='line_1_111' title="bbox 1887 4791 3459 4863; baseline -0.001 -15"><span class='ocrx_word' id='word_1_926' title='bbox 1887 4795 2083 4863; x_wconf 89' lang='lat' dir='ltr'><strong>inquit,</strong></span> <span class='ocrx_word' id='word_1_927' title='bbox 2130 4792 2456 4860; x_wconf 57' lang='lat' dir='ltr'><strong>despexisti;</strong></span> <span class='ocrx_word' id='word_1_928' title='bbox 2496 4791 2784 4844; x_wconf 89' lang='lat' dir='ltr'><strong>minoribus</strong></span> <span class='ocrx_word' id='word_1_929' title='bbox 2831 4793 3096 4858; x_wconf 78' lang='lat' dir='ltr'><strong>plectaris.</strong></span> <span class='ocrx_word' id='word_1_930' title='bbox 3151 4793 3279 4846; x_wconf 85' lang='lat' dir='ltr'><strong>Vide</strong></span> <span class='ocrx_word' id='word_1_931' title='bbox 3305 4812 3459 4862; x_wconf 84' lang='lat' dir='ltr'><strong>quam</strong></span> 
     </span>
    </p>
   </div>
   <div class='ocr_carea' id='block_1_112' title="bbox 1887 4882 3460 4953">
    <p class='ocr_par' dir='ltr' id='par_1_112' title="bbox 1887 4882 3460 4953">
     <span class='ocr_line' id='line_1_112' title="bbox 1887 4882 3460 4953; baseline -0.001 -15"><span class='ocrx_word' id='word_1_932' title='bbox 1887 4886 2173 4939; x_wconf 70' lang='lat' dir='ltr'><strong>moderata:</strong></span> <span class='ocrx_word' id='word_1_933' title='bbox 2204 4885 2310 4936; x_wconf 91' lang='lat' dir='ltr'><strong>sint</strong></span> <span class='ocrx_word' id='word_1_934' title='bbox 2340 4884 2729 4950; x_wconf 75' lang='lat' dir='ltr'><strong>castigationes.</strong></span> <span class='ocrx_word' id='word_1_935' title='bbox 2780 4882 2939 4950; x_wconf 88' lang='lat' dir='ltr'><strong>Spina</strong></span> <span class='ocrx_word' id='word_1_936' title='bbox 2973 4883 3213 4936; x_wconf 82' lang='lat' dir='ltr'><strong>Ot&#39;CidCl&#39;e</strong></span> <span class='ocrx_word' id='word_1_937' title='bbox 3244 4888 3420 4953; x_wconf 89' lang='lat' dir='ltr'><strong>nequit</strong></span> <span class='ocrx_word' id='word_1_938' title='bbox 3448 4904 3460 4947; x_wconf 86' lang='lat'><strong>;</strong></span> 
     </span>
    </p>
   </div>
   <div class='ocr_carea' id='block_1_113' title="bbox 1885 4973 3460 5042">
    <p class='ocr_par' dir='ltr' id='par_1_113' title="bbox 1885 4973 3460 5042">
     <span class='ocr_line' id='line_1_113' title="bbox 1885 4973 3460 5042; baseline -0.005 -12"><span class='ocrx_word' id='word_1_939' title='bbox 1885 4987 2163 5030; x_wconf 78' lang='lat' dir='ltr'><strong>cruentare</strong></span> <span class='ocrx_word' id='word_1_940' title='bbox 2190 4984 2379 5042; x_wconf 80' lang='lat' dir='ltr'><strong>potest.</strong></span> <span class='ocrx_word' id='word_1_941' title='bbox 2410 4974 2468 5025; x_wconf 67' lang='lat' dir='ltr'><strong>lit</strong></span> <span class='ocrx_word' id='word_1_942' title='bbox 2492 4973 2730 5027; x_wconf 76' lang='lat' dir='ltr'><strong>comedet</strong></span> <span class='ocrx_word' id='word_1_943' title='bbox 2754 4986 2944 5027; x_wconf 87' lang='lat' dir='ltr'><strong>terram</strong></span> <span class='ocrx_word' id='word_1_944' title='bbox 2976 4974 3025 5025; x_wconf 91' lang='lat' dir='ltr'><strong>in</strong></span> <span class='ocrx_word' id='word_1_945' title='bbox 3054 4973 3338 5026; x_wconf 87' lang='lat' dir='ltr'><strong>doloribus.</strong></span> <span class='ocrx_word' id='word_1_946' title='bbox 3375 4976 3460 5027; x_wconf 72' lang='lat' dir='ltr'><strong>Illa</strong></span> 
     </span>
    </p>
   </div>
   <div class='ocr_carea' id='block_1_114' title="bbox 1886 5065 3463 5133">
    <p class='ocr_par' dir='ltr' id='par_1_114' title="bbox 1886 5065 3463 5133">
     <span class='ocr_line' id='line_1_114' title="bbox 1886 5065 3463 5133; baseline 0.001 -17"><span class='ocrx_word' id='word_1_947' title='bbox 1886 5069 2020 5133; x_wconf 88' lang='lat' dir='ltr'><strong>parit</strong></span> <span class='ocrx_word' id='word_1_948' title='bbox 2048 5066 2096 5118; x_wconf 91' lang='lat' dir='ltr'><strong>in</strong></span> <span class='ocrx_word' id='word_1_949' title='bbox 2122 5065 2431 5127; x_wconf 86' lang='lat' dir='ltr'><strong>doloribus;</strong></span> <span class='ocrx_word' id='word_1_950' title='bbox 2464 5074 2517 5117; x_wconf 91' lang='lat' dir='ltr'><strong>tu</strong></span> <span class='ocrx_word' id='word_1_951' title='bbox 2539 5065 2756 5117; x_wconf 89' lang='lat' dir='ltr'><strong>comede</strong></span> <span class='ocrx_word' id='word_1_952' title='bbox 2780 5065 2828 5117; x_wconf 91' lang='lat' dir='ltr'><strong>in</strong></span> <span class='ocrx_word' id='word_1_953' title='bbox 2852 5065 3139 5117; x_wconf 87' lang='lat' dir='ltr'><strong>doloribus.</strong></span> <span class='ocrx_word' id='word_1_954' title='bbox 3162 5066 3287 5119; x_wconf 85' lang='lat' dir='ltr'><strong>Nam</strong></span> <span class='ocrx_word' id='word_1_955' title='bbox 3313 5078 3463 5119; x_wconf 88' lang='lat' dir='ltr'><strong>vetus</strong></span> 
     </span>
    </p>
   </div>
   <div class='ocr_carea' id='block_1_115' title="bbox 1886 5154 3458 5217">
    <p class='ocr_par' dir='ltr' id='par_1_115' title="bbox 1886 5154 3458 5217">
     <span class='ocr_line' id='line_1_115' title="bbox 1886 5154 3458 5217; baseline -0.002 -10"><span class='ocrx_word' id='word_1_956' title='bbox 1886 5155 1972 5207; x_wconf 89' lang='lat' dir='ltr'><strong>illa</strong></span> <span class='ocrx_word' id='word_1_957' title='bbox 2013 5156 2271 5207; x_wconf 88' lang='lat' dir='ltr'><strong>sententia</strong></span> <span class='ocrx_word' id='word_1_958' title='bbox 2315 5156 2567 5206; x_wconf 80' lang='lat' dir='ltr'><strong>hactenus</strong></span> <span class='ocrx_word' id='word_1_959' title='bbox 2598 5163 2791 5205; x_wconf 84' lang='lat' dir='ltr'><strong>manet.</strong></span> <span class='ocrx_word' id='word_1_960' title='bbox 2840 5154 2905 5205; x_wconf 79' lang='lat' dir='ltr'><strong>Et</strong></span> <span class='ocrx_word' id='word_1_961' title='bbox 2932 5154 3047 5205; x_wconf 84' lang='lat' dir='ltr'><strong>\ide</strong></span> <span class='ocrx_word' id='word_1_962' title='bbox 3074 5156 3199 5207; x_wconf 91' lang='lat' dir='ltr'><strong>mihi</strong></span> <span class='ocrx_word' id='word_1_963' title='bbox 3223 5156 3458 5217; x_wconf 87' lang='lat' dir='ltr'><strong>divitem,</strong></span> 
     </span>
    </p>
   </div>
   <div class='ocr_carea' id='block_1_116' title="bbox 1885 5245 3463 5313">
    <p class='ocr_par' dir='ltr' id='par_1_116' title="bbox 1885 5245 3463 5313">
     <span class='ocr_line' id='line_1_116' title="bbox 1885 5245 3463 5313; baseline 0.001 -18"><span class='ocrx_word' id='word_1_964' title='bbox 1885 5261 2190 5313; x_wconf 86' lang='lat' dir='ltr'><strong>pauperem,</strong></span> <span class='ocrx_word' id='word_1_965' title='bbox 2225 5245 2532 5311; x_wconf 82' lang='lat' dir='ltr'><strong>principem.</strong></span> <span class='ocrx_word' id='word_1_966' title='bbox 2561 5260 2827 5311; x_wconf 85' lang='lat' dir='ltr'><strong>magnum,</strong></span> <span class='ocrx_word' id='word_1_967' title='bbox 2866 5260 2988 5295; x_wconf 90' lang='lat' dir='ltr'><strong>unm</strong></span> <span class='ocrx_word' id='word_1_968' title='bbox 3023 5246 3125 5297; x_wconf 89' lang='lat' dir='ltr'><strong>vita</strong></span> <span class='ocrx_word' id='word_1_969' title='bbox 3153 5246 3264 5313; x_wconf 85' lang='lat' dir='ltr'><strong>ejus</strong></span> <span class='ocrx_word' id='word_1_970' title='bbox 3300 5247 3463 5312; x_wconf 82' lang='lat' dir='ltr'><strong>possit</strong></span> 
     </span>
    </p>
   </div>
   <div class='ocr_carea' id='block_1_117' title="bbox 1886 5334 3462 5401">
    <p class='ocr_par' dir='ltr' id='par_1_117' title="bbox 1886 5334 3462 5401">
     <span class='ocr_line' id='line_1_117' title="bbox 1886 5334 3462 5401; baseline -0.002 -13"><span class='ocrx_word' id='word_1_971' title='bbox 1886 5338 1997 5389; x_wconf 85' lang='lat' dir='ltr'><strong>sine</strong></span> <span class='ocrx_word' id='word_1_972' title='bbox 2024 5337 2206 5388; x_wconf 88' lang='lat' dir='ltr'><strong>dolore</strong></span> <span class='ocrx_word' id='word_1_973' title='bbox 2233 5344 2284 5387; x_wconf 90' lang='lat' dir='ltr'><strong>et</strong></span> <span class='ocrx_word' id='word_1_974' title='bbox 2317 5350 2437 5385; x_wconf 83' lang='lat' dir='ltr'><strong>cura</strong></span> <span class='ocrx_word' id='word_1_975' title='bbox 2474 5335 2712 5387; x_wconf 86' lang='lat' dir='ltr'><strong>inveniri.</strong></span> <span class='ocrx_word' id='word_1_976' title='bbox 2747 5334 2962 5400; x_wconf 82' lang='lat' dir='ltr'><strong>Quare?</strong></span> <span class='ocrx_word' id='word_1_977' title='bbox 2997 5335 3253 5401; x_wconf 91' lang='lat' dir='ltr'><strong>Quoniam</strong></span> <span class='ocrx_word' id='word_1_978' title='bbox 3288 5335 3349 5384; x_wconf 86' lang='lat' dir='ltr'><strong>lu</strong></span> <span class='ocrx_word' id='word_1_979' title='bbox 3378 5352 3462 5385; x_wconf 79' lang='lat' dir='ltr'><strong>stt-</strong></span> 
     </span>
    </p>
   </div>
   <div class='ocr_carea' id='block_1_118' title="bbox 1886 5425 3461 5493">
    <p class='ocr_par' dir='ltr' id='par_1_118' title="bbox 1886 5425 3461 5493">
     <span class='ocr_line' id='line_1_118' title="bbox 1886 5425 3461 5493; baseline -0.001 -15"><span class='ocrx_word' id='word_1_980' title='bbox 1886 5428 2004 5479; x_wconf 87' lang='lat' dir='ltr'><strong>dore</strong></span> <span class='ocrx_word' id='word_1_981' title='bbox 2034 5426 2196 5477; x_wconf 86' lang='lat' dir='ltr'><strong>vultus</strong></span> <span class='ocrx_word' id='word_1_982' title='bbox 2217 5427 2287 5475; x_wconf 90' lang='lat' dir='ltr'><strong>tui</strong></span> <span class='ocrx_word' id='word_1_983' title='bbox 2319 5426 2525 5477; x_wconf 85' lang='lat' dir='ltr'><strong>vesceris</strong></span> <span class='ocrx_word' id='word_1_984' title='bbox 2553 5442 2680 5492; x_wconf 87' lang='lat' dir='ltr'><strong>pune</strong></span> <span class='ocrx_word' id='word_1_985' title='bbox 2706 5436 2790 5477; x_wconf 92' lang='lat' dir='ltr'><strong>tuo</strong></span> <span class='ocrx_word' id='word_1_986' title='bbox 2823 5425 2969 5493; x_wconf 77' lang='lat' dir='ltr'><strong>(Gen.</strong></span> <span class='ocrx_word' id='word_1_987' title='bbox 2998 5428 3048 5478; x_wconf 81' lang='grc'><strong>5.</strong></span> <span class='ocrx_word' id='word_1_988' title='bbox 3085 5426 3191 5489; x_wconf 82' lang='grc'><strong>19).</strong></span> <span class='ocrx_word' id='word_1_989' title='bbox 3241 5425 3461 5477; x_wconf 77' lang='lat' dir='ltr'><strong>Noluisti</strong></span> 
     </span>
    </p>
   </div>
   <div class='ocr_carea' id='block_1_119' title="bbox 1888 5515 3459 5586">
    <p class='ocr_par' dir='ltr' id='par_1_119' title="bbox 1888 5515 3459 5586">
     <span class='ocr_line' id='line_1_119' title="bbox 1888 5515 3459 5586; baseline -0.001 -15"><span class='ocrx_word' id='word_1_990' title='bbox 1888 5518 2201 5586; x_wconf 86' lang='lat' dir='ltr'><strong>tranquille;</strong></span> <span class='ocrx_word' id='word_1_991' title='bbox 2235 5518 2283 5569; x_wconf 90' lang='lat' dir='ltr'><strong>in</strong></span> <span class='ocrx_word' id='word_1_992' title='bbox 2311 5518 2501 5570; x_wconf 89' lang='lat' dir='ltr'><strong>sudore</strong></span> <span class='ocrx_word' id='word_1_993' title='bbox 2524 5518 2765 5572; x_wconf 89' lang='lat' dir='ltr'><strong>comede.</strong></span> <span class='ocrx_word' id='word_1_994' title='bbox 2818 5518 2927 5571; x_wconf 77' lang='lat' dir='ltr'><strong>Non</strong></span> <span class='ocrx_word' id='word_1_995' title='bbox 2954 5520 3101 5586; x_wconf 92' lang='lat' dir='ltr'><strong>punit</strong></span> <span class='ocrx_word' id='word_1_996' title='bbox 3127 5517 3269 5568; x_wconf 91' lang='lat' dir='ltr'><strong>illum</strong></span> <span class='ocrx_word' id='word_1_997' title='bbox 3301 5515 3459 5577; x_wconf 77' lang='lat' dir='ltr'><strong>fame.</strong></span> 
     </span>
    </p>
   </div>
   <div class='ocr_carea' id='block_1_120' title="bbox 1885 5604 3461 5675">
    <p class='ocr_par' dir='ltr' id='par_1_120' title="bbox 1885 5604 3461 5675">
     <span class='ocr_line' id='line_1_120' title="bbox 1885 5604 3461 5675; baseline -0.003 -15"><span class='ocrx_word' id='word_1_998' title='bbox 1885 5608 1977 5661; x_wconf 89' lang='lat' dir='ltr'><strong>sed</strong></span> <span class='ocrx_word' id='word_1_999' title='bbox 2023 5608 2248 5661; x_wconf 73' lang='lat' dir='ltr'><strong>miseria:</strong></span> <span class='ocrx_word' id='word_1_1000' title='bbox 2286 5616 2442 5675; x_wconf 86' lang='lat' dir='ltr'><strong>atque</strong></span> <span class='ocrx_word' id='word_1_1001' title='bbox 2488 5607 2653 5660; x_wconf 87' lang='lat' dir='ltr'><strong>labori</strong></span> <span class='ocrx_word' id='word_1_1002' title='bbox 2698 5607 2925 5675; x_wconf 83' lang='lat' dir='ltr'><strong>subjicit.</strong></span> <span class='ocrx_word' id='word_1_1003' title='bbox 2983 5607 3096 5659; x_wconf 85' lang='lat' dir='ltr'><strong>Jam</strong></span> <span class='ocrx_word' id='word_1_1004' title='bbox 3137 5615 3220 5664; x_wconf 84' lang='lat' dir='ltr'><strong>tu,</strong></span> <span class='ocrx_word' id='word_1_1005' title='bbox 3273 5604 3461 5668; x_wconf 74' lang='lat' dir='ltr'><strong>fidelis,</strong></span> 
     </span>
    </p>
   </div>
   <div class='ocr_carea' id='block_1_121' title="bbox 1884 5697 3462 5768">
    <p class='ocr_par' dir='ltr' id='par_1_121' title="bbox 1884 5697 3462 5768">
     <span class='ocr_line' id='line_1_121' title="bbox 1884 5697 3462 5768; baseline -0.001 -17"><span class='ocrx_word' id='word_1_1006' title='bbox 1884 5698 2011 5752; x_wconf 92' lang='lat' dir='ltr'><strong>illud</strong></span> <span class='ocrx_word' id='word_1_1007' title='bbox 2046 5700 2237 5768; x_wconf 87' lang='lat' dir='ltr'><strong>cogita.</strong></span> <span class='ocrx_word' id='word_1_1008' title='bbox 2284 5698 2339 5753; x_wconf 88' lang='lat' dir='ltr'><strong>Si</strong></span> <span class='ocrx_word' id='word_1_1009' title='bbox 2372 5697 2536 5751; x_wconf 78' lang='lat' dir='ltr'><strong>Adam</strong></span> <span class='ocrx_word' id='word_1_1010' title='bbox 2580 5698 2693 5751; x_wconf 90' lang='lat' dir='ltr'><strong>sine</strong></span> <span class='ocrx_word' id='word_1_1011' title='bbox 2733 5697 2926 5752; x_wconf 88' lang='lat' dir='ltr'><strong>sudore</strong></span> <span class='ocrx_word' id='word_1_1012' title='bbox 2958 5711 3143 5763; x_wconf 90' lang='lat' dir='ltr'><strong>panem</strong></span> <span class='ocrx_word' id='word_1_1013' title='bbox 3177 5709 3279 5748; x_wconf 90' lang='lat' dir='ltr'><strong>non</strong></span> <span class='ocrx_word' id='word_1_1014' title='bbox 3311 5709 3462 5750; x_wconf 75' lang='lat' dir='ltr'><strong>cum-</strong></span> 
     </span>
    </p>
   </div>
  </div>
