3976 6218
505 357 621 415 499

500 467 645 529 edit,
677 477 775 520 nos
809 461 1082 534 quomodo
1127 463 1244 518 sine
1285 461 1558 516 laboribus
1592 460 1986 530 sudoribusque
2015 477 2104 516 re-

494 572 660 628 gnum
684 556 934 611 calorum
956 553 1383 623 consequamur?
1409 552 1599 616 Donec,
1628 553 1818 622 inquit,
1839 553 2106 608 revertaris

489 651 554 701 .in
578 658 780 710 terram,
812 647 875 701 de
897 661 998 716 qua
1011 655 1242 717 sumptus
1268 661 1339 698 es.
1367 643 1410 699 Ο
1429 644 1750 699 sententiam
1773 645 1785 697 !
1816 658 1848 696 o
1869 648 2104 698 clemen-

503 739 629 792 tiam
663 748 806 791 metu
839 737 1090 806 plenam!
1135 752 1168 790 ο
1217 736 1535 790 sententiam
1579 736 1949 791 consolatione
1991 736 2104 803 ple-

503 833 665 887 nam!
727 830 970 885 Nondum
1017 829 1336 899 expulerat,
1393 840 1446 882 et
1499 829 1804 884 revocavit!
1864 828 2100 883 nondum

501 925 753 994 ejecerat,
785 933 840 978 et
874 923 1194 991 resumpsit!
1231 921 1403 974 Donec
1436 922 1701 975 revertaris
1731 921 1783 974 in
1811 930 2016 985 terram,
2041 921 2104 974 de

499 1034 601 1086 qua
641 1029 870 1085 sumptus
920 1033 990 1070 es.
1049 1016 1160 1068 Non
1193 1017 1362 1080 dixit,
1415 1016 1592 1069 Donec
1621 1015 1883 1079 deicuris,
1930 1015 2103 1069 donec

499 1106 848 1168 dissolvaris;
888 1106 980 1160 sed
1003 1147 1017 1167 .
1070 1104 1245 1158 Donec
1276 1106 1541 1159 revertaris
1567 1106 1618 1158 in
1648 1115 1833 1159 terram
1858 1147 1871 1170 ,
1913 1106 1976 1159 de
2003 1121 2103 1174 qua

501 1208 735 1267 sumptus
777 1214 827 1251 es
856 1213 874 1251 :
903 1208 959 1251 ut
1007 1197 1099 1251 tibi
1147 1211 1295 1263 Spem
1345 1197 1756 1251 resurrectionis
1787 1196 2096 1250 substituas.

501 1291 599 1347 lllo
631 1300 683 1346 te
713 1291 867 1345 mitto
887 1331 900 1354 ,
950 1291 1092 1344 unde
1137 1300 1186 1344 te
1215 1291 1428 1358 accepi;
1469 1299 1524 1342 ut
1557 1299 1606 1343 te
1635 1299 1759 1343 tunc
1787 1289 2003 1358 accepi,
2049 1296 2102 1343 te

504 1398 691 1438 rursus
716 1398 933 1455 possum
961 1383 1202 1452 accipere
1223 1424 1238 1450 ,
1285 1382 1417 1447 Quia
1449 1391 1581 1435 terra
1606 1397 1657 1434 es
1679 1422 1693 1445 ,
1743 1391 1788 1434 et
1831 1381 1882 1433 in
1911 1391 2100 1435 terram

708 1569 1472 1584 F_w_r—._--—~__oa
1485 1574 1501 1581 -
1525 1573 1689 1582 _.-.-_-.
1706 1575 1761 1581 -_
1779 1572 2328 1582 -_-.—.___.__——

708 1569 1041 1584 F—w
1208 1570 1501 1581 .-—~I—__..-
1525 1573 1796 1582 —-.-_-.-—-

537 1568 1798 1598 Mm“

1801 1571 2580 1596 _-._._______‘=_._.

1973 348 2346 407 SEVERIANI

3712 381 3823 438 500

2213 465 2329 519 ibis.
2356 465 2493 533 Non,
2513 467 2810 532 Deleberis,
2828 470 2946 535 sed,
2967 468 3098 526 Ibis.
3127 470 3280 537 Illud,
3318 474 3446 539 Ibis,
3473 477 3691 546 quidam
3725 481 3808 534 in-

2217 558 2490 626 terpretati
2519 568 2676 622 sunt,
2708 558 3010 616 Rererteris.
3042 563 3308 631 Quantum
3339 568 3496 636 igitur
3524 587 3622 641 per
3646 571 3810 627 facul-

2215 656 2377 702 tatem
2424 648 2602 710 licuit,
2655 665 2750 717 per
2774 654 2998 720 gratiam
3031 657 3198 708 sancti
3229 656 3457 725 Spiritus
3484 701 3497 722 ,
3526 661 3806 716 vobiscum

2214 739 2516 809 paradismn
2561 743 2952 809 percurrimus,
3001 744 3144 813 regia
3186 749 3508 804 monimenta
3560 751 3807 821 legimus,

2213 830 2444 884 vidimus
2474 845 2593 886 reos
2625 832 2870 888 libertate
2893 833 3150 901 donatos,
3181 835 3384 893 Judicis
3429 842 3808 901 clementiam:

2212 938 2315 992 qua
2347 923 2547 977 utinam
2575 939 2603 977 a
2641 923 2857 978 Christo
2898 926 3124 982 salutem
3169 944 3592 1001 consequamur,
3625 945 3680 987 ut
3702 950 3813 988 cm-

2213 1015 2440 1070 lestibus
2467 1016 2571 1069 illis
2595 1028 2650 1070 ct
2671 1019 3011 1086 sempiternis
3041 1019 3277 1076 fruamur
3299 1024 3473 1087 bouis,
3508 1025 3557 1077 in
3588 1023 3811 1081 Christo

2210 1105 2339 1162 Jesu
2382 1106 2607 1161 Domino
2663 1118 2846 1161 nostro
2893 1125 2906 1161 :
2950 1113 3199 1179 quoniam
3246 1113 3345 1182 ipsi
3389 1116 3557 1184 gloria
3613 1125 3667 1168 ct
3709 1117 3814 1170 im-

2212 1200 2450 1268 perium,
2497 1215 2638 1254 nunc
2673 1210 2726 1254 et
2767 1215 3012 1271 semper,
3057 1213 3112 1258 et
3152 1205 3203 1258 in
3243 1207 3437 1261 szrcula
3467 1209 3808 1262 saculorutn.

2210 1294 2405 1347 Amen.

2593 1570 2634 1576 __
2665 1570 2697 1576 .-.
2710 1565 3362 1576 -ψφ--ο--π--ης-
3374 1561 3778 1576 __—_..,4-—~

1963 1852 2347 1915 MONITUM

592 2104 829 2162 Iacobus
878 2102 1208 2160 Sirmondus
1258 2105 1322 2161 ad
1360 2105 1673 2160 Ennodium
1715 2105 1779 2159 Τ.
1841 2105 1861 2158 l
1901 2113 2192 2176 postrema:
2236 2100 2528 2162 Editionis,
2559 2116 2612 2170 p.
2649 2098 2806 2164 1842,
2862 2098 2930 2151 de
2979 2096 3081 2149 hac
3125 2091 3344 2148 homilia
3388 2090 3465 2145 sic
3516 2088 3801 2158 loquitur:

529 2269 548 2303 ι
580 2251 911 2310 Severianus
939 2253 1268 2308 Gabalorum
1319 2254 1607 2325 episcopus
1658 2269 1689 2307 a
1733 2260 1984 2323 serpente
2014 2251 2127 2319 illo,
2160 2251 2285 2323 quia
2320 2247 2623 2321 symbolum
2663 2254 2780 2300 erat
2817 2242 2996 2299 crucis
3023 2237 3246 2302 Christi,
3281 2236 3534 2299 salutem,
3571 2233 3665 2284 καὶ
3700 2228 3806 2282 ἀπὸ

518 2396 618 2450 τοῦ
650 2397 1058 2469 ὲπικαταράτου
1105 2397 1357 2466 εὐλογίαν
1390 2396 1610 2453 ﬂuxisse
1642 2399 1718 2452 ait
1752 2397 1808 2452 in
1839 2396 1992 2453 Orat.
2019 2392 2062 2449 li
2085 2410 2115 2450 e

2220 2408 2330 2449 cem
2356 2409 2493 2463 quas
2521 2386 2894 2462 Chrysostomi
2920 2385 3142 2440 nomine
3166 2382 3222 2436 in
3245 2380 3422 2434 lucem
3455 2373 3602 2429 dedit
3639 2367 3802 2424 Card.

521 2539 774 2596 Sirletus.
823 2542 932 2597 Sed
988 2542 1288 2598 Severiano
1317 2543 1457 2598 hanc
1491 2551 1766 2607 asserunt,
1817 2557 1986 2613 quam
2030 2540 2163 2608 dixi,
2193 2539 2562 2594 Damascenus
2597 2543 2651 2590 et
2699 2531 3008 2587 Hadrianus
3032 2539 3192 2598 papa,
3244 2533 3373 2577 cum
3403 2513 3617 2588 Synodo
3660 2507 3808 2562 Pari-

522 2685 712 2741 siensi.
752 2707 769 2739 ι
802 2688 942 2743 Nihil
979 2691 1160 2762 itaque
1191 2692 1345 2749 dubii
1382 2687 1712 2759 relinquitur
1763 2693 1904 2748 hanc
1943 2690 2222 2744 homiliam
2262 2703 2385 2744 esse
2442 2683 2747 2745 Severiani,
2797 2678 3037 2734 hominis
3087 2682 3234 2728 certe
3270 2684 3381 2724 non
3409 2665 3661 2733 eltngms,

3716 2656 3806 2712 sed

655 2956 894 3002 οιιιτιο
936 2957 1020 3000 ΒΕ
1069 2957 1416 3015 εΕιΡιιΝτπ,
1462 2961 1642 3013 QUEM
1685 2961 1930 3006 Μοῑεεε
1976 2962 2041 3004 IN
2087 2961 2292 3004 CRUCE
2338 2959 2687 3004 SUSPENDIT
2731 2957 2790 2998 IN
2839 2956 3150 3010 DESERTO,
3199 2954 3408 3008 DFQUE
3453 2956 3673 2999 DIVINA

1916 3062 2260 3106 TMNITATE
2311 3042 2425 3123 (a).

1970 3207 2375 3242 MM

588 3323 640 3377 t.
683 3321 806 3376 Heri
833 3336 1134 3377 sermonem
1162 3323 1486 3380 instituimus
1511 3334 1696 3380 contra
1725 3324 2024 3393 haereticos,
2053 3338 2107 3382 et

515 3427 616 3484 pro
655 3413 820 3483 gloria
865 3411 1130 3483 Unigeniti
1172 3417 1598 3472 concertavimus
1623 3459 1637 3484 ,
1667 3433 1773 3472 non
1819 3428 1875 3472 ut
1916 3435 2108 3474 arcana

516 3506 758 3576 quasdam
791 3507 844 3561 in
893 3506 1067 3563 lucem
1112 3508 1511 3577 proferremus,
1545 3511 1639 3566 sed
1684 3521 1739 3567 ut
1780 3515 2001 3584 gratiam
2045 3530 2112 3568 ex

517 3599 698 3653 animo
726 3597 1116 3668 profiteremur.
1145 3599 1259 3654 Non
1287 3602 1426 3655 enim
1449 3618 1512 3656 ex
1536 3603 1713 3659 verbis
1736 3606 1934 3659 nostris
1954 3605 2112 3660 Citri-

519 3691 586 3744 sti
614 3690 779 3761 gloria
810 3701 1032 3761 augetur
1058 3732 1072 3756 ,
1103 3693 1198 3746 sed
1232 3694 1499 3762 praeclaris
1527 3697 1594 3750 ab
1623 3712 1688 3750 eo
1717 3699 1888 3752 ornati
1921 3712 2112 3751 mune-

518 3783 666 3838 ribus
692 3825 707 3849 ,
747 3793 899 3853 grato
930 3784 1109 3838 animo
1137 3783 1453 3840 beneﬁcium
1487 3788 1860 3856 prcedicamus.
1907 3790 2112 3843 Absur-

512 3875 796 3928 dissimum
826 3875 971 3930 enim
997 3884 1159 3938 esset,
1189 3891 1287 3930 nos
1314 3877 1584 3934 beneficiis
1613 3890 1832 3936 ornatos
1855 3924 1868 3948 ,
1902 3883 2114 3936 silentio

519 3979 802 4019 munerum
824 3966 993 4018 vicem
1018 3967 1353 4034 persolvere:
1377 3971 1604 4024 maxime
1627 3987 1757 4026 vero
1775 3987 1897 4026 cum
1924 3973 2108 4040 David,

521 4065 578 4109 ut
605 4055 767 4111 modo
792 4056 1014 4110 audistis
1037 4097 1052 4120 ,
1085 4057 1153 4109 ita
1184 4058 1402 4126 jubeat:
1437 4059 1613 4114 Omnis
1642 4071 1775 4115 terra
1811 4064 1987 4117 adoret
2032 4073 2110 4128 te,

515 4155 565 4200 et
593 4147 780 4217 psallat
810 4146 898 4199 tibi
915 4145 1086 4217 (Psal.
1115 4148 1203 4202 65⁴
1226 4147 1303 4218 4).
1331 4150 1495 4204 Deum
1520 4151 1815 4217 laudamus,
1846 4169 1949 4208 non
1974 4153 2115 4223 quod

522 4238 619 4308 ipsi
644 4238 899 4293 honorem
923 4238 1230 4307 afferamus,
1253 4241 1345 4296 scd
1373 4243 1524 4298 nobis
1548 4243 1674 4313 ipsis
1701 4245 1957 4301 honorem
1981 4262 2113 4301 con-

520 4331 786 4385 ciliemus.
818 4327 1050 4384 Gloriam
1086 4332 1193 4386 Deo
1223 4332 1520 4401 referimus,
1555 4351 1659 4390 non
1689 4352 1847 4406 quam
1881 4339 1977 4407 ipsi
2010 4340 2116 4394 lar-

519 4423 770 4490 giamur,
814 4419 908 4473 sed
951 4436 1107 4489 quam
1151 4422 1303 4476 nobis
1346 4423 1701 4479 immortalem
1733 4428 2111 4486 conferamus:

522 4525 644 4564 nam
677 4509 802 4576 Eos,
835 4511 921 4581 qui
950 4527 1028 4565 me
1051 4513 1358 4582 gloriﬁcant,
1391 4516 1724 4584 glori/icabo;
1755 4529 1800 4570 et
1834 4521 1919 4587 qui
1950 4531 2115 4574 conte-

522 4613 701 4656 mnunt
731 4619 809 4654 me
832 4645 845 4666 ,
874 4613 1252 4658 contemnemur
1277 4607 1292 4673 (
1322 4607 1370 4660 l.
1404 4605 1532 4676 Reg.
1578 4607 1632 4660 2.
1673 4607 1742 4662 50
1765 4608 1805 4676 ).
1839 4610 1942 4663 Pro
1977 4611 2114 4664 virili

523 4704 704 4746 nostra
754 4693 1072 4761 docuimus,
1127 4711 1232 4750 non
1283 4696 1444 4752 licere
1491 4699 1748 4754 terminos
1793 4701 1975 4770 gloria:
2019 4703 2115 4758 Dei

524 4785 829 4851 transilire,
857 4801 961 4840 non
993 4787 1295 4842 hominibus
1321 4831 1334 4854 ,
1369 4789 1456 4859 qui
1490 4791 1539 4842 in
1571 4799 1710 4844 terra
1739 4791 1977 4861 degunt,
2009 4808 2113 4848 non

523 4878 728 4945 angelis
751 4877 839 4946 qui
873 4877 922 4931 in
951 4880 1114 4945 catlis,
1147 4897 1250 4934 non
1279 4881 1631 4952 archangelis,
1666 4900 1771 4938 non
1806 4887 2116 4954 principati-

525 4965 642 5029 bus,
677 4981 782 5019 non
813 4966 1151 5035 Cherubiuis,
1182 4987 1286 5025 non
1315 4973 1643 5042 Seraphinis.
1679 4978 1758 5030 AL
1773 4979 2113 5042 meministis,

522 5065 581 5110 ut
602 5057 736 5111 bene
759 5058 877 5111 novi
897 5101 907 5121 ,
929 5069 1190 5130 quotquot
1209 5064 1337 5117 estis
1360 5061 1598 5119 discendi
1621 5067 1799 5137 cupidi
1821 5069 2112 5134 auditores,

522 5165 622 5217 qua
655 5149 860 5205 ratione
902 5152 983 5205 his
1021 5153 1086 5207 de
1126 5154 1283 5208 rebus
1326 5156 1561 5210 instituta
1600 5160 1770 5212 oratio
1809 5159 1872 5213 ad
1914 5162 2114 5215 exitum

520 5240 748 5295 deducta
777 5244 863 5296 sit.
900 5246 1002 5298 Sed
1034 5247 1154 5314 quia
1184 5246 1369 5311 hodie,
1405 5249 1592 5303 fratres
1613 5291 1628 5315 ,
1658 5252 1768 5320 ipse
1796 5252 1905 5305 ltex
1935 5255 2116 5322 gloria:

522 5347 737 5389 crucem
769 5349 917 5388 suam
951 5342 1322 5404 pra-nuntiavit
1347 5384 1359 5404 ,
1392 5344 1776 5414 etApostolus,
1804 5346 1999 5415 regiam
2029 5363 2116 5403 sc-

526 5439 696 5493 quens
723 5425 1022 5481 Servatoris
1055 5444 1239 5483 vocem
1265 5473 1279 5495 ,
1310 5432 1375 5485 de
1402 5448 1560 5488 cruce
1589 5433 1994 5505 philosophatus
2034 5449 2117 5493 est

524 5516 684 5584 (nam
725 5518 981 5576 Dominus
1019 5522 1293 5592 discipulis
1329 5526 1580 5582 dicebat:
1623 5529 1756 5584 Ecce
1798 5533 2116 5588 ascendimus

521 5606 914 5681 Jerosolymam,
939 5624 984 5667 et
1008 5613 1176 5670 Filius
1201 5617 1418 5670 hominis
1439 5620 1665 5675 tradetur
1684 5623 1734 5676 in
1758 5639 1936 5678 manus
1957 5624 2118 5678 inimi-

586 5783 661 5846 (α)
694 5783 869 5836 Collata
891 5802 999 5839 cum
1023 5789 1200 5842 Codice
1227 5797 1340 5853 Reg.
1371 5789 1508 5840 1658.

2217 3344 2393 3382 corum
2415 3324 2629 3400 [Matt/t.
2653 3323 2741 3379 20.
2768 3322 2856 3396 18]
2879 3341 2894 3390 ;
2924 3324 3115 3378 Paulus
3139 3339 3267 3377 vero
3292 3323 3503 3379 Galatas
3525 3324 3809 3393 obiurgans

2218 3420 2431 3487 scripsit
2460 3436 2472 3471 :
2507 3417 2632 3483 Quis
2661 3432 2746 3468 vos
2774 3415 3038 3486 fascinavit
3057 3457 3071 3481 ,
3109 3416 3290 3485 quibus
3320 3426 3438 3469 ante
3464 3417 3635 3469 oculos
3661 3413 3809 3470 Chri-

2221 3518 2325 3563 stus
2356 3508 2681 3578 pra'scriptus
2708 3515 2778 3559 est
2803 3507 2856 3558 in
2884 3506 3021 3559 vobis
3051 3504 3366 3574 cruciﬁxus?
3395 3501 3542 3574 [ϐαι.
3574 3505 3624 3558 5.
3653 3504 3707 3576 1]
3751 3506 3770 3577 )
3794 3548 3808 3571 ,

2223 3600 2473 3670 quoniam
2517 3599 2673 3668 igitur
2714 3607 2766 3652 et
2805 3598 2946 3666 regia
2987 3597 3192 3651 Domini
3223 3612 3322 3651 vox
3347 3638 3363 3664 ,
3391 3607 3446 3652 et
3476 3597 3646 3653 fidelis
3675 3598 3812 3651 servi

2223 3691 2464 3745 doctrina
2494 3729 2507 3751 .
2555 3689 2716 3758 regiis
2757 3685 3011 3743 insistunt
3047 3689 3279 3758 vestigiis
3306 3731 3320 3755 ,
3360 3704 3539 3759 opera:
3582 3692 3813 3758 pretium

2223 3781 2492 3847 existimo,
2523 3794 2622 3835 nos
2648 3780 2807 3834 etiam
2836 3796 2932 3850 pro
2955 3780 3090 3834 virili
3119 3781 3185 3835 de
3209 3781 3467 3836 dominica
3497 3796 3656 3836 cruce
3682 3799 3814 3836 con-

2223 3883 2476 3929 sentanea
2509 3873 2650 3943 loqui
2674 3915 2686 3935 ,
2717 3889 2822 3926 non
2852 3882 2906 3926 ut
2936 3872 3243 3941 dignitatem
3277 3872 3418 3926 illam
3447 3874 3775 3943 attingamus
3799 3915 3811 3936 ,

2223 3964 2318 4020 sed
2363 3973 2420 4018 ut
2461 3977 2560 4033 pro
2588 3963 2721 4017 virili
2754 3975 2933 4016 nostra
2964 3964 3200 4017 debitum
3243 3963 3629 4032 persolvamus.
3677 3964 3815 4030 Quid

2224 4057 2383 4126 igitur
2407 4058 2482 4110 ait
2506 4055 2762 4110 Servator
2783 4057 2805 4109 ?
2835 4056 2964 4109 Ecce
2991 4057 3303 4108 ascendimus
3327 4054 3706 4126 Jerosolymam
3728 4098 3742 4119 ,
3772 4067 3818 4110 et

2227 4147 2392 4203 Filius
2441 4149 2658 4201 hominis
2702 4149 2944 4201 tradetur.
3003 4149 3249 4202 Pucdicit
3298 4149 3600 4217 passionem
3645 4148 3819 4202 victor

2225 4239 2447 4306 mortis;
2475 4249 2687 4294 crucem
2717 4239 3054 4309 prurnuntiat,
3078 4241 3165 4308 qui
3193 4254 3351 4293 cruce
3375 4253 3604 4292 mortem
3627 4239 3819 4292 di55ol-

2223 4331 2297 4385 vit
2328 4348 2340 4382 :
2369 4342 2637 4385 certamen
2661 4331 2998 4400 pratuuutiat,
3024 4338 3081 4383 ut
3106 4329 3381 4382 victoriam
3411 4329 3687 4396 prmdicet.
3725 4329 3819 4382 llic

2223 4437 2410 4476 rursus
2442 4421 2504 4475 ad
2540 4421 2935 4491 intelligendam
2967 4421 3171 4474 Domini
3202 4434 3384 4473 vocem
3421 4421 3657 4472 animum
3693 4435 3821 4473 con-

2222 4522 2392 4567 verte.
2425 4512 2559 4566 Vide
2587 4524 2780 4581 quanta
2805 4527 2923 4565 cum
2951 4511 3266 4565 auctoritate
3294 4509 3470 4564 dicat:
3495 4510 3625 4564 Ecce
3645 4528 3824 4564 ascen-

2225 4604 2390 4655 dimus
2416 4601 2805 4672 Jerosolymam,
2837 4613 2881 4655 et
2909 4601 3075 4654 Filius
3108 4602 3322 4655 hominis
3349 4602 3598 4666 tradetur,
3626 4612 3679 4653 ut
3709 4619 3823 4654 cru-

2225 4692 2478 4762 ciﬁgatur.
2525 4691 2624 4759 Qui
2659 4693 2771 4745 lucc
2804 4691 3085 4759 pratdicit,
3129 4691 3182 4744 in
3224 4691 3336 4760 ipso
3376 4693 3674 4746 certamine
3717 4692 3821 4761 jam

2223 4785 2541 4838 constitutus
2579 4783 2890 4853 dignitatem
2934 4785 3264 4838 auctoritatis
3304 4792 3512 4847 mutat,
3556 4793 3824 4852 negatque

2224 4876 2534 4946 dignitatem
2566 4877 2853 4930 divinitatis
2891 4891 3001 4932 sua:
3030 4877 3214 4931 dicens
3245 4895 3256 4928 :
3292 4875 3447 4929 Pater
3468 4919 3481 4939 ,
3512 4878 3556 4929 si
3585 4878 3826 4944 possibile

2223 4976 2329 5029 est,
2359 4977 2578 5021 transeat
2617 4985 2647 5020 a
2676 4985 2752 5020 me
2777 4969 2912 5021 calix
2937 4971 3034 5020 iste
3067 4968 3294 5038 (Matth.
3336 4967 3425 5021 26.
3459 4967 3527 5022 39
3550 4967 3588 5036 ).
3627 4971 3823 5022 Annon

2227 5061 2624 5129 repugnantiam
2675 5059 3099 5113 animadvertis?
3147 5060 3566 5114 lncarnationem
3618 5063 3821 5129 Cogita.

2224 5148 2326 5205 Sed
2373 5152 2436 5204 ad
2482 5152 2810 5220 propOSitum
2855 5149 3161 5204 redeamus.
3214 5151 3496 5218 Discipulis
3533 5152 3657 5203 ait:
3694 5151 3827 5204 Ecce

2223 5243 2539 5296 ascendimus
2577 5243 2983 5310 Jerosolymam,
3020 5252 3064 5295 et
3103 5241 3267 5296 Filius
3309 5244 3524 5296 hominis
3565 5246 3826 5296 tradetur.

2225 5331 2357 5386 Vide
2385 5348 2539 5401 quam
2565 5343 2720 5386 caute
2751 5333 3011 5401 loquatur.
3043 5332 3174 5385 Cum
3209 5335 3507 5400 passionem
3538 5335 3825 5401 praedicat.

2222 5423 2506 5477 humanam
2539 5424 2776 5478 ostendit
2805 5433 3045 5477 naturam
3064 5465 3077 5488 ,
3107 5422 3272 5478 Filius
3302 5426 3518 5478 hominis
3559 5427 3822 5479 tradetur.

2223 5513 2433 5570 Etenim
2479 5527 2674 5581 corpus
2699 5513 2906 5567 visibile
2933 5514 3463 5583 patitur;divinitatis
3485 5528 3617 5566 vero
3641 5515 3823 5585 digni-

2223 5613 2323 5667 tas,
2345 5621 2462 5674 qurc
2487 5605 2831 5675 intelligendo
2853 5607 3153 5676 percipitur,
3182 5607 3344 5660 vitam
3367 5606 3537 5660 aﬂert.
3562 5605 3634 5660 Et
3660 5609 3825 5678 figunt

2223 5697 2438 5766 quidem
2469 5698 2708 5766 corporis
2730 5739 2743 5762 ,
2779 5697 2998 5762 fratres,
3032 5707 3202 5752 morte
3231 5697 3453 5752 solvitur
3477 5714 3489 5760 ;
3517 5696 3702 5764 virtus
3731 5716 3825 5754 au-

2221 5799 2326 5844 tem
2362 5790 2706 5846 iuhsbitantis
2737 5791 2786 5847 id
2816 5791 2958 5862 quod
2994 5793 3224 5846 solutum
3269 5797 3384 5846 erat
3423 5790 3649 5847 excitat.
3711 5795 3826 5863 lpse
