3976 6218
583 387 688 442 501

577 482 762 550 φύσιν.
816 483 873 536 Ὀ
903 482 1038 547 -Υἰὸς
1065 486 1160 539 τοῦ
1203 486 1490 558 ἀνθρώπου
1535 486 1904 558 παραδίδοται.
1953 489 2159 562 Πάσχει

577 567 690 635 γάρ
725 565 786 617 τὸ
815 567 1136 635 φαινόμενον
1170 568 1329 638 σῶμα
1349 611 1364 634 ,
1413 567 1666 632 ζωοποιεῖ
1701 570 1758 622 δὲ
1785 571 1846 622 τὸ
1877 572 2162 642 νοούμενον

577 650 678 717 τῆς
717 647 968 718 θεότητος
998 649 1233 720 ἀξίωμα.
1263 653 1372 705 Καὶ
1411 652 1596 705 λύεται
1637 655 1754 722 μὲν,
1797 654 2031 722 ἀδελφοὶ,
2067 655 2162 708 θα-

579 734 724 801 νάτῳ
746 732 805 784 τὸ
836 732 1020 802 σχῆμα
1046 734 1140 786 τοῦ
1167 735 1418 804 σώματος
1441 752 1454 767 ·
1483 738 1689 806 ἐγείρει
1725 738 1783 791 δὲ
1813 739 1874 791 τὸ
1905 757 2161 809 Αυομενον

575 817 608 881 ή
641 814 734 866 τοῦ
763 815 1095 879 ἐνοικοῦντος
1117 817 1363 888 δύναμις.
1391 821 1561 882 Αὐτὸς
1590 816 1656 890 ἦν
1685 823 1713 873 6
1739 821 1994 890 λυόμενος
2023 824 2160 875 κατὰ

574 909 636 950 το
667 897 844 967 σῶμα,
871 900 1030 963 αὐτὸς
1055 901 1284 972 ἐγείρων
1307 903 1366 955 τὸ
1392 903 1648 972 λυόμενον
1668 904 1807 956 κατά
1828 905 1888 958 τὸ
1911 906 2154 974 Πνεῦμα.

576 981 814 1037 Λύσατε
835 981 965 1051 γὰρ,
993 985 1146 1052 φησί,
1172 983 1279 1036 τὸν
1310 985 1460 1038 ναὸν
1483 985 1716 1050 τοῦτον,
1747 987 1843 1039 καί
1867 988 1936 1040 ἐν
1963 989 2160 1055 τρισίν

574 1064 822 1131 ἡμέραις
859 1063 1039 1132 ἐγερῶ
1068 1067 1274 1120 αὐτόν.
1317 1067 1462 1120 Ἰδοὺ
1491 1069 1890 1137 ἀναϐαίνομεν
1931 1072 2018 1136 εἰς
2067 1071 2159 1122 Ἰει

567 1148 901 1215 ροσόλιιμα.
929 1148 1148 1219 Χριστῷ
1173 1149 1595 1214 ἀκολουθοῦντας
1621 1151 1720 1203 οὐκ
1753 1151 1898 1204 ἐστιν
1921 1153 2156 1221 οὐδαμοῦ

573 1229 871 1292 κατελθεῖν,
910 1230 1023 1282 ἀλλ’
1072 1231 1280 1284 ἀνιέναι
1330 1233 1417 1286 διὰ
1459 1235 1678 1295 παντός.
1733 1234 1940 1297 ’Ἄλλως
1969 1253 2027 1288 τε
2066 1236 2158 1287 καὶ

574 1312 849 1382 αἰσθητῶς
876 1314 908 1382 ή
944 1312 1062 1375 ὁδὸς
1093 1313 1200 1366 ἀπὸ
1237 1315 1445 1385 ’ἰεριχὼ
1478 1317 1557 1379 είς
1597 1317 1947 1387 Ἰεροσόλυμα
1975 1318 2158 1370 ἄνοδον

571 1395 705 1467 εἶχε,
735 1399 827 1451 καὶ
847 1417 898 1451 νς
913 1400 1053 1463 ητῶς
1077 1400 1138 1453 τὸ
1159 1401 1328 1464 πάθος
1350 1403 1442 1455 ἐπὶ
1461 1403 1558 1474 τὴν
1585 1403 1768 1457 ἄνοδον
1795 1406 1896 1475 τῆς
1921 1406 2152 1459 ἀναστά-

573 1499 710 1544 σεως
753 1481 964 1552 ἔφερεν.
1033 1484 1202 1556 Ἀδὰμ
1246 1486 1354 1557 γάρ
1390 1486 1482 1538 τὸν
1515 1489 1594 1550 εἰς
1639 1488 1767 1558 ᾅδου
1808 1489 2042 1543 πεσόντα
2077 1491 2157 1553 εἰς

569 1565 798 1636 οὐρανὸν
840 1565 1183 1630 ἀνεκαλεῖτο,
1218 1570 1311 1622 καὶ
1338 1569 1436 1639 τὴν
1475 1572 1650 1640 χαμαὶ
1681 1573 1939 1642 κειμένην
1973 1573 2156 1626 εἰκόνα

571 1650 651 1710 εἰς
679 1649 812 1717 ὕψος
843 1649 1135 1719 ἀνήγαγεν.
1169 1652 1596 1721 Ἀναϐαίνομεν
1633 1657 1720 1720 είς
1752 1656 2151 1724 Ἰεροσόλυμα.

572 1733 743 1785 Ὅπου
769 1732 921 1797 Θεὸς,
952 1735 1069 1787 ὲκεῖ
1096 1736 1298 1805 ἀρετῆς
1328 1737 1590 1800 ἀνάϐασις
1614 1754 1627 1768 ·
1658 1738 1791 1790 ὅπου
1828 1739 2016 1803 κακία,
2041 1742 2157 1793 ἐκεῖ

568 1816 918 1886 παρανομίας
947 1817 1268 1880 κατάϐασις.
1294 1818 1392 1870 Διά
1424 1816 1582 1871 τοῦτο
1609 1836 1674 1871 πε
1686 1820 1738 1888 pl
1769 1820 1868 1890 μὲν
1897 1821 2004 1874 τῶν
2033 1825 2152 1876 κατ’

565 1897 766 1968 ἀρετὴν
791 1899 1220 1970 πολιτευομένων
1253 1901 1417 1971 φησιν
1442 1903 1472 1954 6
1501 1901 1680 1954 Δαυῖδ·
1707 1903 1990 1970 Μακάριοι
2013 1904 2155 1957 πάν-

565 1997 665 2045 τες
690 1984 742 2036 οι
775 1983 1194 2049 κατοικοῦντες
1217 1985 1286 2037 έν
1311 1984 1389 2049 τῷ
1417 1985 1560 2052 οἴκῳ
1591 1999 1727 2039 σουο
1749 1989 1836 2052 εἰς
1863 1987 2002 2053 τοὺς
2029 1987 2154 2040 αίῶ-

564 2080 677 2129 νας
706 2065 826 2117 τῶν
844 2065 1074 2119 αἰώνων
1098 2067 1417 2121 αἰνέσουσί
1436 2082 1528 2120 σε.
1554 2067 1856 2136 Μακάριος
1881 2069 2057 2136 ἀνὴρ,
2079 2065 2150 2125 οὗ

565 2146 736 2198 ἐστιν
780 2147 1103 2217 ἀντίληψις
1152 2148 1310 2214 αὐτῷ
1347 2150 1505 2216 παρὰ
1542 2151 1692 2204 σοῦ·
1728 2153 1788 2204 al
1832 2151 2151 2219 ἀναϐάσεις

565 2240 682 2281 σου
709 2228 777 2282 ἐν
802 2229 876 2298 τῇ
905 2231 1116 2299 καρδίᾳ
1154 2234 1357 2287 αὐτοῦ.
1398 2237 1464 2286 Al
1487 2231 1811 2300 ἀναϐάσεις
1839 2248 1975 2298 σου,
1995 2252 2149 2287 τουτ-

563 2311 733 2374 έστιν,
776 2315 825 2365 οί
880 2315 1125 2378 εὐσεϐεῖς
1171 2317 1265 2368 καὶ
1308 2317 1605 2387 ἀνηγμένοι
1655 2316 1937 2385 λογισμοὶ,
1983 2320 2030 2370 οἰ
2072 2321 2151 2380 εἰς

565 2393 698 2462 ῦψος
723 2396 1015 2464 ἀνάγοντες
1044 2399 1170 2460 τοὺς
1199 2398 1379 2461 καλῶς
1406 2398 1532 2469 περὶ
1557 2398 1692 2451 Θεοῦ
1715 2399 2145 2469 διανοουμένους.

567 2478 754 2531 Ἔστιν
779 2475 872 2532 οῦν
903 2481 1018 2543 ὁδὸς
1043 2480 1191 2552 [515]
1217 2481 1569 2552 σωφροσύνης
1594 2483 1674 2545 εἰς
1705 2482 1835 2550 ὕψος
1851 2484 2146 2548 ἀνάγουσα,

563 2559 680 2623 ὁδὸς
713 2561 1060 2632 δικαιοσύνης
1101 2565 1180 2626 εἰς
1219 2563 1352 2632 ῦψος
1398 2565 1639 2634 φέρουσα
1662 2579 1676 2594 ⁸
1725 2565 1818 2618 καὶ
1857 2567 2037 2632 πᾶσα,
2074 2569 2149 2630 ὼς

562 2647 755 2705 εἰπεῖν,
795 2647 911 2710 ὁδὸς
936 2647 1218 2709 εὐσεϐείας
1250 2649 1329 2708 εἰς
1361 2648 1421 2699 τὸ
1456 2647 1587 2715 ὕψος
1617 2650 1792 2700 ἐκεῖνο
1819 2652 2151 2718 χειραγωγεῖ

561 2725 653 2779 τὸν
697 2727 972 2796 φιλόθεον,
1009 2730 1135 2799 περὶ
1171 2722 1231 2780 οῦ
1267 2729 1449 2797 ἔλεγον
1483 2731 1531 2781 οἱ
1571 2729 1681 2781 ἀπὸ
1717 2730 1904 2782 ὲθνῶν⁶
1939 2731 2146 2794 Δεῦτε,

561 2810 940 2878 πορευθῶμεν
975 2813 1062 2877 είς
1096 2811 1159 2864 τὸ
1200 2812 1336 2877 ὄρος
1369 2811 1476 2864 τοῦ
1507 2812 1756 2879 Κυρίου,
1791 2813 1888 2865 καί
1925 2815 2012 2878 είς
2045 2814 2150 2866 τὸν

560 2887 731 2945 οἷκον
755 2893 861 2947 τοῦ
897 2894 1043 2948 Θεοῦ
1084 2892 1298 2947 Ἰακώϐ.
1339 2894 1512 2947 Ὅπου
1539 2894 1639 2964 μὲν
1663 2894 1947 2958 εὐσεϐείας
1969 2895 2146 2963 λόγος,

558 2976 677 3029 ἐκεῖ
702 2975 796 3029 καὶ
826 2975 1012 3038 ἄνοδος
1045 2988 1092 3016 ⁸·
1131 2978 1265 3030 ὅπου
1288 2975 1343 3028 δὲ
1381 2977 1551 3029 κακία
1570 3015 1586 3039 ,
1627 2976 1928 3040 κατάϐασις
1960 2977 2146 3047 ὁμολο⁹

558 3059 820 3128 γουμένη.
849 3060 958 3112 Καὶ
1005 3063 1270 3130 μαρτυρεῖ
1308 3061 1472 3112 Δαυῒδ
1513 3063 1541 3113 6
1602 3062 1888 3131 προφήτης
1935 3061 2141 3129 λέγων·

570 3142 783 3195 Ῥῦσαί
807 3159 883 3211 με
929 3143 1047 3197 ἀπὸ
1081 3143 1198 3195 τῶν
1241 3143 1721 3196 καταϐαινόντων
1760 3145 1846 3207 εἰς
1876 3142 2140 3197 λάκκονο

559 3223 654 3275 καὶ
683 3223 863 3286 πάλιν,
907 3224 958 3276 Ὀ
979 3223 1152 3291 ὑψῶν
1166 3242 1243 3292 με
1260 3225 1327 3277 ὲκ
1352 3225 1467 3276 τῶν
1493 3223 1701 3277 πυλῶν
1730 3225 1834 3277 τοῦ
1865 3225 2141 3296 θανάτου.

561 3304 722 3357 Ὥστε
755 3306 875 3359 οὐδὲ
900 3306 979 3369 τὸ,
1021 3308 1454 3374 Ἀναϐαίνομεν,
1493 3308 1765 3376 περιττόν.
1811 3306 1964 3360 Ἰδοὺ
2005 3309 2145 3361 ἀνα-

558 3388 858 3456 ϐαίνομεν.
890 3390 1082 3442 Καίτοι
1108 3391 1266 3459 μόνος
1296 3391 1458 3452 αὐτὸς
1485 3391 1576 3442 ἐπὶ
1607 3389 1666 3441 τὸ
1699 3389 1869 3453 πάθος
1903 3389 2140 3460 ἔρχεται.

557 3471 656 3524 Διά
672 3473 723 3524 τί
748 3467 840 3525 οὖν
862 3472 1075 3535 κοινῶς,
1117 3473 1574 3540 Ἀναϐαίνομεν;
1605 3472 1727 3524 Ὀτι
1759 3471 1820 3524 τὸ
1847 3471 1947 3541 μὲν
1973 3473 2144 3536 πάθος

559 3553 710 3623 ἐμὸν,
759 3554 913 3625 κοινὴ
943 3555 1001 3607 δὲ
1044 3555 1260 3606 πάντων
1297 3553 1599 3621 ἀνθρώπων
1643 3556 1675 3622 ή
1726 3555 1994 3625 σωτηρία.
2045 3555 2142 3608 Διά

556 3635 712 3689 τοῦτο
764 3637 792 3687 6
831 3635 973 3698 θεῖος
1015 3635 1334 3697 Ἀπόστολος
1377 3635 1474 3704 τὴν
1509 3635 1758 3700 γενναίαν
1803 3637 2015 3706 ἐκείνην
2051 3637 2142 3689 καί

554 3717 833 3787 θαύματος
855 3717 1058 3788 μεστὴν
1078 3717 1274 3788 ἔρρηξε
1309 3716 1488 3786 φωνήν
1508 3715 1582 3777 ὡς
1622 3716 1822 3787 ἀρτίως
1846 3719 2138 3786 ἀκηκόατεο

561 3798 644 3863 Τῷ
664 3798 891 3868 Χριστῷ
912 3801 1420 3866 συνεσταύρωμαι.
1449 3796 1540 3850 Ζῶ
1562 3797 1648 3862 δὲ,
1680 3799 1877 3853 οὐκέτι
1906 3800 2038 3868 ἐγὼ.
2069 3801 2139 3870 (ᾖ

554 3881 622 3933 δὲ
648 3883 717 3934 έν
748 3881 878 3951 ἐμοί
912 3883 1183 3950 Χριστός.
1225 3881 1433 3942 Ἀλλως
1461 3898 1551 3943 τε,
1592 3880 1870 3952 βουληθεὶς
1907 3885 2141 3948 ἐνδείξα-

557 3965 681 4017 σθαι
713 3965 806 4017 καὶ
840 3964 932 4017 τὸν
961 3964 1173 4035 καρπὸν
1202 3963 1294 4016 τοῦ
1341 3962 1601 4033 σταυροῦ,
1637 3965 1912 4033 ἐπήγαγεν
1941 3966 2139 4030 εὐθέως

554 4045 642 4100 διά
671 4046 777 4099 τῶν
809 4045 1029 4114 ὲφεξῆςο
1059 4046 1312 4113 Χριστὸς
1339 4043 1498 4112 ἡμᾶς
1529 4045 1902 4114 ἐξηγόρασεν
1930 4048 1998 4101 ἐκ
2028 4046 2138 4116 τῆς

553 4127 815 4195 κατάρας
834 4129 938 4182 τοῦ
957 4129 1164 4195 νόμου,
1188 4129 1510 4196 γενόμενος
1531 4128 1683 4196 ὑπὲρ
1701 4128 1870 4197 ἡμῶν
1891 4130 2132 4199 κατάρα’

551 4211 864 4283 γέγραπται
903 4212 1040 4280 γάρ’
1071 4210 1527 4278 Ἐπικατάρατος
1562 4211 1682 4276 πᾶς
1708 4215 1741 4266 ό
1766 4214 2135 4283 κρεμάμενος

550 4293 652 4346 ἐπὶ
679 4293 890 4358 ξύλου.

621 4375 687 4445 β’.
731 4375 993 4430 Ἐνταῦθά
1033 4393 1123 4445 μοι
1154 4375 1385 4446 πρόσεχε
1424 4375 1666 4446 ἀκριϐῶς
1692 4376 1784 4429 τὸν
1805 4379 1947 4444 νοῦν,
1971 4379 2042 4448 μή
2075 4395 2133 4430 σε

548 4457 786 4530 διαφύγῃ
816 4461 914 4529 τῆς
943 4458 1201 4529 ἀληθείας
1244 4459 1305 4511 τὸ
1335 4459 1578 4530 θήραμα.
1626 4459 1984 4523 Ἀντιλέξουσι
2026 4460 2133 4528 γὰρ

550 4541 751 4605 εὐθέως
792 4540 1051 4608 Ἰουδαῖοι,
1081 4543 1209 4612 περὶ
1234 4535 1308 4595 ὧν
1328 4559 1491 4612 φησιν
1519 4543 1547 4594 ό
1575 4540 1809 4604 Παῦλος,
1846 4543 2133 4609 0ὶὲχοροί

548 4628 655 4682 τοῦ
682 4627 947 4696 σταυροῦ
979 4628 1086 4682 τοῦ
1109 4628 1385 4696 Χριστοῦ,
1419 4623 1506 4681 ὧν
1535 4629 1600 4681 τὸ
1629 4627 1801 4694 τέλος
1829 4628 2092 4682 ἀπώλεια
2112 4667 2128 4692 ,

549 4715 641 4767 καί
671 4714 885 4785 ἐροῦσιν
905 4715 1016 4767 ἔσθ’
1039 4716 1127 4769 ὅτε
1158 4717 1294 4786 πρὸς
1316 4716 1440 4778 τοὺς
1470 4715 1781 4786 ἀκεραίους·
1809 4717 1871 4768 Εἰ
1903 4718 2130 4769 ἐπικατο

548 4797 750 4867 ἀρατος
797 4800 825 4850 6
865 4799 1242 4869 κρεμάμενος,
1297 4798 1413 4860 πῶς
1443 4798 1551 4850 ἀπὸ
1592 4797 1682 4850 τοῦ
1724 4799 2129 4869 ὲπικαταράτου

548 4879 794 4946 εὐλογίαν
824 4897 903 4933 σοι
938 4880 1252 4949 δοθήσεσθαι
1289 4879 1624 4950 προσδοκᾷςς
1663 4879 1780 4942 πῶς
1809 4881 1864 4932 δὲ
1889 4881 1996 4934 ἀπὸ
2035 4881 2127 4933 τοῦ

547 4959 759 5030 θανάτῳ
791 4962 1154 5024 ύποπεσόντος
1177 4962 1320 5030 ζωήν
1342 4962 1628 5030 ἀναμένεις
1650 4978 1664 5024 ;
1687 4963 1758 5014 T6
1782 4964 2127 5034 φαινόμενον,

545 5043 619 5106 ὡς
641 5045 733 5096 καὶ
748 5045 906 5107 αὑτός
929 5061 1088 5115 φησιν
1110 5045 1138 5085 ι’
1160 5048 1187 5098 6
1206 5045 1520 5108 διδάσκαλος
1540 5045 1693 5115 ἡμῶν
1718 5046 1926 5110 Παῦλος
1945 5087 1957 5108 ,
1982 5047 2128 5116 ὠμο-

545 5124 758 5195 λόγησε,
780 5127 989 5197 κατάρα
1014 5128 1147 5179 ὲστί·
1165 5128 1498 5197 Γέγραπται
1515 5127 1643 5195 γάρ·
1669 5129 2128 5196 Ἐπικατάρατος

544 5211 578 5261 ό
617 5209 983 5277 κρεμάμενος
1025 5210 1121 5263 ἐπὶ
1152 5211 1363 5272 ξύλου.
1394 5212 1456 5263 Εἰ
1484 5213 1665 5263 τοίνυν
1700 5212 2003 5282 γέγραπται
2035 5213 2127 5264 καί

549 5291 1005 5362 μεμαρτύρηται,
1057 5293 1172 5355 πῶς
1201 5293 1309 5348 ἀπὸ
1343 5293 1440 5346 τοῦ
1474 5294 1873 5363 ὲπικαταράτου
1912 5295 2126 5363 εὐλογία

543 5375 746 5429 δίδοται
772 5379 884 5438 τοῖς
907 5376 995 5428 τὸν
1033 5376 1262 5444 σταυρὸν
1304 5377 1662 5446 περιέπουσι;
1706 5377 1889 5430 Ταῦτα
1922 5380 2008 5430 ἀεὶ
2033 5379 2123 5430 καὶ

542 5459 811 5530 προτείνει
837 5459 926 5512 καὶ
942 5460 1088 5527 λέγει
1117 5459 1383 5522 Ἰουδαῖος,
1400 5463 1426 5512 6
1444 5461 1632 5530 ἐχθρὸς
1657 5459 1750 5512 τοῦ
1779 5461 2008 5529 σταυροῦ
2032 5463 2123 5516 τοῦ

542 5542 798 5612 Χριστοῦ.
829 5541 1035 5596 Οὐκοῦν
1060 5540 1154 5595 ὲάν
1175 5541 1302 5611 εἴπῃ
1329 5541 1462 5612 πρὸς
1487 5543 1564 5606 σὲ,
1592 5544 1714 5605 Πῶς
1735 5546 1763 5596 6
1786 5544 2124 5613 ὲπικατάραο

541 5640 634 5688 τος
671 5624 917 5695 εὐλογίαν
950 5626 1196 5693 δίδωσιν;
1230 5624 1350 5678 εἰπὲ
1379 5622 1546 5693 αὐτῷ,
1581 5624 1704 5688 Πῶς
1751 5628 1807 5678 ὲν
1836 5629 1904 5697 τῇ
1934 5629 2124 5697 ἐρήμῳ

607 5750 634 5814 _‘
654 5749 778 5814 Reg.
799 5751 918 5799 ὅπου
940 5752 1022 5814 μὲν
1041 5751 1257 5814 ἀληθείας
1276 5752 1430 5814 λόγος,
1447 5751 1558 5814 ἐκεῖ
1581 5750 1660 5797 καί
1679 5751 1915 5810 εὐσεϐείας
1937 5751 2118 5808 ἄνοδος.

609 5810 639 5852 δ
660 5810 758 5862 Aul
782 5810 950 5875 φησιν,
966 5818 1051 5865 aut
1073 5810 1354 5876 ὡμολόγησε
1377 5811 1663 5863 delendum.

2027 378 2392 436 SEVERIANI

3737 385 3845 441 502

2271 494 2320 546 οἰ
2337 493 2488 561 ὄφεις
2523 492 2743 546 ἔδακνόν
2779 509 2871 546 σου
2904 494 3027 556 τοὺς
3055 491 3371 563 προγόνους,
3397 491 3577 544 εἰκόνα
3598 487 3654 544 ὸε
3672 490 3846 558 ὄφεως

2269 576 2474 645 χαλκῆν
2529 576 2762 645 ποιήσας
2801 577 3039 644 Μωῦσῆς
3105 574 3502 644 ἀνεσταύρωσε,
3555 573 3648 626 καί
3702 569 3844 634 εἶπε,

2269 657 2398 722 Πᾶς
2421 661 2452 712 ό
2477 659 2721 725 δηχθείς
2753 659 2872 713 ὑπὸ
2902 659 3006 710 τοῦ
3027 658 3210 725 ὄφεως
3235 656 3572 724 προσεχέτω
3603 653 3679 720 τῷ
3696 655 3843 722 ὄφει,

2268 741 2367 794 καί
2395 741 2769 808 σωθήσεται;
2819 741 2930 793 Καὶ
2961 741 3034 803 τί,
3071 741 3221 807 φησι,
3263 739 3422 790 τοῦτο
3455 737 3587 807 πρὸς
3619 739 3676 789 τὸ
3709 755 3843 804 προ-

2268 823 2550 890 κείμενονς
2610 823 2768 876 Ἀλλά
2816 823 2910 875 καὶ
2961 823 3164 892 σφόδρα
3212 821 3558 872 οἰκειότατον.
3621 820 3688 870 Ἢ
3749 821 3847 870 οὐκ

2267 905 2506 974 ήκουσας
2534 905 2628 957 τοῦ
2655 905 2788 958 Θεοῦ
2814 905 3080 970 λέγοντος,
3123 902 3582 968 Ἐπικατάρατος
3618 902 3697 953 σὺ
3727 901 3844 954 ἀπὸ

2267 986 2508 1041 πάντων
2531 987 2648 1040 τῶν
2672 988 2890 1054 θηρίων
2918 985 3024 1052 τῆς
3058 985 3200 1056 γῆς
3229 984 3352 1047 Πῶς
3379 981 3470 1037 οῦν
3511 987 3543 1053 ή
3570 983 3731 1035 εἰκὼν
3755 983 3844 1034 τοῦ

2267 1073 2671 1141 ὲπικαταράτου
2695 1072 2836 1142 ζωὴν
2860 1073 3055 1141 ήνεγκε
3088 1073 3199 1134 τοῖς
3226 1069 3510 1140 ὑμετέροις
3533 1069 3843 1137 προγόνοις;

2279 1153 2670 1224 ’Λναλαμϐάνω
2705 1155 2765 1206 τὸ
2791 1155 2962 1226 ῥῆμα,
2987 1155 3074 1206 ἵνα
3114 1155 3293 1222 στήσω
3321 1152 3378 1204 τὸ
3403 1151 3602 1220 νόημα.
3632 1151 3846 1205 Εξᾶττο·

2267 1235 2360 1305 ρόν
2401 1253 2480 1290 σοι
2513 1239 2790 1307 νομίζεται
2833 1236 2925 1289 τοῦ
2957 1237 3355 1305 ὲπικαταράτου
3391 1245 3415 1273 α
3450 1235 3701 1302 εὐλογίαν
3747 1252 3849 1304 ιιτη⁴

2265 1318 2430 1385 γάσαι
2465 1320 2966 1389 (Ἐπικατάρατος
3002 1323 3110 1389 γὰρ
3149 1319 3266 1383 πᾶς
3294 1320 3327 1371 ὀ
3354 1319 3721 1386 κρεμαμένος
3754 1318 3848 1370 ὲπί

2267 1401 2504 1468 ξύλου),
2557 1404 2677 1466 πῶς
2710 1405 2742 1474 ή
2780 1402 2942 1457 εἰκὼν
2972 1403 3064 1456 τοῦ
3098 1402 3270 1470 ὄφεως
3297 1399 3389 1454 τοῦ
3418 1401 3844 1470 ἑπικαταράτου,

2263 1482 2322 1545 ὃς
2354 1483 2606 1552 ήκουσεν,
2639 1486 3094 1553 Ἐπικατάρατος
3107 1485 3185 1538 σὺ
3204 1483 3320 1538 ἀπὸ
3347 1483 3589 1537 πάντων
3605 1481 3724 1534 τῶν
3746 1489 3847 1549 θη-

2254 1565 2426 1632 ρίων,
2456 1568 2655 1637 ήνεγκε
2681 1568 2758 1638 τῷ
2780 1569 2894 1639 λαῷ
2924 1571 2982 1622 ὲν
3007 1568 3260 1638 συμφορᾷ
3285 1567 3520 1636 κειμένῳ
3546 1566 3648 1635 τήν
3674 1582 3846 1635 σωτη-

2263 1648 2416 1718 ρίαν;
2445 1645 2590 1719 Ἀρα
2624 1652 2724 1704 οὐκ
2756 1647 2824 1720 ἦν
2869 1649 3309 1719 ἀξιοπιστότερον
3359 1650 3552 1709 εἰπεῖν,
3603 1648 3734 1701 Ἐάν
3767 1665 3844 1709 τις

2262 1733 2417 1802 ὑμῶν
2444 1735 2638 1806 δηχθῇ,
2683 1737 2958 1809 ἀναϐλέψῃ
2987 1738 3066 1798 εἰς
3093 1736 3185 1788 τὸν
3228 1735 3454 1807 οὐρανὸν
3477 1735 3590 1789 ἀνω
3619 1736 3714 1787 ἐπὶ
3760 1734 3843 1786 τὸν

2261 1815 2412 1879 Θεὸν,
2438 1819 2529 1871 καὶ
2558 1819 2897 1890 σωθήσεται;
2929 1821 3014 1872 ἵνα
3035 1820 3090 1873 δὲ
3119 1819 3210 1872 καὶ
3237 1819 3296 1871 :6
3325 1820 3612 1890 προσέχειν
3636 1816 3843 1886 οὐρανῷ

2260 1901 2642 1974 παραλιε]ίπῃ.
2669 1902 2815 1976 [514]
2837 1905 2936 1956 οὐκ
2952 1902 3180 1973 ἠδύνατο
3198 1904 3388 1965 εἰπεῖν,
3409 1903 3532 1954 Ἐάν
3557 1919 3641 1965 τις
3653 1900 3840 1970 δηχθῇ.

2259 1981 2540 2056 ἀποϐλέψῃ
2567 1987 2646 2048 εἰς
2671 1985 2768 2055 τὴν
2795 1985 3014 2055 λυχνίαν
3035 1985 3128 2038 τοῦ
3153 1985 3348 2055 φωτὸς,
3386 1986 3475 2037 καὶ
3508 1984 3839 2054 σωθήσεται;

2258 2064 2594 2138 ῆάποϐλέψῃ
2651 2069 2730 2130 εἰς
2779 2069 2879 2138 τὴν
2904 2069 3184 2139 τράπεζαν
3229 2067 3328 2136 τῆς
3379 2067 3694 2135 προθέσεως
3740 2067 3840 2118 τῶν

2260 2147 2429 2213 ἀγίων
2477 2148 2679 2217 ἀρτων,
2702 2151 2798 2202 καὶ
2831 2150 3162 2220 σωθήσεται;
3188 2149 3220 2218 ἦ
3254 2151 3331 2212 εἰς
3352 2149 3411 2201 τὸ
3435 2149 3838 2216 θυσιαστήριον,

2258 2229 2291 2297 ἢ
2323 2232 2402 2292 εἰς
2428 2231 2489 2282 τὸ
2520 2233 2942 2302 καταπέτασμα,
2990 2232 3021 2302 ἢ
3053 2233 3131 2295 εἰς
3164 2231 3262 2301 τὴν
3286 2231 3536 2292 κιϐωτὸν,
3569 2232 3601 2299 ἢ
3638 2232 3718 2291 εἰς
3750 2229 3839 2298 τὴν

2258 2312 2442 2365 εἰκόνα
2473 2313 2581 2365 τῶν
2616 2314 2912 2384 Χερουϐὶμ,
2942 2313 2973 2382 ἢ
3005 2317 3083 2376 εἰς
3117 2314 3174 2365 τὸ
3211 2313 3556 2380 ἱλαστήριονς
3603 2313 3840 2364 Ἀλϊού-

2257 2392 2344 2445 δὲν
2367 2395 2570 2447 τούτων
2593 2397 2889 2465 εἰσήγαγεν
2918 2398 2946 2450 6
2977 2395 3269 2465 νομοθέτης
3303 2398 3330 2447 6
3363 2397 3557 2462 μέγας·
3581 2395 3718 2446 ἀλλά
3751 2395 3826 2464 μό

2257 2492 2356 2544 νην
2400 2477 2569 2546 ἔπηξε
2598 2477 2692 2530 τοῦ
2746 2477 2978 2550 σταυροῦ
3008 2479 3106 2546 τήν
3146 2477 3348 2539 εἰκόνα,
3383 2479 3477 2530 καὶ
3511 2477 3718 2546 ταύτην
3759 2477 3839 2527 διὰ

2263 2557 2348 2610 τοῦ
2379 2560 2780 2632 ὲπικαταράτου
2800 2561 2993 2629 ὄφεως.
3019 2560 3115 2613 Διά
3147 2561 3199 2612 τί
3228 2556 3340 2626 οῦν,
3361 2555 3405 2612 ὦ
3441 2561 3684 2622 Ἰουδαῖε,
3716 2558 3838 2612 ταῦ·

2254 2657 2322 2693 τα
2351 2645 2492 2695 ποιεῖ
2511 2645 2746 2713 Μωῡσῆς
2766 2661 2780 2708 ;
2802 2643 2889 2696 διὰ
2917 2643 2969 2694 τί
3000 2642 3222 2712 χωνεύει
3249 2643 3369 2710 ὄφιν
3391 2645 3418 2695 6
3439 2643 3613 2710 λέγων
3635 2643 3723 2694 διὰ
3748 2641 3838 2693 τοῦ

2256 2723 2441 2791 νόμου,
2478 2726 2558 2777 Οὐ
2619 2725 2895 2789 ποιήσεις
2949 2725 3239 2794 γλυπτὸν,
3299 2725 3441 2778 οὐδὲ
3490 2729 3837 2793 χι.)ιἐιντιἰ·;

2268 2805 2429 2858 Ἀλλά
2453 2805 2505 2858 τί
2525 2807 2698 2860 ταῦτα
2719 2808 2854 2877 πρὸς
2884 2807 2971 2858 τὸν
2997 2807 3287 2877 ἀγνώμονα
3319 2807 3623 2877 φθέγγομαι
3644 2808 3839 2870 mata-1

2255 2886 2443 2957 ἐρωτῶ
2472 2889 2562 2941 τὸν
2585 2889 2898 2958 νομοθέτην·
2931 2889 3064 2941 Εἰπέ
3088 2907 3199 2956 μοι,
3221 2883 3264 2940 ὧ
3288 2890 3576 2941 πιστότατε
3593 2890 3686 2941 τοῦ
3707 2888 3836 2940 Θεοῦ

2255 2971 2527 3042 θεράπων,
2560 2974 2587 3026 ὃ
2613 2974 2994 3044 ἀπαγορεύεις,
3045 2977 3249 3040 ποιεῖς;
3289 2975 3314 3026 ὅ
3355 2975 3705 3045 ἀνατρέπεις,
3735 2992 3837 3024 πα-

2254 3055 2642 3124 ρασκευάζειςς
2677 3059 2703 3109 6
2726 3057 2917 3124 λέγων.
2947 3056 3028 3110 Οὺ
3061 3057 3333 3122 ποιήσεις
3379 3057 3672 3125 γλυπτόν,
3701 3056 3838 3108 οὐδὲ

2254 3140 2573 3203 χωνευτὸν,
2630 3141 2695 3191 σὺ
2753 3139 3009 3208 χωνεύεις
3055 3141 3144 3191 καί
3197 3139 3418 3207 γλύφεις
3481 3141 3640 3206 ὄφιν;
3707 3139 3838 3190 Ἀλλ’

2253 3219 2432 3272 ἐκεῖνα
2463 3221 2560 3290 μὲν
2593 3222 2978 3292 ἐνομοθέτησα,
3015 3223 3195 3292 φησιν,
3226 3222 3311 3274 ἵνα
3335 3223 3432 3284 τὰς
3468 3221 3598 3284 ῦλας
3621 3223 3839 3288 ἐκκόψω

2251 3300 2350 3370 τῆς
2394 3303 2669 3366 ἀσεϐείας,
2716 3305 2808 3357 καί
2839 3305 2930 3356 τὸν
2959 3304 3084 3357 λαὸν
3121 3304 3306 3356 τοῦτον
3342 3306 3612 3370 άπαγάγω
3660 3305 3837 3371 πάσης

2250 3383 2710 3456 είδωλολατρείαςο
2739 3387 2855 3439 νυνί
2886 3387 2942 3438 δὲ
2979 3386 3199 3454 χωνεύω
3224 3386 3315 3437 τὸν
3336 3387 3480 3452 ὄφιν,
3512 3387 3596 3437 ἵνα
3630 3401 3835 3456 προτέ-

2250 3464 2418 3519 πώσω
2462 3467 2558 3537 τὴν
2601 3468 2783 3520 εἰκόνα
2811 3471 2907 3538 τῆς
2937 3467 3030 3518 τοῦ
3075 3466 3308 3537 σταυροῦ
3341 3468 3674 3537 οἰκονομίας·
3709 3485 3836 3538 πρ.-

2248 3549 2490 3618 ομαλίζω
2503 3552 2591 3602 τὸν
2621 3551 2818 3621 δρόμον
2846 3554 2957 3612 τοῖς
2992 3551 3326 3612 ἀποστόλοις·
3365 3551 3740 3619 προγυμνάζω
3779 3553 3835 3601 το

2251 3631 2391 3701 μέγα
2412 3633 2504 3684 καί.
2535 3634 2684 3698 ξένον
2724 3637 2898 3686 ἐκεῖνο
2923 3633 2981 3684 τὸ
3005 3632 3098 3684 τοῦ
3140 3631 3372 3703 σταυροῦ
3404 3631 3691 3702 σύμϐολον.
3718 3635 3834 3685 Ὀτι

2246 3712 2302 3764 δὲ
2329 3714 2388 3764 οὐ
2409 3713 2766 3784 βεϐιασμένος
2807 3716 2834 3766 6
2861 3715 3037 3781 λόγος,
3074 3715 3237 3767 ἄκουε
3268 3713 3360 3767 τοῦ
3389 3714 3592 3784 Κυρίου
3633 3716 3737 3783 τὴν
3765 3717 3836 3766 εἰ·

2247 3795 2379 3849 κόνα
2421 3797 2516 3866 τὴν
2547 3798 2780 3867 ἀρχαίαν
2814 3800 3028 3867 ἐκείνην
3063 3797 3424 3866 βεϐαιοῦντος,
3454 3798 3546 3850 καὶ
3594 3799 3679 3860 εἰς
3712 3799 3832 3850 ἑαυ-

2245 3878 2335 3930 τὸν
2389 3879 2880 3948 ἀναλαμϐάνοντος.
2942 3879 3238 3949 Νικοδήμῳ
3287 3881 3392 3949 γάρ
3413 3897 3516 3932 τινι
3562 3880 3833 3932 Ἰουδαίων

2244 3960 2465 4034 ἄρχοντι
2512 3963 2914 4033 διαλεγόμενος,
2941 3963 3016 4026 ὡς
3071 3962 3377 4031 διδασκάλῳ
3422 3963 3511 4015 τοῦ
3563 3961 3699 4013 λκοῦ
3745 3964 3833 4012 καὶ

2247 4043 2483 4097 συνιέναι
2522 4045 2803 4115 δυναμένῳ
2820 4047 2918 4114 τῆς
2935 4047 3246 4114 οἰκονομίας
3279 4046 3376 4114 τὴν
3403 4045 3654 4113 θεωρίαν,
3677 4044 3829 4110 φησί·

2241 4126 2352 4178 Καὶ
2377 4126 2568 4192 καθὼς
2598 4127 2859 4195 Μωῦσῆς
2896 4129 3106 4194 ὒψωσε
3131 4127 3237 4179 τὸν
3268 4127 3405 4192 ὄφιν
3427 4128 3492 4177 ἐν
3518 4124 3588 4192 τῇ
3609 4126 3832 4194 ἐρήμῳ,

2243 4209 2394 4262 οὕτω
2432 4209 2521 4262 δεῖ
2554 4210 2864 4278 ὑψωθῆναι
2901 4212 3003 4261 τὸν
3048 4208 3184 4260 Υίὸν
3217 4209 3322 4261 τοῦ
3351 4209 3691 4274 ἀνθρώπου,
3739 4211 3833 4260 Ira

2241 4288 2361 4355 πᾶς
2393 4293 2425 4344 ό
2455 4293 2755 4345 πιστεύων
2776 4296 2861 4357 εἰς
2887 4290 3167 4357 αὐτόνμὴ
3202 4291 3512 4356 ἀπόληται.
3554 4292 3698 4343 ἀλλ’
3720 4292 3834 4357 ἔχῃ

2241 4371 2392 4438 ζωὴν
2410 4372 2668 4426 αἰώνιον.
2693 4375 2825 4426 Εἰπὲ
2847 4370 2959 4434 οῦν,
2983 4367 3026 4424 ὦ
3049 4371 3335 4441 άναίσθητε
3367 4372 3601 4434 Ἰουδαῖε,
3626 4374 3690 4424 οὐ
3715 4374 3835 4442 χαλο

2243 4455 2334 4516 κὸς
2357 4455 2530 4507 ἐκεῖνο
2554 4451 2655 4526 ἦν;
2680 4457 2867 4525 Νεκρὰ
2887 4455 2984 4525 ῦλη
3009 4455 3228 4526 νικῆσαι
3251 4454 3476 4508 θάνατον
3497 4455 3765 4524 ἰσχύουσα
3785 4454 3830 4517 ⁸,

2240 4536 2406 4588 τύπον
2427 4537 2622 4606 ἔχουσα
2644 4537 2897 4607 σταυροῦ·
2925 4539 3013 4589 καὶ
3034 4537 3170 4608 αὐτὴ
3187 4539 3218 4608 ή
3236 4537 3459 4609 ἀλήθεια
3475 4537 3568 4590 τοῦ
3593 4541 3833 4609 31:00-25

2239 4619 2299 4670 οὐ
2332 4619 2676 4685 πιστεύεται;
2716 4621 2809 4672 καὶ
2843 4618 3012 4672 ταῦτα
3050 4621 3184 4688 μετὰ
3229 4622 3326 4691 τὴν
3359 4621 3703 4690 ἐπιστροφὴν
3740 4622 3832 4689 τῆς

2239 4701 2723 4772 οίκουμένης,μετά
2740 4702 2834 4772 τὴν
2851 4701 3139 4771 λάμψασαν
3155 4705 3212 4754 ὲν
3239 4703 3400 4754 παντί
3422 4703 3500 4771 τῷ
3520 4703 3718 4773 κόσμῳ
3740 4705 3832 4772 τῆς

2238 4782 2518 4845 εὐσεϐείας
2534 4785 2883 4846 κατάστασιν,
2904 4786 3039 4853 μετά
3052 4784 3148 4855 τὴν
3163 4785 3342 4837 πίστιν
3356 4784 3464 4836 τῶν
3482 4785 3676 4848 ἐθνῶν,
3699 4789 3831 4857 μετά

2236 4861 2332 4932 τὴν
2350 4862 2563 4932 ἔγερσιν
2583 4863 2689 4916 τῶν
2707 4862 3060 4932 Ἐκκλησιῶν,
3080 4862 3214 4931 μετά
3229 4861 3477 4915 τοσοῦτον
3493 4865 3664 4932 ἀγωνι
3676 4867 3829 4934 σμὸν,

2239 4939 2374 5004 μετὰ
2391 4941 2655 5012 τοσαύτην
2684 4943 2821 5011 άσκη
2833 4959 2934 5003 σιν,
2974 4942 3109 5010 μετά
3131 4942 3394 5012 τοσαύτην
3417 4942 3724 5011 ἀγγελικῆς
3751 4959 3831 4994 πο-

2236 5019 2434 5082 λιτείας
2453 5021 2715 5084 έπίδοσιν;
2756 5021 2913 5072 Ἀλλὰ
2934 5020 3039 5090 γὰρ
3061 5020 3432 5072 ἀποδέδεικται
3452 5022 3660 5090 σαφῶς,
3686 5024 3830 5083 ὅπως

2235 5099 2656 5151 ἀποκέκλεισται
2691 5102 2802 5160 τοῖς
2833 5100 3044 5167 ἐχθροῖς
3072 5097 3166 5150 τοῦ
3189 5099 3423 5168 σταυροῦ
3449 5099 3508 5152 τὸ
3543 5101 3830 5164 ὀνειδίζειν

2236 5177 2366 5245 ήμῖν
2397 5178 2456 5228 τὸ
2479 5179 2664 5246 σχῆμα
2679 5177 2770 5228 τοῦ
2796 5179 3222 5242 ἐπικαταράτου.
3255 5178 3365 5231 Καὶ
3395 5179 3533 5248 πρὸς
3557 5179 3660 5246 μὲν
3696 5180 3830 5232 ἐκεί·

2234 5272 2357 5318 νους
2377 5255 2567 5308 ταῦτα·
2632 5258 2792 5325 ἡμεῖς
2821 5255 2878 5308 δὲ
2908 5259 2955 5308 οί
2986 5256 3165 5310 πιστοί
3214 5259 3343 5326 παρ’
3378 5258 3592 5318 ἑαυτοῖς
3632 5258 3829 5322 ἐξετά-

2237 5350 2438 5403 σωμεν,
2457 5335 2549 5386 καὶ
2571 5334 2948 5404 βασανίσωμεν
2970 5334 3076 5386 τῶν
3104 5336 3362 5405 ῥημάτων
3384 5334 3481 5405 τήν
3504 5335 3826 5405 ἀκρίϐειαν.

2234 5412 2298 5464 Τί
2331 5413 2527 5479 δήποτε
2554 5412 2581 5460 6
2600 5411 2800 5480 Κύριος
2830 5412 2926 5480 τήν
2950 5412 3131 5464 εἰκόνα
3151 5411 3250 5480 τῆς
3265 5411 3577 5480 οἰκονομίας
3602 5414 3828 5484 ἐκείνης

2232 5491 2293 5542 οὐ
2321 5490 2385 5542 δι’
2434 5489 2619 5557 ἑτέρου
2669 5488 2830 5551 τινὸς,
2864 5488 2998 5542 ἀλλά
3047 5490 3114 5542 δι’
3166 5489 3342 5558 ὄφεως
3375 5489 3646 5556 έποίησες
3685 5493 3826 5562 Πρὸς

2237 5572 2335 5642 μὲν
2366 5572 2474 5641 γὰρ
2496 5573 2619 5634 τοὺς
2675 5571 2894 5639 ἀγῶνας
2923 5573 3029 5625 τῶν
3069 5571 3324 5625 ἐναντίων
3365 5570 3546 5624 ἰκανὸν
3583 5572 3650 5624 τὸ
3698 5575 3824 5628 ὐπό‹

2299 5687 2320 5714 ο
2369 5684 2656 5749 Legendum
2696 5692 2833 5749 putat
2881 5687 3063 5735 Fronto
3103 5683 3436 5749 cumdSavillo
3457 5685 3553 5734 ἀπὸ
3583 5687 3682 5738 τοῦ
3728 5691 3824 5741 ιιι-

2233 5745 2460 5811 xa:._Sed
2488 5747 2651 5811 lectio,
2679 5745 2732 5798 ιὶι
2755 5755 2852 5811 est,
2875 5749 2990 5798 ferri
3013 5759 3157 5810 posse
3182 5745 3390 5794 videtur.

2297 5807 2324 5846 (ι
2345 5807 2456 5858 Sav.
2481 5809 2672 5871 ἰσχυσε.
