3976 6218
203 330 312 385 501

202 447 319 491 erat
341 438 427 507 qui
451 455 671 508 corpore
692 440 1015 505 solvebatur,
1035 448 1088 493 et
1108 440 1193 509 qui
1216 438 1504 493 secundum
1527 439 1781 508 Spiritum

203 530 346 598 quod
372 531 599 584 solutum
626 541 733 585 erat
757 532 1040 585 excitabat.
1065 531 1191 584 Nam
1214 532 1305 592 ait,
1331 530 1521 585 Solvite
1546 532 1783 601 templum

204 623 321 687 hoc,
346 633 392 675 et
414 624 463 675 in
485 622 639 676 tribus
663 623 831 676 diebus
846 623 1070 676 excitabo
1086 622 1214 675 illud
1235 622 1407 693 (Joan.
1430 622 1484 675 2.
1511 622 1622 692 19).
1650 621 1782 676 Ecce

202 714 516 773 ascendimus
554 713 937 783 Jcrasolymam.
986 713 1257 767 Christum
1297 714 1627 781 sequentium
1675 729 1778 768 non

201 812 283 855 est
331 820 577 873 umquam
626 806 990 868 descendere,
1031 805 1123 859 sed
1167 804 1454 859 ascendere
1500 815 1775 874 perpetuo.

203 894 449 964 Alioquin
495 914 617 950 vero
662 898 740 949 via
786 897 1092 951 .lericbnnte
1134 895 1520 967 Jerosolymam
1566 898 1778 952 acclivis

200 993 353 1046 erat,
386 985 543 1039 modo
582 987 813 1040 sensibili
847 987 1112 1056 loquendo
1136 1028 1149 1049 ,
1180 995 1234 1039 et
1264 986 1588 1057 intelligendi
1620 988 1778 1042 modo

200 1074 378 1140 passio
407 1076 472 1129 ad
504 1092 776 1130 ascensum
804 1077 1204 1130 resurrectionis
1234 1076 1476 1131 ducebat.
1514 1076 1773 1131 Adamum

198 1166 340 1217 enim
375 1167 423 1219 in
470 1166 727 1220 infernum
760 1168 1030 1236 delapsum
1073 1168 1124 1219 in
1154 1167 1341 1221 ezelum
1373 1167 1691 1231 revocabat,
1722 1176 1775 1220 et

198 1257 343 1309 humi
367 1258 628 1325 jacentem
658 1258 936 1328 imaginem
968 1260 1018 1311 in
1041 1258 1264 1313 sublime
1285 1258 1554 1313 eli‘erehat.
1591 1261 1777 1311 Ascen-

195 1347 361 1400 dimus
381 1348 768 1419 Jerosolymam.
794 1350 895 1405 Ubi
921 1350 1078 1414 Deus,
1101 1352 1169 1405 ibi
1192 1360 1245 1405 et
1265 1350 1472 1405 virtutis
1490 1365 1767 1415 ascensus;

195 1435 283 1489 ubi
315 1438 510 1491 malitia
536 1480 550 1503 ,
581 1439 649 1492 ibi
681 1438 972 1509 iniquitatis
998 1440 1305 1495 descensus.
1356 1441 1479 1494 Ideo
1506 1441 1667 1494 David
1704 1441 1771 1494 de

193 1526 260 1580 iis
285 1529 369 1596 qni
398 1528 688 1583 secundum
711 1530 956 1584 virtutem
979 1535 1161 1584 vivunt
1186 1531 1259 1584 ait
1290 1550 1303 1584 :
1334 1548 1351 1581 ‹
1386 1531 1532 1584 Beati
1561 1545 1766 1595 omnes,

190 1619 280 1685 qui
312 1617 548 1672 habitant
575 1620 626 1673 in
652 1619 809 1674 domo
840 1631 922 1673 tua
959 1638 971 1673 :
1008 1622 1057 1674 in
1089 1620 1281 1674 szecula
1306 1621 1619 1674 szeculorum
1652 1620 1769 1673 lau-

188 1706 391 1761 dabunt
437 1720 504 1762 te.
559 1711 749 1765 Beatus
795 1712 876 1767 vir
921 1712 1070 1779 cujus
1111 1720 1193 1766 est
1234 1711 1487 1765 auxilium
1529 1711 1624 1765 abs
1670 1720 1764 1767 te:

188 1799 530 1854 ascensiones
579 1809 680 1854 ture
726 1802 778 1854 in
828 1801 990 1856 corde
1035 1801 1149 1870 ejus
1188 1820 1206 1853 ι
1245 1800 1416 1873 (Psal.
1458 1802 1546 1857 85.
1593 1803 1645 1857 5.
1682 1802 1760 1871 6).

187 1889 518 1945 Ascensiones
559 1902 678 1958 tute,
704 1894 803 1948 hoc
846 1895 1068 1963 est,pi:e
1112 1894 1218 1948 illa:
1256 1903 1310 1948 et
1344 1894 1398 1948 in
1439 1894 1601 1948 altum
1642 1909 1766 1949 eve-

186 1992 288 2035 cta:
319 1984 745 2039 ratiocinationes
770 2025 783 2048 ,
816 2001 933 2054 quae
966 1986 1017 2039 in
1058 1985 1283 2040 sublime
1308 1993 1472 2055 agunt
1500 2000 1593 2039 eos
1614 2026 1629 2047 .
1674 1986 1764 2055 qui

187 2086 333 2129 recte
361 2075 428 2130 de
467 2076 579 2131 Deo
604 2077 856 2147 cogitant.
906 2077 1001 2132 Est
1040 2091 1167 2147 ergo
1205 2078 1570 2146 temperantia:
1599 2076 1677 2130 via
1711 2078 1762 2130 in

184 2166 409 2221 sublime
436 2169 661 2237 erigens,
696 2170 775 2223 via
798 2169 1015 2237 justitize
1040 2170 1089 2223 in
1113 2170 1274 2223 altum
1300 2169 1499 2223 ducens
1524 2186 1535 2221 :
1560 2170 1761 2223 omnis-

184 2271 307 2322 que,
341 2267 395 2310 ut
424 2259 488 2310 ita
516 2259 718 2321 dicam,
753 2260 961 2328 pietatis
990 2260 1073 2313 via
1104 2259 1191 2313 Dei
1220 2269 1484 2314 amantem
1515 2260 1565 2313 in
1595 2260 1758 2314 altum

182 2346 415 2411 adducit,
445 2348 509 2402 de
536 2364 640 2417 quo
667 2350 911 2403 dicebant
938 2350 1158 2418 gentiles
1192 2368 1204 2403 :
1241 2349 1435 2417 Venite,
1466 2352 1757 2419 proﬁcisca—

182 2456 293 2491 ntur
337 2441 404 2493 ad
450 2454 665 2494 montem
715 2443 955 2508 Domini,
1008 2454 1053 2495 et
1099 2443 1167 2495 ad
1212 2444 1415 2496 domum
1464 2444 1557 2497 Dei
1598 2442 1757 2497 Jacob

183 2528 365 2599 (Mich.
390 2531 443 2585 4.
472 2530 548 2600 2).
582 2532 673 2587 Ubi
705 2534 911 2601 pictatis
933 2532 1192 2597 doctrina,
1222 2532 1291 2586 ibi
1320 2547 1572 2587 ascensus
1598 2544 1679 2587 est
1702 2534 1753 2586 ¹;

181 2622 268 2676 ubi
300 2638 425 2677 vero
453 2624 649 2676 malitia
674 2664 689 2689 ,
721 2624 788 2677 ibi
822 2625 977 2696 plane
1002 2624 1310 2682 descensus.
1357 2625 1411 2681 ld
1443 2625 1755 2683 testiﬁcatur

181 2711 354 2768 David
387 2712 640 2785 propheta
666 2714 885 2771 dicens:
913 2716 1093 2769 Libera
1117 2733 1195 2770 me
1219 2734 1250 2769 a
1276 2718 1680 2771 descendentibus
1703 2719 1754 2771 in

180 2806 344 2857 lacum
372 2806 538 2873 (Psal.
556 2806 646 2862 29.
672 2808 750 2875 4);
776 2817 828 2862 et
851 2822 1050 2874 rursus,
1077 2808 1177 2872 Qui
1197 2808 1387 2861 exultas
1409 2826 1486 2861 me
1511 2810 1573 2861 de
1598 2809 1755 2878 portis

180 2896 351 2947 mortis
374 2895 538 2964 (Psut.
569 2898 620 2951 9.
644 2896 755 2966 15).
782 2898 957 2965 Itaque
981 2897 1128 2963 illud,
1151 2898 1496 2963 Ascendimus,
1516 2912 1619 2952 nun
1641 2898 1752 2952 [τας

180 2992 285 3035 stra
304 2985 497 3037 dictum
523 2996 621 3039 est.
638 2987 768 3040 Ecce
782 2988 1116 3041 ascendimus.
1140 2989 1294 3057 Atqui
1318 2989 1461 3042 solus
1476 2988 1541 3041 ad
1563 2990 1755 3057 passio-

178 3090 299 3129 nem
327 3078 485 3129 venit.
510 3078 616 3131 Cur
631 3093 755 3147 ergo
779 3080 828 3131 in
848 3079 1112 3132 communi
1132 3080 1224 3144 ait,
1244 3080 1598 3134 Ascendimus?
1620 3082 1750 3149 Quia

178 3169 352 3235 passio
370 3168 578 3235 quidem
598 3185 732 3229 mea.
754 3171 897 3224 salus
914 3186 1039 3224 vero
1062 3172 1297 3225 omnium
1319 3171 1587 3226 hominum
1610 3189 1750 3228 com-

176 3259 348 3311 munis
380 3267 478 3312 est.
510 3259 629 3314 Ideo
658 3261 863 3315 divinus
886 3262 1156 3329 apostolus
1186 3263 1235 3315 in
1265 3278 1574 3331 generosam
1603 3265 1744 3318 illam

174 3357 227 3401 et
254 3348 490 3402 miraculi
523 3351 729 3417 plenam
759 3353 931 3421 erupit
966 3367 1147 3405 vocem
1173 3393 1187 3418 ,
1217 3362 1273 3405 ut
1300 3354 1457 3406 modo
1488 3354 1707 3408 audistis
1732 3371 1746 3410 :

174 3440 299 3492 Cum
321 3440 516 3494 Christo
543 3444 811 3507 cruciﬁxus
837 3460 964 3495 sum.
999 3443 1121 3496 Vivo
1141 3453 1334 3507 autem,
1366 3446 1471 3509 iam
1499 3462 1598 3498 non
1626 3464 1744 3515 ego,

171 3530 286 3582 vivit
308 3546 419 3583 vero
440 3533 491 3583 in
512 3549 589 3585 me
609 3532 832 3586 Christus
857 3533 994 3602 (Gal.
1019 3535 1072 3587 2.
1101 3535 1183 3589 l9.
1207 3534 1318 3606 20).
1340 3537 1606 3605 Alioquin,
1627 3552 1745 3590 cum

172 3619 331 3672 vellet
362 3620 583 3674 fructum
610 3622 782 3675 crucis
812 3623 1111 3686 ostendere,
1142 3624 1365 3692 subjecit
1391 3626 1567 3678 statim
1594 3627 1644 3679 in
1669 3641 1747 3680 se-

167 3708 450 3777 quentibus
471 3726 483 3763 :
504 3709 728 3762 Christus
750 3727 840 3763 nos
870 3712 1072 3764 redemit
1094 3730 1124 3764 a
1141 3714 1403 3766 maledicto
1424 3713 1563 3783 legis,
1583 3719 1747 3784 fartus

168 3815 260 3865 pro
291 3799 429 3854 nobis
457 3801 771 3853 maledictum
801 3800 938 3871 (Gal.
970 3806 1021 3857 5.
1057 3805 1145 3872 15)
1180 3822 1192 3857 :
1222 3806 1461 3873 scriptum
1484 3816 1553 3857 est
1578 3808 1707 3857 enim
1727 3849 1741 3871 ,

172 3891 470 3945 Maledictus
499 3896 658 3946 omnis
688 3895 772 3964 qui
806 3894 1061 3963 pendet—in
1084 3896 1220 3964 ligno
1250 3896 1426 3963 (Deut.
1455 3898 1539 3950 ‘21.
1575 3898 1687 3965 ‘25).

239 3982 294 4034 2.
338 3982 434 4036 llic
459 3983 585 4036 mihi
616 3983 895 4052 diligenter
920 3983 1281 4038 animadverte
1306 4026 1318 4046 ,
1350 4001 1416 4038 ne
1441 3986 1535 4039 abs
1568 3995 1618 4039 te
1649 4002 1741 4039 ve-

168 4072 339 4127 ritatis
382 4075 649 4143 perceptio
678 4075 937 4129 elabatur.
985 4075 1357 4129 Contradicent
1391 4078 1532 4129 enim
1564 4078 1739 4130 statim

165 4162 335 4218 Judaei
360 4204 373 4229 ,
408 4165 473 4219 de
499 4165 689 4234 quibus
714 4167 786 4219 ait
816 4166 1005 4219 Paulus
1032 4207 1045 4229 ,
1099 4164 1297 4218 Inimici
1328 4167 1490 4220 crucis
1516 4166 1699 4220 Christi
1724 4209 1737 4233 ,

163 4272 378 4325 quorum
408 4257 523 4325 ﬁnis
551 4257 778 4309 interitus
804 4257 822 4325 (
847 4256 1081 4326 Philipp.
1112 4258 1163 4311 5.
1200 4257 1281 4311 18.
1318 4258 1382 4312 19
1405 4257 1448 4328 ),
1478 4268 1532 4312 et
1562 4260 1738 4311 statim

165 4348 491 4415 simplicibus
515 4348 761 4416 objicient
788 4366 800 4401 :
826 4349 879 4403 Si
908 4348 1220 4403 maledictus
1246 4351 1333 4419 qui
1363 4350 1576 4420 pendet,
1605 4368 1739 4420 quo-

164 4440 325 4494 modo
352 4455 381 4493 a
414 4441 693 4494 maledicto
738 4441 828 4494 tibi
874 4440 1296 4496 benedictionem
1345 4442 1603 4512 impertiri
1648 4461 1741 4499 ex-

162 4530 413 4598 spectas?
432 4529 694 4599 quomodo
717 4530 781 4585 ab
797 4546 881 4594 eo,
904 4531 993 4599 qui
1020 4533 1071 4585 in
1100 4544 1320 4588 mortem
1343 4534 1552 4597 cecidit,
1578 4536 1737 4588 vitam

162 4624 389 4689 speras?
440 4623 493 4676 Id
523 4623 664 4693 quod
691 4632 925 4691 apparet,
961 4633 1018 4676 ut
1046 4625 1157 4693 ipse
1182 4626 1368 4679 doctor
1393 4637 1575 4680 noster
1605 4628 1739 4680 Pau-

163 4714 247 4768 lus
289 4714 569 4768 eonﬁtetur
588 4754 602 4777 ,
650 4716 985 4768 maledictum
1022 4722 1104 4769 est
1133 4733 1145 4767 :
1175 4715 1435 4784 Scriptum
1465 4727 1536 4769 est
1564 4721 1733 4785 enim,

164 4805 463 4858 Maledictus
488 4806 649 4858 omnis
676 4806 757 4874 qui
783 4804 960 4872 pendet
985 4804 1036 4856 in
1058 4805 1193 4874 tigno
1215 4804 1357 4870 (Gal.
1380 4807 1433 4861 5.
1458 4807 1543 4861 15.
1585 4808 1731 4861 Deut.

157 4897 248 4951 21.
269 4896 378 4964 25).
404 4896 458 4949 Si
481 4898 655 4965 itaque
676 4897 927 4966 scriptum
947 4905 1028 4951 est
1048 4907 1101 4951 et
1122 4898 1424 4953 testimonio
1445 4899 1729 4966 ﬁrmatum,

155 4985 425 5056 quomodo
451 4985 752 5043 benedictio
780 5002 807 5039 a
836 4987 1116 5043 maledicto
1142 4987 1295 5043 datur
1323 4990 1494 5045 crucis
1519 4993 1733 5046 cultori-

159 5076 303 5130 bus?
346 5076 468 5130 Haec
506 5091 717 5143 semper
746 5077 872 5131 dicit
900 5088 953 5132 et
982 5077 1163 5146 objicit
1202 5079 1417 5135 Judaaus
1438 5124 1451 5146 ,
1490 5082 1731 5135 inimicus

154 5166 331 5220 crucis
354 5164 564 5219 Christi.
592 5166 646 5219 Si
672 5167 845 5233 itaque
864 5168 1079 5223 .ludzeus
1103 5170 1193 5222 tibi
1217 5170 1427 5237 dixerit,
1456 5172 1731 5238 Quomodo

153 5258 470 5312 maledictus
498 5258 589 5311 dat
618 5257 1033 5315 benedictionem
1057 5262 1079 5312 ?
1118 5261 1203 5315 die
1231 5262 1300 5315 illi
1326 5304 1340 5327 ,
1372 5263 1649 5330 Quomodo
1680 5265 1729 5317 in

151 5351 370 5403 deserto
390 5358 661 5417 serpentes
682 5350 992 5404 mordebant
1021 5354 1383 5422 progenitores
1406 5366 1554 5418 tuos;
1585 5356 1730 5425 Moy-

151 5456 243 5495 ses
264 5449 436 5494 autem
460 5441 687 5509 imagine
709 5443 967 5507 serpentis
992 5442 1147 5507 facta,
1174 5453 1227 5497 et
1253 5444 1303 5497 in
1328 5459 1487 5499 cruce
1510 5461 1730 5514 suspen-

153 5546 235 5595 sa,
256 5528 404 5595 dicit,
430 5528 738 5598 Quicumque
755 5545 786 5581 a
805 5541 1029 5598 serpente
1049 5548 1244 5586 morsus
1263 5535 1434 5603 fuerit,
1455 5548 1731 5603 serpentem

216 5665 233 5696 ι
272 5669 407 5724 ηυε..
439 5663 524 5713 Ub!
550 5660 755 5713 veritatis
778 5659 1022 5722 doctrina,
1048 5659 1115 5711 ibi
1146 5663 1287 5712 etiam
1311 5665 1500 5726 pietatis
1523 5674 1589 5717 est
1613 5681 1725 5730 pro-

140 5736 356 5786 gressus.

1410 323 1497 377 ΒΕ
1535 321 1893 378 SERPENTE
1934 322 2233 379 IlOMILlA.

3366 336 3479 394 502

1890 441 2143 509 respiciat,
2176 450 2223 494 et
2254 441 2421 495 salvus
2450 443 2543 494 erit
2578 441 2597 512 (
2622 441 2783 495 Nunt.
2811 442 2903 498 21.
2933 442 3040 512 8)?
3064 442 3168 497 Sed
3198 443 3268 497 ait
3290 484 3308 509 ,
3339 443 3463 513 quid

1890 533 1990 587 hoc
2028 534 2092 587 ad
2123 533 2277 591 rem?
2319 533 2457 589 Sane
2484 533 2706 587 multum
2737 533 2803 587 ad
2833 549 2943 588 rem
2977 534 3221 606 pertinet.
3272 525 3462 589 Annon

1886 623 2075 676 audisti
2118 623 2281 678 Deum
2322 623 2582 677 dicentem
2609 665 2623 686 ,
2668 624 2971 678 Maledictus
3011 636 3063 677 tu
3103 641 3207 693 pra:
3236 626 3462 678 omnibus

1887 714 2051 767 bestiis
2078 724 2221 767 terra:
2250 719 2266 785 (
2291 714 2415 767 Gen.
2447 715 2499 770 5.
2531 714 2678 784 M)?
2708 715 2982 783 Quomodo
3011 715 3167 785 igitur
3196 716 3459 771 maledicti

1884 804 2056 874 imago
2078 806 2236 860 vitam
2259 807 2431 861 attulit
2454 806 2876 877 progenitoribus
2898 806 3119 859 vestris?
3144 806 3346 859 Dictum
3371 821 3459 860 re-

1881 905 2025 964 peto,
2046 905 2101 948 ut
2117 897 2429 950 sententiam
2456 896 2656 950 ﬁrmius
2671 905 2920 949 statuam.
2942 896 2993 951 Si
3014 895 3224 965 quidem
3242 894 3457 951 difﬁcile

1884 987 1972 1039 tibi
2018 988 2258 1042 videatur
2302 1004 2365 1043 ex
2418 989 2697 1043 maledicto
2740 989 3159 1044 benedictionem
3207 1004 3456 1044 emanare

1882 1076 1902 1146 (
1924 1077 1976 1129 Μ
1984 1079 2225 1133 aledictus
2246 1079 2386 1134 enim
2411 1081 2569 1133 onmis
2590 1080 2674 1149 qui
2690 1081 2867 1149 pendrt
2888 1080 2939 1134 in
2961 1081 3096 1148 ligno
3116 1080 3131 1146 )
3149 1121 3162 1143 ,
3187 1080 3456 1149 quomodo

1882 1168 2053 1238 imago
2083 1172 2345 1238 serpentis
2377 1170 2674 1233 maledicti,
2700 1172 2785 1237 qui
2815 1170 3045 1235 audivit,
3078 1169 3377 1224 Maledicta:
3401 1180 3454 1223 tu

1879 1274 1985 1326 pra:
2004 1261 2228 1313 omnibus
2249 1258 2433 1325 bestiis,
2454 1261 2648 1329 populo
2668 1262 2718 1313 in
2742 1261 3041 1315 calamitate
3061 1262 3347 1315 constituto
3368 1260 3452 1313 bc-

1878 1350 2227 1405 nedictionem
2250 1352 2661 1405 attulit?Annon
2690 1351 2788 1404 ﬁde
2815 1352 3023 1420 dignius
3042 1350 3225 1405 luisset
3251 1351 3447 1413 dicere,

1874 1437 1927 1493 Si
1955 1440 2072 1508 quis
2100 1456 2164 1495 ex
2196 1441 2342 1495 vobis
2369 1456 2575 1494 morsus
2606 1439 2780 1505 luerit,
2811 1441 3054 1509 respiciat
3090 1439 3142 1493 in
3172 1440 3356 1494 malum
3386 1438 3448 1492 ad

1875 1528 2063 1592 Deum,
2088 1540 2141 1583 et
2171 1531 2484 1585 sanabitur?
2519 1530 2599 1583 vel
2623 1530 2841 1584 dimisso
2863 1532 2977 1583 creli
3004 1540 3242 1600 aspectu,
3273 1546 3449 1583 annon

1875 1629 2082 1688 poterat
2106 1620 2300 1685 dicere,
2326 1622 2379 1677 Si
2403 1622 2519 1691 quis
2543 1636 2749 1675 morsus
2770 1622 2942 1686 fuerit,
2970 1623 3217 1691 respiciat
3238 1622 3289 1676 in
3319 1637 3450 1676 cau-

1872 1711 2141 1766 delabrum
2166 1713 2397 1776 luminis,
2418 1722 2467 1766 et
2494 1712 2667 1765 salvus
2685 1712 2814 1765 erit?
2838 1722 2927 1767 aut
2945 1712 3190 1782 respiciat
3216 1712 3267 1765 in
3294 1727 3449 1767 men-

1870 1818 1981 1858 sam
2009 1805 2382 1874 prepositionis
2428 1814 2729 1859 sanctorum
2759 1820 2951 1873 panum
2976 1846 2991 1870 ,
3019 1813 3072 1859 et
3097 1805 3276 1858 salvus
3306 1803 3446 1858 erit?

1869 1905 1959 1947 aut
1984 1896 2034 1948 in
2062 1895 2243 1961 altare,
2273 1905 2362 1949 aut
2390 1897 2439 1950 in
2468 1896 2663 1963 velum,
2683 1905 2776 1949 aut
2795 1897 2843 1949 in
2866 1912 3041 1950 arcam
3062 1938 3074 1960 ,
3099 1896 3209 1951 sive
3231 1896 3283 1949 in
3306 1895 3442 1949 ima-

1867 1989 2044 2057 ginem
2073 1988 2513 2050 Cherubinorum,
2542 1988 2623 2041 vel
2655 1990 2705 2040 in
2734 1986 3187 2057 propitiatorium?
3214 1988 3279 2041 At
3311 1986 3436 2040 nihil

1868 2093 2050 2132 eorum
2074 2078 2289 2132 adduxit
2312 2078 2579 2148 legislator
2600 2093 2854 2146 magnus;
2878 2094 3061 2131 verum
3090 2092 3245 2131 unam
3269 2078 3443 2131 crucis

1868 2171 2149 2241 imaginem
2178 2172 2362 2235 erexit,
2388 2179 2440 2225 et
2468 2170 2603 2224 banc
2635 2186 2727 2239 per
2754 2169 3088 2223 maledictum
3116 2178 3435 2238 serpentem.

1864 2261 1971 2315 Cur
1995 2277 2123 2332 ergo
2147 2304 2159 2328 ,
2191 2262 2372 2316 Judaze
2397 2303 2409 2324 ,
2445 2261 2652 2331 Moyses
2680 2260 2793 2313 hinc
2823 2258 2983 2313 facit?
3007 2274 3101 2313 cur
3139 2266 3438 2327 serpentem

1864 2354 2090 2418 conﬁat,
2122 2355 2207 2423 qui
2239 2369 2333 2422 per
2374 2354 2539 2421 legem
2576 2351 2812 2414 dixerat,
2846 2349 2965 2403 Non
3000 2351 3152 2420 {acies
3176 2349 3435 2418 sculptile.

1864 2460 2019 2513 neque
2047 2444 2195 2512 fusile
2219 2443 2237 2512 (
2262 2441 2417 2495 Levit.
2446 2441 2535 2495 26.
2567 2442 2590 2494 1
2623 2441 2684 2511 )?
2715 2441 2816 2495 Sed
2848 2455 2944 2495 cur
2973 2440 3087 2494 haec
3126 2439 3329 2509 ingrato
3358 2440 3437 2492 Ιο-

1860 2535 2033 2604 quor?
2062 2533 2234 2603 Ipsum
2265 2533 2621 2602 legislatorem
2656 2532 2922 2601 interrogo
2955 2550 2967 2585 :
2996 2531 3089 2585 Dic
3124 2530 3272 2593 mihi,
3305 2529 3436 2583 ﬁde-

1861 2626 2061 2681 tissime
2106 2624 2200 2682 Dei
2248 2625 2439 2680 famulo
2463 2665 2476 2689 ,
2510 2639 2575 2677 an
2609 2622 2658 2676 id
2692 2622 2819 2677 lacis
2856 2622 2995 2692 quod
3032 2622 3322 2693 prohibes?
3368 2636 3433 2674 an

1861 2716 2001 2787 quod
2042 2717 2332 2786 reprobas,
2377 2716 2426 2770 id
2468 2714 2742 2784 operaris‘!
2780 2713 2866 2783 qui
2911 2713 3041 2768 dicis
3066 2754 3081 2779 ,
3126 2711 3242 2766 Non
3283 2713 3435 2783 facies

1859 2808 2088 2879 sculptile
2109 2847 2123 2871 ,
2168 2823 2323 2876 neque
2352 2806 2501 2873 fusile
2524 2845 2538 2869 ,
2584 2804 2757 2857 fundis
2783 2814 2837 2858 et
2869 2803 3065 2873 sculpis
3094 2803 3435 2872 serpentem?

1860 2899 2057 2953 Verum
2106 2898 2245 2952 dicet
2277 2917 2289 2951 :
2331 2897 2448 2950 Illas
2478 2896 2571 2949 tuli
2603 2895 2745 2964 leges
2769 2936 2785 2959 ,
2825 2903 2879 2947 ut
2908 2910 3117 2948 omnem
3151 2894 3433 2963 impietatis

1858 2992 2132 3046 materiam
2174 2990 2571 3053 exscinderem,
2614 2996 2669 3042 et
2712 2989 2850 3040 hunc
2882 2988 3130 3056 populum
3175 3001 3203 3039 a
3247 2987 3434 3055 quovis

1859 3082 2117 3135 idolorum
2163 3080 2306 3134 cultu
2353 3087 2680 3140 averterent;
2733 3092 2871 3129 nunc
2916 3085 3088 3129 autem
3129 3086 3431 3143 serpentem

1856 3170 2047 3235 eonllo,
2072 3180 2127 3224 ut
2152 3169 2431 3239 imaginem
2452 3166 2860 3236 dispensationis
2880 3166 3051 3220 crucis
3075 3166 3428 3235 pra-ligurem,

1855 3264 1991 3317 viam
2014 3278 2107 3332 per
2126 3277 2280 3331 quam
2299 3259 2525 3330 apostoli
2541 3259 2827 3313 decurrant
2843 3258 3203 3327 complanans,
3223 3260 3429 3327 signum

1856 3355 1997 3407 illius
2024 3352 2198 3407 crucis
2227 3367 2477 3421 magnum
2510 3349 2907 3418 inauditumque
2928 3348 3083 3415 longe
3103 3360 3253 3403 antea
3280 3347 3433 3401 adbi-

1856 3445 1974 3499 beo.
2007 3444 2155 3511 Quod
2182 3454 2356 3497 autem
2388 3442 2501 3496 haec
2529 3441 2807 3509 explicatio
2833 3456 2937 3494 non
2962 3440 3164 3496 detorta
3192 3440 3279 3506 sit,
3306 3439 3428 3493 audi

1858 3536 2131 3589 Dominum
2155 3577 2168 3599 ,
2200 3534 2288 3604 qui
2318 3544 2548 3587 veterem
2581 3534 2721 3588 illam
2754 3533 3031 3603 imaginem
3058 3534 3337 3588 conﬁrmat
3366 3548 3430 3587 ac

1852 3626 1917 3679 de
1945 3626 2120 3694 seipso
2160 3625 2552 3692 interpretatur.
2602 3622 2944 3676 Nicodemum
2985 3624 3123 3677 enim
3154 3624 3426 3691 alloquens

1853 3726 1907 3770 ut
1936 3716 2111 3785 populi
2139 3714 2430 3777 doctorem,
2464 3713 2631 3766 virum
2662 3712 2798 3780 apud
2826 3712 3037 3767 Judaeos
3065 3714 3383 3781 prmcipuum
3408 3756 3424 3780 ,

1850 3808 1936 3874 qui
1983 3815 2162 3874 posset
2201 3805 2549 3859 meonomiam
2595 3802 2923 3870 intelligere,
2960 3802 3032 3855 ait
3070 3818 3082 3853 :
3130 3820 3146 3851 ι
3197 3802 3261 3855 Et
3291 3804 3427 3857 sicut

1850 3898 2097 3954 exultavit
2131 3898 2339 3967 Moyses
2379 3902 2676 3963 serpentem
2720 3895 2770 3947 in
2812 3894 3023 3948 deserto
3048 3934 3062 3957 ,
3104 3894 3171 3946 ita
3204 3895 3422 3948 exaltari

1848 3998 2055 4057 oportet
2077 3988 2266 4041 Filium
2294 3985 2552 4045 hominis,
2579 3993 2635 4036 ut
2656 3986 2829 4037 omnis
2856 3986 2941 4052 qui
2971 3984 3136 4038 credit
3168 3985 3217 4038 in
3248 3986 3418 4054 ipsum

1848 4096 1950 4132 non
1984 4085 2163 4146 pereat
2187 4118 2199 4139 ,
2231 4076 2321 4130 sed
2364 4074 2554 4129 habeat
2594 4076 2753 4127 vitam
2797 4087 3046 4128 :eternam
3083 4094 3098 4125 ι
3137 4069 3419 4146 (Ιοαη.’5.

1848 4173 1932 4225 14.
1969 4170 2094 4238 15).
2132 4170 2221 4221 Die
2250 4169 2425 4237 igitur,
2457 4183 2489 4219 o
2520 4165 2728 4233 stupitle
2753 4164 2952 4229 Jndzee,
2981 4180 3046 4217 an
3079 4181 3180 4219 non
3204 4181 3277 4219 res
3302 4177 3420 4222 erat

1847 4261 2015 4316 illud?
2045 4260 2247 4313 Mortua
2280 4259 2526 4313 materies
2562 4266 2785 4311 mortem
2815 4257 3025 4311 vincere
3054 4258 3252 4327 possit,
3282 4258 3417 4329 ﬁgu-

1847 4370 1957 4408 ram
1980 4352 2151 4406 crucis
2174 4351 2391 4414 habens,
2418 4359 2470 4405 et
2492 4349 2600 4418 ipsa
2622 4349 2794 4403 crucis
2812 4350 3002 4402 veritas
3025 4365 3128 4403 non
3152 4350 3417 4405 creditur?

1844 4453 1897 4497 et
1926 4444 2037 4497 ha-c
2066 4452 2185 4511 post
2212 4441 2613 4495 conversionem
2640 4440 2782 4493 orbis
2812 4450 2985 4503 teme,
3014 4449 3131 4508 post
3156 4442 3414 4495 constitu-

1846 4543 1949 4587 tam
1984 4532 2032 4585 in
2064 4541 2170 4584 toto
2199 4532 2328 4585 orbe
2364 4532 2608 4598 pietatem
2635 4571 2648 4593 ,
2682 4537 2953 4597 postquam
2982 4530 3204 4597 gentiles
3238 4531 3412 4585 credi-

1842 4624 2053 4688 derunt,
2074 4631 2191 4691 post
2212 4622 2465 4675 excitatas
2486 4620 2768 4683 Ecclesias,
2796 4627 2912 4685 post
2935 4626 3075 4671 tanta
3099 4620 3413 4687 certamina,

1844 4724 1962 4782 post
2003 4723 2198 4767 tantam
2246 4712 2491 4765 virtutum
2541 4709 3007 4771 exercitationem,
3058 4718 3175 4777 post
3214 4718 3411 4763 tantam

1841 4804 2060 4874 angelici
2103 4802 2324 4854 instituti
2367 4799 2765 4852 accessionem?
2806 4798 2942 4852 Sane
2984 4799 3273 4853 luculenter
3316 4800 3411 4854 de-

1841 4902 2187 4947 monstratum
2231 4900 2345 4953 est,
2386 4903 2595 4941 onmem
2642 4887 2953 4941 adversariis
2995 4890 3166 4942 erucis
3208 4888 3408 4942 aditum

1838 4986 2153 5057 praeclusum
2204 4998 2359 5046 esse,
2405 4980 2467 5032 ad
2517 4978 2939 5047 exprobrandam
2990 4980 3140 5033 nobis
3189 4980 3409 5048 ﬁguram

1838 5076 2121 5132 maledicti.
2156 5075 2221 5128 Et
2246 5076 2500 5127 adversus
2545 5072 2661 5125 illos
2704 5071 2914 5140 quidem
2957 5069 3068 5125 haec
3106 5072 3233 5124 satis
3261 5072 3365 5125 sint
3397 5090 3409 5126 :

1837 5188 1934 5225 nos
1962 5178 2133 5222 autem
2166 5167 2346 5220 ﬁdeles
2374 5163 2647 5217 nobiscum
2678 5161 3062 5232 expendamus,
3093 5171 3145 5215 et
3170 5162 3410 5231 explere.

1837 5276 1953 5317 mus
1974 5261 2251 5314 verborum
2272 5258 2679 5312 accurationem.
2722 5257 2825 5310 Cur
2844 5255 3096 5309 Dominus
3129 5256 3407 5323 imaginem

1838 5356 1977 5409 illius
2010 5353 2321 5407 oeconomia:
2352 5366 2453 5402 non
2486 5364 2580 5418 per
2616 5348 2809 5409 alium,
2850 5346 2941 5399 sed
2980 5361 3074 5413 per
3108 5354 3407 5415 serpentem

1838 5442 2245 5513 prmsigniﬁcat?
2289 5440 2367 5494 Ad
2407 5438 2692 5493 certamina
2733 5453 2850 5489 cum
2884 5437 3196 5490 adversariis
3236 5439 3408 5491 susci-

1835 5535 2023 5606 pienda
2060 5532 2331 5601 exemplar
2360 5531 2497 5584 illius
2527 5527 2789 5582 maledicti
2825 5528 3084 5595 serpentis
3118 5527 3247 5580 satis
3274 5537 3354 5581 est
3390 5545 3403 5581 :

1836 5640 2016 5681 verum
2045 5624 2152 5693 jam
2184 5620 2606 5691 persuadendum
2633 5620 2695 5672 iis
2722 5660 2734 5682 ,
2766 5618 2852 5685 qui
2885 5618 2972 5671 lilii
3010 5618 3217 5686 pietatis
3245 5628 3368 5673 sunt
3391 5658 3407 5683 .

1834 5732 1938 5788 quo
1966 5724 2119 5785 pacto
2148 5714 2311 5785 ﬁgura
2340 5712 2479 5767 illius
2508 5709 2769 5766 maledieti
2799 5710 3059 5781 serpentis
3086 5709 3258 5781 imago
3288 5710 3407 5769 iue-
