3976 6218
602 378 715 434 503

591 477 658 530 rit
693 471 887 533 Christi
911 519 927 542 ,
972 477 1059 548 qui
1097 477 1365 534 adoretur.
1411 477 1668 546 Quocirca
1697 479 1748 536 id
1787 496 1882 537 nos
1910 493 2155 540 accurate

594 567 896 636 explicare,
927 579 982 623 et
1006 584 1099 624 vos
1126 569 1358 624 studiose
1383 570 1564 626 audire
1588 587 1681 641 par
1705 583 1806 628 est.

666 658 718 712 5.
760 657 950 726 Figura
978 659 1258 728 serpentis,
1284 658 1486 725 fratres,
1515 661 1684 730 imago
1704 672 1817 715 erat
1844 664 2157 718 teconomia:

592 746 784 800 crucis.
811 747 961 814 Quod
983 757 1157 800 autem
1184 749 1249 802 ad
1281 751 1493 804 modum
1524 753 1731 817 attinet,
1762 753 1896 805 sicut
1924 754 2011 806 illa
2041 769 2156 808 ser-

593 835 767 904 pentis
805 834 970 905 ﬁgura
1005 837 1282 906 imaginem
1313 838 1523 908 quidem
1553 848 1605 894 et
1632 843 1858 909 speciem
1898 844 2156 912 serpentis

591 939 701 993 pra:
729 938 788 979 se
811 924 1031 990 ferebat,
1059 942 1317 981 venenum
1340 939 1512 983 autem
1535 932 1922 1001 nequitiamque
1940 947 2157 1003 serpen-

590 1014 657 1067 tis
688 1029 790 1067 non
814 1013 1072 1069 habebat:
1103 1017 1180 1070 sic
1209 1025 1264 1072 et
1289 1016 1558 1083 Servator,
1595 1019 1884 1075 secundum
1919 1021 2153 1076 divinum

589 1106 906 1174 apostolum,
937 1106 988 1160 in
1026 1107 1365 1163 similitudine
1409 1109 1580 1163 carnis
1624 1112 1821 1178 peccati
1870 1127 2152 1181 apparens,

587 1203 735 1248 extra
761 1211 916 1250 omne
945 1206 1212 1265 peccatum
1238 1198 1362 1264 fuit;
1386 1200 1520 1253 sicut
1543 1207 1597 1254 et
1624 1199 1808 1256 beatus
1835 1202 2013 1267 Isaias,
2032 1219 2151 1257 cum

589 1284 744 1338 beato
775 1285 935 1339 Paulo
957 1284 1033 1357 (a)
1064 1302 1379 1353 consonans,
1407 1291 1514 1342 ait:
1543 1291 1639 1356 Qui
1671 1304 1925 1359 peccatum
1951 1311 2048 1347 non
2074 1296 2152 1362 fe-

588 1377 686 1438 cit;
715 1393 802 1430 nec
826 1377 1054 1431 inuentus
1080 1390 1149 1432 est
1179 1380 1326 1434 dolus
1364 1381 1415 1434 in
1459 1398 1543 1435 ore
1579 1383 1687 1452 ejus
1715 1382 1865 1452 (lsai.
1899 1387 1986 1441 55.
2013 1388 2075 1451 9;
2101 1389 2149 1442 I.

591 1464 702 1518 Pet.
724 1465 776 1520 2.
796 1466 908 1535 29.).
931 1466 1227 1522 Secundum
1257 1467 1442 1523 Isaiam
1469 1469 1747 1541 imaginem
1775 1489 1932 1528 unam
1961 1476 2148 1530 habes:

588 1553 651 1606 ad
680 1555 898 1609 alteram
943 1557 1155 1611 accede.
1203 1556 1469 1614 Cuntuere
1511 1562 1786 1616 veritatem
1832 1578 1923 1630 per
1961 1563 2152 1632 ﬁguras

588 1644 970 1714 splendentem.
999 1646 1279 1715 Serpentes
1303 1648 1614 1703 mordebant
1640 1650 1772 1705 ﬁlios
1792 1651 1971 1719 Israel,
1989 1669 2154 1723 quan-

588 1731 656 1785 do
689 1735 910 1802 p0pulus
951 1736 1000 1788 in
1034 1737 1316 1804 perniciem
1350 1739 1473 1792 ruit.
1504 1738 1641 1794 Petit
1666 1740 1873 1811 Moyses
1897 1758 1928 1797 a
1961 1743 2068 1798 Deo
2097 1754 2153 1798 ut

587 1822 902 1876 medicinam
931 1825 1213 1879 salutarem
1247 1827 1525 1896 praeberet.
1547 1829 1684 1884 Deus
1714 1830 1907 1886 famulo
1937 1833 2153 1888 medici-

588 1933 709 1972 nam
753 1919 1041 1973 beneﬁcam
1088 1930 1487 1987 commonstrat,
1517 1933 1568 1977 et
1593 1923 1696 1976 ait:
1727 1923 1836 1977 Fac
1878 1935 2150 1996 serpentem

586 2023 807 2072 evneum,
858 2009 1098 2079 illumque
1139 2013 1272 2081 erige
1311 2021 1428 2065 ante
1475 2013 1847 2068 tabernaculum
1888 2018 2151 2071 testimonii

594 2096 777 2166 (Nunt.
805 2100 894 2152 21.
927 2099 1002 2171 8).
1044 2101 1176 2167 Quid
1207 2102 1304 2156 sibi
1333 2103 1442 2156 vult
1473 2102 1570 2157 hoc
1598 2105 1843 2173 signum?
1886 2107 1986 2159 Alii
2028 2117 2150 2161 sunt

589 2187 890 2242 mordentes
917 2198 1208 2258 serpentes,
1260 2201 1313 2244 et
1355 2191 1484 2244 alius
1529 2207 1623 2260 pro
1664 2193 1766 2246 i'lis
1805 2195 2146 2263 cruciﬁgitur.

589 2276 722 2342 Quid
755 2277 1008 2345 signiﬁcat
1038 2280 1296 2348 amigma?
1335 2280 1458 2350 quid
1491 2296 1596 2349 pra:
1634 2297 1692 2336 se
1724 2281 1817 2336 fert
1851 2285 2033 2338 umbra
2064 2286 2148 2338 illa

590 2370 860 2438 mysterii?
881 2369 1332 2434 Quemadmodum
1366 2372 1469 2425 illic
1492 2373 1540 2425 in
1572 2373 1734 2442 ﬁgura
1760 2374 1877 2428 aliis
1905 2375 2152 2429 morden-

591 2458 730 2510 tibus
766 2459 1118 2526 serpentibus,
1164 2460 1296 2515 alius
1345 2461 1431 2530 qui
1476 2476 1580 2516 non
1622 2463 1979 2518 momorderat
2007 2465 2150 2518 cruci

591 2545 778 2600 afﬁxus
807 2557 917 2601 est:
943 2549 1018 2602 sic
1033 2549 1148 2602 aliis
1177 2550 1512 2618 peccantibus
1539 2552 1839 2607 bomlnibus
1866 2569 1959 2622 pro
1982 2555 2153 2608 omni-

589 2637 688 2691 bus
716 2651 964 2705 passurus
990 2647 1072 2692 est
1097 2638 1348 2693 innocens
1374 2639 1544 2693 .Iesus.
1570 2639 1672 2694 Pro
1694 2643 2043 2710 serpentibus,
2061 2645 2148 2711 qui

591 2726 924 2793 mordebant,
957 2743 1174 2796 serpens
1206 2727 1449 2783 innoxius
1474 2729 1828 2798 cruciﬁgitur;
1862 2748 1956 2800 pro
1978 2734 2148 2799 nobis,

591 2816 680 2884 qui
710 2818 868 2870 morti
895 2817 1220 2886 subjicimur,
1245 2819 1308 2884 is,
1327 2820 1416 2888 qui
1444 2821 1599 2873 morti
1619 2834 1722 2874 non
1750 2821 2015 2889 subjectus
2032 2822 2150 2889 fuit,

590 2904 932 2976 cruciﬁgitur.
965 2908 1113 2973 Quod
1144 2908 1396 2976 prazclare
1422 2924 1543 2963 cum
1583 2910 1699 2963 aliis
1720 2909 1880 2965 Isaias
1913 2911 2153 2980 praedixit

592 2999 643 3051 in
673 2997 813 3052 hunc
840 2999 1051 3052 modum
1075 3019 1086 3052 :
1113 2999 1217 3052 Pro
1245 3003 1459 3069 peccatis
1487 3003 1661 3070 populi
1685 3005 1813 3055 venit
1838 3005 1888 3054 in
1912 3013 2152 3066 mortem;

591 3098 665 3152 et,
692 3088 937 3144 Dominus
963 3092 1166 3143 tradidit
1192 3093 1408 3160 seipsum
1439 3110 1528 3160 pro
1556 3095 1767 3163 peccatis
1799 3097 1979 3149 nostris
2000 3095 2150 3160 (lsai.

592 3179 679 3234 55.
714 3178 798 3232 12.
843 3179 921 3248 6).
967 3180 1292 3234 Testimonio
1319 3181 1676 3237 conﬁrmanda
1717 3184 1906 3237 iterum
1935 3195 2015 3238 est
2041 3201 2155 3255 my-

593 3271 738 3323 sterii
763 3271 915 3324 ratio.
945 3269 1397 3336 Quemadmodum
1429 3273 1536 3326 illic
1562 3274 1650 3327 alii
1677 3285 1952 3343 serpentes
1985 3288 2153 3344 erant,

593 3362 680 3430 qui
700 3361 1030 3428 mordebant,
1054 3363 1186 3417 alius
1209 3363 1294 3432 qui
1317 3363 1656 3433 sufiigebatur
1676 3383 1687 3418 :
1709 3365 1777 3418 ita
1795 3377 1847 3420 et
1869 3366 1950 3420 hic
1972 3383 2154 3423 omnes

593 3462 962 3522 peccaverant,
994 3466 1046 3509 et
1068 3469 1201 3508 unus
1225 3470 1317 3523 pro
1339 3455 1580 3509 omnibus
1609 3457 1952 3527 cruciﬁgitur.
1987 3459 2157 3512 [Iabes

597 3545 917 3609 secundam;
944 3546 1036 3600 sed
1062 3556 1114 3600 et
1137 3546 1342 3600 tertiam
1361 3546 1639 3615 imaginem
1670 3550 1963 3604 considera.
1988 3550 2051 3604 In
2074 3567 2159 3604 ore

596 3635 807 3688 duorum
846 3637 921 3689 vel
951 3636 1099 3688 trium
1129 3637 1346 3701 testium,
1377 3638 1522 3691 stabit
1561 3655 1704 3691 omne
1746 3640 1946 3692 uerbum
1983 3639 2156 3710 (Deut.

597 3724 823 3794 19.15).
867 3727 1040 3790 Quare
1077 3727 1398 3797 cruciﬁgitur
1448 3741 1664 3795 serpens
1705 3731 1916 3784 aeneus?
1955 3730 2024 3785 Ut
2065 3733 2159 3785 ab-

601 3816 843 3871 oleantur
887 3832 1097 3872 morsus
1120 3819 1459 3887 serpentium.
1491 3819 1646 3873 Aliud
1674 3835 1798 3888 ergo
1827 3828 1911 3874 est
1936 3821 2072 3890 quod
2107 3821 2158 3874 in

600 3919 813 3960 crucem
841 3907 1055 3972 tollitur,
1086 3917 1138 3961 et
1176 3907 1277 3961 alia
1307 3923 1424 3977 quas
1453 3908 1745 3963 abolentur.
1777 3911 1964 3963 Annon
1995 3910 2160 3978 sig-i-

601 3997 896 4050 ﬁcationem
929 3997 1164 4052 veritatis
1185 3998 1778 4054 animadvertisiannon
1806 4001 1951 4069 quasi
1972 4001 2069 4054 sub
2087 4003 2164 4054 in-

603 4088 818 4142 volucro
844 4089 1127 4156 Scriptum
1156 4090 1260 4141 vim
1278 4092 1586 4144 oeconomia:
1611 4091 1897 4160 perspicis?
1918 4092 2164 4145 Sublatus

605 4179 657 4232 in
683 4193 891 4233 crucem
922 4187 1020 4243 est,
1052 4178 1237 4248 inquit,
1261 4194 1439 4233 teneus
1469 4196 1706 4248 serpens,
1747 4191 1800 4233 ut
1828 4181 2166 4235 abolerentur

607 4283 817 4324 morsus
836 4269 1154 4334 draconum;
1181 4269 1462 4324 cruciﬁxus
1487 4280 1568 4324 est
1595 4270 1857 4334 Christus,
1883 4281 1936 4323 ut
1963 4271 2163 4323 dmmo-

608 4376 730 4413 num
760 4359 1095 4430 operationes
1118 4369 1404 4415 cessarent.
1436 4360 1584 4414 Alius
1614 4369 1694 4413 cst
1719 4375 1938 4428 serpens
1966 4361 2052 4414 ille
2080 4361 2165 4429 qui

607 4450 847 4517 erigitur,
885 4448 972 4503 alii
1016 4449 1104 4517 qui
1145 4450 1563 4519 comprimuntur
1601 4448 1888 4513 dracones;
1919 4449 2051 4502 alius
2080 4448 2166 4517 qui

608 4541 750 4592 cruci
777 4537 967 4592 afﬁxus
993 4548 1073 4593 est
1094 4538 1353 4603 Christus,
1384 4547 1437 4593 et
1456 4538 1541 4592 alii
1565 4537 1650 4608 qui
1678 4537 1955 4593 abolentur
1974 4537 2172 4591 daemo-

609 4642 724 4682 nes.
758 4627 824 4681 Et
853 4625 1292 4697 quemadmodum
1320 4628 1427 4681 illic
1455 4628 1625 4696 imago
1655 4628 1935 4695 serpentis,
1962 4626 2048 4696 qui
2075 4643 2170 4698 ap-

611 4717 848 4785 parebat,
877 4732 1084 4772 morsus
1105 4727 1430 4786 serpentium
1460 4716 1708 4782 abolevit,
1743 4717 1811 4769 ita
1833 4725 1886 4770 et
1913 4717 1998 4771 hic
2026 4733 2171 4772 mors

609 4803 804 4858 Christi
833 4814 1055 4859 mortem
1086 4805 1310 4869 sustulit,
1344 4813 1397 4860 et
1415 4805 1686 4859 daemonas
1717 4805 2032 4875 proﬂigavit.
2064 4807 2173 4860 Me-

614 4896 715 4948 rito
738 4896 910 4964 itaque
937 4897 1186 4951 Servator
1209 4895 1488 4966 imaginem
1517 4895 1617 4950 sibi
1639 4895 1894 4964 adaptans
1921 4897 2084 4951 dixit:
2109 4897 2177 4948 Et

613 4989 737 5039 sicut
761 4985 961 5056 Mor/ses
988 4988 1221 5040 exultavit
1248 4995 1522 5057 serpentem
1550 4987 1602 5038 in
1632 4986 1844 5051 deserto,
1872 4987 1940 5038 ita
1966 4986 2177 5038 exaltari

616 5087 802 5146 oportet
830 5075 1015 5128 Filium
1043 5078 1275 5142 hominis,
1303 5087 1358 5130 ut
1385 5077 1565 5141 omnis,
1607 5077 1692 5143 qui
1735 5077 1889 5128 credit
1913 5077 1963 5128 in
1990 5076 2174 5143 ipsum,

615 5182 714 5220 non
741 5175 926 5235 pereat,
956 5165 1042 5217 sed
1070 5166 1244 5218 habeat
1264 5168 1413 5218 vitam
1433 5175 1669 5218 ceternam
1691 5164 1865 5231 (Joan.
1885 5165 1936 5218 5.
1960 5165 2042 5217 14.
2066 5165 2177 5234 15).

616 5257 808 5322 Habes,
840 5257 910 5310 mi
936 5255 1116 5320 frater,
1150 5255 1356 5309 beatum
1388 5257 1619 5326 Moysem
1649 5255 1747 5307 alia
1775 5254 1937 5322 ﬁgura
1968 5269 2179 5308 crucem

617 5331 1062 5412 sub‘indicantem;
1110 5363 1214 5416 quo
1261 5355 1434 5400 autem
1481 5356 1654 5415 pacto,
1707 5345 1848 5399 audi.
1883 5345 1986 5399 Eos
2015 5345 2178 5409 enim,

617 5442 706 5509 qui
745 5439 812 5495 de
844 5454 997 5494 cruce
1026 5438 1329 5508 loquuntur,
1363 5436 1556 5490 multas
1587 5433 1825 5506 mysterii
1853 5434 2181 5501 contempla-

620 5534 788 5587 tiones
820 5534 868 5585 in
898 5531 1126 5587 medium
1154 5529 1343 5583 afferre
1364 5535 1588 5597 Oportet.
1617 5527 1865 5581 Israelitis
1891 5527 1943 5580 in
1973 5526 2183 5580 deserto

677 5668 751 5728 (a)
781 5673 919 5715 Juxta
950 5660 1383 5728 sa_vil._legcndum
1417 5668 1525 5718 est,
1562 5664 1720 5720 Petro,
1741 5667 1790 5709 et
1829 5661 2023 5720 reipsa,
2061 5644 2182 5718 apu-2

617 5723 808 5778 Petrum
829 5728 977 5776 verba
999 5723 1193 5775 laudata
1206 5723 1451 5786 leguntur.

2021 369 2104 428 SE
2114 369 2382 427 VEBIANI

3726 387 3826 443 504

2267 481 2463 537 bellum
2490 481 2714 540 intulere
2736 482 3044 555 alienigena:
3067 485 3302 556 quidam,
3342 486 3650 544 Amalecita
3678 489 3814 543 dicti.

2260 570 2464 642 Moyses
2488 581 2663 626 autem
2688 571 2871 628 Jesum
2895 574 3056 642 Nave,
3086 577 3264 646 populi
3293 577 3502 643 ducem,
3531 589 3587 632 et
3619 594 3818 632 succes-

2260 675 2436 715 sorem
2467 677 2641 727 suum,
2682 673 2942 718 armatum
2973 665 3228 732 proﬁcisci
3251 666 3420 734 jubet,
3462 667 3576 734 ipso
3624 669 3817 720 interea

2260 749 2311 802 in
2341 759 2520 805 monte
2547 752 2788 806 manibus
2833 755 3079 821 expansis
3124 763 3387 809 manente.
3427 754 3555 809 Nam
3584 756 3660 808 ait
3685 754 3816 809 Scri-

2261 848 2409 908 ptura
2435 857 2447 892 :
2477 859 2496 892 ε
2525 840 2734 911 Moyses
2751 842 2985 896 ascendit
3009 843 3059 896 in
3079 851 3330 910 montem,
3360 854 3411 898 ct
3437 846 3689 915 expandit
3711 860 3814 898 ma-

2258 943 2356 983 nus
2379 943 2520 982 suas.
2555 930 2618 983 Et
2647 933 2835 984 factum
2858 942 2957 998 est,
2989 947 3108 986 cum
3136 934 3441 989 extenderet
3470 951 3681 1000 manus,
3707 937 3814 987 vin-

2257 1018 2406 1073 cebat
2436 1019 2624 1084 Israel;
2654 1030 2849 1075 etcum
2875 1023 3161 1077 dimitteret
3201 1040 3228 1076 a
3271 1040 3522 1094 corporea
3563 1027 3815 1092 gravitate

2257 1111 2445 1176 victus,
2491 1112 2735 1166 vincebat
2763 1113 2977 1166 Amalec
3010 1134 3027 1165 ι
3058 1113 3251 1180 (Exod.
3297 1117 3381 1169 17.
3418 1117 3529 1184 11).
3558 1116 3697 1182 Quid
3723 1117 3814 1168 sibi

2257 1200 2368 1252 vult
2396 1200 2508 1253 haec
2531 1199 2960 1268 ﬁgura?Jud:eus
2981 1205 3154 1254 statim
3186 1213 3447 1269 metuens,
3473 1219 3539 1257 ne
3570 1219 3666 1271 per
3697 1202 3818 1256 ima-

2255 1291 2427 1360 ginem
2465 1293 2630 1360 gloria
2668 1293 2839 1346 crucis
2875 1293 3068 1346 Christi
3109 1293 3368 1362 eﬂ'ulgeat,
3403 1295 3496 1358 ait,
3545 1294 3679 1348 Nihil
3711 1294 3817 1347 b:ec

2256 1381 2418 1450 ﬁgura
2452 1383 2677 1451 pertinet
2701 1382 2764 1435 ad
2795 1397 2877 1448 ea,
2917 1398 3034 1452 qum
3079 1393 3132 1436 tu
3178 1383 3447 1438 fabularis.
3498 1384 3816 1438 Precationis

2255 1469 2419 1538 ﬁgura
2449 1479 2563 1523 erat
2589 1472 2672 1523 illa
2703 1470 2888 1534 forma,
2916 1486 3020 1524 non
3053 1472 3311 1541 imaginis,
3358 1481 3516 1541 prout
3545 1481 3596 1525 tu
3629 1473 3814 1542 opina-

2255 1562 2350 1615 ris.
2382 1560 2531 1627 Quod
2567 1560 2610 1613 si
2640 1561 2708 1613 ita
2739 1571 2840 1625 est,
2867 1562 2910 1614 si
2949 1577 3069 1615 vere
3097 1563 3310 1614 victoria
3350 1560 3438 1615 illa
3468 1563 3669 1616 fructus
3699 1577 3814 1631 pre-

2255 1653 2478 1706 cationis
2523 1651 2638 1716 fuit,
2667 1667 2762 1706 cur
2786 1652 3055 1720 Scriptura
3085 1668 3188 1706 non
3225 1654 3509 1722 precationi
3547 1654 3812 1707 victoriam

2255 1742 2534 1810 adscripsit
2563 1743 2689 1809 (non
2735 1744 2875 1796 enim
2920 1743 2995 1796 ait
3034 1741 3487 1811 Scriptura:Cum
3519 1753 3815 1810 precaretur

2254 1830 2492 1900 Moyses:
2517 1830 2643 1884 illud
2665 1831 2804 1884 enim
2836 1845 2959 1886 vere
2975 1832 3253 1901 signiﬁcat,
3272 1833 3541 1886 victoriam
3567 1847 3668 1884 non
3693 1831 3813 1884 fuis-

2253 1935 2312 1975 se
2342 1921 2658 1989 prccationis
2683 1917 2953 1990 fructum),
2987 1921 3078 1974 sed
3108 1921 3358 1975 adscribit
3379 1922 3590 1990 imagini
3618 1921 3813 1989 ﬁgimu-

2254 2028 2356 2082 quc
2384 2013 2668 2066 manuum?
2707 2013 2838 2066 Cum
2866 2014 3004 2066 enim
3035 2027 3220 2066 manus
3261 2012 3562 2066 demitteret
3593 2013 3809 2083 Moyses,

2254 2107 2598 2175 superabatur
2647 2104 2838 2166 Israel;
2881 2119 2999 2158 cum
3051 2103 3388 2172 expenderet,
3443 2103 3813 2172 proﬁigabatur

2254 2197 2486 2252 Amalec.
2515 2197 2643 2251 Nam
2676 2197 2718 2250 si
2749 2196 2799 2250 id
2829 2197 3112 2265 precationi
3139 2195 3542 2249 adscribendum
3569 2204 3704 2251 erat.
3735 2194 3811 2246 di-

2254 2303 2377 2343 cere
2402 2289 2755 2358 oportuisset:
2786 2286 2852 2340 Et
2877 2301 2994 2339 cum
3036 2286 3345 2354 precabatur
3382 2285 3610 2355 Moyses,
3641 2286 3812 2337 vince.-

2253 2379 2362 2434 bat.
2390 2379 2514 2442 Sed,
2563 2387 2619 2430 ut
2657 2376 2784 2441 dixi,
2821 2375 3118 2444 precatione
3143 2375 3355 2438 omissa,
3386 2389 3488 2426 non
3521 2373 3735 2441 quidem
3765 2382 3815 2423 ut

2255 2469 2446 2533 inutili,
2470 2466 2560 2521 sed
2593 2476 2647 2520 ut
2688 2482 2805 2534 quas
2834 2464 3044 2533 imagini
3071 2463 3245 2518 crucis
3271 2463 3462 2518 cedere
3489 2461 3732 2523 deberet,
3763 2462 3816 2511 ft-

2255 2573 2397 2626 gurae
2422 2567 2472 2610 et
2500 2557 2648 2624 signo
2677 2555 2944 2608 victoriam
2975 2552 3242 2607 adscribit.
3266 2552 3484 2619 Quando
3506 2555 3652 2605 enim
3674 2551 3816 2618 Moy-

2255 2661 2340 2699 ses
2364 2644 2697 2711 expandcbat
2724 2657 2929 2703 manus,
2958 2643 3195 2694 vincebat
3223 2642 3400 2695 Israel.
3429 2640 3566 2706 Quid
3590 2641 3688 2692 sibi
3715 2642 3818 2689 vult

2255 2751 2484 2805 expansa
2533 2733 2751 2786 manus?
2802 2733 3033 2800 Depinge
3063 2732 3155 2786 tibi
3203 2747 3390 2784 manus
3433 2744 3718 2800 exmnSas,
3767 2739 3819 2781 ut

2256 2826 2620 2895 splendentem
2653 2823 2936 2876 adoranda:
2964 2822 3149 2874 Crucis
3179 2822 3458 2890 imaginem
3488 2821 3690 2873 videas.
3725 2819 3817 2872 Ve-

2257 2932 2372 2970 rum
2401 2914 2711 2985 defatigatus
2736 2923 2834 2978 est,
2867 2914 3031 2980 inquit
3063 2912 3352 2981 Scriptura,
3382 2911 3620 2980 Moyses;
3657 2921 3822 2977 neque

2257 3007 2396 3060 enim
2420 3020 2606 3058 manus
2634 3018 2885 3073 corporea
2908 3004 3166 3071 gravitate
3190 3002 3339 3054 victa:
3369 3002 3509 3052 illam
3539 3001 3821 3067 imaginem

2257 3095 2520 3148 sustinere
2560 3103 2821 3162 poterant.
2851 3093 2983 3158 Quid
3027 3092 3190 3161 ergo?
3234 3091 3332 3156 Ne,
3364 3092 3536 3142 soluta
3571 3089 3816 3156 imagine.

2260 3185 2474 3237 victoria
2496 3198 2704 3253 quoque
2730 3184 3080 3246 amitteretur,
3114 3183 3375 3234 sustinent
3414 3183 3595 3234 Aaron
3639 3191 3694 3231 et
3731 3177 3817 3238 Or,

2259 3275 2590 3342 allevantque
2618 3288 2804 3326 manus
2826 3274 2957 3340 ejus,
2987 3288 3074 3337 ne,
3103 3279 3450 3325 evanescente
3483 3269 3735 3337 imagine,
3755 3268 3827 3317 vi-

2260 3367 2422 3420 ctoria
2454 3380 2663 3434 quoque
2710 3365 3026 3417 elaberetur.
3074 3361 3179 3415 Cur
3226 3362 3442 3412 omnino
3471 3361 3652 3412 Aaron
3684 3371 3735 3410 ει
3761 3356 3827 3409 Or

2261 3469 2447 3508 manus
2473 3453 2810 3507 sull‘ulciunt?
2833 3455 3028 3518 Aaron,
3057 3451 3263 3512 fratres,
3283 3449 3599 3502 sacerdotali
3618 3461 3829 3500 munere

2261 3543 2609 3612 fungebatur;
2640 3542 2713 3596 Or
2738 3556 2866 3595 vero
2892 3541 3045 3609 regia:
3067 3541 3237 3593 tribus
3261 3539 3636 3606 cognationem
3676 3536 3827 3588 habe-

2263 3634 2372 3688 bat.
2405 3633 2584 3702 Itaque
2610 3632 2890 3700 imaginem
2916 3630 3085 3684 crucis
3115 3628 3468 3682 sacerdotium
3514 3638 3571 3680 et
3616 3638 3826 3692 regnum

2265 3723 2720 3778 instarsatellitum
2741 3722 2955 3788 stipant.
2979 3725 3048 3773 Ac
3066 3717 3515 3789 quemadmodum
3535 3731 3658 3768 cum
3679 3726 3830 3767 trans-

2267 3815 2577 3882 ﬁguraretur
2628 3812 2881 3865 Dominus
2921 3811 2971 3862 in
3018 3820 3214 3873 monte,
3249 3809 3343 3861 visi
3383 3816 3508 3860 sunt
3541 3808 3756 3876 Moyses
3787 3815 3831 3857 et

2269 3905 2408 3958 Elias
2439 3918 2466 3957 a
2493 3903 2692 3955 dextris
2725 3913 2777 3954 et
2803 3916 2831 3952 a
2863 3901 3114 3963 sinistris,
3155 3909 3213 3951 ut
3253 3897 3450 3967 regiam
3479 3896 3678 3948 Christi
3711 3897 3830 3947 inta-

2266 3993 2439 4062 ginem
2473 3993 2618 4060 quasi
2662 3992 2913 4045 satellites
2940 3990 3225 4056 stiparent:
3249 3987 3323 4039 sic
3348 3987 3510 4039 etiam
3544 3985 3634 4038 hic
3665 3989 3832 4037 Aaron

2269 4081 2544 4135 sacerdotii
2573 4081 2812 4134 ordinem
2841 4080 3086 4132 obtinens
3125 4077 3265 4131 cruci
3296 4075 3490 4138 adstat,
3521 4083 3575 4128 et
3602 4075 3834 4128 similter

2270 4173 2342 4226 0r
2379 4174 2598 4240 primum
2643 4171 2800 4239 regia:
2848 4169 3115 4236 dignitatis
3158 4166 3338 4219 ﬂorem
3382 4163 3588 4218 habens
3633 4178 3834 4217 crucem

2271 4267 2447 4332 stipat.
2481 4265 2649 4317 IImca
2679 4279 2761 4315 Ine
2804 4262 2939 4314 dicta
2984 4271 3127 4322 sunt,
3163 4267 3217 4310 ut
3239 4255 3540 4319 ostendant,
3576 4252 3839 4322 qutirttoio

2274 4355 2461 4423 priscis
2491 4353 2597 4405 illis
2624 4353 2856 4420 patribus
2882 4349 3091 4418 pietatis
3131 4348 3300 4413 imago
3344 4344 3504 4396 fuerit
3546 4343 3838 4410 proposita,

2274 4458 2478 4497 necnon
2510 4457 2663 4510 quam
2694 4441 2949 4492 honorata
2977 4438 3041 4489 ab
3071 4436 3175 4488 illis
3193 4434 3346 4488 fuerit
3373 4433 3696 4486 oeconomia:
3724 4432 3843 4498 ﬁgu-

2276 4548 2351 4584 ra.
2383 4532 2439 4585 Si
2468 4541 2642 4585 autem
2676 4529 2747 4581 illi
2774 4529 2861 4596 qui
2890 4523 3332 4594 praenuntiabant,
3363 4530 3508 4574 tanta
3533 4535 3660 4574 cum
3696 4520 3844 4571 laude

2279 4623 2418 4675 illam
2443 4620 2814 4690 praedicarunt,
2843 4628 2896 4670 et
2923 4631 3041 4669 cum
3065 4621 3213 4666 tanto
3241 4612 3440 4664 honore
3473 4607 3846 4677 pra'signiﬁca-

2280 4719 2404 4765 runt
2431 4729 2442 4763 :
2470 4725 2574 4778 quo
2601 4723 2694 4762 ore
2723 4722 2818 4760 nos
2849 4704 3055 4758 Domini
3084 4716 3293 4756 crucem
3325 4700 3670 4765 divinamque
3713 4698 3845 4750 illam

2281 4800 2627 4856 ceconomiam
2655 4797 2906 4853 convenit
2932 4793 3237 4848 celebrare?
3259 4791 3372 4844 Non
3401 4790 3590 4858 ignoro
3618 4803 3722 4842 vos
3744 4804 3848 4840 rna-

2282 4908 2384 4960 gno
2411 4890 2674 4945 desiderio
2704 4889 2866 4941 teneri
2898 4887 3076 4938 talium
3113 4883 3438 4945 orationum,
3467 4882 3661 4949 quibus
3691 4894 3849 4932 sacra:

2283 4983 2559 5051 theologia:
2599 4981 2840 5049 dogmata
2886 4978 3245 5043 explicantur:
3274 4983 3329 5026 at
3368 4989 3486 5041 qua:
3532 4987 3677 5025 nunc
3720 4973 3849 5025 dicta

2286 5081 2406 5126 sunt
2436 5073 2539 5126 illis
2570 5081 2691 5124 sunt
2719 5069 2912 5122 affinis.
2948 5066 3191 5134 Ejusdem
3220 5066 3358 5116 enim
3382 5064 3542 5116 animi
3566 5072 3647 5116 est
3669 5073 3853 5116 etcre-

2286 5178 2399 5217 cem
2434 5160 2738 5229 praedicare,
2767 5167 2820 5210 et
2851 5155 3174 5223 unigenitum
3209 5153 3374 5206 Deum
3419 5151 3650 5204 Verbum
3685 5151 3851 5203 laudi-

2290 5254 2386 5306 bus
2412 5250 2681 5304 extollere.
2711 5245 3063 5311 Quamobrem
3092 5244 3204 5296 sive
3232 5241 3561 5295 divinitatem
3586 5238 3849 5306 Unigeniti

2288 5342 2539 5402 celebres,
2572 5340 2682 5390 sive
2707 5337 2820 5404 ejus
2845 5334 3191 5387 teconomiam
3225 5333 3477 5396 honores,
3508 5344 3610 5382 una
3633 5329 3852 5382 eadem-

2289 5445 2390 5499 que
2411 5438 2492 5483 est
2512 5427 2717 5496 pietatis
2742 5422 3140 5478 demonstratio.

2361 5523 2412 5575 4.
2452 5521 2709 5572 Caeterum
2733 5514 2941 5584 quando
2967 5526 3200 5575 crucem,
3223 5509 3433 5578 quando
3453 5507 3696 5575 corporis
3719 5522 3853 5560 (eco-

2292 5611 2518 5665 nomiam
2547 5608 2718 5671 audis,
2763 5614 2994 5658 mentem
3025 5603 3168 5671 erige
3195 5601 3259 5652 ad
3291 5599 3674 5654 sublimitatem
3713 5611 3855 5665 pote-

2296 5701 2444 5754 statis
2469 5697 2751 5766 Unigeniti.
2783 5696 2857 5750 Ne
2889 5695 2978 5748 illa
3012 5694 3194 5763 ﬁgura,
3224 5706 3345 5762 qua:
3370 5689 3457 5744 hic
3489 5688 3562 5744 tui
3598 5703 3761 5742 causa
3786 5687 3855 5739 fa-
