3976 6218
130 377 239 434 503

137 486 329 554 δειγμα
371 484 462 536 τοῦ
511 485 908 556 ἐπικαταράτου
955 484 1151 553 όφεως·
1181 485 1314 555 πρὸς
1342 487 1397 538 δὲ
1429 487 1490 540 τὸ
1523 489 1704 541 πεῖσαι

136 575 260 632 τοὺς
279 571 424 634 υἱοὺς
445 571 542 639 τῆς
563 571 860 634 εὐσεϐείας,
894 571 946 624 τί
975 572 1174 642 δήποτε
1201 571 1261 625 τὺ
1283 573 1467 642 σχῆμα
1489 573 1583 626 τοῦ
1601 575 1710 624 ἐπι-

141 652 447 722 καταράτου
471 653 646 720 δφεως
665 651 826 705 εἰκὼν
860 653 1074 720 ἐγένετο
1102 653 1194 707 τοῦ
1234 656 1709 723 προσκυνουμένου

140 737 392 805 Χριστοῦ.
436 738 525 788 Aab
555 738 634 790 δεῖ
667 739 758 788 καὶ
781 739 931 805 ἡμᾶς
966 738 1140 790 εἰπεῖν
1171 738 1309 808 μετὰ
1342 738 1594 806 σπουδῆς,
1619 740 1706 790 κα)

140 821 282 889 ὑμᾶς
306 820 532 872 ἀκοῦσαι
566 820 701 889 μετὰ
735 820 1057 890 προθυμίας.

206 901 276 968 γ’.
299 901 472 953 Εἰκὼν
497 898 583 971 ἦν,
608 901 840 968 ἀδελφοὶ,
875 902 972 970 τῆς
995 902 1088 956 τοῦ
1108 901 1342 972 σταυροῦ
1364 903 1711 972 οἰκονομίαςδ

136 982 302 1044 τύπος
333 983 424 1035 τοῦ
445 985 638 1050 δφεως.
665 984 818 1037 Κατὰ
841 985 897 1037 δὲ
921 984 1010 1038 τὸν
1039 984 1260 1054 τρόπον,
1300 983 1484 1053 ὥσπερ
1509 987 1711 1046 ἐκεῖνος

138 1068 166 1118 6
191 1066 360 1129 τύπος
389 1067 480 1118 τοῦ
507 1067 684 1134 ὄφεως
713 1068 897 1119 εἰκόνα
932 1067 1026 1135 μὲν
1057 1065 1148 1120 καὶ
1177 1063 1477 1137 ὅθῷινοείχεν
1511 1067 1703 1134 δφεως,

140 1151 220 1202 ἰδν
249 1149 306 1202 δὲ
337 1150 430 1202 καλ⁸
465 1150 726 1219 πονηρίαν
748 1150 845 1202 οὑκ
869 1145 1010 1218 εἶχεν
1034 1149 1229 1216 ὄφεως*
1262 1149 1404 1202 οὕτω
1437 1152 1571 1203 καὶὸ
1597 1149 1708 1201 Σωο

135 1233 262 1302 τηρ,
299 1230 449 1302 [515]
482 1233 618 1284 κατὰ
647 1231 735 1284 τὸν
771 1231 910 1282 θεῖον
953 1231 1287 1292 Ἀπόστολον,
1323 1232 1381 1283 ἐν
1409 1231 1708 1301 ὁμοιώματι

139 1317 342 1388 σαρκὸς
367 1317 637 1387 ἁμαρτίας
659 1315 960 1381 ἐπιφανεὶς,
983 1314 1087 1378 ἔξω
1109 1314 1298 1381 γέγονε
1320 1314 1500 1384 πάσης
1532 1315 1710 1383 άμαρ·

135 1402 277 1462 τίας·
309 1400 488 1463 καθὼς
521 1400 614 1453 καὶ
637 1401 666 1450 ὁ
701 1399 967 1469 μακάριος
1015 1399 1239 1461 Ἡσαΐας
1273 1399 1481 1468 συνῳδὰ
1506 1397 1581 1468 τῷ
1606 1414 1711 1467 μα-

135 1486 315 1554 καρίῳ
343 1483 538 1551 Παύλῳ
569 1481 933 1549 φθεγγόμενός
965 1495 1147 1550 φησιν’
1172 1482 1270 1545 Ὃς
1291 1481 1579 1549 ἁμαρτίαν
1602 1481 1712 1533 οὐκ

132 1568 447 1632 ἐποίησεν.
486 1563 627 1616 οὐδὲ
663 1564 871 1630 εὑρέθη
906 1563 1086 1629 δόλος
1127 1563 1195 1615 ἐν
1223 1562 1302 1624 τῷ
1331 1565 1580 1631 στόματι
1604 1563 1711 1614 αὺ-

136 1649 266 1703 τοῦ.
299 1648 454 1700 Κατὰ
500 1648 590 1699 τὸν
629 1647 854 1700 Ἡσαΐαν
886 1648 1029 1716 έχεις
1080 1648 1208 1717 μίαν
1232 1649 1435 1700 εἰκόνα·
1461 1645 1581 1698 ἐλθέ
1625 1664 1712 1715 μοι

137 1735 233 1786 καὶ
266 1733 349 1799 ἐφ’
379 1731 576 1799 ἐτέραν
630 1729 831 1781 εἰκόνα.
873 1729 1045 1781 Βλέπε
1091 1730 1176 1782 διά
1221 1730 1326 1781 τῶν
1352 1729 1537 1782 τύπων
1570 1728 1712 1797 λάμ-

137 1832 351 1868 πουσαν
400 1815 497 1879 τὴν
536 1812 810 1881 ἀλήθειαν.
844 1813 904 1864 Οί
935 1812 1084 1881 όφεις
1128 1813 1346 1865 ἔδακνόν
1396 1813 1521 1874 τοὺς
1567 1813 1714 1873 υἱοὺς

147 1899 386 1969 Ἰσραὴλ,
429 1899 515 1950 ὅτε
555 1896 680 1958 λαὸς
703 1895 904 1965 ὀλέθρῳ
949 1895 1261 1964 περιέπεσε.
1303 1895 1598 1963 Φάρμακον
1635 1895 1716 1955 είς

137 1982 414 2049 σωτηρίαν
446 1979 682 2048 Μωὺσῆς
712 1978 937 2031 ἱκετεύει
969 1978 1152 2031 δοῦναι
1180 1978 1268 2031 τὸν
1303 1978 1454 2029 Θεόν.
1500 1977 1555 2028 ’0
1582 1975 1714 2039 Θεὸς

137 2065 487 2118 ὑποδείκνυσι
548 2063 626 2134 τῷ
682 2063 971 2134 θεράποντι
1029 2063 1319 2131 φάρμακον
1376 2062 1713 2131 εὐεργεσίας.

135 2148 235 2201 καί
261 2165 412 2216 φησιι
436 2148 703 2214 Ποίησον
741 2147 880 2214 ὄφιν
921 2144 1208 2213 χαλκοῦν,
1239 2143 1338 2197 καί
1377 2143 1575 2210 πῆεον
1608 2144 1714 2195 αὑ-

138 2231 248 2283 τὸν
276 2230 388 2297 πρὸ
428 2228 534 2296 τῆς
580 2228 818 2296 σκηνῆς
859 2228 965 2281 τοῦ
989 2228 1339 2296 μαρτυρίου.
1373 2227 1436 2277 Τί
1470 2224 1714 2295 βούλεται

138 2315 201 2366 τὸ
231 2314 567 2381 ὑπόδειγμα;
603 2313 783 2364 Ἀλλοι
827 2313 874 2364 οί
909 2310 1194 2373 δάκνοντες
1223 2311 1395 2377 ὄφεις,
1421 2309 1514 2362 καὶ
1561 2309 1716 2371 ἄλλος

137 2399 285 2467 ὑπὲρ
319 2396 498 2449 αὐτῶν
527 2396 943 2466 σταυρούμενος.
975 2396 1038 2447 Τί
1077 2394 1321 2464 βούλεται
1369 2394 1429 2445 τὸ
1461 2395 1711 2461 αἴνιγμας

136 2482 193 2533 τί
226 2479 617 2546 ἐπαγγέλλεται
660 2481 692 2548 ή
735 2477 860 2530 σκιά
911 2476 1004 2529 τοῦ
1055 2476 1352 2546 μυστηρίου
1391 2486 1449 2538 εις
1507 2475 1714 2545 Ὠσπερ

139 2566 278 2623 ἐκεῖ,
316 2562 498 2629 φησὶν,
533 2563 560 2612 ὁ
588 2560 776 2622 τύπος,
805 2560 979 2612 ἄλλων
1015 2559 1320 2610 δακνόντων
1344 2558 1540 2624 ὄφεων,
1581 2559 1609 2608 6
1643 2556 1714 2625 μὴ

134 2646 352 2698 δάκνων
379 2643 513 2712 μηδὲ
545 2641 752 2712 πλήξας
789 2642 1132 2711 προσήλωται
1158 2640 1233 2708 τῷ
1266 2639 1423 2707 ξύλῳ·
1453 2639 1592 2690 οὓτω
1625 2640 1718 2690 καὶ

137 2728 249 2781 τῶν
299 2727 471 2780 ἄλλων
505 2725 806 2794 ἀνθρώπων
857 2723 1293 2792 ἁμαρτανόντων,
1333 2721 1472 2789 ὑπὲρ
1504 2720 1718 2772 πάντων

140 2810 328 2880 μέλλει
355 2811 580 2876 πάσχειν
611 2810 639 2860 ὁ
681 2807 884 2876 Ἰησοῦς
916 2809 944 2858 6
978 2805 1377 2875 ἀναμάρτητος.
1415 2803 1582 2871 ’Υπὲρ
1611 2801 1719 2854 τῶν

137 2893 444 2945 δακνόντων
469 2891 642 2958 δφεων
665 2890 785 2957 δφις
820 2889 1197 2959 ἀναμάρτητος
1220 2885 1560 2956 σταυροῦταιο
1582 2886 1719 2956 ὑπὲρ

140 2975 303 3046 ἡμῶν
364 2974 470 3025 τῶν
507 2971 880 3040 ὑποκειμένων
913 2969 1124 3040 θανάτῳ
1154 2971 1181 3021 6
1209 2969 1447 3038 ἁμαρτία
1480 2967 1552 3037 μή
1587 2968 1717 3019 ὑπο-

142 3059 396 3127 κείμενος
420 3054 800 3126 προσηλοῦται.
843 3054 1017 3122 Ὅπερ
1050 3052 1186 3120 μετὰ.
1214 3051 1320 3101 τῶν
1352 3050 1523 3103 ἄλλων
1545 3048 1720 3112 καλῶς

142 3139 602 3211 προανεφώνησεν
630 3133 730 3189 ὧδέ
760 3153 874 3197 πως
917 3134 1142 3196 Ἡσαΐας
1171 3132 1363 3200 λέγων·
1411 3133 1586 3201 ’Υπὲρ
1609 3131 1724 3184 τῶν

140 3224 446 3292 ἁμαρτιῶν
482 3220 587 3274 τοῦ
637 3219 790 3274 λαοῦ
837 3214 1023 3287 ἦλθεν
1054 3220 1141 3282 εἰς
1185 3217 1460 3270 θάνατον·
1500 3217 1612 3278 καὶ,
1660 3214 1722 3267 Ὀ

143 3307 368 3375 Κύριος
411 3305 752 3373 παρέδωκεν
803 3303 1018 3355 ἑαυτὸν
1065 3299 1215 3366 ὑπὲρ
1269 3300 1385 3352 τῶν
1430 3297 1725 3367 ἁμαρτιῶν

152 3391 342 3460 ἡμῶν.
409 3388 886 3460 Ἀναμαρτυρῆσαι
935 3387 1040 3456 χρὴ
1097 3386 1257 3437 πάλιν
1294 3385 1388 3437 τοῦ
1426 3383 1722 3455 μυστηρίου

140 3479 242 3530 τὸν
266 3477 443 3542 λόγον.
479 3476 688 3543 Ὠσπερ
718 3474 835 3525 ἐκεῖ
862 3471 1009 3524 ἄλλοι
1038 3472 1085 3522 οἰ
1111 3469 1414 3532 δάκνοντες,
1448 3469 1541 3520 καὶ
1569 3468 1724 3531 ἄλλος

141 3563 173 3613 ὁ
209 3558 578 3628 πηγνύμενος·
616 3555 757 3608 οὑτω
790 3555 882 3607 καὶ
919 3551 1152 3606 ἐνταῦθα
1177 3552 1376 3612 πάντες
1397 3551 1445 3603 οἱ
1475 3551 1724 3620 ἁμαρτή-

145 3658 365 3702 σαντες,
393 3641 489 3692 καὶ
516 3633 594 3699 εἷς
619 3642 647 3692 6
682 3638 820 3707 ὑπὲρ
846 3636 1060 3690 πάντων
1092 3634 1506 3705 σταυρούμενος.
1543 3634 1726 3702 Ἔχεις

141 3725 408 3794 δευτέραν
439 3723 639 3774 εἰκόναο
675 3720 948 3788 σκόπησόν
969 3736 1058 3788 μοι
1078 3718 1171 3770 καὶ
1199 3717 1390 3786 ἑτέραν
1407 3715 1588 3767 εἰκόνα
1613 3715 1726 3784 τρί-

143 3821 273 3876 την⁶
320 3804 448 3858 Ἑπί
477 3805 772 3871 στόματος
798 3801 903 3854 δύο
939 3800 1035 3853 καὶ
1054 3799 1229 3867 τριῶν
1249 3799 1562 3866 μαρτύρων
1593 3814 1728 3849 στα-

143 3891 399 3957 θήσεται
423 3887 543 3941 πιῖν
564 3886 747 3954 ῥῆμα.
766 3885 861 3937 Διὰ
881 3884 932 3937 τί
961 3882 1283 3953 σταυροῦται
1319 3881 1548 3950 χαλκοῦς
1575 3881 1726 3948 όφιςς

149 3975 282 4026 Ἵνα
314 3969 630 4038 καταργηθῇ
657 3970 722 4019 τὰ
740 3968 990 4036 δήγματα
1012 3964 1119 4017 τῶν
1144 3965 1335 4032 ὄφεων.
1372 3964 1531 4015 Ἀλλο
1551 3959 1641 4014 οὖν
1669 3962 1729 4013 τὸ

153 4053 582 4123 σταυρούμενον,
620 4049 715 4102 καὶ
745 4048 879 4101 ἄλλα
900 4047 968 4100 τά
996 4045 1431 4115 καταργούμενα.
1456 4044 1566 4112 Οὑχ
1598 4045 1729 4113 ὁρᾷς

149 4138 260 4209 τὴν
284 4135 517 4206 ἔμφασιν
549 4135 647 4201 τῆς
675 4129 962 4201 άληθείας;
999 4130 1058 4182 οὐ
1083 4129 1295 4199 βλέπεις
1321 4129 1394 4190 ὡς
1420 4129 1476 4179 ἐν
1509 4125 1730 4209 κρυπτῷ

151 4207 446 4290 γράμματι
470 4217 567 4286 τὴν
590 4215 817 4284 δύναμιν
845 4214 944 4281 τῆς
975 4212 1312 4280 οἰκονομίας;
1358 4207 1730 4278 Ἐσταυρώθη,

153 4303 344 4372 φησὶν,
361 4300 594 4367 ὁφις,ἴνα
611 4296 930 4367 καταργηθῇ
947 4295 1052 4347 τῶν
1066 4294 1366 4364 δρακόντων
1379 4294 1444 4344 τὰ
1459 4293 1730 4362 δήγματα·

151 4383 476 4454 ἐσταυρώθη
502 4382 749 4450 Χριστὸς,
790 4381 875 4432 ἵνα
911 4376 1297 4447 καταργηθῶσι
1337 4376 1442 4428 τῶν
1469 4375 1733 4443 δαιμόνων

152 4471 218 4521 αἱ
239 4467 533 4537 ἐνέργειαι.
560 4464 751 4525 Ἀλλος
786 4465 814 4515 6
843 4463 964 4529 ὄφις
983 4462 1012 4514 6
1033 4459 1500 4532 πηγνύμενος,καί
1521 4458 1668 4510 ἄλλοι
1685 4458 1733 4510 οἱ

151 4550 597 4620 καταργούμενοι
631 4548 942 4615 δράκοντες
981 4544 1136 4605 ἄλλος
1159 4545 1186 4596 6
1211 4543 1302 4594 ἐπὶ
1340 4540 1573 4611 σταυροῦ
1603 4542 1736 4610 Χρι-

157 4636 307 4696 στὸς,
337 4632 428 4684 καὶ
453 4631 598 4684 ἄλλοι
613 4631 661 4681 οἰ
691 4628 1119 4698 καταργούμενοι
1134 4627 1399 4696 δαίμονες.
1429 4625 1532 4678 Καὶ
1549 4623 1737 4694 ὥσπερ

155 4718 283 4768 ἐκεῖ
315 4717 347 4784 ἡ
380 4713 541 4766 είκὼν
580 4712 671 4764 τοῦ
700 4713 874 4780 δφεως
916 4710 1010 4762 τοῦ
1056 4709 1378 4778 φαινομένου
1424 4711 1736 4778 κατήργησε

154 4800 231 4852 τά
275 4799 524 4869 δήγματα
548 4795 654 4848 τῶν
673 4795 869 4864 ὄφεων,
898 4793 1037 4846 οὑτω
1058 4794 1149 4847 καί
1177 4791 1407 4844 ἐνταῦθα
1443 4794 1474 4860 ὴ
1498 4793 1590 4843 τοῦ
1609 4792 1740 4859 Χρι-

165 4881 297 4935 στοῦ
329 4882 589 4950 νέκρωσις
629 4878 722 4930 τοῦ
782 4877 1010 4931 θανάτου
1068 4877 1254 4943 γέγονε
1305 4875 1589 4944 νέκρωσις,
1647 4872 1741 4924 καὶ

159 4966 274 5018 τῶν
309 4963 576 5031 δαιμόνων
603 4960 940 5030 καθαίρεσις.
989 4960 1224 5020 Εἰκότως
1247 4953 1335 5009 οὖν
1366 4959 1392 5009 ὁ
1431 4956 1614 5026 Σωτὴρ
1631 4955 1742 5025 τὴν

161 5048 353 5100 εἰκόνα
378 5046 507 5114 πρὸς
531 5045 718 5097 ἑαυτὸν
742 5043 993 5113 ἁρμόζων
1018 5043 1187 5110 ἔλεγε·
1211 5043 1317 5095 Καὶ
1348 5039 1540 5104 καθὼς
1574 5043 1739 5092 Μωϋ-

163 5129 296 5196 σῆς
329 5129 534 5196 ὕψωσε
560 5126 666 5178 τὸν
698 5126 836 5194 ὄφιν
864 5127 932 5177 ἐν
947 5124 1020 5191 τῇ
1051 5123 1264 5192 ἐρήμῳ,
1292 5124 1441 5176 οὕτω
1467 5122 1561 5175 δεῖ
1583 5123 1743 5189 ὑψω-

164 5215 347 5281 θῆναι
375 5213 478 5264 τὸν
511 5211 643 5265 Υίὸν
658 5210 761 5263 τοῦ
783 5209 1112 5276 ἀνθρώπου,
1139 5209 1236 5264 ἵνα
1255 5207 1370 5273 πᾶς
1390 5210 1421 5260 ό
1447 5207 1746 5258 πιστεύων

164 5303 258 5364 εἰς
301 5297 484 5350 αὑτὸν
513 5296 597 5363 μὴ
637 5295 952 5360 ἀπόληται,
982 5293 1117 5346 ἀλλ’
1149 5293 1260 5361 ἔχῃ
1295 5291 1443 5357 ζωὴν
1486 5289 1741 5343 αἰώνιον.

170 5385 382 5450 Ἔχεις,
413 5378 625 5444 ἀδελφέ,
661 5376 927 5446 μακάριον
959 5376 1198 5444 Μωῦσῆν
1220 5374 1312 5426 καί.
1341 5376 1396 5426 ἐν
1418 5373 1588 5443 ἐτέρῳ
1611 5373 1745 5443 σχή-

173 5481 310 5536 ματι
339 5463 428 5513 τὸν
465 5458 691 5529 σταυρὸν
749 5457 1160 5526 ὑπογράφοντα·
1204 5458 1298 5509 καὶ
1350 5456 1514 5520 ὅπως,
1562 5456 1744 5509 ἄκουε.

169 5549 267 5603 Δεῖ
302 5545 409 5614 γὰρ
451 5545 579 5612 περὶ
627 5540 857 5614 σταυροῦ
888 5540 1142 5607 λέγοντας
1173 5538 1370 5601 πολλάς
1401 5539 1746 5609 παραστῆσαι

170 5635 268 5691 τοῦ
321 5630 620 5722 μυστηρίου
674 5629 769 5691 τὰς
826 5626 1072 5698 θεωρίας.
1127 5626 1410 5680 Ἐπέθεντό
1470 5642 1597 5678 ποτε
1639 5626 1748 5686 τοῖς

238 5761 265 5790 ⁸
294 5758 414 5821 Bcg.
449 5757 536 5807 τοῦ
560 5753 827 5818 μαρτυρίου.

1338 374 1423 429 DE
1464 370 1824 429 SERPENTE
1870 371 2173 436 HOMILIA.

3251 357 3363 413 504

1823 484 2179 555 Ἰσραηλίταις
2212 480 2519 548 ἀλλόφυλοι,
2565 478 2704 532 κατὰ
2732 477 2830 547 τήν
2866 475 3090 548 ἔρημον-⁸
3130 473 3373 544 Ἀμαλὴκ

1806 567 1862 620 δὲ
1888 566 2068 637 ὄνομα.
2093 569 2208 628 τοῖς
2238 563 2572 633 ἀλλοφύλοις.
2618 560 2953 614 ’Δποστέλλει
2990 556 3225 625 Μωῡσῆς
3267 557 3373 626 Ἰη-

1807 647 1935 701 σοῦν
1965 648 2056 701 τὸν
2087 647 2183 700 τοῦ
2217 648 2394 717 Ναυῆ,
2441 645 2887 715 στρατηγήσοντα
2920 642 3034 701 τοῖς
3061 638 3370 707 ὁμοφύλοις.

1806 732 1899 783 καὶ
1920 729 2126 794 ὁπλίζει
2157 730 2253 799 μὲν
2277 730 2369 782 τὸν
2399 728 2638 796 διάδοχον
2683 723 2896 787 ἐαυτοῦ,
2932 722 3081 792 μένει
3133 719 3186 771 δὲ
3221 719 3372 791 [516]

1806 813 1967 876 αὐτὸς
1992 815 2051 865 ἐν
2073 812 2150 880 τῷ
2170 812 2284 883 δρει
2306 811 2403 874 τὰς
2434 814 2620 880 χεῖρας
2655 810 2926 861 ἐκτείνων.
2964 801 3218 869 Μωῦσῆς
3241 803 3372 872 γάρ,

1807 897 1987 963 φησιν,
2027 894 2208 960 ἀνέϐη
2247 896 2333 957 είς
2369 892 2435 944 τὸ
2463 892 2619 957 ὄρος,
2649 890 2744 942 καί
2767 889 3012 954 ἢπλωσε
3040 886 3145 950 τὰς
3173 883 3374 952 χεῖρας

1805 977 2009 1030 αὑτοῦ·
2039 977 2136 1029 καὶ
2163 974 2394 1043 ἐγένετο
2420 974 2596 1039 ἡνίκα
2620 972 2696 1024 ἂν
2717 970 2970 1034 ἐξέτεινε
2992 965 3253 1034 Μωυσῆς
3270 965 3374 1028 τὰς

1808 1059 2031 1126 χεᾷιις,
2077 1059 2247 1111 ἐνίκα
2294 1061 2326 1110 ό
2367 1054 2622 1123 Ἰσραήλ·
2659 1053 2754 1105 καὶ
2788 1053 2967 1118 ἡνίκα
2997 1052 3073 1105 ἂν
3101 1050 3370 1113 κατετίοη

1808 1141 1912 1204 τὰς
1935 1141 2135 1208 χεῖρας
2167 1139 2286 1192 ὑπὸ
2306 1138 2410 1191 τοῦ
2429 1135 2765 1204 σωματικοῦ
2780 1133 3008 1202 βάρους
3032 1131 3371 1198 νικώμενος,

1807 1225 1975 1277 ἐνίκα
2001 1227 2032 1276 ό
2068 1222 2353 1292 Ἀμαλήκ.
2410 1220 2471 1272 Τί
2504 1220 2747 1290 βούλεται
2799 1217 2858 1269 τὸ
2887 1216 3098 1284 σχῆμα;
3148 1214 3205 1266 '0
3250 1215 3377 1264 ’ἰου-

1806 1306 1952 1367 δαῖος
1985 1306 2184 1367 εὐθέως
2220 1303 2381 1372 φοδού
2391 1319 2567 1373 μενος,
2597 1301 2670 1370 μή
2698 1299 2886 1369 λάμῲῃ
2929 1297 3015 1350 διὰ
3047 1297 3144 1366 τῆς
3171 1293 3378 1358 εἰκόνος

1807 1387 1988 1455 ὴδόξα
2039 1387 2130 1439 τοῦ
2172 1387 2404 1457 σταυροῦ
2456 1384 2548 1437 τοῦ
2600 1382 2860 1453 Χριστοῦ,
2894 1380 3081 1441 Οὐδὲν,
3113 1377 3296 1445 φησὶν,
3348 1377 3377 1428 6

1807 1468 1974 1530 τύπος
2006 1469 2116 1538 ἔχει
2149 1469 2256 1520 τῶν
2291 1469 2439 1539 παρὰ
2486 1469 2568 1520 σοὶ
2624 1463 3024 1536 μυθευομένων.
3063 1457 3376 1531 Προσευχῆς

1807 1547 1873 1621 ἦν
1912 1554 2086 1604 ἐκεῖνο
2109 1552 2169 1604 τὸ
2198 1553 2383 1621 σχῆμα
2424 1551 2612 1611 τύπος,
2638 1549 2739 1601 οὑκ
2773 1546 2998 1605 εἰκόνος,
3033 1542 3107 1604 ὡς
3140 1541 3202 1593 σὺ
3243 1542 3376 1592 67:0-

1808 1637 1966 1698 νοεῖς.
1997 1636 2105 1688 Καὶ
2132 1636 2181 1687 τί
2215 1618 2434 1705 δήποτε,
2486 1632 2642 1701 είπερ
2688 1628 2899 1698 άληθῶς
2944 1629 3023 1681 ὅτι
3067 1625 3272 1695 καρπὸς
3309 1618 3376 1691 ἦν

1807 1716 1908 1786 τῆς
1950 1717 2252 1788 προσευχῆς
2279 1719 2310 1786 ή
2341 1715 2483 1785 νίκη,
2534 1714 2594 1766 o6
2629 1714 2694 1782 τῇ
2748 1712 3018 1780 προσευχῇ
3065 1709 3163 1778 τὴν
3223 1707 3376 1788 νίκην

1817 1785 2127 1868 ὑπέγραψεν
2204 1785 2355 1866 λόγος
2385 1799 2464 1866 (οὑ
2488 1796 2595 1866 γάρ
2616 1790 2767 1848 εἶπεν
2798 1792 3055 1862 ἡΓραφή·
3071 1789 3262 1841 ἸΙνίκα
3286 1785 3380 1854 n6-

1813 1900 1937 1952 χετο
1967 1885 2221 1953 Μωῦσήςο
2251 1881 2408 1935 τοῦτο
2435 1881 2541 1953 γὰρ
2569 1875 2636 1949 ἦν
2665 1876 3015 1948 γνωρίζοντος
3045 1871 3277 1942 άληθῶς,
3297 1871 3377 1923 ὅτι

1815 1967 2019 2034 καρπὸς
2049 1967 2147 2018 οὑκ
2170 1961 2236 2035 ῆν
2268 1965 2366 2034 τῆς
2392 1955 2698 2034 προσευχῆς
2729 1963 2760 2030 ή
2789 1960 2958 2027 νίκη),
2988 1955 3102 2010 611‘
3135 1955 3166 2024 ἢ
3200 1955 3262 2023 τῇ
3299 1955 3378 2006 εἰ-

1812 2053 2036 2104 κόνικαί
2064 2051 2139 2120 τῷ
2160 2051 2259 2120 σχή
2271 2067 2396 2119 ματι
2427 2048 2534 2100 τῶν
2552 2044 2783 2117 χειρῶν;
2819 2041 3008 2095 Ἠνίκα
3035 2041 3144 2108 γὰρ
3172 2037 3379 2120 καθῆκε

1811 2135 2048 2205 Μωῦσῆς
2079 2117 2432 2202 τάς-χεῖρας,
2487 2131 2685 2199 ήττᾶτο
2743 2128 2770 2177 6
2830 2123 3062 2193 Ἰσραήλ·
3114 2121 3274 2192 ἡνίκα
3315 2117 3380 2205 δὲ

1811 2194 2288 2287 ἥπλουίήττάτοηό
2313 2194 2586 2284 Ἃμαλήκ.
2630 2212 2690 2262 El
2715 2209 2822 2279 γάρ
2854 2207 2952 2277 τῆς
2979 2205 3286 2271 προσευχῆς
3303 2194 3381 2287 λῆν

1811 2283 1872 2353 τὸ
1902 2283 2078 2372 ἔργον,
2106 2301 2270 2371 ἐχρῆν
2313 2283 2503 2351 εἰπεῖν’
2538 2295 2645 2349 Καὶ
2683 2294 2848 2364 ήνίκα
2891 2289 3086 2361 ηύχετο
3120 2283 3380 2352 Μωῡσής,

1812 2385 1984 2439 ἐνίκα.
2031 2383 2188 2446 Ἀλλ’,
2224 2382 2299 2446 ὡς
2318 2382 2487 2452 ἔφθην
2519 2379 2705 2436 εἰπὼν.
2725 2377 2822 2447 τὴν
2852 2372 3156 2445 προσευχὴν
3185 2385 3383 2438 παρεψ

1814 2468 2054 2538 θέμενοςτ
2102 2469 2200 2536 οὑχ
2233 2466 2308 2528 ὡς
2338 2466 2629 2536 ἄχρηστον,
2672 2460 2784 2514 ἀλλ’
2817 2459 2891 2521 ὡς
2918 2456 3234 2524 ὀφείλουσαν
3258 2469 3381 2538 ,παὶ-

1816 2550 2129 2621 ραχωρῆσαι
2162 2534 2227 2620 τῇ
2263 2534 2427 2601 εἰκόνι
2461 2545 2554 2600 τοῦ
2603 2542 2856 2614 σταυροῦ,
2881 2539 2956 2610 τῷ
2996 2538 3149 2607 τύπῳ
3187 2535 3281 2588 καὶ
3307 2534 3383 2601 τῷ

1817 2615 2037 2700 σημείῳ
2070 2631 2166 2700 τήν
2201 2615 2356 2697 νίκην
2400 2628 2724 2695 ὑπογράφει.
2772 2622 2961 2676 Ἦνίκα
3015 2618 3122 2687 γὰρ
3145 2615 3383 2700 Αῆπλωσε

1817 2696 2057 2782 Μωῡσῆς
2094 2696 2192 2774 τάς
2226 2696 2434 2780 χεῖρας,
2482 2709 2636 2762 ἐνίκα
2670 2708 2699 2759 6
2743 2703 2978 2775 Ἰσραήλ.
3034 2701 3098 2751 Τί
3139 2696 3382 2767 βούλεται

1814 2797 2124 2865 άπλουμένη
2159 2794 2274 2865 χείρ
2293 2811 2306 2857 ;
2325 2791 2812 2862 Ἀναζωγράφησον
2843 2785 2970 2854 παρ’
3003 2782 3176 2850 ἐαυτῷ
3190 2783 3382 2865 χεῖρας

1813 2862 2280 2950 ήπλωμέναςξῖνα
2313 2875 2427 2947 ἴδῃς
2454 2873 2546 2928 τοῦ
2579 2867 2952 2943 προσκυνητοῦ
2985 2862 3216 2932 σταυροῦ
3244 2863 3383 2931 λάμ-

1816 2943 2022 3014 πουσαν
2050 2961 2147 3030 τὴν
2182 2943 2394 3012 εἰκόναξ⁷
2445 2955 2582 3008 Ἀλλ’
2622 2954 2813 3022 ἔκαμε.
2843 2950 2994 3018 φησί,
3031 2944 3286 3030 Μωὺᾼσῆς·
3322 2943 3382 2994 ού

1817 3044 1924 3112 γάρ
1952 3028 2301 3111 ὑπούργησαν
2328 3042 2382 3092 αἰ
2406 3041 2583 3108 χεῖρες
2601 3036 2735 3106 πρὸς
2763 3035 2861 3103 τήν
2895 3031 3076 3112 εἰκόνα
3098 3028 3182 3112 τῷ
3206 3044 3386 3112 σωμα-

1996 3109 2148 3194 βάρει
2183 3122 2499 3192 νικώμεναι.
2529 3117 2593 3169 Τί
2623 3113 2746 3180 06v;
2776 3116 2894 3169 Ἵνα
2918 3113 2991 3183 μὴ
3023 3109 3386 3194 λυθείσης

1818 3193 2040 3272 εἰκόνος,
2078 3209 2210 3279 λυθῇ
2237 3209 2329 3260 καὶ
2374 3208 2406 3276 ἡ
2451 3205 2596 3272 νίκη,
2645 3204 2856 3255 ἵσταται
2907 3195 3113 3268 Ἀαρὼν
3139 3195 3232 3246 καί
3268 3193 3383 3261 Ὢρ,

1821 3300 1912 3352 καὶ
1951 3295 2232 3366 ἐκούφιζον
2258 3293 2420 3348 αὑτοῦ
2449 3294 2546 3356 τὰς
2573 3294 2779 3363 χεῖρας,
2812 3288 2896 3340 ἵνα
2933 3286 3006 3356 μή
3035 3286 3067 3354 ή
3103 3281 3265 3335 εἰκὼν
3295 3279 3386 3331 τοῦ

1823 3386 2054 3456 σταυροῦ
2096 3384 2438 3454 παρελθοῦσα
2486 3381 2579 3434 καὶ
2625 3375 2949 3446 παυσαμένη
2987 3371 3152 3439 σϐέσῃ
3191 3370 3288 3438 τήν
3313 3367 3390 3419 νί-

1821 3494 1941 3546 κην.
1980 3473 2079 3527 Διὰ
2104 3475 2154 3527 τί
2183 3473 2238 3525 δέ
2263 3472 2396 3535 ὅλως
2429 3467 2636 3538 Ἀαρὼν
2666 3467 2758 3520 καὶ
2783 3466 2882 3535 Ὢρ
2911 3461 3006 3524 τὰς
3044 3461 3228 3529 χεῖρας
3252 3457 3391 3546 ὑπο-

1825 3545 2201 3633 στηρίζουσινς
2261 3559 2491 3625 Ἀαρὼν,
2527 3555 2763 3623 ἀδελφοὶ,
2798 3551 2897 3623 τὴν
2935 3547 3214 3633 ἱερατικὴν
3247 3545 3392 3633 ἐπεῖ-

1824 3631 2126 3725 χεννγάξίαν·
2168 3654 2194 3703 6
2238 3650 2293 3702 δὲ
2324 3651 2422 3718 Ὠρ
2465 3649 2560 3716 τῆς
2611 3643 2889 3714 βασιλικῆς
2939 3636 3129 3725 φυλῆς-
3152 3631 3262 3703 εἶχε

1827 3741 2161 3808 συγγένειαν.
2195 3737 2486 3808 Δορυφορεῖ
2513 3733 2686 3787 τοίνυν
2711 3730 2806 3800 τὴν
2832 3727 3014 3780 εἰκόνα
3044 3721 3136 3776 τοῦ
3160 3719 3391 3790 σταυροῦ

1828 3829 2092 3899 ἱερωσύνη
2125 3829 2218 3880 καὶ
2248 3824 2505 3895 βασιλεία.
2536 3822 2644 3875 Καὶ
2663 3820 2848 3887 ὥσπερ
2879 3809 3392 3899 μεταμορφωθέντος

1825 3897 1918 3968 τοῦ
1945 3897 2146 3985 Κυρίου
2181 3915 2237 3965 ἐν
2258 3912 2332 3981 τῷ
2365 3911 2502 3982 ὄρει,
2532 3907 2686 3976 ὤφθη
2722 3902 2958 3970 Μωὺσῆς
2985 3900 3078 3953 καὶ
3115 3897 3296 3959 Ἠλίας
3330 3897 3393 3947 ὲκ

1828 4004 2016 4068 δεξιῶν
2037 3984 2143 4054 καὶ
2177 4001 2236 4064 ἐξ
2258 4000 2570 4067 εὐωνύμων,
2600 3997 2685 4047 ἵνα
2703 3990 3112 4061 δορυφορήσωσι
3137 3984 3228 4039 τοῦ
3263 3987 3396 4055 X9:-

1830 4088 1955 4140 στοῦ
1986 4087 2083 4158 τήν
2112 4084 2392 4156 βασιλικὴν
2421 4079 2777 4135 εἰκόναοοὺτω
2809 4078 2898 4129 καὶ
2924 4072 3151 4126 ἐνταῦθα
3167 4071 3394 4142 Ἀαρὼν.

1829 4177 1927 4243 τῆς
1950 4157 2219 4244 ἱερατείας
2246 4170 2398 4234 τάξιν
2432 4169 2660 4235 ἐπέχων,
2701 4163 2984 4234 δορυφορεῖ
3021 4159 3110 4211 τὸν
3146 4157 3393 4228 σταυρὸν,

1832 4264 1926 4316 καί
1947 4263 2044 4332 Ὢρ
2072 4260 2271 4330 ὁμοίως
2301 4258 2398 4326 τῆς
2429 4254 2706 4324 βασιλικῆς
2737 4251 2872 4318 ἔχων
2899 4248 2958 4299 τὸ
2979 4245 3193 4316 πρῶτον
3219 4244 3394 4307 ἄνθος,

1832 4331 2122 4420 δορυφορεῖ
2138 4347 2225 4398 τὸν
2259 4343 2506 4413 σταυρόν.
2537 4339 2720 4392 Ταῦτά
2745 4355 2831 4407 μοι
2867 4335 3098 4405 εἴρηται,
3119 4332 3203 4420 ἵνα
3219 4331 3395 4396 δείξω,

1833 4419 1980 4498 ὅπως
2010 4438 2118 4496 τοῖς
2175 4433 2411 4500 πατράσι
2457 4431 2566 4491 τοῖς
2595 4423 2835 4497 ἀρχαίοις
2864 4422 3089 4482 ἐκείνοις
3109 4419 3208 4488 τῆς
3243 4421 3400 4471 εὑσε-

1835 4524 1986 4584 δείας
2009 4523 2258 4590 εἰσήγετο
2293 4521 2323 4587 ή
2356 4517 2536 4578 εἰκὼν,
2556 4516 2650 4566 καὶ
2672 4512 2901 4581 ἐτιμήθη
2923 4510 3013 4561 καὶ
3051 4510 3080 4560 6
3110 4507 3278 4568 τύπος
3303 4505 3401 4575 τῆς

1834 4610 2161 4678 οἰκονομίας.
2201 4608 2262 4659 Εἰ
2290 4606 2344 4658 δὲ
2376 4606 2421 4655 οἱ
2458 4599 2970 4669 προαναφωνοῦντες
2995 4594 3165 4656 οὕτως
3211 4595 3404 4662 ἐκήρυ-

1839 4698 1932 4762 ξαν
1956 4695 2196 4759 ἐνδόξως,
2227 4691 2368 4744 οὓτω
2389 4688 2776 4759 προετύπωσαν
2817 4683 3069 4751 ἐντίμως,
3113 4681 3281 4743 ποίοις
3312 4681 3404 4731 καὶ

1838 4784 2021 4843 πόσοις
2060 4781 2087 4820 ι)
2123 4781 2279 4849 ἡμεῖς
2311 4778 2402 4829 καὶ
2441 4774 2685 4843 πηλίκοις
2718 4772 2942 4840 στόμασι
2972 4770 3064 4820 τοῦ
3092 4767 3287 4838 Κυρίου
3314 4767 3402 4849 τόν

1843 4866 2074 4937 σταυρὸν
2097 4865 2186 4917 καὶ
2213 4863 2310 4932 τὴν
2337 4860 2514 4912 ἔνθεον
2546 4855 2855 4924 οἰκονομίαν
2886 4851 3206 4920 κηρύξωμεν
3233 4868 3245 4915 ;
3277 4846 3404 4902 Οἶδα

1841 4961 1921 5012 ὅτι
1954 4957 2120 5018 πολὺς
2149 4956 2290 5024 ὑμᾶς
2336 4952 2446 5020 ἔχει
2477 4948 2636 5009 πόθος
2685 4946 2790 4998 τῶν
2839 4941 3180 5012 δογματικῶν
3208 4941 3401 5007 λόγων,

1843 5045 2064 5101 καὶτῶν
2096 5044 2193 5112 τῆς
2232 5039 2504 5105 θεολογίας
2531 5035 2916 5104 κηρυγμάτων·
2955 5029 3069 5082 ἀλλ’
3091 5028 3236 5080 ἔστιν
3265 5027 3406 5079 ἐκεί-

1844 5150 1947 5185 νων
1977 5130 2178 5198 άδελφά
2207 5128 2299 5179 καί
2330 5125 2397 5177 τὰ
2422 5123 2514 5175 νῦν
2539 5119 2819 5190 εἰρημένα.
2862 5118 2972 5185 Τῆς
2995 5115 3102 5185 γὰρ
3133 5114 3299 5182 αὑτῆς
3326 5116 3409 5164 ἐν-

1845 5221 1992 5279 νοίας
2023 5218 2115 5268 καὶ
2160 5213 2387 5278 σταυρὸν
2417 5207 2648 5281 κηρῦξαι
2677 5249 2689 5269 ,
2727 5206 2820 5258 καὶ
2870 5205 2960 5256 τὸν
2993 5201 3248 5272 μονογενῆ
3278 5200 3410 5252 Θεὸν

1847 5305 2014 5373 Λόγον
2074 5301 2306 5370 ὑψῶσαι.
2369 5295 2665 5365 Τοιγαροῦν
2707 5292 2805 5345 κᾶν
2859 5291 2958 5359 τὴν
2998 5287 3143 5360 [517]
3186 5288 3409 5357 θεότητα

1846 5391 1936 5445 τοῦ
1970 5389 2304 5455 Μονογενοῦς
2336 5388 2602 5457 ὑμνήσῃς,
2636 5381 2739 5434 κᾶν
2771 5379 2868 5446 τὴν
2902 5376 3210 5445 οἰκονομίαν
3243 5376 3408 5444 τιμή-

1850 5494 1967 5546 σῃς,
1990 5477 2116 5546 μίαν
2135 5478 2226 5530 καὶ
2258 5474 2354 5543 τὴν
2387 5472 2551 5539 αὐτὴν
2571 5469 2681 5536 ἔχει
2699 5463 2969 5528 ἀπόδειξιν
2992 5460 3088 5531 τῆς
3110 5460 3407 5522 εὐσεϐείας.

1919 5561 1976 5612 5'.
1992 5542 2136 5629 Πλὴν
2156 5559 2282 5611 ὅταν
2299 5542 2533 5622 ἀκούσῃς
2563 5551 2814 5620 σταυρὸν,
2832 5549 2956 5600 ὅταν
2972 5544 3208 5615 ἀκούσῃς
3228 5542 3414 5613 σώμα-

1913 5684 1941 5723 ι)
1967 5683 2087 5733 Post
2105 5683 2271 5735 πόσοις
2292 5680 2402 5727 Sav.
2430 5681 2480 5728 in
2504 5689 2654 5737 marg.
2680 5673 3068 5734 εόόὶἰσημείοις,
3088 5673 3142 5719 cl
3165 5680 3251 5730 pro
3269 5667 3416 5730 κυρίη·

1858 5752 2005 5809 ξωμεν
2026 5746 2167 5796 aufert
2193 5755 2288 5791 var.
2317 5743 2430 5792 lect.
2453 5740 2738 5798 δοξάσωμεν.
