  <div class='ocr_page' id='page_1' title='image "/cluster/home/n/w/nwhite01/storage/ocr_20150623/56/nnc1.0114695758/494.png"; bbox 0 0 3976 6218; ppageno 0'>
   <div class='ocr_carea' id='block_1_1' title="bbox 154 332 269 386">
    <p class='ocr_par' dir='ltr' id='par_1_1' title="bbox 154 332 269 386">
     <span class='ocr_line' id='line_1_1' title="bbox 154 332 269 386; baseline -0.009 0"><span class='ocrx_word' id='word_1_1' title='bbox 154 332 269 386; x_wconf 84' lang='grc'><strong>505</strong></span> 
     </span>
    </p>
   </div>
   <div class='ocr_carea' id='block_1_2' title="bbox 154 426 1734 499">
    <p class='ocr_par' dir='ltr' id='par_1_2' title="bbox 154 426 1734 499">
     <span class='ocr_line' id='line_1_2' title="bbox 154 426 1734 499; baseline -0.005 -12"><span class='ocrx_word' id='word_1_2' title='bbox 154 444 243 486; x_wconf 87' lang='lat' dir='ltr'><strong>eta</strong></span> <span class='ocrx_word' id='word_1_3' title='bbox 284 440 387 495; x_wconf 91' lang='lat' dir='ltr'><strong>est,</strong></span> <span class='ocrx_word' id='word_1_4' title='bbox 430 443 620 485; x_wconf 78' lang='lat' dir='ltr'><strong>sensus</strong></span> <span class='ocrx_word' id='word_1_5' title='bbox 670 438 788 484; x_wconf 91' lang='lat' dir='ltr'><strong>tuos</strong></span> <span class='ocrx_word' id='word_1_6' title='bbox 831 428 1115 499; x_wconf 89' lang='lat' dir='ltr'><strong>deprintat,</strong></span> <span class='ocrx_word' id='word_1_7' title='bbox 1164 426 1258 483; x_wconf 86' lang='lat' dir='ltr'><strong>sed</strong></span> <span class='ocrx_word' id='word_1_8' title='bbox 1302 428 1598 496; x_wconf 74' lang='lat' dir='ltr'><strong>benignitas</strong></span> <span class='ocrx_word' id='word_1_9' title='bbox 1644 429 1734 480; x_wconf 86' lang='lat' dir='ltr'><strong>illa</strong></span> 
     </span>
    </p>
   </div>
   <div class='ocr_carea' id='block_1_3' title="bbox 156 518 1734 591">
    <p class='ocr_par' dir='ltr' id='par_1_3' title="bbox 156 518 1734 591">
     <span class='ocr_line' id='line_1_3' title="bbox 156 518 1734 591; baseline -0.004 -14"><span class='ocrx_word' id='word_1_10' title='bbox 156 523 380 587; x_wconf 76' lang='lat' dir='ltr'><strong>Christi,</strong></span> <span class='ocrx_word' id='word_1_11' title='bbox 410 522 498 591; x_wconf 89' lang='lat' dir='ltr'><strong>qui</strong></span> <span class='ocrx_word' id='word_1_12' title='bbox 530 532 581 574; x_wconf 90' lang='lat' dir='ltr'><strong>te</strong></span> <span class='ocrx_word' id='word_1_13' title='bbox 611 521 861 585; x_wconf 74' lang='lat' dir='ltr'><strong>servavit,</strong></span> <span class='ocrx_word' id='word_1_14' title='bbox 893 528 1123 574; x_wconf 88' lang='lat' dir='ltr'><strong>mentem</strong></span> <span class='ocrx_word' id='word_1_15' title='bbox 1158 527 1299 572; x_wconf 90' lang='lat' dir='ltr'><strong>tuam</strong></span> <span class='ocrx_word' id='word_1_16' title='bbox 1330 519 1566 573; x_wconf 77' lang='lat' dir='ltr'><strong>extollat.</strong></span> <span class='ocrx_word' id='word_1_17' title='bbox 1588 518 1734 573; x_wconf 83' lang='lat' dir='ltr'><strong>Crux</strong></span> 
     </span>
    </p>
   </div>
   <div class='ocr_carea' id='block_1_4' title="bbox 154 609 1733 680">
    <p class='ocr_par' dir='ltr' id='par_1_4' title="bbox 154 609 1733 680">
     <span class='ocr_line' id='line_1_4' title="bbox 154 609 1733 680; baseline -0.003 -15"><span class='ocrx_word' id='word_1_18' title='bbox 154 612 373 680; x_wconf 87' lang='lat' dir='ltr'><strong>quidem</strong></span> <span class='ocrx_word' id='word_1_19' title='bbox 397 620 614 678; x_wconf 90' lang='lat' dir='ltr'><strong>pr0pter</strong></span> <span class='ocrx_word' id='word_1_20' title='bbox 640 620 710 673; x_wconf 89' lang='lat' dir='ltr'><strong>te,</strong></span> <span class='ocrx_word' id='word_1_21' title='bbox 744 610 995 678; x_wconf 74' lang='lat' dir='ltr'><strong>maiestas</strong></span> <span class='ocrx_word' id='word_1_22' title='bbox 1026 624 1151 663; x_wconf 91' lang='lat' dir='ltr'><strong>vero</strong></span> <span class='ocrx_word' id='word_1_23' title='bbox 1181 609 1273 661; x_wconf 92' lang='lat' dir='ltr'><strong>Dei</strong></span> <span class='ocrx_word' id='word_1_24' title='bbox 1306 619 1520 677; x_wconf 90' lang='lat' dir='ltr'><strong>propter</strong></span> <span class='ocrx_word' id='word_1_25' title='bbox 1541 609 1733 677; x_wconf 88' lang='lat' dir='ltr'><strong>ipsum.</strong></span> 
     </span>
    </p>
   </div>
   <div class='ocr_carea' id='block_1_5' title="bbox 158 700 1734 772">
    <p class='ocr_par' dir='ltr' id='par_1_5' title="bbox 158 700 1734 772">
     <span class='ocr_line' id='line_1_5' title="bbox 158 700 1734 772; baseline -0.004 -15"><span class='ocrx_word' id='word_1_26' title='bbox 158 704 405 772; x_wconf 74' lang='lat' dir='ltr'><strong>Majestas</strong></span> <span class='ocrx_word' id='word_1_27' title='bbox 432 703 607 756; x_wconf 87' lang='lat' dir='ltr'><strong>divina</strong></span> <span class='ocrx_word' id='word_1_28' title='bbox 636 702 774 756; x_wconf 89' lang='lat' dir='ltr'><strong>nulla</strong></span> <span class='ocrx_word' id='word_1_29' title='bbox 801 703 1041 756; x_wconf 90' lang='lat' dir='ltr'><strong>oratione</strong></span> <span class='ocrx_word' id='word_1_30' title='bbox 1064 700 1394 769; x_wconf 89' lang='lat' dir='ltr'><strong>autplilicari,</strong></span> <span class='ocrx_word' id='word_1_31' title='bbox 1421 700 1561 753; x_wconf 87' lang='lat' dir='ltr'><strong>nulla</strong></span> <span class='ocrx_word' id='word_1_32' title='bbox 1578 700 1734 753; x_wconf 89' lang='lat' dir='ltr'><strong>etiam</strong></span> 
     </span>
    </p>
   </div>
   <div class='ocr_carea' id='block_1_6' title="bbox 156 792 1739 865">
    <p class='ocr_par' dir='ltr' id='par_1_6' title="bbox 156 792 1739 865">
     <span class='ocr_line' id='line_1_6' title="bbox 156 792 1739 865; baseline -0.002 -18"><span class='ocrx_word' id='word_1_33' title='bbox 156 797 316 863; x_wconf 85' lang='lat' dir='ltr'><strong>dejiei</strong></span> <span class='ocrx_word' id='word_1_34' title='bbox 356 805 562 865; x_wconf 86' lang='lat' dir='ltr'><strong>potest:</strong></span> <span class='ocrx_word' id='word_1_35' title='bbox 592 794 687 849; x_wconf 86' lang='lat' dir='ltr'><strong>sed</strong></span> <span class='ocrx_word' id='word_1_36' title='bbox 729 796 815 864; x_wconf 90' lang='lat' dir='ltr'><strong>qui</strong></span> <span class='ocrx_word' id='word_1_37' title='bbox 847 795 1075 863; x_wconf 87' lang='lat' dir='ltr'><strong>dejicere</strong></span> <span class='ocrx_word' id='word_1_38' title='bbox 1101 793 1336 858; x_wconf 88' lang='lat' dir='ltr'><strong>student,</strong></span> <span class='ocrx_word' id='word_1_39' title='bbox 1369 794 1576 861; x_wconf 88' lang='lat' dir='ltr'><strong>seipsos</strong></span> <span class='ocrx_word' id='word_1_40' title='bbox 1600 792 1739 860; x_wconf 83' lang='lat' dir='ltr'><strong>deji-</strong></span> 
     </span>
    </p>
   </div>
   <div class='ocr_carea' id='block_1_7' title="bbox 154 885 1737 956">
    <p class='ocr_par' dir='ltr' id='par_1_7' title="bbox 154 885 1737 956">
     <span class='ocr_line' id='line_1_7' title="bbox 154 885 1737 956; baseline 0 -19"><span class='ocrx_word' id='word_1_41' title='bbox 154 911 167 936; x_wconf 74' lang='grc' dir='ltr'>ι</span> <span class='ocrx_word' id='word_1_42' title='bbox 191 890 339 952; x_wconf 91' lang='lat' dir='ltr'><strong>iunt;</strong></span> <span class='ocrx_word' id='word_1_43' title='bbox 370 889 455 956; x_wconf 89' lang='lat' dir='ltr'><strong>qui</strong></span> <span class='ocrx_word' id='word_1_44' title='bbox 490 902 614 941; x_wconf 91' lang='lat' dir='ltr'><strong>vero</strong></span> <span class='ocrx_word' id='word_1_45' title='bbox 643 887 807 941; x_wconf 89' lang='lat' dir='ltr'><strong>Deum</strong></span> <span class='ocrx_word' id='word_1_46' title='bbox 840 887 1082 940; x_wconf 85' lang='lat' dir='ltr'><strong>laudibus</strong></span> <span class='ocrx_word' id='word_1_47' title='bbox 1108 886 1361 950; x_wconf 91' lang='lat' dir='ltr'><strong>evehunt,</strong></span> <span class='ocrx_word' id='word_1_48' title='bbox 1402 901 1460 939; x_wconf 88' lang='lat' dir='ltr'><strong>se</strong></span> <span class='ocrx_word' id='word_1_49' title='bbox 1491 886 1611 938; x_wconf 89' lang='lat' dir='ltr'><strong>licet</strong></span> <span class='ocrx_word' id='word_1_50' title='bbox 1651 885 1737 938; x_wconf 82' lang='lat' dir='ltr'><strong>in-</strong></span> 
     </span>
    </p>
   </div>
   <div class='ocr_carea' id='block_1_8' title="bbox 154 976 1735 1047">
    <p class='ocr_par' dir='ltr' id='par_1_8' title="bbox 154 976 1735 1047">
     <span class='ocr_line' id='line_1_8' title="bbox 154 976 1735 1047; baseline -0.001 -16"><span class='ocrx_word' id='word_1_51' title='bbox 154 979 344 1047; x_wconf 88' lang='lat' dir='ltr'><strong>dignos</strong></span> <span class='ocrx_word' id='word_1_52' title='bbox 388 980 439 1033; x_wconf 92' lang='lat' dir='ltr'><strong>in</strong></span> <span class='ocrx_word' id='word_1_53' title='bbox 468 979 628 1033; x_wconf 86' lang='lat' dir='ltr'><strong>altum</strong></span> <span class='ocrx_word' id='word_1_54' title='bbox 658 980 935 1034; x_wconf 82' lang='lat' dir='ltr'><strong>extollunt.</strong></span> <span class='ocrx_word' id='word_1_55' title='bbox 977 978 1354 1045; x_wconf 86' lang='lat' dir='ltr'><strong>Quamobrem,</strong></span> <span class='ocrx_word' id='word_1_56' title='bbox 1395 985 1452 1029; x_wconf 91' lang='lat' dir='ltr'><strong>ut</strong></span> <span class='ocrx_word' id='word_1_57' title='bbox 1484 977 1626 1043; x_wconf 83' lang='lat' dir='ltr'><strong>prius</strong></span> <span class='ocrx_word' id='word_1_58' title='bbox 1651 976 1735 1029; x_wconf 91' lang='lat' dir='ltr'><strong>di-</strong></span> 
     </span>
    </p>
   </div>
   <div class='ocr_carea' id='block_1_9' title="bbox 155 1068 1733 1140">
    <p class='ocr_par' dir='ltr' id='par_1_9' title="bbox 155 1068 1733 1140">
     <span class='ocr_line' id='line_1_9' title="bbox 155 1068 1733 1140; baseline -0.001 -17"><span class='ocrx_word' id='word_1_59' title='bbox 155 1073 429 1136; x_wconf 90' lang='lat' dir='ltr'><strong>cebamus,</strong></span> <span class='ocrx_word' id='word_1_60' title='bbox 462 1072 548 1140; x_wconf 89' lang='lat' dir='ltr'><strong>qui</strong></span> <span class='ocrx_word' id='word_1_61' title='bbox 579 1072 1022 1137; x_wconf 86' lang='lat' dir='ltr'><strong>incarnationem,</strong></span> <span class='ocrx_word' id='word_1_62' title='bbox 1065 1071 1156 1139; x_wconf 90' lang='lat' dir='ltr'><strong>qui</strong></span> <span class='ocrx_word' id='word_1_63' title='bbox 1187 1068 1505 1138; x_wconf 85' lang='lat' dir='ltr'><strong>theologiam</strong></span> <span class='ocrx_word' id='word_1_64' title='bbox 1535 1068 1733 1133; x_wconf 82' lang='lat' dir='ltr'><strong>laudat,</strong></span> 
     </span>
    </p>
   </div>
   <div class='ocr_carea' id='block_1_10' title="bbox 156 1161 1733 1234">
    <p class='ocr_par' dir='ltr' id='par_1_10' title="bbox 156 1161 1733 1234">
     <span class='ocr_line' id='line_1_10' title="bbox 156 1161 1733 1234; baseline -0.003 -15"><span class='ocrx_word' id='word_1_65' title='bbox 156 1168 206 1219; x_wconf 92' lang='lat' dir='ltr'><strong>in</strong></span> <span class='ocrx_word' id='word_1_66' title='bbox 241 1168 340 1221; x_wconf 89' lang='lat' dir='ltr'><strong>hac</strong></span> <span class='ocrx_word' id='word_1_67' title='bbox 370 1168 628 1220; x_wconf 83' lang='lat' dir='ltr'><strong>sententia</strong></span> <span class='ocrx_word' id='word_1_68' title='bbox 658 1175 930 1220; x_wconf 83' lang='lat' dir='ltr'><strong>versatur:</strong></span> <span class='ocrx_word' id='word_1_69' title='bbox 963 1165 1214 1234; x_wconf 90' lang='lat' dir='ltr'><strong>quoniam</strong></span> <span class='ocrx_word' id='word_1_70' title='bbox 1258 1178 1387 1216; x_wconf 89' lang='lat' dir='ltr'><strong>vero</strong></span> <span class='ocrx_word' id='word_1_71' title='bbox 1416 1161 1611 1231; x_wconf 91' lang='lat' dir='ltr'><strong>aliquid</strong></span> <span class='ocrx_word' id='word_1_72' title='bbox 1638 1161 1733 1215; x_wconf 88' lang='lat' dir='ltr'><strong>de-</strong></span> 
     </span>
    </p>
   </div>
   <div class='ocr_carea' id='block_1_11' title="bbox 154 1252 1736 1326">
    <p class='ocr_par' dir='ltr' id='par_1_11' title="bbox 154 1252 1736 1326">
     <span class='ocr_line' id='line_1_11' title="bbox 154 1252 1736 1326; baseline -0.003 -16"><span class='ocrx_word' id='word_1_73' title='bbox 154 1270 271 1311; x_wconf 92' lang='lat' dir='ltr'><strong>erat</strong></span> <span class='ocrx_word' id='word_1_74' title='bbox 295 1259 378 1323; x_wconf 91' lang='lat' dir='ltr'><strong>iis,</strong></span> <span class='ocrx_word' id='word_1_75' title='bbox 404 1274 519 1326; x_wconf 74' lang='lat' dir='ltr'><strong>qua:</strong></span> <span class='ocrx_word' id='word_1_76' title='bbox 550 1259 661 1313; x_wconf 88' lang='lat' dir='ltr'><strong>lteri</strong></span> <span class='ocrx_word' id='word_1_77' title='bbox 692 1258 1055 1322; x_wconf 80' lang='lat' dir='ltr'><strong>tractavimus,</strong></span> <span class='ocrx_word' id='word_1_78' title='bbox 1085 1257 1224 1309; x_wconf 90' lang='lat' dir='ltr'><strong>circa</strong></span> <span class='ocrx_word' id='word_1_79' title='bbox 1256 1254 1385 1308; x_wconf 90' lang='lat' dir='ltr'><strong>illttd</strong></span> <span class='ocrx_word' id='word_1_80' title='bbox 1414 1254 1645 1323; x_wconf 81' lang='lat' dir='ltr'><strong>quidem,</strong></span> <span class='ocrx_word' id='word_1_81' title='bbox 1670 1252 1736 1307; x_wconf 88' lang='lat' dir='ltr'><strong>Ut</strong></span> 
     </span>
    </p>
   </div>
   <div class='ocr_carea' id='block_1_12' title="bbox 153 1344 1737 1418">
    <p class='ocr_par' dir='ltr' id='par_1_12' title="bbox 153 1344 1737 1418">
     <span class='ocr_line' id='line_1_12' title="bbox 153 1344 1737 1418; baseline -0.001 -18"><span class='ocrx_word' id='word_1_82' title='bbox 153 1358 460 1418; x_wconf 78' lang='lat' dir='ltr'><strong>cognoscant</strong></span> <span class='ocrx_word' id='word_1_83' title='bbox 496 1359 543 1402; x_wconf 86' lang='lat' dir='ltr'><strong>te</strong></span> <span class='ocrx_word' id='word_1_84' title='bbox 582 1349 743 1401; x_wconf 85' lang='lat' dir='ltr'><strong>solum</strong></span> <span class='ocrx_word' id='word_1_85' title='bbox 772 1365 942 1402; x_wconf 83' lang='lat' dir='ltr'><strong>verum</strong></span> <span class='ocrx_word' id='word_1_86' title='bbox 971 1346 1131 1400; x_wconf 81' lang='lat' dir='ltr'><strong>Deum</strong></span> <span class='ocrx_word' id='word_1_87' title='bbox 1163 1357 1207 1401; x_wconf 88' lang='lat' dir='ltr'><strong>et</strong></span> <span class='ocrx_word' id='word_1_88' title='bbox 1254 1346 1525 1399; x_wconf 89' lang='lat' dir='ltr'><strong>Dominum</strong></span> <span class='ocrx_word' id='word_1_89' title='bbox 1561 1344 1737 1399; x_wconf 83' lang='lat' dir='ltr'><strong>Jesum</strong></span> 
     </span>
    </p>
   </div>
   <div class='ocr_carea' id='block_1_13' title="bbox 154 1437 1736 1511">
    <p class='ocr_par' dir='ltr' id='par_1_13' title="bbox 154 1437 1736 1511">
     <span class='ocr_line' id='line_1_13' title="bbox 154 1437 1736 1511; baseline 0 -24"><span class='ocrx_word' id='word_1_90' title='bbox 154 1440 410 1492; x_wconf 70' lang='lat' dir='ltr'><strong>Christum</strong></span> <span class='ocrx_word' id='word_1_91' title='bbox 441 1438 617 1511; x_wconf 84' lang='lat' dir='ltr'><strong>(Joan.</strong></span> <span class='ocrx_word' id='word_1_92' title='bbox 652 1441 737 1493; x_wconf 78' lang='grc'><strong>17.</strong></span> <span class='ocrx_word' id='word_1_93' title='bbox 768 1440 855 1507; x_wconf 81' lang='grc'><strong>5);</strong></span> <span class='ocrx_word' id='word_1_94' title='bbox 888 1454 948 1492; x_wconf 91' lang='lat' dir='ltr'><strong>ac</strong></span> <span class='ocrx_word' id='word_1_95' title='bbox 974 1440 1114 1493; x_wconf 90' lang='lat' dir='ltr'><strong>circa</strong></span> <span class='ocrx_word' id='word_1_96' title='bbox 1146 1438 1269 1491; x_wconf 92' lang='lat' dir='ltr'><strong>illud</strong></span> <span class='ocrx_word' id='word_1_97' title='bbox 1292 1438 1527 1506; x_wconf 84' lang='lat' dir='ltr'><strong>quidem,</strong></span> <span class='ocrx_word' id='word_1_98' title='bbox 1557 1437 1736 1491; x_wconf 85' lang='lat' dir='ltr'><strong>Solum</strong></span> 
     </span>
    </p>
   </div>
   <div class='ocr_carea' id='block_1_14' title="bbox 153 1528 1733 1599">
    <p class='ocr_par' dir='ltr' id='par_1_14' title="bbox 153 1528 1733 1599">
     <span class='ocr_line' id='line_1_14' title="bbox 153 1528 1733 1599; baseline -0.003 -15"><span class='ocrx_word' id='word_1_99' title='bbox 153 1548 324 1585; x_wconf 86' lang='lat' dir='ltr'><strong>rerum</strong></span> <span class='ocrx_word' id='word_1_100' title='bbox 371 1532 551 1595; x_wconf 86' lang='lat' dir='ltr'><strong>Deum,</strong></span> <span class='ocrx_word' id='word_1_101' title='bbox 589 1532 806 1599; x_wconf 66' lang='lat' dir='ltr'><strong>prolata:</strong></span> <span class='ocrx_word' id='word_1_102' title='bbox 854 1541 975 1584; x_wconf 90' lang='lat' dir='ltr'><strong>sunt</strong></span> <span class='ocrx_word' id='word_1_103' title='bbox 1019 1529 1310 1599; x_wconf 69' lang='lat' dir='ltr'><strong>prophetia:</strong></span> <span class='ocrx_word' id='word_1_104' title='bbox 1354 1538 1407 1581; x_wconf 89' lang='lat' dir='ltr'><strong>et</strong></span> <span class='ocrx_word' id='word_1_105' title='bbox 1437 1528 1733 1582; x_wconf 72' lang='lat' dir='ltr'><strong>testimonia</strong></span> 
     </span>
    </p>
   </div>
   <div class='ocr_carea' id='block_1_15' title="bbox 154 1620 1733 1693">
    <p class='ocr_par' dir='ltr' id='par_1_15' title="bbox 154 1620 1733 1693">
     <span class='ocr_line' id='line_1_15' title="bbox 154 1620 1733 1693; baseline 0.001 -21"><span class='ocrx_word' id='word_1_106' title='bbox 154 1624 295 1693; x_wconf 84' lang='lat' dir='ltr'><strong>quod</strong></span> <span class='ocrx_word' id='word_1_107' title='bbox 329 1623 490 1676; x_wconf 82' lang='lat' dir='ltr'><strong>Filius</strong></span> <span class='ocrx_word' id='word_1_108' title='bbox 519 1624 663 1676; x_wconf 90' lang='lat' dir='ltr'><strong>solus</strong></span> <span class='ocrx_word' id='word_1_109' title='bbox 692 1638 851 1675; x_wconf 89' lang='lat' dir='ltr'><strong>verus</strong></span> <span class='ocrx_word' id='word_1_110' title='bbox 880 1623 1015 1677; x_wconf 84' lang='lat' dir='ltr'><strong>Deus</strong></span> <span class='ocrx_word' id='word_1_111' title='bbox 1047 1622 1142 1685; x_wconf 90' lang='lat' dir='ltr'><strong>sit;</strong></span> <span class='ocrx_word' id='word_1_112' title='bbox 1170 1622 1524 1674; x_wconf 80' lang='lat' dir='ltr'><strong>necessarium</strong></span> <span class='ocrx_word' id='word_1_113' title='bbox 1552 1620 1733 1673; x_wconf 78' lang='lat' dir='ltr'><strong>existi-</strong></span> 
     </span>
    </p>
   </div>
   <div class='ocr_carea' id='block_1_16' title="bbox 153 1712 1734 1782">
    <p class='ocr_par' dir='ltr' id='par_1_16' title="bbox 153 1712 1734 1782">
     <span class='ocr_line' id='line_1_16' title="bbox 153 1712 1734 1782; baseline -0.001 -14"><span class='ocrx_word' id='word_1_114' title='bbox 153 1731 243 1768; x_wconf 88' lang='lat' dir='ltr'><strong>nto</strong></span> <span class='ocrx_word' id='word_1_115' title='bbox 278 1716 418 1767; x_wconf 89' lang='lat' dir='ltr'><strong>illius</strong></span> <span class='ocrx_word' id='word_1_116' title='bbox 459 1715 582 1767; x_wconf 87' lang='lat' dir='ltr'><strong>dicti</strong></span> <span class='ocrx_word' id='word_1_117' title='bbox 628 1717 733 1767; x_wconf 89' lang='lat' dir='ltr'><strong>vim</strong></span> <span class='ocrx_word' id='word_1_118' title='bbox 780 1716 1076 1781; x_wconf 79' lang='lat' dir='ltr'><strong>explorare.</strong></span> <span class='ocrx_word' id='word_1_119' title='bbox 1112 1714 1291 1782; x_wconf 80' lang='lat' dir='ltr'><strong>Atqui,</strong></span> <span class='ocrx_word' id='word_1_120' title='bbox 1325 1713 1399 1765; x_wconf 90' lang='lat' dir='ltr'><strong>ait</strong></span> <span class='ocrx_word' id='word_1_121' title='bbox 1430 1712 1734 1777; x_wconf 74' lang='lat' dir='ltr'><strong>increticus,</strong></span> 
     </span>
    </p>
   </div>
   <div class='ocr_carea' id='block_1_17' title="bbox 152 1803 1737 1873">
    <p class='ocr_par' dir='ltr' id='par_1_17' title="bbox 152 1803 1737 1873">
     <span class='ocr_line' id='line_1_17' title="bbox 152 1803 1737 1873; baseline -0.001 -16"><span class='ocrx_word' id='word_1_122' title='bbox 152 1806 280 1873; x_wconf 88' lang='lat' dir='ltr'><strong>quid</strong></span> <span class='ocrx_word' id='word_1_123' title='bbox 310 1816 456 1873; x_wconf 90' lang='lat' dir='ltr'><strong>potes</strong></span> <span class='ocrx_word' id='word_1_124' title='bbox 480 1805 544 1858; x_wconf 90' lang='lat' dir='ltr'><strong>de</strong></span> <span class='ocrx_word' id='word_1_125' title='bbox 573 1806 825 1859; x_wconf 83' lang='lat' dir='ltr'><strong>missione</strong></span> <span class='ocrx_word' id='word_1_126' title='bbox 862 1806 947 1858; x_wconf 89' lang='lat' dir='ltr'><strong>illa</strong></span> <span class='ocrx_word' id='word_1_127' title='bbox 982 1804 1195 1858; x_wconf 89' lang='lat' dir='ltr'><strong>dicere?</strong></span> <span class='ocrx_word' id='word_1_128' title='bbox 1228 1804 1430 1857; x_wconf 85' lang='lat' dir='ltr'><strong>Diserte</strong></span> <span class='ocrx_word' id='word_1_129' title='bbox 1448 1805 1589 1857; x_wconf 87' lang='lat' dir='ltr'><strong>enim</strong></span> <span class='ocrx_word' id='word_1_130' title='bbox 1608 1803 1737 1856; x_wconf 87' lang='lat' dir='ltr'><strong>scri-</strong></span> 
     </span>
    </p>
   </div>
   <div class='ocr_carea' id='block_1_18' title="bbox 154 1893 1735 1964">
    <p class='ocr_par' dir='ltr' id='par_1_18' title="bbox 154 1893 1735 1964">
     <span class='ocr_line' id='line_1_18' title="bbox 154 1893 1735 1964; baseline 0.001 -19"><span class='ocrx_word' id='word_1_131' title='bbox 154 1904 303 1964; x_wconf 69' lang='lat' dir='ltr'><strong>ptum</strong></span> <span class='ocrx_word' id='word_1_132' title='bbox 335 1905 435 1960; x_wconf 83' lang='lat' dir='ltr'><strong>est,</strong></span> <span class='ocrx_word' id='word_1_133' title='bbox 470 1894 533 1946; x_wconf 83' lang='lat' dir='ltr'><strong>Et</strong></span> <span class='ocrx_word' id='word_1_134' title='bbox 562 1912 707 1963; x_wconf 86' lang='lat' dir='ltr'><strong>quem</strong></span> <span class='ocrx_word' id='word_1_135' title='bbox 732 1896 909 1947; x_wconf 76' lang='lat' dir='ltr'><strong>misisti</strong></span> <span class='ocrx_word' id='word_1_136' title='bbox 930 1893 1104 1947; x_wconf 82' lang='lat' dir='ltr'><strong>Jesum</strong></span> <span class='ocrx_word' id='word_1_137' title='bbox 1126 1895 1397 1947; x_wconf 76' lang='lat' dir='ltr'><strong>Christum.</strong></span> <span class='ocrx_word' id='word_1_138' title='bbox 1430 1895 1510 1946; x_wconf 79' lang='lat' dir='ltr'><strong>An</strong></span> <span class='ocrx_word' id='word_1_139' title='bbox 1534 1894 1620 1962; x_wconf 87' lang='lat' dir='ltr'><strong>qui</strong></span> <span class='ocrx_word' id='word_1_140' title='bbox 1642 1894 1735 1946; x_wconf 85' lang='lat' dir='ltr'><strong>nti-</strong></span> 
     </span>
    </p>
   </div>
   <div class='ocr_carea' id='block_1_19' title="bbox 154 1986 1734 2053">
    <p class='ocr_par' dir='ltr' id='par_1_19' title="bbox 154 1986 1734 2053">
     <span class='ocr_line' id='line_1_19' title="bbox 154 1986 1734 2053; baseline -0.001 -15"><span class='ocrx_word' id='word_1_141' title='bbox 154 1988 225 2039; x_wconf 83' lang='lat' dir='ltr'><strong>sit</strong></span> <span class='ocrx_word' id='word_1_142' title='bbox 265 2001 442 2053; x_wconf 91' lang='lat' dir='ltr'><strong>parem</strong></span> <span class='ocrx_word' id='word_1_143' title='bbox 470 2000 589 2039; x_wconf 91' lang='lat' dir='ltr'><strong>eum</strong></span> <span class='ocrx_word' id='word_1_144' title='bbox 622 1986 788 2039; x_wconf 89' lang='lat' dir='ltr'><strong>misso</strong></span> <span class='ocrx_word' id='word_1_145' title='bbox 817 1987 1035 2039; x_wconf 91' lang='lat' dir='ltr'><strong>sortitur</strong></span> <span class='ocrx_word' id='word_1_146' title='bbox 1078 1986 1370 2038; x_wconf 82' lang='lat' dir='ltr'><strong>honorem?</strong></span> <span class='ocrx_word' id='word_1_147' title='bbox 1416 1986 1540 2039; x_wconf 74' lang='lat' dir='ltr'><strong>llarc</strong></span> <span class='ocrx_word' id='word_1_148' title='bbox 1582 1988 1624 2040; x_wconf 90' lang='lat' dir='ltr'><strong>si</strong></span> <span class='ocrx_word' id='word_1_149' title='bbox 1669 1987 1734 2038; x_wconf 90' lang='lat' dir='ltr'><strong>ita</strong></span> 
     </span>
    </p>
   </div>
   <div class='ocr_carea' id='block_1_20' title="bbox 156 2078 1733 2146">
    <p class='ocr_par' dir='ltr' id='par_1_20' title="bbox 156 2078 1733 2146">
     <span class='ocr_line' id='line_1_20' title="bbox 156 2078 1733 2146; baseline 0.002 -17"><span class='ocrx_word' id='word_1_150' title='bbox 156 2079 322 2143; x_wconf 77' lang='lat' dir='ltr'><strong>legas,</strong></span> <span class='ocrx_word' id='word_1_151' title='bbox 358 2087 412 2130; x_wconf 93' lang='lat' dir='ltr'><strong>ut</strong></span> <span class='ocrx_word' id='word_1_152' title='bbox 440 2078 604 2131; x_wconf 58' lang='lat' dir='ltr'><strong>litera:</strong></span> <span class='ocrx_word' id='word_1_153' title='bbox 626 2079 845 2142; x_wconf 78' lang='lat' dir='ltr'><strong>servias,</strong></span> <span class='ocrx_word' id='word_1_154' title='bbox 877 2087 931 2130; x_wconf 94' lang='lat' dir='ltr'><strong>ut</strong></span> <span class='ocrx_word' id='word_1_155' title='bbox 958 2093 1112 2145; x_wconf 83' lang='lat' dir='ltr'><strong>supra</strong></span> <span class='ocrx_word' id='word_1_156' title='bbox 1142 2078 1391 2141; x_wconf 78' lang='lat' dir='ltr'><strong>diximus,</strong></span> <span class='ocrx_word' id='word_1_157' title='bbox 1418 2094 1557 2146; x_wconf 75' lang='lat' dir='ltr'><strong>smpe</strong></span> <span class='ocrx_word' id='word_1_158' title='bbox 1578 2079 1733 2132; x_wconf 87' lang='lat' dir='ltr'><strong>dissi-</strong></span> 
     </span>
    </p>
   </div>
   <div class='ocr_carea' id='block_1_21' title="bbox 154 2170 1738 2240">
    <p class='ocr_par' dir='ltr' id='par_1_21' title="bbox 154 2170 1738 2240">
     <span class='ocr_line' id='line_1_21' title="bbox 154 2170 1738 2240; baseline 0.002 -18"><span class='ocrx_word' id='word_1_159' title='bbox 154 2170 309 2223; x_wconf 87' lang='lat' dir='ltr'><strong>debis</strong></span> <span class='ocrx_word' id='word_1_160' title='bbox 332 2186 358 2220; x_wconf 84' lang='lat' dir='ltr'><strong>a</strong></span> <span class='ocrx_word' id='word_1_161' title='bbox 384 2171 557 2233; x_wconf 92' lang='lat' dir='ltr'><strong>nobis,</strong></span> <span class='ocrx_word' id='word_1_162' title='bbox 582 2185 751 2239; x_wconf 90' lang='lat' dir='ltr'><strong>neque</strong></span> <span class='ocrx_word' id='word_1_163' title='bbox 780 2171 968 2223; x_wconf 89' lang='lat' dir='ltr'><strong>rationi</strong></span> <span class='ocrx_word' id='word_1_164' title='bbox 998 2172 1342 2240; x_wconf 89' lang='lat' dir='ltr'><strong>congruentia</strong></span> <span class='ocrx_word' id='word_1_165' title='bbox 1372 2171 1738 2239; x_wconf 82' lang='lat' dir='ltr'><strong>deprehendes</strong></span> 
     </span>
    </p>
   </div>
   <div class='ocr_carea' id='block_1_22' title="bbox 155 2260 1735 2329">
    <p class='ocr_par' dir='ltr' id='par_1_22' title="bbox 155 2260 1735 2329">
     <span class='ocr_line' id='line_1_22' title="bbox 155 2260 1735 2329; baseline 0.002 -16"><span class='ocrx_word' id='word_1_166' title='bbox 155 2278 239 2325; x_wconf 79' lang='lat' dir='ltr'><strong>ea,</strong></span> <span class='ocrx_word' id='word_1_167' title='bbox 262 2277 379 2328; x_wconf 76' lang='lat' dir='ltr'><strong>qua:</strong></span> <span class='ocrx_word' id='word_1_168' title='bbox 399 2261 531 2314; x_wconf 88' lang='lat' dir='ltr'><strong>bene</strong></span> <span class='ocrx_word' id='word_1_169' title='bbox 547 2260 759 2328; x_wconf 84' lang='lat' dir='ltr'><strong>quidem</strong></span> <span class='ocrx_word' id='word_1_170' title='bbox 779 2261 995 2329; x_wconf 91' lang='lat' dir='ltr'><strong>scripta,</strong></span> <span class='ocrx_word' id='word_1_171' title='bbox 1021 2260 1111 2315; x_wconf 88' lang='lat' dir='ltr'><strong>sed</strong></span> <span class='ocrx_word' id='word_1_172' title='bbox 1144 2262 1281 2314; x_wconf 89' lang='lat' dir='ltr'><strong>male</strong></span> <span class='ocrx_word' id='word_1_173' title='bbox 1301 2262 1563 2315; x_wconf 87' lang='lat' dir='ltr'><strong>intellecta</strong></span> <span class='ocrx_word' id='word_1_174' title='bbox 1582 2273 1735 2326; x_wconf 91' lang='lat' dir='ltr'><strong>sunt;</strong></span> 
     </span>
    </p>
   </div>
   <div class='ocr_carea' id='block_1_23' title="bbox 156 2351 1736 2421">
    <p class='ocr_par' dir='ltr' id='par_1_23' title="bbox 156 2351 1736 2421">
     <span class='ocr_line' id='line_1_23' title="bbox 156 2351 1736 2421; baseline 0.001 -18"><span class='ocrx_word' id='word_1_175' title='bbox 156 2354 198 2403; x_wconf 90' lang='lat' dir='ltr'><strong>si</strong></span> <span class='ocrx_word' id='word_1_176' title='bbox 231 2367 359 2403; x_wconf 90' lang='lat' dir='ltr'><strong>vero</strong></span> <span class='ocrx_word' id='word_1_177' title='bbox 410 2352 729 2403; x_wconf 83' lang='lat' dir='ltr'><strong>sententiam</strong></span> <span class='ocrx_word' id='word_1_178' title='bbox 759 2351 1049 2405; x_wconf 90' lang='lat' dir='ltr'><strong>secundum</strong></span> <span class='ocrx_word' id='word_1_179' title='bbox 1078 2354 1152 2405; x_wconf 89' lang='lat' dir='ltr'><strong>rei</strong></span> <span class='ocrx_word' id='word_1_180' title='bbox 1181 2353 1454 2405; x_wconf 90' lang='lat' dir='ltr'><strong>veritatem</strong></span> <span class='ocrx_word' id='word_1_181' title='bbox 1488 2354 1736 2421; x_wconf 90' lang='lat' dir='ltr'><strong>accipias,</strong></span> 
     </span>
    </p>
   </div>
   <div class='ocr_carea' id='block_1_24' title="bbox 156 2442 1739 2509">
    <p class='ocr_par' dir='ltr' id='par_1_24' title="bbox 156 2442 1739 2509">
     <span class='ocr_line' id='line_1_24' title="bbox 156 2442 1739 2509; baseline 0.003 -16"><span class='ocrx_word' id='word_1_182' title='bbox 156 2458 418 2509; x_wconf 83' lang='lat' dir='ltr'><strong>nusquam</strong></span> <span class='ocrx_word' id='word_1_183' title='bbox 455 2442 543 2493; x_wconf 88' lang='lat' dir='ltr'><strong>tibi</strong></span> <span class='ocrx_word' id='word_1_184' title='bbox 578 2442 629 2494; x_wconf 92' lang='lat' dir='ltr'><strong>in</strong></span> <span class='ocrx_word' id='word_1_185' title='bbox 659 2443 982 2494; x_wconf 91' lang='lat' dir='ltr'><strong>contrarium</strong></span> <span class='ocrx_word' id='word_1_186' title='bbox 1031 2452 1266 2497; x_wconf 83' lang='lat' dir='ltr'><strong>vertetur</strong></span> <span class='ocrx_word' id='word_1_187' title='bbox 1314 2446 1504 2497; x_wconf 88' lang='lat' dir='ltr'><strong>ntcntis</strong></span> <span class='ocrx_word' id='word_1_188' title='bbox 1554 2446 1739 2497; x_wconf 91' lang='lat' dir='ltr'><strong>oculus</strong></span> 
     </span>
    </p>
   </div>
   <div class='ocr_carea' id='block_1_25' title="bbox 154 2534 1736 2603">
    <p class='ocr_par' dir='ltr' id='par_1_25' title="bbox 154 2534 1736 2603">
     <span class='ocr_line' id='line_1_25' title="bbox 154 2534 1736 2603; baseline 0.001 -15"><span class='ocrx_word' id='word_1_189' title='bbox 154 2536 221 2588; x_wconf 91' lang='lat' dir='ltr'><strong>ad</strong></span> <span class='ocrx_word' id='word_1_190' title='bbox 244 2544 543 2587; x_wconf 84' lang='lat' dir='ltr'><strong>accuratam</strong></span> <span class='ocrx_word' id='word_1_191' title='bbox 570 2534 966 2603; x_wconf 82' lang='lat' dir='ltr'><strong>intelligentiam</strong></span> <span class='ocrx_word' id='word_1_192' title='bbox 999 2550 1026 2587; x_wconf 94' lang='lat' dir='ltr'><strong>a</strong></span> <span class='ocrx_word' id='word_1_193' title='bbox 1050 2534 1244 2603; x_wconf 85' lang='lat' dir='ltr'><strong>Spiritu</strong></span> <span class='ocrx_word' id='word_1_194' title='bbox 1269 2546 1451 2589; x_wconf 87' lang='lat' dir='ltr'><strong>sancto</strong></span> <span class='ocrx_word' id='word_1_195' title='bbox 1486 2537 1736 2590; x_wconf 89' lang='lat' dir='ltr'><strong>directus.</strong></span> 
     </span>
    </p>
   </div>
   <div class='ocr_carea' id='block_1_26' title="bbox 155 2624 1739 2695">
    <p class='ocr_par' dir='ltr' id='par_1_26' title="bbox 155 2624 1739 2695">
     <span class='ocr_line' id='line_1_26' title="bbox 155 2624 1739 2695; baseline 0.002 -18"><span class='ocrx_word' id='word_1_196' title='bbox 155 2624 332 2679; x_wconf 69' lang='lat' dir='ltr'><strong>Verba</strong></span> <span class='ocrx_word' id='word_1_197' title='bbox 362 2626 502 2679; x_wconf 88' lang='lat' dir='ltr'><strong>enim</strong></span> <span class='ocrx_word' id='word_1_198' title='bbox 549 2626 682 2691; x_wconf 68' lang='lat' dir='ltr'><strong>haec,</strong></span> <span class='ocrx_word' id='word_1_199' title='bbox 730 2624 915 2678; x_wconf 78' lang='lat' dir='ltr'><strong>Missus</strong></span> <span class='ocrx_word' id='word_1_200' title='bbox 946 2634 1037 2690; x_wconf 85' lang='lat' dir='ltr'><strong>est,</strong></span> <span class='ocrx_word' id='word_1_201' title='bbox 1067 2635 1139 2691; x_wconf 84' lang='lat' dir='ltr'><strong>et,</strong></span> <span class='ocrx_word' id='word_1_202' title='bbox 1173 2625 1332 2689; x_wconf 83' lang='lat' dir='ltr'><strong>Misit,</strong></span> <span class='ocrx_word' id='word_1_203' title='bbox 1368 2628 1593 2680; x_wconf 87' lang='lat' dir='ltr'><strong>humana</strong></span> <span class='ocrx_word' id='word_1_204' title='bbox 1621 2629 1739 2695; x_wconf 88' lang='lat' dir='ltr'><strong>qui-</strong></span> 
     </span>
    </p>
   </div>
   <div class='ocr_carea' id='block_1_27' title="bbox 155 2714 1740 2788">
    <p class='ocr_par' dir='ltr' id='par_1_27' title="bbox 155 2714 1740 2788">
     <span class='ocr_line' id='line_1_27' title="bbox 155 2714 1740 2788; baseline 0.002 -20"><span class='ocrx_word' id='word_1_205' title='bbox 155 2716 278 2769; x_wconf 90' lang='lat' dir='ltr'><strong>dem</strong></span> <span class='ocrx_word' id='word_1_206' title='bbox 306 2724 444 2775; x_wconf 93' lang='lat' dir='ltr'><strong>sunt,</strong></span> <span class='ocrx_word' id='word_1_207' title='bbox 467 2724 519 2766; x_wconf 86' lang='lat' dir='ltr'><strong>at</strong></span> <span class='ocrx_word' id='word_1_208' title='bbox 535 2714 741 2767; x_wconf 89' lang='lat' dir='ltr'><strong>divinos</strong></span> <span class='ocrx_word' id='word_1_209' title='bbox 761 2716 1013 2783; x_wconf 90' lang='lat' dir='ltr'><strong>quosdam</strong></span> <span class='ocrx_word' id='word_1_210' title='bbox 1045 2730 1231 2769; x_wconf 87' lang='lat' dir='ltr'><strong>sensus</strong></span> <span class='ocrx_word' id='word_1_211' title='bbox 1251 2715 1542 2770; x_wconf 89' lang='lat' dir='ltr'><strong>declarant.</strong></span> <span class='ocrx_word' id='word_1_212' title='bbox 1561 2717 1740 2788; x_wconf 87' lang='lat' dir='ltr'><strong>Neque</strong></span> 
     </span>
    </p>
   </div>
   <div class='ocr_carea' id='block_1_28' title="bbox 156 2808 1738 2878">
    <p class='ocr_par' dir='ltr' id='par_1_28' title="bbox 156 2808 1738 2878">
     <span class='ocr_line' id='line_1_28' title="bbox 156 2808 1738 2878; baseline 0 -16"><span class='ocrx_word' id='word_1_213' title='bbox 156 2810 300 2862; x_wconf 91' lang='lat' dir='ltr'><strong>enim</strong></span> <span class='ocrx_word' id='word_1_214' title='bbox 326 2819 376 2861; x_wconf 89' lang='lat' dir='ltr'><strong>et</strong></span> <span class='ocrx_word' id='word_1_215' title='bbox 406 2810 493 2877; x_wconf 90' lang='lat' dir='ltr'><strong>qui</strong></span> <span class='ocrx_word' id='word_1_216' title='bbox 527 2808 686 2870; x_wconf 89' lang='lat' dir='ltr'><strong>misit,</strong></span> <span class='ocrx_word' id='word_1_217' title='bbox 718 2825 783 2861; x_wconf 76' lang='lat' dir='ltr'><strong>ex</strong></span> <span class='ocrx_word' id='word_1_218' title='bbox 810 2808 941 2862; x_wconf 89' lang='lat' dir='ltr'><strong>locis</strong></span> <span class='ocrx_word' id='word_1_219' title='bbox 971 2810 1021 2861; x_wconf 92' lang='lat' dir='ltr'><strong>in</strong></span> <span class='ocrx_word' id='word_1_220' title='bbox 1052 2810 1165 2862; x_wconf 90' lang='lat' dir='ltr'><strong>loca</strong></span> <span class='ocrx_word' id='word_1_221' title='bbox 1194 2810 1353 2871; x_wconf 90' lang='lat' dir='ltr'><strong>misit,</strong></span> <span class='ocrx_word' id='word_1_222' title='bbox 1387 2824 1557 2878; x_wconf 91' lang='lat' dir='ltr'><strong>neque</strong></span> <span class='ocrx_word' id='word_1_223' title='bbox 1580 2810 1622 2863; x_wconf 92' lang='lat' dir='ltr'><strong>is</strong></span> <span class='ocrx_word' id='word_1_224' title='bbox 1651 2812 1738 2878; x_wconf 91' lang='lat' dir='ltr'><strong>qui</strong></span> 
     </span>
    </p>
   </div>
   <div class='ocr_carea' id='block_1_29' title="bbox 158 2902 1737 2971">
    <p class='ocr_par' dir='ltr' id='par_1_29' title="bbox 158 2902 1737 2971">
     <span class='ocr_line' id='line_1_29' title="bbox 158 2902 1737 2971; baseline 0.001 -16"><span class='ocrx_word' id='word_1_225' title='bbox 158 2904 353 2955; x_wconf 82' lang='lat' dir='ltr'><strong>missus</strong></span> <span class='ocrx_word' id='word_1_226' title='bbox 375 2910 474 2967; x_wconf 72' lang='lat' dir='ltr'><strong>est,</strong></span> <span class='ocrx_word' id='word_1_227' title='bbox 499 2917 561 2954; x_wconf 83' lang='lat' dir='ltr'><strong>ex</strong></span> <span class='ocrx_word' id='word_1_228' title='bbox 584 2902 713 2954; x_wconf 87' lang='lat' dir='ltr'><strong>locis</strong></span> <span class='ocrx_word' id='word_1_229' title='bbox 735 2902 783 2954; x_wconf 93' lang='lat' dir='ltr'><strong>in</strong></span> <span class='ocrx_word' id='word_1_230' title='bbox 817 2902 927 2955; x_wconf 88' lang='lat' dir='ltr'><strong>loca</strong></span> <span class='ocrx_word' id='word_1_231' title='bbox 952 2904 1111 2955; x_wconf 88' lang='lat' dir='ltr'><strong>venit.</strong></span> <span class='ocrx_word' id='word_1_232' title='bbox 1139 2904 1314 2971; x_wconf 83' lang='lat' dir='ltr'><strong>Atqui,</strong></span> <span class='ocrx_word' id='word_1_233' title='bbox 1340 2904 1412 2956; x_wconf 91' lang='lat' dir='ltr'><strong>ait</strong></span> <span class='ocrx_word' id='word_1_234' title='bbox 1439 2902 1737 2967; x_wconf 79' lang='lat' dir='ltr'><strong>ltzereticus,</strong></span> 
     </span>
    </p>
   </div>
   <div class='ocr_carea' id='block_1_30' title="bbox 159 2993 1741 3063">
    <p class='ocr_par' dir='ltr' id='par_1_30' title="bbox 159 2993 1741 3063">
     <span class='ocr_line' id='line_1_30' title="bbox 159 2993 1741 3063; baseline 0.001 -16"><span class='ocrx_word' id='word_1_235' title='bbox 159 2995 317 3047; x_wconf 72' lang='lat' dir='ltr'><strong>Pater</strong></span> <span class='ocrx_word' id='word_1_236' title='bbox 347 2994 534 3045; x_wconf 85' lang='lat' dir='ltr'><strong>Filium</strong></span> <span class='ocrx_word' id='word_1_237' title='bbox 576 2993 719 3047; x_wconf 91' lang='lat' dir='ltr'><strong>misit</strong></span> <span class='ocrx_word' id='word_1_238' title='bbox 764 2994 815 3046; x_wconf 92' lang='lat' dir='ltr'><strong>in</strong></span> <span class='ocrx_word' id='word_1_239' title='bbox 859 2994 1136 3057; x_wconf 90' lang='lat' dir='ltr'><strong>mundum,</strong></span> <span class='ocrx_word' id='word_1_240' title='bbox 1170 2995 1317 3062; x_wconf 88' lang='lat' dir='ltr'><strong>quasi</strong></span> <span class='ocrx_word' id='word_1_241' title='bbox 1345 2994 1431 3063; x_wconf 89' lang='lat' dir='ltr'><strong>qui</strong></span> <span class='ocrx_word' id='word_1_242' title='bbox 1462 2996 1510 3046; x_wconf 91' lang='lat' dir='ltr'><strong>in</strong></span> <span class='ocrx_word' id='word_1_243' title='bbox 1543 2995 1741 3049; x_wconf 90' lang='lat' dir='ltr'><strong>mundo</strong></span> 
     </span>
    </p>
   </div>
   <div class='ocr_carea' id='block_1_31' title="bbox 159 3086 1742 3155">
    <p class='ocr_par' dir='ltr' id='par_1_31' title="bbox 159 3086 1742 3155">
     <span class='ocr_line' id='line_1_31' title="bbox 159 3086 1742 3155; baseline 0.003 -18"><span class='ocrx_word' id='word_1_244' title='bbox 159 3100 396 3153; x_wconf 78' lang='lat' dir='ltr'><strong>przesens</strong></span> <span class='ocrx_word' id='word_1_245' title='bbox 436 3101 541 3137; x_wconf 91' lang='lat' dir='ltr'><strong>non</strong></span> <span class='ocrx_word' id='word_1_246' title='bbox 588 3096 752 3150; x_wconf 88' lang='lat' dir='ltr'><strong>esset,</strong></span> <span class='ocrx_word' id='word_1_247' title='bbox 785 3086 848 3139; x_wconf 89' lang='lat' dir='ltr'><strong>ad</strong></span> <span class='ocrx_word' id='word_1_248' title='bbox 889 3102 1045 3155; x_wconf 91' lang='lat' dir='ltr'><strong>quem</strong></span> <span class='ocrx_word' id='word_1_249' title='bbox 1090 3087 1414 3140; x_wconf 87' lang='lat' dir='ltr'><strong>mittebatur.</strong></span> <span class='ocrx_word' id='word_1_250' title='bbox 1463 3088 1742 3153; x_wconf 80' lang='lat' dir='ltr'><strong>Quomodo</strong></span> 
     </span>
    </p>
   </div>
   <div class='ocr_carea' id='block_1_32' title="bbox 157 3174 1741 3244">
    <p class='ocr_par' dir='ltr' id='par_1_32' title="bbox 157 3174 1741 3244">
     <span class='ocr_line' id='line_1_32' title="bbox 157 3174 1741 3244; baseline 0.001 -16"><span class='ocrx_word' id='word_1_251' title='bbox 157 3176 427 3244; x_wconf 85' lang='lat' dir='ltr'><strong>Scriptura</strong></span> <span class='ocrx_word' id='word_1_252' title='bbox 457 3174 522 3227; x_wconf 88' lang='lat' dir='ltr'><strong>de</strong></span> <span class='ocrx_word' id='word_1_253' title='bbox 548 3174 662 3242; x_wconf 88' lang='lat' dir='ltr'><strong>ipso</strong></span> <span class='ocrx_word' id='word_1_254' title='bbox 693 3175 915 3229; x_wconf 91' lang='lat' dir='ltr'><strong>Domino</strong></span> <span class='ocrx_word' id='word_1_255' title='bbox 941 3177 1031 3241; x_wconf 89' lang='lat' dir='ltr'><strong>ait,</strong></span> <span class='ocrx_word' id='word_1_256' title='bbox 1068 3174 1131 3228; x_wconf 87' lang='lat' dir='ltr'><strong>In</strong></span> <span class='ocrx_word' id='word_1_257' title='bbox 1155 3178 1343 3228; x_wconf 88' lang='lat' dir='ltr'><strong>mundo</strong></span> <span class='ocrx_word' id='word_1_258' title='bbox 1367 3186 1493 3241; x_wconf 84' lang='lat' dir='ltr'><strong>erat,</strong></span> <span class='ocrx_word' id='word_1_259' title='bbox 1520 3187 1564 3230; x_wconf 86' lang='lat' dir='ltr'><strong>et</strong></span> <span class='ocrx_word' id='word_1_260' title='bbox 1594 3194 1741 3229; x_wconf 84' lang='lat' dir='ltr'><strong>mun-</strong></span> 
     </span>
    </p>
   </div>
   <div class='ocr_carea' id='block_1_33' title="bbox 159 3266 1741 3336">
    <p class='ocr_par' dir='ltr' id='par_1_33' title="bbox 159 3266 1741 3336">
     <span class='ocr_line' id='line_1_33' title="bbox 159 3266 1741 3336; baseline 0.001 -17"><span class='ocrx_word' id='word_1_261' title='bbox 159 3268 255 3319; x_wconf 77' lang='lat' dir='ltr'><strong>dus</strong></span> <span class='ocrx_word' id='word_1_262' title='bbox 278 3283 367 3335; x_wconf 87' lang='lat' dir='ltr'><strong>per</strong></span> <span class='ocrx_word' id='word_1_263' title='bbox 394 3266 559 3335; x_wconf 85' lang='lat' dir='ltr'><strong>ipsum</strong></span> <span class='ocrx_word' id='word_1_264' title='bbox 586 3267 751 3335; x_wconf 82' lang='lat' dir='ltr'><strong>factus</strong></span> <span class='ocrx_word' id='word_1_265' title='bbox 772 3278 841 3319; x_wconf 89' lang='lat' dir='ltr'><strong>est</strong></span> <span class='ocrx_word' id='word_1_266' title='bbox 866 3266 1042 3335; x_wconf 82' lang='lat' dir='ltr'><strong>(Joan.</strong></span> <span class='ocrx_word' id='word_1_267' title='bbox 1076 3268 1123 3319; x_wconf 78' lang='grc'><strong>1.</strong></span> <span class='ocrx_word' id='word_1_268' title='bbox 1162 3267 1284 3333; x_wconf 79' lang='lat'><strong>10)?</strong></span> <span class='ocrx_word' id='word_1_269' title='bbox 1311 3267 1586 3334; x_wconf 89' lang='lat' dir='ltr'><strong>Quomodo</strong></span> <span class='ocrx_word' id='word_1_270' title='bbox 1614 3283 1741 3336; x_wconf 85' lang='lat' dir='ltr'><strong>ergo</strong></span> 
     </span>
    </p>
   </div>
   <div class='ocr_carea' id='block_1_34' title="bbox 160 3356 1744 3427">
    <p class='ocr_par' dir='ltr' id='par_1_34' title="bbox 160 3356 1744 3427">
     <span class='ocr_line' id='line_1_34' title="bbox 160 3356 1744 3427; baseline 0.004 -20"><span class='ocrx_word' id='word_1_271' title='bbox 160 3360 306 3410; x_wconf 85' lang='lat' dir='ltr'><strong>venit</strong></span> <span class='ocrx_word' id='word_1_272' title='bbox 345 3358 429 3425; x_wconf 90' lang='lat' dir='ltr'><strong>qui</strong></span> <span class='ocrx_word' id='word_1_273' title='bbox 460 3356 659 3417; x_wconf 85' lang='lat' dir='ltr'><strong>aderat,</strong></span> <span class='ocrx_word' id='word_1_274' title='bbox 692 3359 932 3424; x_wconf 88' lang='lat' dir='ltr'><strong>apparuit</strong></span> <span class='ocrx_word' id='word_1_275' title='bbox 974 3359 1061 3427; x_wconf 89' lang='lat' dir='ltr'><strong>qui</strong></span> <span class='ocrx_word' id='word_1_276' title='bbox 1104 3358 1331 3412; x_wconf 86' lang='lat' dir='ltr'><strong>latebat?</strong></span> <span class='ocrx_word' id='word_1_277' title='bbox 1356 3359 1507 3425; x_wconf 92' lang='lat' dir='ltr'><strong>Quod</strong></span> <span class='ocrx_word' id='word_1_278' title='bbox 1549 3360 1592 3413; x_wconf 88' lang='lat' dir='ltr'><strong>si</strong></span> <span class='ocrx_word' id='word_1_279' title='bbox 1620 3376 1744 3415; x_wconf 83' lang='lat' dir='ltr'><strong>vere</strong></span> 
     </span>
    </p>
   </div>
   <div class='ocr_carea' id='block_1_35' title="bbox 160 3446 1741 3519">
    <p class='ocr_par' dir='ltr' id='par_1_35' title="bbox 160 3446 1741 3519">
     <span class='ocr_line' id='line_1_35' title="bbox 160 3446 1741 3519; baseline 0.004 -19"><span class='ocrx_word' id='word_1_280' title='bbox 160 3448 311 3510; x_wconf 81' lang='lat' dir='ltr'><strong>illud,</strong></span> <span class='ocrx_word' id='word_1_281' title='bbox 343 3447 499 3511; x_wconf 81' lang='lat' dir='ltr'><strong>Misit,</strong></span> <span class='ocrx_word' id='word_1_282' title='bbox 529 3446 595 3500; x_wconf 92' lang='lat' dir='ltr'><strong>ita</strong></span> <span class='ocrx_word' id='word_1_283' title='bbox 628 3448 873 3517; x_wconf 82' lang='lat' dir='ltr'><strong>intelligis</strong></span> <span class='ocrx_word' id='word_1_284' title='bbox 902 3458 955 3502; x_wconf 92' lang='lat' dir='ltr'><strong>ut</strong></span> <span class='ocrx_word' id='word_1_285' title='bbox 981 3449 1150 3514; x_wconf 89' lang='lat' dir='ltr'><strong>audis,</strong></span> <span class='ocrx_word' id='word_1_286' title='bbox 1172 3464 1388 3504; x_wconf 88' lang='lat' dir='ltr'><strong>necesse</strong></span> <span class='ocrx_word' id='word_1_287' title='bbox 1410 3453 1741 3519; x_wconf 89' lang='lat' dir='ltr'><strong>omninoest,</strong></span> 
     </span>
    </p>
   </div>
   <div class='ocr_carea' id='block_1_36' title="bbox 159 3539 1744 3611">
    <p class='ocr_par' dir='ltr' id='par_1_36' title="bbox 159 3539 1744 3611">
     <span class='ocr_line' id='line_1_36' title="bbox 159 3539 1744 3611; baseline 0.003 -19"><span class='ocrx_word' id='word_1_288' title='bbox 159 3555 281 3593; x_wconf 86' lang='lat' dir='ltr'><strong>eum</strong></span> <span class='ocrx_word' id='word_1_289' title='bbox 314 3539 402 3607; x_wconf 92' lang='lat' dir='ltr'><strong>qui</strong></span> <span class='ocrx_word' id='word_1_290' title='bbox 450 3539 643 3592; x_wconf 88' lang='lat' dir='ltr'><strong>missus</strong></span> <span class='ocrx_word' id='word_1_291' title='bbox 687 3540 801 3603; x_wconf 90' lang='lat' dir='ltr'><strong>fuit,</strong></span> <span class='ocrx_word' id='word_1_292' title='bbox 835 3540 886 3592; x_wconf 92' lang='lat' dir='ltr'><strong>in</strong></span> <span class='ocrx_word' id='word_1_293' title='bbox 919 3540 981 3592; x_wconf 92' lang='lat' dir='ltr'><strong>iis</strong></span> <span class='ocrx_word' id='word_1_294' title='bbox 1009 3541 1252 3594; x_wconf 91' lang='lat' dir='ltr'><strong>constitui</strong></span> <span class='ocrx_word' id='word_1_295' title='bbox 1284 3540 1432 3605; x_wconf 90' lang='lat' dir='ltr'><strong>locis,</strong></span> <span class='ocrx_word' id='word_1_296' title='bbox 1478 3542 1528 3594; x_wconf 93' lang='lat' dir='ltr'><strong>in</strong></span> <span class='ocrx_word' id='word_1_297' title='bbox 1557 3543 1744 3611; x_wconf 89' lang='lat' dir='ltr'><strong>quibus</strong></span> 
     </span>
    </p>
   </div>
   <div class='ocr_carea' id='block_1_37' title="bbox 161 3632 1743 3698">
    <p class='ocr_par' dir='ltr' id='par_1_37' title="bbox 161 3632 1743 3698">
     <span class='ocr_line' id='line_1_37' title="bbox 161 3632 1743 3698; baseline 0.001 -14"><span class='ocrx_word' id='word_1_298' title='bbox 161 3632 398 3684; x_wconf 87' lang='lat' dir='ltr'><strong>nondum</strong></span> <span class='ocrx_word' id='word_1_299' title='bbox 433 3645 666 3698; x_wconf 73' lang='lat' dir='ltr'><strong>praesens</strong></span> <span class='ocrx_word' id='word_1_300' title='bbox 707 3640 840 3696; x_wconf 91' lang='lat' dir='ltr'><strong>erat,</strong></span> <span class='ocrx_word' id='word_1_301' title='bbox 884 3641 936 3685; x_wconf 90' lang='lat' dir='ltr'><strong>et</strong></span> <span class='ocrx_word' id='word_1_302' title='bbox 966 3633 1259 3685; x_wconf 89' lang='lat' dir='ltr'><strong>mittentem</strong></span> <span class='ocrx_word' id='word_1_303' title='bbox 1304 3648 1368 3685; x_wconf 93' lang='lat' dir='ltr'><strong>eo</strong></span> <span class='ocrx_word' id='word_1_304' title='bbox 1395 3634 1625 3696; x_wconf 90' lang='lat' dir='ltr'><strong>mittere,</strong></span> <span class='ocrx_word' id='word_1_305' title='bbox 1658 3634 1743 3685; x_wconf 91' lang='lat' dir='ltr'><strong>ubi</strong></span> 
     </span>
    </p>
   </div>
   <div class='ocr_carea' id='block_1_38' title="bbox 162 3722 1746 3791">
    <p class='ocr_par' dir='ltr' id='par_1_38' title="bbox 162 3722 1746 3791">
     <span class='ocr_line' id='line_1_38' title="bbox 162 3722 1746 3791; baseline 0 -16"><span class='ocrx_word' id='word_1_306' title='bbox 162 3738 267 3775; x_wconf 82' lang='lat' dir='ltr'><strong>non</strong></span> <span class='ocrx_word' id='word_1_307' title='bbox 286 3723 491 3773; x_wconf 85' lang='lat' dir='ltr'><strong>aderat.</strong></span> <span class='ocrx_word' id='word_1_308' title='bbox 511 3722 787 3787; x_wconf 92' lang='lat' dir='ltr'><strong>Quomodo</strong></span> <span class='ocrx_word' id='word_1_309' title='bbox 806 3722 962 3791; x_wconf 82' lang='lat' dir='ltr'><strong>igitur</strong></span> <span class='ocrx_word' id='word_1_310' title='bbox 977 3722 1295 3790; x_wconf 88' lang='lat' dir='ltr'><strong>evangelista</strong></span> <span class='ocrx_word' id='word_1_311' title='bbox 1313 3723 1537 3787; x_wconf 90' lang='lat' dir='ltr'><strong>dicebat,</strong></span> <span class='ocrx_word' id='word_1_312' title='bbox 1563 3722 1746 3776; x_wconf 83' lang='lat' dir='ltr'><strong>Omnia</strong></span> 
     </span>
    </p>
   </div>
   <div class='ocr_carea' id='block_1_39' title="bbox 162 3812 1747 3882">
    <p class='ocr_par' dir='ltr' id='par_1_39' title="bbox 162 3812 1747 3882">
     <span class='ocr_line' id='line_1_39' title="bbox 162 3812 1747 3882; baseline 0.003 -21"><span class='ocrx_word' id='word_1_313' title='bbox 162 3829 253 3882; x_wconf 78' lang='lat' dir='ltr'><strong>per</strong></span> <span class='ocrx_word' id='word_1_314' title='bbox 282 3813 445 3880; x_wconf 84' lang='lat' dir='ltr'><strong>ipsum</strong></span> <span class='ocrx_word' id='word_1_315' title='bbox 483 3812 619 3878; x_wconf 76' lang='lat' dir='ltr'><strong>facta</strong></span> <span class='ocrx_word' id='word_1_316' title='bbox 649 3823 783 3876; x_wconf 84' lang='lat' dir='ltr'><strong>sunt,</strong></span> <span class='ocrx_word' id='word_1_317' title='bbox 813 3820 857 3863; x_wconf 89' lang='lat' dir='ltr'><strong>et</strong></span> <span class='ocrx_word' id='word_1_318' title='bbox 899 3813 1003 3865; x_wconf 83' lang='lat' dir='ltr'><strong>sine</strong></span> <span class='ocrx_word' id='word_1_319' title='bbox 1029 3813 1138 3879; x_wconf 89' lang='lat' dir='ltr'><strong>ipso</strong></span> <span class='ocrx_word' id='word_1_320' title='bbox 1180 3815 1368 3879; x_wconf 82' lang='lat' dir='ltr'><strong>factum</strong></span> <span class='ocrx_word' id='word_1_321' title='bbox 1396 3822 1465 3865; x_wconf 84' lang='lat' dir='ltr'><strong>est</strong></span> <span class='ocrx_word' id='word_1_322' title='bbox 1496 3813 1658 3864; x_wconf 80' lang='lat' dir='ltr'><strong>nihil?</strong></span> <span class='ocrx_word' id='word_1_323' title='bbox 1680 3813 1747 3866; x_wconf 86' lang='lat' dir='ltr'><strong>In</strong></span> 
     </span>
    </p>
   </div>
   <div class='ocr_carea' id='block_1_40' title="bbox 161 3902 1743 3972">
    <p class='ocr_par' dir='ltr' id='par_1_40' title="bbox 161 3902 1743 3972">
     <span class='ocr_line' id='line_1_40' title="bbox 161 3902 1743 3972; baseline 0.001 -16"><span class='ocrx_word' id='word_1_324' title='bbox 161 3905 355 3956; x_wconf 86' lang='lat' dir='ltr'><strong>mundo</strong></span> <span class='ocrx_word' id='word_1_325' title='bbox 373 3913 495 3963; x_wconf 87' lang='lat' dir='ltr'><strong>erat,</strong></span> <span class='ocrx_word' id='word_1_326' title='bbox 521 3914 563 3955; x_wconf 89' lang='lat' dir='ltr'><strong>et</strong></span> <span class='ocrx_word' id='word_1_327' title='bbox 584 3903 798 3955; x_wconf 85' lang='lat' dir='ltr'><strong>mundus</strong></span> <span class='ocrx_word' id='word_1_328' title='bbox 822 3919 907 3970; x_wconf 85' lang='lat' dir='ltr'><strong>per</strong></span> <span class='ocrx_word' id='word_1_329' title='bbox 930 3903 1090 3971; x_wconf 56' lang='lat' dir='ltr'><strong>ipsum</strong></span> <span class='ocrx_word' id='word_1_330' title='bbox 1114 3903 1274 3968; x_wconf 76' lang='lat' dir='ltr'><strong>[actus</strong></span> <span class='ocrx_word' id='word_1_331' title='bbox 1298 3913 1369 3954; x_wconf 87' lang='lat' dir='ltr'><strong>est</strong></span> <span class='ocrx_word' id='word_1_332' title='bbox 1397 3902 1643 3971; x_wconf 76' lang='lat' dir='ltr'><strong>(Joan.1.</strong></span> <span class='ocrx_word' id='word_1_333' title='bbox 1665 3904 1743 3972; x_wconf 70' lang='lat'><strong>5).</strong></span> 
     </span>
    </p>
   </div>
   <div class='ocr_carea' id='block_1_41' title="bbox 162 3994 1743 4064">
    <p class='ocr_par' dir='ltr' id='par_1_41' title="bbox 162 3994 1743 4064">
     <span class='ocr_line' id='line_1_41' title="bbox 162 3994 1743 4064; baseline -0.001 -15"><span class='ocrx_word' id='word_1_334' title='bbox 162 3998 219 4049; x_wconf 90' lang='lat' dir='ltr'><strong>Si</strong></span> <span class='ocrx_word' id='word_1_335' title='bbox 253 3999 426 4064; x_wconf 89' lang='lat' dir='ltr'><strong>itaque</strong></span> <span class='ocrx_word' id='word_1_336' title='bbox 471 3996 521 4048; x_wconf 90' lang='lat' dir='ltr'><strong>itt</strong></span> <span class='ocrx_word' id='word_1_337' title='bbox 552 3995 747 4047; x_wconf 90' lang='lat' dir='ltr'><strong>mundo</strong></span> <span class='ocrx_word' id='word_1_338' title='bbox 776 4003 905 4057; x_wconf 89' lang='lat' dir='ltr'><strong>erat,</strong></span> <span class='ocrx_word' id='word_1_339' title='bbox 945 3994 1208 4063; x_wconf 88' lang='lat' dir='ltr'><strong>quomodo</strong></span> <span class='ocrx_word' id='word_1_340' title='bbox 1241 3995 1463 4047; x_wconf 89' lang='lat' dir='ltr'><strong>mittitur</strong></span> <span class='ocrx_word' id='word_1_341' title='bbox 1495 3996 1543 4047; x_wconf 91' lang='lat' dir='ltr'><strong>itt</strong></span> <span class='ocrx_word' id='word_1_342' title='bbox 1589 4011 1743 4047; x_wconf 84' lang='lat' dir='ltr'><strong>mun-</strong></span> 
     </span>
    </p>
   </div>
   <div class='ocr_carea' id='block_1_42' title="bbox 161 4084 1746 4154">
    <p class='ocr_par' dir='ltr' id='par_1_42' title="bbox 161 4084 1746 4154">
     <span class='ocr_line' id='line_1_42' title="bbox 161 4084 1746 4154; baseline -0.001 -15"><span class='ocrx_word' id='word_1_343' title='bbox 161 4088 326 4141; x_wconf 83' lang='lat' dir='ltr'><strong>dum?</strong></span> <span class='ocrx_word' id='word_1_344' title='bbox 354 4085 466 4139; x_wconf 88' lang='lat' dir='ltr'><strong>Non</strong></span> <span class='ocrx_word' id='word_1_345' title='bbox 493 4084 682 4137; x_wconf 90' lang='lat' dir='ltr'><strong>audisti</strong></span> <span class='ocrx_word' id='word_1_346' title='bbox 709 4100 827 4137; x_wconf 91' lang='lat' dir='ltr'><strong>eum</strong></span> <span class='ocrx_word' id='word_1_347' title='bbox 858 4084 1142 4147; x_wconf 88' lang='lat' dir='ltr'><strong>dicentem,</strong></span> <span class='ocrx_word' id='word_1_348' title='bbox 1172 4084 1361 4137; x_wconf 68' lang='lat' dir='ltr'><strong>(Icelum</strong></span> <span class='ocrx_word' id='word_1_349' title='bbox 1387 4094 1431 4137; x_wconf 86' lang='lat' dir='ltr'><strong>et</strong></span> <span class='ocrx_word' id='word_1_350' title='bbox 1454 4094 1635 4137; x_wconf 86' lang='lat' dir='ltr'><strong>terram</strong></span> <span class='ocrx_word' id='word_1_351' title='bbox 1656 4103 1746 4154; x_wconf 81' lang='lat' dir='ltr'><strong>ego</strong></span> 
     </span>
    </p>
   </div>
   <div class='ocr_carea' id='block_1_43' title="bbox 161 4172 1747 4243">
    <p class='ocr_par' dir='ltr' id='par_1_43' title="bbox 161 4172 1747 4243">
     <span class='ocr_line' id='line_1_43' title="bbox 161 4172 1747 4243; baseline -0.001 -14"><span class='ocrx_word' id='word_1_352' title='bbox 161 4176 374 4243; x_wconf 81' lang='lat' dir='ltr'><strong>impleo,</strong></span> <span class='ocrx_word' id='word_1_353' title='bbox 404 4176 521 4227; x_wconf 86' lang='lat' dir='ltr'><strong>dicit</strong></span> <span class='ocrx_word' id='word_1_354' title='bbox 556 4173 798 4227; x_wconf 78' lang='lat' dir='ltr'><strong>Dominus</strong></span> <span class='ocrx_word' id='word_1_355' title='bbox 830 4172 959 4242; x_wconf 87' lang='lat' dir='ltr'><strong>(Jer.</strong></span> <span class='ocrx_word' id='word_1_356' title='bbox 1008 4173 1098 4225; x_wconf 73' lang='grc'><strong>25.</strong></span> <span class='ocrx_word' id='word_1_357' title='bbox 1142 4173 1272 4241; x_wconf 71' lang='lat'><strong>24)?</strong></span> <span class='ocrx_word' id='word_1_358' title='bbox 1321 4172 1456 4239; x_wconf 90' lang='lat' dir='ltr'><strong>Quid</strong></span> <span class='ocrx_word' id='word_1_359' title='bbox 1495 4189 1619 4243; x_wconf 88' lang='lat' dir='ltr'><strong>ergo</strong></span> <span class='ocrx_word' id='word_1_360' title='bbox 1648 4174 1747 4228; x_wconf 86' lang='lat' dir='ltr'><strong>sibi</strong></span> 
     </span>
    </p>
   </div>
   <div class='ocr_carea' id='block_1_44' title="bbox 165 4263 1745 4333">
    <p class='ocr_par' dir='ltr' id='par_1_44' title="bbox 165 4263 1745 4333">
     <span class='ocr_line' id='line_1_44' title="bbox 165 4263 1745 4333; baseline -0.001 -13"><span class='ocrx_word' id='word_1_361' title='bbox 165 4268 277 4320; x_wconf 83' lang='lat' dir='ltr'><strong>vult</strong></span> <span class='ocrx_word' id='word_1_362' title='bbox 308 4264 453 4327; x_wconf 93' lang='lat' dir='ltr'><strong>illud,</strong></span> <span class='ocrx_word' id='word_1_363' title='bbox 490 4264 673 4317; x_wconf 81' lang='lat' dir='ltr'><strong>Missus</strong></span> <span class='ocrx_word' id='word_1_364' title='bbox 704 4264 811 4317; x_wconf 87' lang='lat' dir='ltr'><strong>est?</strong></span> <span class='ocrx_word' id='word_1_365' title='bbox 851 4263 904 4317; x_wconf 95' lang='lat' dir='ltr'><strong>ld</strong></span> <span class='ocrx_word' id='word_1_366' title='bbox 946 4274 1045 4325; x_wconf 88' lang='lat' dir='ltr'><strong>est,</strong></span> <span class='ocrx_word' id='word_1_367' title='bbox 1078 4266 1220 4317; x_wconf 91' lang='lat' dir='ltr'><strong>visus</strong></span> <span class='ocrx_word' id='word_1_368' title='bbox 1261 4277 1367 4326; x_wconf 89' lang='lat' dir='ltr'><strong>est;</strong></span> <span class='ocrx_word' id='word_1_369' title='bbox 1418 4280 1508 4333; x_wconf 90' lang='lat' dir='ltr'><strong>per</strong></span> <span class='ocrx_word' id='word_1_370' title='bbox 1534 4281 1745 4319; x_wconf 89' lang='lat' dir='ltr'><strong>carnem</strong></span> 
     </span>
    </p>
   </div>
   <div class='ocr_carea' id='block_1_45' title="bbox 164 4355 1746 4426">
    <p class='ocr_par' dir='ltr' id='par_1_45' title="bbox 164 4355 1746 4426">
     <span class='ocr_line' id='line_1_45' title="bbox 164 4355 1746 4426; baseline 0 -15"><span class='ocrx_word' id='word_1_371' title='bbox 164 4358 362 4411; x_wconf 81' lang='lat' dir='ltr'><strong>illuxit.</strong></span> <span class='ocrx_word' id='word_1_372' title='bbox 392 4357 568 4409; x_wconf 85' lang='lat' dir='ltr'><strong>Missio</strong></span> <span class='ocrx_word' id='word_1_373' title='bbox 598 4356 737 4408; x_wconf 92' lang='lat' dir='ltr'><strong>enim</strong></span> <span class='ocrx_word' id='word_1_374' title='bbox 786 4356 980 4408; x_wconf 91' lang='lat' dir='ltr'><strong>nullam</strong></span> <span class='ocrx_word' id='word_1_375' title='bbox 1021 4355 1087 4409; x_wconf 91' lang='lat' dir='ltr'><strong>de</strong></span> <span class='ocrx_word' id='word_1_376' title='bbox 1136 4357 1251 4409; x_wconf 94' lang='lat' dir='ltr'><strong>loco</strong></span> <span class='ocrx_word' id='word_1_377' title='bbox 1282 4357 1329 4408; x_wconf 87' lang='lat' dir='ltr'><strong>itt</strong></span> <span class='ocrx_word' id='word_1_378' title='bbox 1364 4358 1533 4410; x_wconf 91' lang='lat' dir='ltr'><strong>locum</strong></span> <span class='ocrx_word' id='word_1_379' title='bbox 1568 4360 1746 4426; x_wconf 83' lang='lat' dir='ltr'><strong>profe-</strong></span> 
     </span>
    </p>
   </div>
   <div class='ocr_carea' id='block_1_46' title="bbox 162 4444 1746 4506">
    <p class='ocr_par' dir='ltr' id='par_1_46' title="bbox 162 4444 1746 4506">
     <span class='ocr_line' id='line_1_46' title="bbox 162 4444 1746 4506; baseline 0 -7"><span class='ocrx_word' id='word_1_380' title='bbox 162 4447 396 4499; x_wconf 86' lang='lat' dir='ltr'><strong>ctionem</strong></span> <span class='ocrx_word' id='word_1_381' title='bbox 428 4444 649 4506; x_wconf 90' lang='lat' dir='ltr'><strong>indicat;</strong></span> <span class='ocrx_word' id='word_1_382' title='bbox 681 4444 773 4497; x_wconf 88' lang='lat' dir='ltr'><strong>sed</strong></span> <span class='ocrx_word' id='word_1_383' title='bbox 805 4460 866 4498; x_wconf 83' lang='lat' dir='ltr'><strong>ex</strong></span> <span class='ocrx_word' id='word_1_384' title='bbox 916 4444 1163 4499; x_wconf 84' lang='lat' dir='ltr'><strong>invisibili</strong></span> <span class='ocrx_word' id='word_1_385' title='bbox 1217 4445 1490 4500; x_wconf 85' lang='lat' dir='ltr'><strong>divinitate</strong></span> <span class='ocrx_word' id='word_1_386' title='bbox 1526 4447 1576 4500; x_wconf 91' lang='lat' dir='ltr'><strong>in</strong></span> <span class='ocrx_word' id='word_1_387' title='bbox 1619 4463 1746 4501; x_wconf 90' lang='lat' dir='ltr'><strong>con-</strong></span> 
     </span>
    </p>
   </div>
   <div class='ocr_carea' id='block_1_47' title="bbox 164 4535 1747 4607">
    <p class='ocr_par' dir='ltr' id='par_1_47' title="bbox 164 4535 1747 4607">
     <span class='ocr_line' id='line_1_47' title="bbox 164 4535 1747 4607; baseline 0.001 -16"><span class='ocrx_word' id='word_1_388' title='bbox 164 4539 404 4607; x_wconf 90' lang='lat' dir='ltr'><strong>spicuam</strong></span> <span class='ocrx_word' id='word_1_389' title='bbox 440 4535 795 4602; x_wconf 75' lang='lat' dir='ltr'><strong>przesentiam.</strong></span> <span class='ocrx_word' id='word_1_390' title='bbox 828 4535 1009 4603; x_wconf 84' lang='lat' dir='ltr'><strong>Neque</strong></span> <span class='ocrx_word' id='word_1_391' title='bbox 1036 4538 1176 4590; x_wconf 91' lang='lat' dir='ltr'><strong>enim</strong></span> <span class='ocrx_word' id='word_1_392' title='bbox 1206 4552 1325 4590; x_wconf 92' lang='lat' dir='ltr'><strong>cum</strong></span> <span class='ocrx_word' id='word_1_393' title='bbox 1358 4539 1407 4589; x_wconf 94' lang='lat' dir='ltr'><strong>in</strong></span> <span class='ocrx_word' id='word_1_394' title='bbox 1438 4547 1631 4591; x_wconf 90' lang='lat' dir='ltr'><strong>terram</strong></span> <span class='ocrx_word' id='word_1_395' title='bbox 1663 4552 1747 4593; x_wconf 85' lang='lat' dir='ltr'><strong>se—</strong></span> 
     </span>
    </p>
   </div>
   <div class='ocr_carea' id='block_1_48' title="bbox 162 4624 1742 4692">
    <p class='ocr_par' dir='ltr' id='par_1_48' title="bbox 162 4624 1742 4692">
     <span class='ocr_line' id='line_1_48' title="bbox 162 4624 1742 4692; baseline -0.001 -11"><span class='ocrx_word' id='word_1_396' title='bbox 162 4628 397 4682; x_wconf 68' lang='lat' dir='ltr'><strong>cundum</strong></span> <span class='ocrx_word' id='word_1_397' title='bbox 424 4624 703 4677; x_wconf 92' lang='lat' dir='ltr'><strong>humanam</strong></span> <span class='ocrx_word' id='word_1_398' title='bbox 733 4634 973 4677; x_wconf 88' lang='lat' dir='ltr'><strong>naturam</strong></span> <span class='ocrx_word' id='word_1_399' title='bbox 1006 4637 1054 4676; x_wconf 94' lang='lat' dir='ltr'><strong>et</strong></span> <span class='ocrx_word' id='word_1_400' title='bbox 1091 4643 1181 4691; x_wconf 82' lang='lat' dir='ltr'><strong>per</strong></span> <span class='ocrx_word' id='word_1_401' title='bbox 1206 4631 1553 4680; x_wconf 69' lang='lat' dir='ltr'><strong>meonomiant</strong></span> <span class='ocrx_word' id='word_1_402' title='bbox 1584 4628 1742 4692; x_wconf 85' lang='lat' dir='ltr'><strong>venit,</strong></span> 
     </span>
    </p>
   </div>
   <div class='ocr_carea' id='block_1_49' title="bbox 164 4716 1748 4789">
    <p class='ocr_par' dir='ltr' id='par_1_49' title="bbox 164 4716 1748 4789">
     <span class='ocr_line' id='line_1_49' title="bbox 164 4716 1748 4789; baseline 0 -16"><span class='ocrx_word' id='word_1_403' title='bbox 164 4720 333 4773; x_wconf 65' lang='lat' dir='ltr'><strong>cmlos</strong></span> <span class='ocrx_word' id='word_1_404' title='bbox 362 4732 456 4771; x_wconf 90' lang='lat' dir='ltr'><strong>sua</strong></span> <span class='ocrx_word' id='word_1_405' title='bbox 480 4716 753 4785; x_wconf 84' lang='lat' dir='ltr'><strong>majestate</strong></span> <span class='ocrx_word' id='word_1_406' title='bbox 782 4730 976 4768; x_wconf 91' lang='lat' dir='ltr'><strong>vacuos</strong></span> <span class='ocrx_word' id='word_1_407' title='bbox 1005 4716 1231 4783; x_wconf 84' lang='lat' dir='ltr'><strong>reliquit,</strong></span> <span class='ocrx_word' id='word_1_408' title='bbox 1265 4732 1436 4785; x_wconf 91' lang='lat' dir='ltr'><strong>neque</strong></span> <span class='ocrx_word' id='word_1_409' title='bbox 1461 4734 1599 4773; x_wconf 92' lang='lat' dir='ltr'><strong>nunc</strong></span> <span class='ocrx_word' id='word_1_410' title='bbox 1630 4731 1748 4789; x_wconf 93' lang='lat' dir='ltr'><strong>post</strong></span> 
     </span>
    </p>
   </div>
   <div class='ocr_carea' id='block_1_50' title="bbox 164 4806 1749 4875">
    <p class='ocr_par' dir='ltr' id='par_1_50' title="bbox 164 4806 1749 4875">
     <span class='ocr_line' id='line_1_50' title="bbox 164 4806 1749 4875; baseline 0.001 -13"><span class='ocrx_word' id='word_1_411' title='bbox 164 4809 345 4862; x_wconf 84' lang='lat' dir='ltr'><strong>carnis</strong></span> <span class='ocrx_word' id='word_1_412' title='bbox 374 4808 811 4875; x_wconf 88' lang='lat' dir='ltr'><strong>assumptionem,</strong></span> <span class='ocrx_word' id='word_1_413' title='bbox 837 4814 1028 4859; x_wconf 90' lang='lat' dir='ltr'><strong>terram</strong></span> <span class='ocrx_word' id='word_1_414' title='bbox 1055 4806 1267 4875; x_wconf 89' lang='lat' dir='ltr'><strong>reliquit</strong></span> <span class='ocrx_word' id='word_1_415' title='bbox 1295 4822 1387 4859; x_wconf 87' lang='lat' dir='ltr'><strong>sua</strong></span> <span class='ocrx_word' id='word_1_416' title='bbox 1409 4808 1749 4862; x_wconf 90' lang='lat' dir='ltr'><strong>administra-</strong></span> 
     </span>
    </p>
   </div>
   <div class='ocr_carea' id='block_1_51' title="bbox 164 4897 1745 4953">
    <p class='ocr_par' dir='ltr' id='par_1_51' title="bbox 164 4897 1745 4953">
     <span class='ocr_line' id='line_1_51' title="bbox 164 4897 1745 4953; baseline 0 0"><span class='ocrx_word' id='word_1_417' title='bbox 164 4902 314 4953; x_wconf 91' lang='lat' dir='ltr'><strong>tione</strong></span> <span class='ocrx_word' id='word_1_418' title='bbox 343 4912 579 4949; x_wconf 89' lang='lat' dir='ltr'><strong>vacuant.</strong></span> <span class='ocrx_word' id='word_1_419' title='bbox 616 4898 809 4951; x_wconf 91' lang='lat' dir='ltr'><strong>lterum</strong></span> <span class='ocrx_word' id='word_1_420' title='bbox 839 4912 950 4951; x_wconf 92' lang='lat' dir='ltr'><strong>rem</strong></span> <span class='ocrx_word' id='word_1_421' title='bbox 984 4897 1087 4950; x_wconf 89' lang='lat' dir='ltr'><strong>alio</strong></span> <span class='ocrx_word' id='word_1_422' title='bbox 1115 4897 1271 4949; x_wconf 89' lang='lat' dir='ltr'><strong>utodo</strong></span> <span class='ocrx_word' id='word_1_423' title='bbox 1306 4898 1654 4952; x_wconf 80' lang='lat' dir='ltr'><strong>excutiamus.</strong></span> <span class='ocrx_word' id='word_1_424' title='bbox 1692 4901 1745 4953; x_wconf 82' lang='lat' dir='ltr'><strong>Si</strong></span> 
     </span>
    </p>
   </div>
   <div class='ocr_carea' id='block_1_52' title="bbox 165 4986 1747 5050">
    <p class='ocr_par' dir='ltr' id='par_1_52' title="bbox 165 4986 1747 5050">
     <span class='ocr_line' id='line_1_52' title="bbox 165 4986 1747 5050; baseline 0.001 -9"><span class='ocrx_word' id='word_1_425' title='bbox 165 4986 459 5041; x_wconf 83' lang='lat' dir='ltr'><strong>secundum</strong></span> <span class='ocrx_word' id='word_1_426' title='bbox 487 4986 713 5050; x_wconf 85' lang='lat' dir='ltr'><strong>literam,</strong></span> <span class='ocrx_word' id='word_1_427' title='bbox 745 4986 954 5050; x_wconf 79' lang='lat' dir='ltr'><strong>fratres,</strong></span> <span class='ocrx_word' id='word_1_428' title='bbox 983 4987 1135 5041; x_wconf 89' lang='lat' dir='ltr'><strong>Pater</strong></span> <span class='ocrx_word' id='word_1_429' title='bbox 1154 4987 1293 5039; x_wconf 92' lang='lat' dir='ltr'><strong>misit</strong></span> <span class='ocrx_word' id='word_1_430' title='bbox 1314 4986 1499 5039; x_wconf 88' lang='lat' dir='ltr'><strong>Filium</strong></span> <span class='ocrx_word' id='word_1_431' title='bbox 1526 4989 1576 5040; x_wconf 92' lang='lat' dir='ltr'><strong>in</strong></span> <span class='ocrx_word' id='word_1_432' title='bbox 1596 5005 1747 5042; x_wconf 87' lang='lat' dir='ltr'><strong>mun-</strong></span> 
     </span>
    </p>
   </div>
   <div class='ocr_carea' id='block_1_53' title="bbox 165 5070 1745 5147">
    <p class='ocr_par' dir='ltr' id='par_1_53' title="bbox 165 5070 1745 5147">
     <span class='ocr_line' id='line_1_53' title="bbox 165 5070 1745 5147; baseline 0.001 -16"><span class='ocrx_word' id='word_1_433' title='bbox 165 5081 318 5143; x_wconf 91' lang='lat' dir='ltr'><strong>dum,</strong></span> <span class='ocrx_word' id='word_1_434' title='bbox 351 5070 520 5145; x_wconf 84' lang='lat' dir='ltr'><strong>palam</strong></span> <span class='ocrx_word' id='word_1_435' title='bbox 570 5087 652 5130; x_wconf 89' lang='lat' dir='ltr'><strong>est</strong></span> <span class='ocrx_word' id='word_1_436' title='bbox 694 5078 987 5131; x_wconf 89' lang='lat' dir='ltr'><strong>mittentem</strong></span> <span class='ocrx_word' id='word_1_437' title='bbox 1033 5093 1061 5130; x_wconf 93' lang='lat' dir='ltr'><strong>a</strong></span> <span class='ocrx_word' id='word_1_438' title='bbox 1114 5079 1275 5131; x_wconf 91' lang='lat' dir='ltr'><strong>misso</strong></span> <span class='ocrx_word' id='word_1_439' title='bbox 1306 5078 1590 5131; x_wconf 89' lang='lat' dir='ltr'><strong>secundum</strong></span> <span class='ocrx_word' id='word_1_440' title='bbox 1622 5094 1745 5147; x_wconf 87' lang='lat' dir='ltr'><strong>pro-</strong></span> 
     </span>
    </p>
   </div>
   <div class='ocr_carea' id='block_1_54' title="bbox 162 5167 1747 5241">
    <p class='ocr_par' dir='ltr' id='par_1_54' title="bbox 162 5167 1747 5241">
     <span class='ocr_line' id='line_1_54' title="bbox 162 5167 1747 5241; baseline 0 -19"><span class='ocrx_word' id='word_1_441' title='bbox 162 5172 339 5241; x_wconf 87' lang='lat' dir='ltr'><strong>priam</strong></span> <span class='ocrx_word' id='word_1_442' title='bbox 387 5167 666 5219; x_wconf 50' lang='lat' dir='ltr'><strong>stationem</strong></span> <span class='ocrx_word' id='word_1_443' title='bbox 715 5176 1013 5236; x_wconf 87' lang='lat' dir='ltr'><strong>separatum</strong></span> <span class='ocrx_word' id='word_1_444' title='bbox 1056 5183 1193 5222; x_wconf 89' lang='lat' dir='ltr'><strong>esse.</strong></span> <span class='ocrx_word' id='word_1_445' title='bbox 1238 5168 1367 5222; x_wconf 80' lang='lat' dir='ltr'><strong>Nam</strong></span> <span class='ocrx_word' id='word_1_446' title='bbox 1412 5170 1452 5220; x_wconf 91' lang='lat' dir='ltr'><strong>si</strong></span> <span class='ocrx_word' id='word_1_447' title='bbox 1484 5185 1599 5222; x_wconf 91' lang='lat' dir='ltr'><strong>cum</strong></span> <span class='ocrx_word' id='word_1_448' title='bbox 1634 5171 1747 5238; x_wconf 80' lang='lat' dir='ltr'><strong>ipso</strong></span> 
     </span>
    </p>
   </div>
   <div class='ocr_carea' id='block_1_55' title="bbox 165 5260 1742 5328">
    <p class='ocr_par' dir='ltr' id='par_1_55' title="bbox 165 5260 1742 5328">
     <span class='ocr_line' id='line_1_55' title="bbox 165 5260 1742 5328; baseline -0.002 -13"><span class='ocrx_word' id='word_1_449' title='bbox 165 5274 273 5325; x_wconf 76' lang='lat' dir='ltr'><strong>est,</strong></span> <span class='ocrx_word' id='word_1_450' title='bbox 312 5274 761 5328; x_wconf 75' lang='lat' dir='ltr'><strong>Supervacaneum</strong></span> <span class='ocrx_word' id='word_1_451' title='bbox 794 5269 873 5311; x_wconf 89' lang='lat' dir='ltr'><strong>est</strong></span> <span class='ocrx_word' id='word_1_452' title='bbox 915 5260 1059 5326; x_wconf 91' lang='lat' dir='ltr'><strong>illud,</strong></span> <span class='ocrx_word' id='word_1_453' title='bbox 1110 5260 1382 5314; x_wconf 83' lang='lat' dir='ltr'><strong>Misit:sin</strong></span> <span class='ocrx_word' id='word_1_454' title='bbox 1416 5276 1539 5314; x_wconf 88' lang='lat' dir='ltr'><strong>vero</strong></span> <span class='ocrx_word' id='word_1_455' title='bbox 1584 5261 1742 5325; x_wconf 91' lang='lat' dir='ltr'><strong>misit,</strong></span> 
     </span>
    </p>
   </div>
   <div class='ocr_carea' id='block_1_56' title="bbox 167 5353 1745 5421">
    <p class='ocr_par' dir='ltr' id='par_1_56' title="bbox 167 5353 1745 5421">
     <span class='ocr_line' id='line_1_56' title="bbox 167 5353 1745 5421; baseline -0.003 -12"><span class='ocrx_word' id='word_1_456' title='bbox 167 5368 390 5409; x_wconf 77' lang='lat' dir='ltr'><strong>necesse</strong></span> <span class='ocrx_word' id='word_1_457' title='bbox 416 5362 497 5406; x_wconf 88' lang='lat' dir='ltr'><strong>est</strong></span> <span class='ocrx_word' id='word_1_458' title='bbox 522 5363 821 5421; x_wconf 87' lang='lat' dir='ltr'><strong>separatum</strong></span> <span class='ocrx_word' id='word_1_459' title='bbox 850 5365 987 5415; x_wconf 89' lang='lat' dir='ltr'><strong>esse,</strong></span> <span class='ocrx_word' id='word_1_460' title='bbox 1018 5353 1058 5403; x_wconf 92' lang='lat' dir='ltr'><strong>si</strong></span> <span class='ocrx_word' id='word_1_461' title='bbox 1100 5353 1309 5421; x_wconf 88' lang='lat' dir='ltr'><strong>quidem</strong></span> <span class='ocrx_word' id='word_1_462' title='bbox 1343 5353 1485 5405; x_wconf 85' lang='lat' dir='ltr'><strong>verbi</strong></span> <span class='ocrx_word' id='word_1_463' title='bbox 1527 5354 1628 5405; x_wconf 90' lang='lat' dir='ltr'><strong>vim</strong></span> <span class='ocrx_word' id='word_1_464' title='bbox 1659 5367 1745 5405; x_wconf 87' lang='lat' dir='ltr'><strong>rc-</strong></span> 
     </span>
    </p>
   </div>
   <div class='ocr_carea' id='block_1_57' title="bbox 166 5442 1747 5514">
    <p class='ocr_par' dir='ltr' id='par_1_57' title="bbox 166 5442 1747 5514">
     <span class='ocr_line' id='line_1_57' title="bbox 166 5442 1747 5514; baseline -0.002 -16"><span class='ocrx_word' id='word_1_465' title='bbox 166 5446 381 5514; x_wconf 76' lang='lat' dir='ltr'><strong>Spieias.</strong></span> <span class='ocrx_word' id='word_1_466' title='bbox 431 5447 499 5496; x_wconf 82' lang='lat' dir='ltr'><strong>At</strong></span> <span class='ocrx_word' id='word_1_467' title='bbox 537 5458 863 5512; x_wconf 88' lang='lat' dir='ltr'><strong>nequaquam</strong></span> <span class='ocrx_word' id='word_1_468' title='bbox 889 5442 1153 5496; x_wconf 90' lang='lat' dir='ltr'><strong>serviliter</strong></span> <span class='ocrx_word' id='word_1_469' title='bbox 1195 5453 1403 5511; x_wconf 86' lang='lat' dir='ltr'><strong>oportet</strong></span> <span class='ocrx_word' id='word_1_470' title='bbox 1436 5444 1609 5497; x_wconf 85' lang='lat' dir='ltr'><strong>verbis</strong></span> <span class='ocrx_word' id='word_1_471' title='bbox 1640 5444 1747 5496; x_wconf 67' lang='lat' dir='ltr'><strong>lia--</strong></span> 
     </span>
    </p>
   </div>
   <div class='ocr_carea' id='block_1_58' title="bbox 170 5533 1748 5603">
    <p class='ocr_par' dir='ltr' id='par_1_58' title="bbox 170 5533 1748 5603">
     <span class='ocr_line' id='line_1_58' title="bbox 170 5533 1748 5603; baseline -0.003 -12"><span class='ocrx_word' id='word_1_472' title='bbox 170 5552 313 5600; x_wconf 87' lang='lat' dir='ltr'><strong>rere,</strong></span> <span class='ocrx_word' id='word_1_473' title='bbox 343 5535 433 5589; x_wconf 91' lang='lat' dir='ltr'><strong>sed</strong></span> <span class='ocrx_word' id='word_1_474' title='bbox 460 5550 577 5587; x_wconf 92' lang='lat' dir='ltr'><strong>cum</strong></span> <span class='ocrx_word' id='word_1_475' title='bbox 606 5535 705 5588; x_wconf 88' lang='lat' dir='ltr'><strong>lide</strong></span> <span class='ocrx_word' id='word_1_476' title='bbox 737 5533 1045 5602; x_wconf 88' lang='lat' dir='ltr'><strong>procedere.</strong></span> <span class='ocrx_word' id='word_1_477' title='bbox 1081 5534 1145 5587; x_wconf 85' lang='lat' dir='ltr'><strong>Et</strong></span> <span class='ocrx_word' id='word_1_478' title='bbox 1174 5536 1292 5603; x_wconf 89' lang='lat' dir='ltr'><strong>quis</strong></span> <span class='ocrx_word' id='word_1_479' title='bbox 1322 5535 1473 5588; x_wconf 89' lang='lat' dir='ltr'><strong>nobis</strong></span> <span class='ocrx_word' id='word_1_480' title='bbox 1502 5537 1748 5589; x_wconf 78' lang='lat' dir='ltr'><strong>testifica-</strong></span> 
     </span>
    </p>
   </div>
   <div class='ocr_carea' id='block_1_59' title="bbox 170 5623 1746 5693">
    <p class='ocr_par' dir='ltr' id='par_1_59' title="bbox 170 5623 1746 5693">
     <span class='ocr_line' id='line_1_59' title="bbox 170 5623 1746 5693; baseline -0.001 -12"><span class='ocrx_word' id='word_1_481' title='bbox 170 5628 337 5687; x_wconf 89' lang='lat' dir='ltr'><strong>bitur,</strong></span> <span class='ocrx_word' id='word_1_482' title='bbox 368 5640 511 5688; x_wconf 89' lang='lat' dir='ltr'><strong>eum,</strong></span> <span class='ocrx_word' id='word_1_483' title='bbox 540 5624 627 5693; x_wconf 91' lang='lat' dir='ltr'><strong>qui</strong></span> <span class='ocrx_word' id='word_1_484' title='bbox 652 5623 701 5677; x_wconf 92' lang='lat' dir='ltr'><strong>in</strong></span> <span class='ocrx_word' id='word_1_485' title='bbox 728 5634 865 5679; x_wconf 89' lang='lat' dir='ltr'><strong>terra</strong></span> <span class='ocrx_word' id='word_1_486' title='bbox 887 5624 1153 5692; x_wconf 87' lang='lat' dir='ltr'><strong>apparuit,</strong></span> <span class='ocrx_word' id='word_1_487' title='bbox 1179 5624 1339 5678; x_wconf 89' lang='lat' dir='ltr'><strong>etiam</strong></span> <span class='ocrx_word' id='word_1_488' title='bbox 1364 5627 1414 5678; x_wconf 91' lang='lat' dir='ltr'><strong>in</strong></span> <span class='ocrx_word' id='word_1_489' title='bbox 1445 5626 1589 5680; x_wconf 67' lang='lat' dir='ltr'><strong>caelis</strong></span> <span class='ocrx_word' id='word_1_490' title='bbox 1618 5625 1746 5680; x_wconf 87' lang='lat' dir='ltr'><strong>fuis-</strong></span> 
     </span>
    </p>
   </div>
   <div class='ocr_carea' id='block_1_60' title="bbox 170 5716 1744 5787">
    <p class='ocr_par' dir='ltr' id='par_1_60' title="bbox 170 5716 1744 5787">
     <span class='ocr_line' id='line_1_60' title="bbox 170 5716 1744 5787; baseline -0.002 -11"><span class='ocrx_word' id='word_1_491' title='bbox 170 5719 267 5776; x_wconf 81' lang='lat' dir='ltr'><strong>se?</strong></span> <span class='ocrx_word' id='word_1_492' title='bbox 294 5718 415 5787; x_wconf 80' lang='lat' dir='ltr'><strong>quis</strong></span> <span class='ocrx_word' id='word_1_493' title='bbox 441 5731 618 5774; x_wconf 81' lang='lat' dir='ltr'><strong>sermo</strong></span> <span class='ocrx_word' id='word_1_494' title='bbox 650 5716 1034 5783; x_wconf 76' lang='lat' dir='ltr'><strong>testiﬁcabitur,</strong></span> <span class='ocrx_word' id='word_1_495' title='bbox 1064 5733 1183 5772; x_wconf 88' lang='lat' dir='ltr'><strong>eum</strong></span> <span class='ocrx_word' id='word_1_496' title='bbox 1216 5733 1245 5772; x_wconf 88' lang='lat' dir='ltr'><strong>a</strong></span> <span class='ocrx_word' id='word_1_497' title='bbox 1274 5718 1427 5774; x_wconf 81' lang='lat' dir='ltr'><strong>l’atre</strong></span> <span class='ocrx_word' id='word_1_498' title='bbox 1467 5719 1682 5773; x_wconf 87' lang='lat' dir='ltr'><strong>missum</strong></span> <span class='ocrx_word' id='word_1_499' title='bbox 1715 5734 1744 5773; x_wconf 84' lang='lat' dir='ltr'><strong>a</strong></span> 
     </span>
    </p>
   </div>
   <div class='ocr_carea' id='block_1_61' title="bbox 1359 314 2160 374">
    <p class='ocr_par' dir='ltr' id='par_1_61' title="bbox 1359 314 2160 374">
     <span class='ocr_line' id='line_1_61' title="bbox 1359 314 2160 374; baseline 0.006 -5"><span class='ocrx_word' id='word_1_500' title='bbox 1359 314 1445 371; x_wconf 84' lang='lat' dir='ltr'><strong>DE</strong></span> <span class='ocrx_word' id='word_1_501' title='bbox 1483 314 1839 371; x_wconf 77' lang='lat' dir='ltr'><strong>SEBPENTE</strong></span> <span class='ocrx_word' id='word_1_502' title='bbox 1880 315 2160 374; x_wconf 76' lang='lat' dir='ltr'><strong>HOMILIA</strong></span> 
     </span>
    </p>
   </div>
   <div class='ocr_carea' id='block_1_62' title="bbox 1847 429 3384 501">
    <p class='ocr_par' dir='ltr' id='par_1_62' title="bbox 1847 429 3384 501">
     <span class='ocr_line' id='line_1_62' title="bbox 1847 429 3384 501; baseline 0.007 -18"><span class='ocrx_word' id='word_1_503' title='bbox 1847 429 2002 485; x_wconf 85' lang='lat' dir='ltr'><strong>Patre</strong></span> <span class='ocrx_word' id='word_1_504' title='bbox 2041 441 2342 501; x_wconf 86' lang='lat' dir='ltr'><strong>separatum</strong></span> <span class='ocrx_word' id='word_1_505' title='bbox 2370 447 2476 490; x_wconf 90' lang='lat' dir='ltr'><strong>non</strong></span> <span class='ocrx_word' id='word_1_506' title='bbox 2519 435 2719 491; x_wconf 82' lang='lat' dir='ltr'><strong>fuisse?</strong></span> <span class='ocrx_word' id='word_1_507' title='bbox 2746 436 2802 491; x_wconf 93' lang='lat' dir='ltr'><strong>Si</strong></span> <span class='ocrx_word' id='word_1_508' title='bbox 2832 437 3028 493; x_wconf 86' lang='lat' dir='ltr'><strong>missus</strong></span> <span class='ocrx_word' id='word_1_509' title='bbox 3056 446 3139 493; x_wconf 89' lang='lat' dir='ltr'><strong>est</strong></span> <span class='ocrx_word' id='word_1_510' title='bbox 3178 438 3231 493; x_wconf 91' lang='lat' dir='ltr'><strong>in</strong></span> <span class='ocrx_word' id='word_1_511' title='bbox 3259 455 3384 494; x_wconf 92' lang='lat' dir='ltr'><strong>mun</strong></span> 
     </span>
    </p>
   </div>
   <div class='ocr_carea' id='block_1_63' title="bbox 1842 521 3418 599">
    <p class='ocr_par' dir='ltr' id='par_1_63' title="bbox 1842 521 3418 599">
     <span class='ocr_line' id='line_1_63' title="bbox 1842 521 3418 599; baseline 0.007 -25"><span class='ocrx_word' id='word_1_512' title='bbox 1842 521 1991 587; x_wconf 90' lang='lat' dir='ltr'><strong>dum,</strong></span> <span class='ocrx_word' id='word_1_513' title='bbox 2023 533 2079 576; x_wconf 93' lang='lat' dir='ltr'><strong>ut</strong></span> <span class='ocrx_word' id='word_1_514' title='bbox 2106 525 2361 594; x_wconf 90' lang='lat' dir='ltr'><strong>scriptum</strong></span> <span class='ocrx_word' id='word_1_515' title='bbox 2385 535 2486 593; x_wconf 88' lang='lat' dir='ltr'><strong>est,</strong></span> <span class='ocrx_word' id='word_1_516' title='bbox 2520 527 2564 580; x_wconf 92' lang='lat' dir='ltr'><strong>si</strong></span> <span class='ocrx_word' id='word_1_517' title='bbox 2592 527 2681 597; x_wconf 91' lang='lat' dir='ltr'><strong>qui</strong></span> <span class='ocrx_word' id='word_1_518' title='bbox 2713 528 2858 583; x_wconf 91' lang='lat' dir='ltr'><strong>misit</strong></span> <span class='ocrx_word' id='word_1_519' title='bbox 2881 530 3097 585; x_wconf 86' lang='lat' dir='ltr'><strong>amisso</strong></span> <span class='ocrx_word' id='word_1_520' title='bbox 3118 542 3418 599; x_wconf 85' lang='lat' dir='ltr'><strong>separatur,</strong></span> 
     </span>
    </p>
   </div>
   <div class='ocr_carea' id='block_1_64' title="bbox 1842 614 3420 686">
    <p class='ocr_par' dir='ltr' id='par_1_64' title="bbox 1842 614 3420 686">
     <span class='ocr_line' id='line_1_64' title="bbox 1842 614 3420 686; baseline 0.007 -23"><span class='ocrx_word' id='word_1_521' title='bbox 1842 614 2110 680; x_wconf 86' lang='lat' dir='ltr'><strong>quomodo</strong></span> <span class='ocrx_word' id='word_1_522' title='bbox 2135 615 2363 681; x_wconf 90' lang='lat' dir='ltr'><strong>dicebat,</strong></span> <span class='ocrx_word' id='word_1_523' title='bbox 2402 615 2512 686; x_wconf 87' lang='lat' dir='ltr'><strong>Ego</strong></span> <span class='ocrx_word' id='word_1_524' title='bbox 2550 617 2604 669; x_wconf 89' lang='lat' dir='ltr'><strong>in</strong></span> <span class='ocrx_word' id='word_1_525' title='bbox 2632 616 2809 684; x_wconf 83' lang='lat' dir='ltr'><strong>Patre,</strong></span> <span class='ocrx_word' id='word_1_526' title='bbox 2854 628 2901 673; x_wconf 86' lang='lat' dir='ltr'><strong>et</strong></span> <span class='ocrx_word' id='word_1_527' title='bbox 2938 618 3097 672; x_wconf 82' lang='lat' dir='ltr'><strong>Pater</strong></span> <span class='ocrx_word' id='word_1_528' title='bbox 3136 621 3189 674; x_wconf 90' lang='lat' dir='ltr'><strong>in</strong></span> <span class='ocrx_word' id='word_1_529' title='bbox 3217 622 3332 674; x_wconf 79' lang='lat' dir='ltr'><strong>me?</strong></span> <span class='ocrx_word' id='word_1_530' title='bbox 3356 636 3420 675; x_wconf 88' lang='lat' dir='ltr'><strong>ac</strong></span> 
     </span>
    </p>
   </div>
   <div class='ocr_carea' id='block_1_65' title="bbox 1846 706 3420 777">
    <p class='ocr_par' dir='ltr' id='par_1_65' title="bbox 1846 706 3420 777">
     <span class='ocr_line' id='line_1_65' title="bbox 1846 706 3420 777; baseline 0.008 -24"><span class='ocrx_word' id='word_1_531' title='bbox 1846 717 2028 757; x_wconf 91' lang='lat' dir='ltr'><strong>rursus</strong></span> <span class='ocrx_word' id='word_1_532' title='bbox 2072 706 2338 773; x_wconf 88' lang='lat' dir='ltr'><strong>quomodo</strong></span> <span class='ocrx_word' id='word_1_533' title='bbox 2366 706 2593 773; x_wconf 90' lang='lat' dir='ltr'><strong>dicebat,</strong></span> <span class='ocrx_word' id='word_1_534' title='bbox 2629 706 2695 760; x_wconf 85' lang='lat' dir='ltr'><strong>Et</strong></span> <span class='ocrx_word' id='word_1_535' title='bbox 2722 710 2807 776; x_wconf 83' lang='lat' dir='ltr'><strong>qui</strong></span> <span class='ocrx_word' id='word_1_536' title='bbox 2834 710 2968 763; x_wconf 80' lang='lat' dir='ltr'><strong>misit</strong></span> <span class='ocrx_word' id='word_1_537' title='bbox 2998 728 3075 765; x_wconf 84' lang='lat' dir='ltr'><strong>me</strong></span> <span class='ocrx_word' id='word_1_538' title='bbox 3100 710 3275 777; x_wconf 87' lang='lat' dir='ltr'><strong>Pater,</strong></span> <span class='ocrx_word' id='word_1_539' title='bbox 3311 728 3420 765; x_wconf 82' lang='lat' dir='ltr'><strong>me-</strong></span> 
     </span>
    </p>
   </div>
   <div class='ocr_carea' id='block_1_66' title="bbox 1843 794 3410 869">
    <p class='ocr_par' dir='ltr' id='par_1_66' title="bbox 1843 794 3410 869">
     <span class='ocr_line' id='line_1_66' title="bbox 1843 794 3410 869; baseline 0.008 -23"><span class='ocrx_word' id='word_1_540' title='bbox 1843 811 1955 846; x_wconf 88' lang='lat' dir='ltr'><strong>cum</strong></span> <span class='ocrx_word' id='word_1_541' title='bbox 1979 806 2049 847; x_wconf 86' lang='lat' dir='ltr'><strong>est</strong></span> <span class='ocrx_word' id='word_1_542' title='bbox 2080 794 2255 865; x_wconf 80' lang='lat' dir='ltr'><strong>(Joan.</strong></span> <span class='ocrx_word' id='word_1_543' title='bbox 2290 798 2376 851; x_wconf 74' lang='grc' dir='ltr'><strong>Η.</strong></span> <span class='ocrx_word' id='word_1_544' title='bbox 2411 799 2497 852; x_wconf 78' lang='grc' dir='ltr'><strong>Η.</strong></span> <span class='ocrx_word' id='word_1_545' title='bbox 2527 809 2572 851; x_wconf 88' lang='lat' dir='ltr'><strong>et</strong></span> <span class='ocrx_word' id='word_1_546' title='bbox 2600 799 2651 853; x_wconf 89' lang='lat'><strong>8.</strong></span> <span class='ocrx_word' id='word_1_547' title='bbox 2684 800 2808 869; x_wconf 75' lang='lat'><strong>16)?</strong></span> <span class='ocrx_word' id='word_1_548' title='bbox 2842 800 2998 855; x_wconf 86' lang='lat' dir='ltr'><strong>Vides</strong></span> <span class='ocrx_word' id='word_1_549' title='bbox 3034 813 3273 857; x_wconf 85' lang='lat' dir='ltr'><strong>naturam</strong></span> <span class='ocrx_word' id='word_1_550' title='bbox 3306 819 3410 859; x_wconf 91' lang='lat' dir='ltr'><strong>non</strong></span> 
     </span>
    </p>
   </div>
   <div class='ocr_carea' id='block_1_67' title="bbox 1844 887 3421 953">
    <p class='ocr_par' dir='ltr' id='par_1_67' title="bbox 1844 887 3421 953">
     <span class='ocr_line' id='line_1_67' title="bbox 1844 887 3421 953; baseline 0.008 -16"><span class='ocrx_word' id='word_1_551' title='bbox 1844 887 2111 953; x_wconf 82' lang='lat' dir='ltr'><strong>separari:</strong></span> <span class='ocrx_word' id='word_1_552' title='bbox 2144 890 2439 943; x_wconf 69' lang='lat' dir='ltr'><strong>meonomia</strong></span> <span class='ocrx_word' id='word_1_553' title='bbox 2471 900 2645 943; x_wconf 92' lang='lat' dir='ltr'><strong>autem</strong></span> <span class='ocrx_word' id='word_1_554' title='bbox 2673 891 2786 945; x_wconf 88' lang='lat' dir='ltr'><strong>sive</strong></span> <span class='ocrx_word' id='word_1_555' title='bbox 2819 892 3111 948; x_wconf 91' lang='lat' dir='ltr'><strong>incarnatio</strong></span> <span class='ocrx_word' id='word_1_556' title='bbox 3150 895 3421 950; x_wconf 82' lang='lat' dir='ltr'><strong>missionis</strong></span> 
     </span>
    </p>
   </div>
   <div class='ocr_carea' id='block_1_68' title="bbox 1844 979 3420 1053">
    <p class='ocr_par' dir='ltr' id='par_1_68' title="bbox 1844 979 3420 1053">
     <span class='ocr_line' id='line_1_68' title="bbox 1844 979 3420 1053; baseline 0.008 -23"><span class='ocrx_word' id='word_1_557' title='bbox 1844 979 2074 1046; x_wconf 88' lang='lat' dir='ltr'><strong>speciem</strong></span> <span class='ocrx_word' id='word_1_558' title='bbox 2119 981 2372 1035; x_wconf 89' lang='lat' dir='ltr'><strong>ostendit.</strong></span> <span class='ocrx_word' id='word_1_559' title='bbox 2416 982 2552 1048; x_wconf 90' lang='lat' dir='ltr'><strong>Quid</strong></span> <span class='ocrx_word' id='word_1_560' title='bbox 2592 998 2718 1052; x_wconf 89' lang='lat' dir='ltr'><strong>ergo</strong></span> <span class='ocrx_word' id='word_1_561' title='bbox 2752 984 2851 1038; x_wconf 85' lang='lat' dir='ltr'><strong>sibi</strong></span> <span class='ocrx_word' id='word_1_562' title='bbox 2880 986 2990 1039; x_wconf 91' lang='lat' dir='ltr'><strong>vult</strong></span> <span class='ocrx_word' id='word_1_563' title='bbox 3015 986 3162 1053; x_wconf 91' lang='lat' dir='ltr'><strong>illud,</strong></span> <span class='ocrx_word' id='word_1_564' title='bbox 3192 988 3420 1042; x_wconf 85' lang='lat' dir='ltr'><strong>Ascendo</strong></span> 
     </span>
    </p>
   </div>
   <div class='ocr_carea' id='block_1_69' title="bbox 1844 1069 3421 1147">
    <p class='ocr_par' dir='ltr' id='par_1_69' title="bbox 1844 1069 3421 1147">
     <span class='ocr_line' id='line_1_69' title="bbox 1844 1069 3421 1147; baseline 0.008 -27"><span class='ocrx_word' id='word_1_565' title='bbox 1844 1070 1911 1121; x_wconf 79' lang='lat' dir='ltr'><strong>ad</strong></span> <span class='ocrx_word' id='word_1_566' title='bbox 1957 1069 2162 1124; x_wconf 84' lang='lat' dir='ltr'><strong>Patrem</strong></span> <span class='ocrx_word' id='word_1_567' title='bbox 2204 1089 2368 1125; x_wconf 81' lang='lat' dir='ltr'><strong>meum</strong></span> <span class='ocrx_word' id='word_1_568' title='bbox 2398 1073 2575 1143; x_wconf 85' lang='lat' dir='ltr'><strong>(Joan.</strong></span> <span class='ocrx_word' id='word_1_569' title='bbox 2608 1075 2697 1129; x_wconf 79' lang='lat'><strong>9.0.</strong></span> <span class='ocrx_word' id='word_1_570' title='bbox 2740 1074 2869 1145; x_wconf 69' lang='lat'><strong>17)?</strong></span> <span class='ocrx_word' id='word_1_571' title='bbox 2895 1076 2947 1131; x_wconf 90' lang='lat' dir='ltr'><strong>Si</strong></span> <span class='ocrx_word' id='word_1_572' title='bbox 2976 1092 3093 1131; x_wconf 91' lang='lat' dir='ltr'><strong>cum</strong></span> <span class='ocrx_word' id='word_1_573' title='bbox 3127 1078 3240 1147; x_wconf 91' lang='lat' dir='ltr'><strong>ipso</strong></span> <span class='ocrx_word' id='word_1_574' title='bbox 3266 1078 3421 1133; x_wconf 80' lang='lat' dir='ltr'><strong>Pater</strong></span> 
     </span>
    </p>
   </div>
   <div class='ocr_carea' id='block_1_70' title="bbox 1843 1162 3420 1225">
    <p class='ocr_par' dir='ltr' id='par_1_70' title="bbox 1843 1162 3420 1225">
     <span class='ocr_line' id='line_1_70' title="bbox 1843 1162 3420 1225; baseline 0.005 -12"><span class='ocrx_word' id='word_1_575' title='bbox 1843 1168 1944 1225; x_wconf 91' lang='lat' dir='ltr'><strong>est,</strong></span> <span class='ocrx_word' id='word_1_576' title='bbox 1972 1175 2065 1213; x_wconf 92' lang='lat' dir='ltr'><strong>cur</strong></span> <span class='ocrx_word' id='word_1_577' title='bbox 2081 1162 2350 1216; x_wconf 88' lang='lat' dir='ltr'><strong>ascendit?</strong></span> <span class='ocrx_word' id='word_1_578' title='bbox 2380 1165 2632 1219; x_wconf 83' lang='lat' dir='ltr'><strong>Ascensio</strong></span> <span class='ocrx_word' id='word_1_579' title='bbox 2650 1165 2736 1219; x_wconf 93' lang='lat' dir='ltr'><strong>illa</strong></span> <span class='ocrx_word' id='word_1_580' title='bbox 2756 1165 3036 1222; x_wconf 90' lang='lat' dir='ltr'><strong>humanam</strong></span> <span class='ocrx_word' id='word_1_581' title='bbox 3058 1168 3256 1223; x_wconf 85' lang='lat' dir='ltr'><strong>Christi</strong></span> <span class='ocrx_word' id='word_1_582' title='bbox 3276 1186 3420 1224; x_wconf 82' lang='lat' dir='ltr'><strong>oeco-</strong></span> 
     </span>
    </p>
   </div>
   <div class='ocr_carea' id='block_1_71' title="bbox 1845 1252 3419 1330">
    <p class='ocr_par' dir='ltr' id='par_1_71' title="bbox 1845 1252 3419 1330">
     <span class='ocr_line' id='line_1_71' title="bbox 1845 1252 3419 1330; baseline 0.009 -27"><span class='ocrx_word' id='word_1_583' title='bbox 1845 1252 2074 1305; x_wconf 89' lang='lat' dir='ltr'><strong>nomiam</strong></span> <span class='ocrx_word' id='word_1_584' title='bbox 2116 1253 2514 1323; x_wconf 77' lang='lat' dir='ltr'><strong>interpretatur,</strong></span> <span class='ocrx_word' id='word_1_585' title='bbox 2561 1258 2801 1326; x_wconf 89' lang='lat' dir='ltr'><strong>corporis</strong></span> <span class='ocrx_word' id='word_1_586' title='bbox 2845 1261 3281 1330; x_wconf 88' lang='lat' dir='ltr'><strong>assumptionem,</strong></span> <span class='ocrx_word' id='word_1_587' title='bbox 3315 1278 3419 1317; x_wconf 91' lang='lat' dir='ltr'><strong>non</strong></span> 
     </span>
    </p>
   </div>
   <div class='ocr_carea' id='block_1_72' title="bbox 1844 1344 3423 1414">
    <p class='ocr_par' dir='ltr' id='par_1_72' title="bbox 1844 1344 3423 1414">
     <span class='ocr_line' id='line_1_72' title="bbox 1844 1344 3423 1414; baseline 0.007 -20"><span class='ocrx_word' id='word_1_588' title='bbox 1844 1344 2229 1410; x_wconf 76' lang='lat' dir='ltr'><strong>separationem</strong></span> <span class='ocrx_word' id='word_1_589' title='bbox 2269 1360 2297 1397; x_wconf 91' lang='lat' dir='ltr'><strong>a</strong></span> <span class='ocrx_word' id='word_1_590' title='bbox 2337 1345 2627 1401; x_wconf 90' lang='lat' dir='ltr'><strong>divinitate.</strong></span> <span class='ocrx_word' id='word_1_591' title='bbox 2663 1348 2825 1403; x_wconf 79' lang='lat' dir='ltr'><strong>Visne</strong></span> <span class='ocrx_word' id='word_1_592' title='bbox 2866 1348 3092 1414; x_wconf 90' lang='lat' dir='ltr'><strong>discere,</strong></span> <span class='ocrx_word' id='word_1_593' title='bbox 3136 1366 3255 1405; x_wconf 92' lang='lat' dir='ltr'><strong>eum</strong></span> <span class='ocrx_word' id='word_1_594' title='bbox 3286 1358 3423 1405; x_wconf 80' lang='lat' dir='ltr'><strong>slent</strong></span> 
     </span>
    </p>
   </div>
   <div class='ocr_carea' id='block_1_73' title="bbox 1844 1436 3418 1512">
    <p class='ocr_par' dir='ltr' id='par_1_73' title="bbox 1844 1436 3418 1512">
     <span class='ocr_line' id='line_1_73' title="bbox 1844 1436 3418 1512; baseline 0.006 -26"><span class='ocrx_word' id='word_1_595' title='bbox 1844 1450 1963 1487; x_wconf 91' lang='lat' dir='ltr'><strong>cum</strong></span> <span class='ocrx_word' id='word_1_596' title='bbox 1994 1436 2045 1488; x_wconf 91' lang='lat' dir='ltr'><strong>in</strong></span> <span class='ocrx_word' id='word_1_597' title='bbox 2076 1445 2271 1490; x_wconf 91' lang='lat' dir='ltr'><strong>terram</strong></span> <span class='ocrx_word' id='word_1_598' title='bbox 2298 1439 2459 1500; x_wconf 88' lang='lat' dir='ltr'><strong>venit,</strong></span> <span class='ocrx_word' id='word_1_599' title='bbox 2482 1438 2643 1492; x_wconf 63' lang='lat' dir='ltr'><strong>caelos</strong></span> <span class='ocrx_word' id='word_1_600' title='bbox 2672 1454 2773 1493; x_wconf 92' lang='lat' dir='ltr'><strong>non</strong></span> <span class='ocrx_word' id='word_1_601' title='bbox 2804 1440 3036 1510; x_wconf 90' lang='lat' dir='ltr'><strong>reliquit,</strong></span> <span class='ocrx_word' id='word_1_602' title='bbox 3070 1458 3243 1512; x_wconf 91' lang='lat' dir='ltr'><strong>neque</strong></span> <span class='ocrx_word' id='word_1_603' title='bbox 3264 1460 3293 1496; x_wconf 89' lang='lat' dir='ltr'><strong>a</strong></span> <span class='ocrx_word' id='word_1_604' title='bbox 3318 1444 3418 1497; x_wconf 83' lang='lat' dir='ltr'><strong>Pa-</strong></span> 
     </span>
    </p>
   </div>
   <div class='ocr_carea' id='block_1_74' title="bbox 1846 1528 3422 1603">
    <p class='ocr_par' dir='ltr' id='par_1_74' title="bbox 1846 1528 3422 1603">
     <span class='ocr_line' id='line_1_74' title="bbox 1846 1528 3422 1603; baseline 0.007 -27"><span class='ocrx_word' id='word_1_605' title='bbox 1846 1533 1924 1577; x_wconf 92' lang='lat' dir='ltr'><strong>tre</strong></span> <span class='ocrx_word' id='word_1_606' title='bbox 1950 1536 2221 1593; x_wconf 83' lang='lat' dir='ltr'><strong>separatus</strong></span> <span class='ocrx_word' id='word_1_607' title='bbox 2250 1535 2353 1592; x_wconf 92' lang='lat' dir='ltr'><strong>est,</strong></span> <span class='ocrx_word' id='word_1_608' title='bbox 2384 1528 2461 1582; x_wconf 91' lang='lat' dir='ltr'><strong>sic</strong></span> <span class='ocrx_word' id='word_1_609' title='bbox 2490 1529 2671 1593; x_wconf 92' lang='lat' dir='ltr'><strong>etiam,</strong></span> <span class='ocrx_word' id='word_1_610' title='bbox 2701 1544 2821 1583; x_wconf 91' lang='lat' dir='ltr'><strong>cum</strong></span> <span class='ocrx_word' id='word_1_611' title='bbox 2854 1531 2904 1583; x_wconf 92' lang='lat' dir='ltr'><strong>in</strong></span> <span class='ocrx_word' id='word_1_612' title='bbox 2932 1532 3090 1586; x_wconf 75' lang='lat' dir='ltr'><strong>cados</strong></span> <span class='ocrx_word' id='word_1_613' title='bbox 3119 1545 3422 1603; x_wconf 87' lang='lat' dir='ltr'><strong>assumptus</strong></span> 
     </span>
    </p>
   </div>
   <div class='ocr_carea' id='block_1_75' title="bbox 1843 1618 3417 1691">
    <p class='ocr_par' dir='ltr' id='par_1_75' title="bbox 1843 1618 3417 1691">
     <span class='ocr_line' id='line_1_75' title="bbox 1843 1618 3417 1691; baseline 0.008 -26"><span class='ocrx_word' id='word_1_614' title='bbox 1843 1625 1943 1675; x_wconf 82' lang='lat' dir='ltr'><strong>est,</strong></span> <span class='ocrx_word' id='word_1_615' title='bbox 1978 1625 2171 1669; x_wconf 92' lang='lat' dir='ltr'><strong>terram</strong></span> <span class='ocrx_word' id='word_1_616' title='bbox 2207 1632 2311 1670; x_wconf 92' lang='lat' dir='ltr'><strong>non</strong></span> <span class='ocrx_word' id='word_1_617' title='bbox 2345 1618 2663 1687; x_wconf 90' lang='lat' dir='ltr'><strong>reliquisse?</strong></span> <span class='ocrx_word' id='word_1_618' title='bbox 2686 1618 2785 1686; x_wconf 91' lang='lat' dir='ltr'><strong>Qui</strong></span> <span class='ocrx_word' id='word_1_619' title='bbox 2825 1620 2961 1675; x_wconf 87' lang='lat' dir='ltr'><strong>dixit</strong></span> <span class='ocrx_word' id='word_1_620' title='bbox 2988 1622 3261 1691; x_wconf 88' lang='lat' dir='ltr'><strong>discipulis</strong></span> <span class='ocrx_word' id='word_1_621' title='bbox 3287 1625 3417 1688; x_wconf 82' lang='lat' dir='ltr'><strong>suis,</strong></span> 
     </span>
    </p>
   </div>
   <div class='ocr_carea' id='block_1_76' title="bbox 1848 1706 3423 1776">
    <p class='ocr_par' dir='ltr' id='par_1_76' title="bbox 1848 1706 3423 1776">
     <span class='ocr_line' id='line_1_76' title="bbox 1848 1706 3423 1776; baseline 0.005 -18"><span class='ocrx_word' id='word_1_622' title='bbox 1848 1706 1910 1759; x_wconf 62' lang='lat' dir='ltr'><strong>lit</strong></span> <span class='ocrx_word' id='word_1_623' title='bbox 1938 1724 2047 1759; x_wconf 80' lang='lat' dir='ltr'><strong>cccc</strong></span> <span class='ocrx_word' id='word_1_624' title='bbox 2072 1724 2160 1776; x_wconf 85' lang='lat' dir='ltr'><strong>ego</strong></span> <span class='ocrx_word' id='word_1_625' title='bbox 2188 1708 2435 1762; x_wconf 71' lang='lat' dir='ltr'><strong>vobiscum</strong></span> <span class='ocrx_word' id='word_1_626' title='bbox 2464 1727 2594 1773; x_wconf 89' lang='lat' dir='ltr'><strong>sum,</strong></span> <span class='ocrx_word' id='word_1_627' title='bbox 2628 1710 2741 1776; x_wconf 85' lang='lat' dir='ltr'><strong>sed,</strong></span> <span class='ocrx_word' id='word_1_628' title='bbox 2770 1714 3002 1775; x_wconf 83' lang='lat' dir='ltr'><strong>ascendo,</strong></span> <span class='ocrx_word' id='word_1_629' title='bbox 3035 1714 3173 1768; x_wconf 89' lang='lat' dir='ltr'><strong>unde</strong></span> <span class='ocrx_word' id='word_1_630' title='bbox 3202 1714 3423 1767; x_wconf 84' lang='lat' dir='ltr'><strong>descen-</strong></span> 
     </span>
    </p>
   </div>
   <div class='ocr_carea' id='block_1_77' title="bbox 1843 1798 3422 1874">
    <p class='ocr_par' dir='ltr' id='par_1_77' title="bbox 1843 1798 3422 1874">
     <span class='ocr_line' id='line_1_77' title="bbox 1843 1798 3422 1874; baseline 0.004 -24"><span class='ocrx_word' id='word_1_631' title='bbox 1843 1798 1917 1861; x_wconf 90' lang='lat' dir='ltr'><strong>di,</strong></span> <span class='ocrx_word' id='word_1_632' title='bbox 1950 1800 2016 1851; x_wconf 81' lang='lat' dir='ltr'><strong>ud</strong></span> <span class='ocrx_word' id='word_1_633' title='bbox 2048 1798 2250 1853; x_wconf 85' lang='lat' dir='ltr'><strong>Patrem</strong></span> <span class='ocrx_word' id='word_1_634' title='bbox 2276 1817 2479 1853; x_wconf 88' lang='lat' dir='ltr'><strong>meum:</strong></span> <span class='ocrx_word' id='word_1_635' title='bbox 2509 1802 2645 1855; x_wconf 89' lang='lat' dir='ltr'><strong>idem</strong></span> <span class='ocrx_word' id='word_1_636' title='bbox 2692 1802 2805 1871; x_wconf 90' lang='lat' dir='ltr'><strong>ipse</strong></span> <span class='ocrx_word' id='word_1_637' title='bbox 2830 1802 2904 1856; x_wconf 89' lang='lat' dir='ltr'><strong>ait</strong></span> <span class='ocrx_word' id='word_1_638' title='bbox 2933 1803 3057 1867; x_wconf 86' lang='lat' dir='ltr'><strong>illis,</strong></span> <span class='ocrx_word' id='word_1_639' title='bbox 3108 1803 3173 1856; x_wconf 79' lang='lat' dir='ltr'><strong>Et</strong></span> <span class='ocrx_word' id='word_1_640' title='bbox 3200 1820 3309 1857; x_wconf 80' lang='lat' dir='ltr'><strong>cccc</strong></span> <span class='ocrx_word' id='word_1_641' title='bbox 3332 1821 3422 1874; x_wconf 87' lang='lat' dir='ltr'><strong>ego</strong></span> 
     </span>
    </p>
   </div>
   <div class='ocr_carea' id='block_1_78' title="bbox 1844 1888 3422 1962">
    <p class='ocr_par' dir='ltr' id='par_1_78' title="bbox 1844 1888 3422 1962">
     <span class='ocr_line' id='line_1_78' title="bbox 1844 1888 3422 1962; baseline 0.004 -23"><span class='ocrx_word' id='word_1_642' title='bbox 1844 1888 2090 1941; x_wconf 76' lang='lat' dir='ltr'><strong>vobiscum</strong></span> <span class='ocrx_word' id='word_1_643' title='bbox 2116 1907 2223 1943; x_wconf 88' lang='lat' dir='ltr'><strong>sum</strong></span> <span class='ocrx_word' id='word_1_644' title='bbox 2251 1892 2477 1944; x_wconf 87' lang='lat' dir='ltr'><strong>omnibus</strong></span> <span class='ocrx_word' id='word_1_645' title='bbox 2504 1892 2675 1945; x_wconf 84' lang='lat' dir='ltr'><strong>diebus</strong></span> <span class='ocrx_word' id='word_1_646' title='bbox 2698 1909 2853 1962; x_wconf 83' lang='lat' dir='ltr'><strong>usque</strong></span> <span class='ocrx_word' id='word_1_647' title='bbox 2868 1893 2934 1946; x_wconf 86' lang='lat' dir='ltr'><strong>ad</strong></span> <span class='ocrx_word' id='word_1_648' title='bbox 2950 1896 3422 1948; x_wconf 80' lang='lat' dir='ltr'><strong>consummationem</strong></span> 
     </span>
    </p>
   </div>
   <div class='ocr_carea' id='block_1_79' title="bbox 1844 1982 3422 2057">
    <p class='ocr_par' dir='ltr' id='par_1_79' title="bbox 1844 1982 3422 2057">
     <span class='ocr_line' id='line_1_79' title="bbox 1844 1982 3422 2057; baseline 0.004 -25"><span class='ocrx_word' id='word_1_649' title='bbox 1844 1982 2017 2034; x_wconf 48' lang='lat' dir='ltr'><strong>s&#39;t&#39;culi</strong></span> <span class='ocrx_word' id='word_1_650' title='bbox 2049 1983 2258 2053; x_wconf 80' lang='lat' dir='ltr'><strong>(Matth.</strong></span> <span class='ocrx_word' id='word_1_651' title='bbox 2292 1984 2382 2038; x_wconf 76' lang='lat'><strong>9.8.</strong></span> <span class='ocrx_word' id='word_1_652' title='bbox 2410 1985 2524 2055; x_wconf 66' lang='lat'><strong>20).</strong></span> <span class='ocrx_word' id='word_1_653' title='bbox 2569 1985 2700 2039; x_wconf 87' lang='lat' dir='ltr'><strong>Illud</strong></span> <span class='ocrx_word' id='word_1_654' title='bbox 2731 1987 2907 2055; x_wconf 77' lang='lat' dir='ltr'><strong>igitur,</strong></span> <span class='ocrx_word' id='word_1_655' title='bbox 2944 1986 3011 2041; x_wconf 86' lang='lat' dir='ltr'><strong>Ut</strong></span> <span class='ocrx_word' id='word_1_656' title='bbox 3049 1997 3350 2057; x_wconf 75' lang='lat' dir='ltr'><strong>cognoscant</strong></span> <span class='ocrx_word' id='word_1_657' title='bbox 3378 1997 3422 2039; x_wconf 84' lang='lat' dir='ltr'><strong>te</strong></span> 
     </span>
    </p>
   </div>
   <div class='ocr_carea' id='block_1_80' title="bbox 1844 2074 3417 2144">
    <p class='ocr_par' dir='ltr' id='par_1_80' title="bbox 1844 2074 3417 2144">
     <span class='ocr_line' id='line_1_80' title="bbox 1844 2074 3417 2144; baseline 0.001 -20"><span class='ocrx_word' id='word_1_658' title='bbox 1844 2074 2005 2126; x_wconf 87' lang='lat' dir='ltr'><strong>solum</strong></span> <span class='ocrx_word' id='word_1_659' title='bbox 2031 2090 2197 2126; x_wconf 85' lang='lat' dir='ltr'><strong>verum</strong></span> <span class='ocrx_word' id='word_1_660' title='bbox 2226 2075 2408 2141; x_wconf 86' lang='lat' dir='ltr'><strong>Deum,</strong></span> <span class='ocrx_word' id='word_1_661' title='bbox 2451 2086 2497 2128; x_wconf 87' lang='lat' dir='ltr'><strong>et</strong></span> <span class='ocrx_word' id='word_1_662' title='bbox 2534 2093 2679 2144; x_wconf 88' lang='lat' dir='ltr'><strong>quem</strong></span> <span class='ocrx_word' id='word_1_663' title='bbox 2707 2077 2889 2129; x_wconf 84' lang='lat' dir='ltr'><strong>misisti</strong></span> <span class='ocrx_word' id='word_1_664' title='bbox 2927 2076 3103 2129; x_wconf 84' lang='lat' dir='ltr'><strong>Jesum</strong></span> <span class='ocrx_word' id='word_1_665' title='bbox 3146 2077 3417 2142; x_wconf 74' lang='lat' dir='ltr'><strong>Christum,</strong></span> 
     </span>
    </p>
   </div>
   <div class='ocr_carea' id='block_1_81' title="bbox 1845 2166 3419 2244">
    <p class='ocr_par' dir='ltr' id='par_1_81' title="bbox 1845 2166 3419 2244">
     <span class='ocr_line' id='line_1_81' title="bbox 1845 2166 3419 2244; baseline 0.004 -27"><span class='ocrx_word' id='word_1_666' title='bbox 1845 2180 2059 2220; x_wconf 80' lang='lat' dir='ltr'><strong>sensum</strong></span> <span class='ocrx_word' id='word_1_667' title='bbox 2090 2166 2247 2220; x_wconf 86' lang='lat' dir='ltr'><strong>habet</strong></span> <span class='ocrx_word' id='word_1_668' title='bbox 2274 2166 2559 2236; x_wconf 89' lang='lat' dir='ltr'><strong>duplicem,</strong></span> <span class='ocrx_word' id='word_1_669' title='bbox 2589 2168 2959 2244; x_wconf 76' lang='lat' dir='ltr'><strong>duplicemque</strong></span> <span class='ocrx_word' id='word_1_670' title='bbox 2987 2168 3251 2237; x_wconf 88' lang='lat' dir='ltr'><strong>gladium:</strong></span> <span class='ocrx_word' id='word_1_671' title='bbox 3277 2168 3419 2223; x_wconf 89' lang='lat' dir='ltr'><strong>aliud</strong></span> 
     </span>
    </p>
   </div>
   <div class='ocr_carea' id='block_1_82' title="bbox 1845 2258 3417 2324">
    <p class='ocr_par' dir='ltr' id='par_1_82' title="bbox 1845 2258 3417 2324">
     <span class='ocr_line' id='line_1_82' title="bbox 1845 2258 3417 2324; baseline 0.003 -17"><span class='ocrx_word' id='word_1_672' title='bbox 1845 2268 2028 2309; x_wconf 88' lang='lat' dir='ltr'><strong>contra</strong></span> <span class='ocrx_word' id='word_1_673' title='bbox 2073 2258 2422 2311; x_wconf 86' lang='lat' dir='ltr'><strong>idololatriam</strong></span> <span class='ocrx_word' id='word_1_674' title='bbox 2452 2267 2736 2324; x_wconf 85' lang='lat' dir='ltr'><strong>armatum,</strong></span> <span class='ocrx_word' id='word_1_675' title='bbox 2767 2258 2914 2311; x_wconf 86' lang='lat' dir='ltr'><strong>aliud</strong></span> <span class='ocrx_word' id='word_1_676' title='bbox 2936 2268 3119 2313; x_wconf 89' lang='lat' dir='ltr'><strong>contra</strong></span> <span class='ocrx_word' id='word_1_677' title='bbox 3144 2258 3417 2313; x_wconf 82' lang='lat' dir='ltr'><strong>Judaicam</strong></span> 
     </span>
    </p>
   </div>
   <div class='ocr_carea' id='block_1_83' title="bbox 1846 2347 3418 2417">
    <p class='ocr_par' dir='ltr' id='par_1_83' title="bbox 1846 2347 3418 2417">
     <span class='ocr_line' id='line_1_83' title="bbox 1846 2347 3418 2417; baseline 0.002 -18"><span class='ocrx_word' id='word_1_678' title='bbox 1846 2347 2269 2401; x_wconf 88' lang='lat' dir='ltr'><strong>incredulitatem</strong></span> <span class='ocrx_word' id='word_1_679' title='bbox 2294 2357 2674 2417; x_wconf 89' lang='lat' dir='ltr'><strong>comparatum.</strong></span> <span class='ocrx_word' id='word_1_680' title='bbox 2695 2348 2874 2402; x_wconf 87' lang='lat' dir='ltr'><strong>Solum</strong></span> <span class='ocrx_word' id='word_1_681' title='bbox 2893 2350 3032 2403; x_wconf 91' lang='lat' dir='ltr'><strong>enim</strong></span> <span class='ocrx_word' id='word_1_682' title='bbox 3060 2364 3239 2403; x_wconf 84' lang='lat' dir='ltr'><strong>verum</strong></span> <span class='ocrx_word' id='word_1_683' title='bbox 3256 2351 3418 2402; x_wconf 84' lang='lat' dir='ltr'><strong>Deum</strong></span> 
     </span>
    </p>
   </div>
   <div class='ocr_carea' id='block_1_84' title="bbox 1844 2436 3506 2501">
    <p class='ocr_par' dir='ltr' id='par_1_84' title="bbox 1844 2436 3506 2501">
     <span class='ocr_line' id='line_1_84' title="bbox 1844 2436 3506 2501; baseline 0.002 -13"><span class='ocrx_word' id='word_1_684' title='bbox 1844 2436 1993 2499; x_wconf 90' lang='lat' dir='ltr'><strong>dicit,</strong></span> <span class='ocrx_word' id='word_1_685' title='bbox 2025 2448 2077 2489; x_wconf 83' lang='grc' dir='ltr'><strong>ιιι</strong></span> <span class='ocrx_word' id='word_1_686' title='bbox 2102 2446 2304 2489; x_wconf 88' lang='lat' dir='ltr'><strong>ntortua</strong></span> <span class='ocrx_word' id='word_1_687' title='bbox 2335 2438 2471 2490; x_wconf 84' lang='lat' dir='ltr'><strong>idola</strong></span> <span class='ocrx_word' id='word_1_688' title='bbox 2505 2439 2772 2501; x_wconf 92' lang='lat' dir='ltr'><strong>traducat;</strong></span> <span class='ocrx_word' id='word_1_689' title='bbox 2802 2439 3019 2491; x_wconf 89' lang='lat' dir='ltr'><strong>missum</strong></span> <span class='ocrx_word' id='word_1_690' title='bbox 3040 2448 3214 2492; x_wconf 90' lang='lat' dir='ltr'><strong>autem</strong></span> <span class='ocrx_word' id='word_1_691' title='bbox 3237 2438 3419 2493; x_wconf 77' lang='lat' dir='ltr'><strong>Jesum</strong></span> <span class='ocrx_word' id='word_1_692' title='bbox 3498 2474 3506 2482; x_wconf 84' lang='lat'><strong><em>-</em></strong></span> 
     </span>
    </p>
   </div>
   <div class='ocr_carea' id='block_1_85' title="bbox 1844 2528 3416 2600">
    <p class='ocr_par' dir='ltr' id='par_1_85' title="bbox 1844 2528 3416 2600">
     <span class='ocr_line' id='line_1_85' title="bbox 1844 2528 3416 2600; baseline 0.004 -20"><span class='ocrx_word' id='word_1_693' title='bbox 1844 2528 2146 2592; x_wconf 84' lang='lat' dir='ltr'><strong>Christum,</strong></span> <span class='ocrx_word' id='word_1_694' title='bbox 2180 2537 2237 2581; x_wconf 89' lang='lat' dir='ltr'><strong>ut</strong></span> <span class='ocrx_word' id='word_1_695' title='bbox 2283 2530 2346 2581; x_wconf 92' lang='lat' dir='ltr'><strong>iis</strong></span> <span class='ocrx_word' id='word_1_696' title='bbox 2389 2530 2478 2598; x_wconf 91' lang='lat' dir='ltr'><strong>qui</strong></span> <span class='ocrx_word' id='word_1_697' title='bbox 2510 2530 2923 2585; x_wconf 86' lang='lat' dir='ltr'><strong>incarnationem</strong></span> <span class='ocrx_word' id='word_1_698' title='bbox 2966 2543 3177 2600; x_wconf 86' lang='lat' dir='ltr'><strong>negant,</strong></span> <span class='ocrx_word' id='word_1_699' title='bbox 3219 2546 3280 2585; x_wconf 91' lang='lat' dir='ltr'><strong>os</strong></span> <span class='ocrx_word' id='word_1_700' title='bbox 3319 2536 3416 2586; x_wconf 87' lang='lat' dir='ltr'><strong>oh-</strong></span> 
     </span>
    </p>
   </div>
   <div class='ocr_carea' id='block_1_86' title="bbox 1846 2620 3421 2692">
    <p class='ocr_par' dir='ltr' id='par_1_86' title="bbox 1846 2620 3421 2692">
     <span class='ocr_line' id='line_1_86' title="bbox 1846 2620 3421 2692; baseline 0.003 -19"><span class='ocrx_word' id='word_1_701' title='bbox 1846 2630 2034 2673; x_wconf 88' lang='lat' dir='ltr'><strong>struat.</strong></span> <span class='ocrx_word' id='word_1_702' title='bbox 2072 2621 2238 2673; x_wconf 84' lang='lat' dir='ltr'><strong>Verba</strong></span> <span class='ocrx_word' id='word_1_703' title='bbox 2275 2620 2432 2690; x_wconf 84' lang='lat' dir='ltr'><strong>igitur</strong></span> <span class='ocrx_word' id='word_1_704' title='bbox 2457 2622 2746 2674; x_wconf 84' lang='lat' dir='ltr'><strong>secundum</strong></span> <span class='ocrx_word' id='word_1_705' title='bbox 2775 2637 2991 2677; x_wconf 86' lang='lat' dir='ltr'><strong>sensum</strong></span> <span class='ocrx_word' id='word_1_706' title='bbox 3034 2625 3235 2692; x_wconf 79' lang='lat' dir='ltr'><strong>aeeipe,</strong></span> <span class='ocrx_word' id='word_1_707' title='bbox 3266 2638 3329 2678; x_wconf 84' lang='lat' dir='ltr'><strong>ac</strong></span> <span class='ocrx_word' id='word_1_708' title='bbox 3356 2641 3421 2679; x_wconf 89' lang='lat' dir='ltr'><strong>tte</strong></span> 
     </span>
    </p>
   </div>
   <div class='ocr_carea' id='block_1_87' title="bbox 1848 2711 3244 2781">
    <p class='ocr_par' dir='ltr' id='par_1_87' title="bbox 1848 2711 3244 2781">
     <span class='ocr_line' id='line_1_87' title="bbox 1848 2711 3244 2781; baseline 0.004 -19"><span class='ocrx_word' id='word_1_709' title='bbox 1848 2719 2063 2779; x_wconf 88' lang='lat' dir='ltr'><strong>propter</strong></span> <span class='ocrx_word' id='word_1_710' title='bbox 2092 2711 2297 2765; x_wconf 89' lang='lat' dir='ltr'><strong>literam</strong></span> <span class='ocrx_word' id='word_1_711' title='bbox 2330 2712 2595 2781; x_wconf 87' lang='lat' dir='ltr'><strong>majestati</strong></span> <span class='ocrx_word' id='word_1_712' title='bbox 2627 2712 3002 2767; x_wconf 90' lang='lat' dir='ltr'><strong>contumeliam</strong></span> <span class='ocrx_word' id='word_1_713' title='bbox 3033 2715 3244 2769; x_wconf 81' lang='lat' dir='ltr'><strong>inferas.</strong></span> 
     </span>
    </p>
   </div>
   <div class='ocr_carea' id='block_1_88' title="bbox 1918 2801 3420 2864">
    <p class='ocr_par' dir='ltr' id='par_1_88' title="bbox 1918 2801 3420 2864">
     <span class='ocr_line' id='line_1_88' title="bbox 1918 2801 3420 2864; baseline 0.003 -9"><span class='ocrx_word' id='word_1_714' title='bbox 1918 2803 1967 2855; x_wconf 85' lang='lat'><strong>5.</strong></span> <span class='ocrx_word' id='word_1_715' title='bbox 2001 2801 2065 2855; x_wconf 87' lang='lat' dir='ltr'><strong>Ut</strong></span> <span class='ocrx_word' id='word_1_716' title='bbox 2092 2811 2266 2854; x_wconf 91' lang='lat' dir='ltr'><strong>autem</strong></span> <span class='ocrx_word' id='word_1_717' title='bbox 2298 2810 2541 2855; x_wconf 90' lang='lat' dir='ltr'><strong>accurate</strong></span> <span class='ocrx_word' id='word_1_718' title='bbox 2567 2803 2758 2864; x_wconf 88' lang='lat' dir='ltr'><strong>discas,</strong></span> <span class='ocrx_word' id='word_1_719' title='bbox 2790 2804 3095 2858; x_wconf 89' lang='lat' dir='ltr'><strong>missionem</strong></span> <span class='ocrx_word' id='word_1_720' title='bbox 3128 2820 3156 2856; x_wconf 94' lang='lat' dir='ltr'><strong>a</strong></span> <span class='ocrx_word' id='word_1_721' title='bbox 3184 2804 3292 2859; x_wconf 87' lang='lat' dir='ltr'><strong>Deo</strong></span> <span class='ocrx_word' id='word_1_722' title='bbox 3318 2820 3420 2859; x_wconf 90' lang='lat' dir='ltr'><strong>non</strong></span> 
     </span>
    </p>
   </div>
   <div class='ocr_carea' id='block_1_89' title="bbox 1850 2893 3419 2963">
    <p class='ocr_par' dir='ltr' id='par_1_89' title="bbox 1850 2893 3419 2963">
     <span class='ocr_line' id='line_1_89' title="bbox 1850 2893 3419 2963; baseline 0.003 -18"><span class='ocrx_word' id='word_1_723' title='bbox 1850 2893 2193 2945; x_wconf 82' lang='lat' dir='ltr'><strong>mutationem</strong></span> <span class='ocrx_word' id='word_1_724' title='bbox 2220 2907 2249 2945; x_wconf 91' lang='lat' dir='ltr'><strong>a</strong></span> <span class='ocrx_word' id='word_1_725' title='bbox 2283 2893 2399 2946; x_wconf 92' lang='lat' dir='ltr'><strong>loco</strong></span> <span class='ocrx_word' id='word_1_726' title='bbox 2431 2894 2480 2945; x_wconf 93' lang='lat' dir='ltr'><strong>in</strong></span> <span class='ocrx_word' id='word_1_727' title='bbox 2505 2893 2676 2947; x_wconf 90' lang='lat' dir='ltr'><strong>locum</strong></span> <span class='ocrx_word' id='word_1_728' title='bbox 2703 2894 3020 2963; x_wconf 72' lang='lat' dir='ltr'><strong>signiﬁcare,</strong></span> <span class='ocrx_word' id='word_1_729' title='bbox 3052 2895 3145 2948; x_wconf 91' lang='lat' dir='ltr'><strong>sed</strong></span> <span class='ocrx_word' id='word_1_730' title='bbox 3176 2896 3419 2950; x_wconf 85' lang='lat' dir='ltr'><strong>incarna-</strong></span> 
     </span>
    </p>
   </div>
   <div class='ocr_carea' id='block_1_90' title="bbox 1851 2982 3422 3055">
    <p class='ocr_par' dir='ltr' id='par_1_90' title="bbox 1851 2982 3422 3055">
     <span class='ocr_line' id='line_1_90' title="bbox 1851 2982 3422 3055; baseline 0.005 -21"><span class='ocrx_word' id='word_1_731' title='bbox 1851 2983 2043 3036; x_wconf 86' lang='lat' dir='ltr'><strong>tionem</strong></span> <span class='ocrx_word' id='word_1_732' title='bbox 2076 2982 2345 3037; x_wconf 88' lang='lat' dir='ltr'><strong>declarare</strong></span> <span class='ocrx_word' id='word_1_733' title='bbox 2375 3001 2386 3035; x_wconf 94' lang='lat'><strong>:</strong></span> <span class='ocrx_word' id='word_1_734' title='bbox 2420 2984 2486 3037; x_wconf 89' lang='lat' dir='ltr'><strong>de</strong></span> <span class='ocrx_word' id='word_1_735' title='bbox 2512 2982 2714 3037; x_wconf 87' lang='lat' dir='ltr'><strong>Joanne</strong></span> <span class='ocrx_word' id='word_1_736' title='bbox 2750 2984 2981 3053; x_wconf 83' lang='lat' dir='ltr'><strong>Baptista</strong></span> <span class='ocrx_word' id='word_1_737' title='bbox 3007 3026 3020 3048; x_wconf 95' lang='lat'><strong>,</strong></span> <span class='ocrx_word' id='word_1_738' title='bbox 3054 2986 3140 3055; x_wconf 89' lang='lat' dir='ltr'><strong>qui</strong></span> <span class='ocrx_word' id='word_1_739' title='bbox 3181 2986 3247 3041; x_wconf 89' lang='lat' dir='ltr'><strong>de</strong></span> <span class='ocrx_word' id='word_1_740' title='bbox 3281 2995 3422 3042; x_wconf 88' lang='lat' dir='ltr'><strong>terra</strong></span> 
     </span>
    </p>
   </div>
   <div class='ocr_carea' id='block_1_91' title="bbox 1850 3074 3424 3145">
    <p class='ocr_par' dir='ltr' id='par_1_91' title="bbox 1850 3074 3424 3145">
     <span class='ocr_line' id='line_1_91' title="bbox 1850 3074 3424 3145; baseline 0.002 -18"><span class='ocrx_word' id='word_1_741' title='bbox 1850 3084 1965 3128; x_wconf 90' lang='lat' dir='ltr'><strong>erat</strong></span> <span class='ocrx_word' id='word_1_742' title='bbox 2006 3083 2059 3128; x_wconf 92' lang='lat' dir='ltr'><strong>et</strong></span> <span class='ocrx_word' id='word_1_743' title='bbox 2101 3075 2151 3127; x_wconf 90' lang='lat' dir='ltr'><strong>in</strong></span> <span class='ocrx_word' id='word_1_744' title='bbox 2197 3085 2334 3127; x_wconf 81' lang='lat' dir='ltr'><strong>terra</strong></span> <span class='ocrx_word' id='word_1_745' title='bbox 2379 3083 2715 3143; x_wconf 87' lang='lat' dir='ltr'><strong>apparuerat,</strong></span> <span class='ocrx_word' id='word_1_746' title='bbox 2761 3074 2834 3127; x_wconf 92' lang='lat' dir='ltr'><strong>ait</strong></span> <span class='ocrx_word' id='word_1_747' title='bbox 2883 3075 3222 3145; x_wconf 84' lang='lat' dir='ltr'><strong>Evangelium</strong></span> <span class='ocrx_word' id='word_1_748' title='bbox 3256 3094 3267 3129; x_wconf 94' lang='lat'><strong>:</strong></span> <span class='ocrx_word' id='word_1_749' title='bbox 3300 3076 3424 3130; x_wconf 79' lang='lat' dir='ltr'><strong>Fuit</strong></span> 
     </span>
    </p>
   </div>
   <div class='ocr_carea' id='block_1_92' title="bbox 1851 3164 3423 3235">
    <p class='ocr_par' dir='ltr' id='par_1_92' title="bbox 1851 3164 3423 3235">
     <span class='ocr_line' id='line_1_92' title="bbox 1851 3164 3423 3235; baseline 0.003 -20"><span class='ocrx_word' id='word_1_750' title='bbox 1851 3166 1997 3217; x_wconf 91' lang='lat' dir='ltr'><strong>homo</strong></span> <span class='ocrx_word' id='word_1_751' title='bbox 2028 3165 2205 3218; x_wconf 85' lang='lat' dir='ltr'><strong>missus</strong></span> <span class='ocrx_word' id='word_1_752' title='bbox 2230 3182 2260 3217; x_wconf 90' lang='lat' dir='ltr'><strong>a</strong></span> <span class='ocrx_word' id='word_1_753' title='bbox 2284 3164 2389 3218; x_wconf 89' lang='lat' dir='ltr'><strong>Deo</strong></span> <span class='ocrx_word' id='word_1_754' title='bbox 2411 3165 2587 3234; x_wconf 83' lang='lat' dir='ltr'><strong>(Joan.</strong></span> <span class='ocrx_word' id='word_1_755' title='bbox 2614 3166 2663 3219; x_wconf 74' lang='grc'><strong>1.</strong></span> <span class='ocrx_word' id='word_1_756' title='bbox 2686 3166 2764 3235; x_wconf 75' lang='lat' dir='ltr'><strong>ti).</strong></span> <span class='ocrx_word' id='word_1_757' title='bbox 2794 3165 2927 3219; x_wconf 86' lang='lat' dir='ltr'><strong>Nunt</strong></span> <span class='ocrx_word' id='word_1_758' title='bbox 2953 3165 3182 3221; x_wconf 81' lang='lat' dir='ltr'><strong>Joannes</strong></span> <span class='ocrx_word' id='word_1_759' title='bbox 3207 3166 3273 3221; x_wconf 91' lang='lat' dir='ltr'><strong>de</strong></span> <span class='ocrx_word' id='word_1_760' title='bbox 3293 3168 3423 3221; x_wconf 71' lang='lat' dir='ltr'><strong>cutio</strong></span> 
     </span>
    </p>
   </div>
   <div class='ocr_carea' id='block_1_93' title="bbox 1852 3256 3426 3327">
    <p class='ocr_par' dir='ltr' id='par_1_93' title="bbox 1852 3256 3426 3327">
     <span class='ocr_line' id='line_1_93' title="bbox 1852 3256 3426 3327; baseline 0.003 -20"><span class='ocrx_word' id='word_1_761' title='bbox 1852 3258 2045 3309; x_wconf 88' lang='lat' dir='ltr'><strong>missus</strong></span> <span class='ocrx_word' id='word_1_762' title='bbox 2073 3256 2187 3309; x_wconf 91' lang='lat' dir='ltr'><strong>est?</strong></span> <span class='ocrx_word' id='word_1_763' title='bbox 2229 3272 2353 3309; x_wconf 91' lang='lat' dir='ltr'><strong>num</strong></span> <span class='ocrx_word' id='word_1_764' title='bbox 2390 3256 2455 3310; x_wconf 88' lang='lat' dir='ltr'><strong>de</strong></span> <span class='ocrx_word' id='word_1_765' title='bbox 2493 3258 2735 3325; x_wconf 89' lang='lat' dir='ltr'><strong>supernis</strong></span> <span class='ocrx_word' id='word_1_766' title='bbox 2771 3256 2953 3310; x_wconf 90' lang='lat' dir='ltr'><strong>venit?</strong></span> <span class='ocrx_word' id='word_1_767' title='bbox 2992 3257 3266 3321; x_wconf 89' lang='lat' dir='ltr'><strong>Quomodo</strong></span> <span class='ocrx_word' id='word_1_768' title='bbox 3300 3273 3426 3327; x_wconf 80' lang='lat' dir='ltr'><strong>ergo</strong></span> 
     </span>
    </p>
   </div>
   <div class='ocr_carea' id='block_1_94' title="bbox 1854 3344 3426 3413">
    <p class='ocr_par' dir='ltr' id='par_1_94' title="bbox 1854 3344 3426 3413">
     <span class='ocr_line' id='line_1_94' title="bbox 1854 3344 3426 3413; baseline 0.002 -17"><span class='ocrx_word' id='word_1_769' title='bbox 1854 3344 2030 3398; x_wconf 84' lang='lat' dir='ltr'><strong>venit?</strong></span> <span class='ocrx_word' id='word_1_770' title='bbox 2058 3347 2213 3413; x_wconf 85' lang='lat' dir='ltr'><strong>Atqui</strong></span> <span class='ocrx_word' id='word_1_771' title='bbox 2238 3346 2396 3399; x_wconf 90' lang='lat' dir='ltr'><strong>homo</strong></span> <span class='ocrx_word' id='word_1_772' title='bbox 2418 3350 2632 3410; x_wconf 78' lang='lat' dir='ltr'><strong>missus,</strong></span> <span class='ocrx_word' id='word_1_773' title='bbox 2658 3360 2760 3398; x_wconf 91' lang='lat' dir='ltr'><strong>non</strong></span> <span class='ocrx_word' id='word_1_774' title='bbox 2789 3359 2818 3397; x_wconf 88' lang='lat' dir='ltr'><strong>a</strong></span> <span class='ocrx_word' id='word_1_775' title='bbox 2848 3345 2962 3398; x_wconf 89' lang='lat' dir='ltr'><strong>loco</strong></span> <span class='ocrx_word' id='word_1_776' title='bbox 2989 3344 3038 3397; x_wconf 93' lang='lat' dir='ltr'><strong>in</strong></span> <span class='ocrx_word' id='word_1_777' title='bbox 3066 3346 3238 3398; x_wconf 89' lang='lat' dir='ltr'><strong>locum</strong></span> <span class='ocrx_word' id='word_1_778' title='bbox 3263 3355 3426 3399; x_wconf 89' lang='lat' dir='ltr'><strong>trans-</strong></span> 
     </span>
    </p>
   </div>
   <div class='ocr_carea' id='block_1_95' title="bbox 1853 3436 3424 3508">
    <p class='ocr_par' dir='ltr' id='par_1_95' title="bbox 1853 3436 3424 3508">
     <span class='ocr_line' id='line_1_95' title="bbox 1853 3436 3424 3508; baseline 0.001 -18"><span class='ocrx_word' id='word_1_779' title='bbox 1853 3437 1988 3491; x_wconf 91' lang='lat' dir='ltr'><strong>latus</strong></span> <span class='ocrx_word' id='word_1_780' title='bbox 2010 3446 2109 3501; x_wconf 90' lang='lat' dir='ltr'><strong>est,</strong></span> <span class='ocrx_word' id='word_1_781' title='bbox 2143 3438 2234 3492; x_wconf 91' lang='lat' dir='ltr'><strong>sed</strong></span> <span class='ocrx_word' id='word_1_782' title='bbox 2264 3440 2336 3492; x_wconf 93' lang='lat' dir='ltr'><strong>illi</strong></span> <span class='ocrx_word' id='word_1_783' title='bbox 2360 3439 2557 3508; x_wconf 90' lang='lat' dir='ltr'><strong>aliquid</strong></span> <span class='ocrx_word' id='word_1_784' title='bbox 2580 3436 3051 3491; x_wconf 83' lang='lat' dir='ltr'><strong>administrandum</strong></span> <span class='ocrx_word' id='word_1_785' title='bbox 3080 3438 3424 3494; x_wconf 88' lang='lat' dir='ltr'><strong>commissqu</strong></span> 
     </span>
    </p>
   </div>
   <div class='ocr_carea' id='block_1_96' title="bbox 1854 3530 3427 3599">
    <p class='ocr_par' dir='ltr' id='par_1_96' title="bbox 1854 3530 3427 3599">
     <span class='ocr_line' id='line_1_96' title="bbox 1854 3530 3427 3599; baseline 0.001 -16"><span class='ocrx_word' id='word_1_786' title='bbox 1854 3530 1981 3595; x_wconf 87' lang='lat' dir='ltr'><strong>fuit;</strong></span> <span class='ocrx_word' id='word_1_787' title='bbox 2011 3540 2063 3585; x_wconf 90' lang='lat' dir='ltr'><strong>et</strong></span> <span class='ocrx_word' id='word_1_788' title='bbox 2096 3532 2233 3585; x_wconf 93' lang='lat' dir='ltr'><strong>Deus</strong></span> <span class='ocrx_word' id='word_1_789' title='bbox 2260 3531 2485 3585; x_wconf 86' lang='lat' dir='ltr'><strong>Verbum</strong></span> <span class='ocrx_word' id='word_1_790' title='bbox 2512 3572 2526 3597; x_wconf 93' lang='lat'><strong>,</strong></span> <span class='ocrx_word' id='word_1_791' title='bbox 2558 3532 2645 3599; x_wconf 93' lang='lat' dir='ltr'><strong>qui</strong></span> <span class='ocrx_word' id='word_1_792' title='bbox 2675 3530 2851 3585; x_wconf 91' lang='lat' dir='ltr'><strong>omnia</strong></span> <span class='ocrx_word' id='word_1_793' title='bbox 2880 3530 3082 3599; x_wconf 91' lang='lat' dir='ltr'><strong>implet,</strong></span> <span class='ocrx_word' id='word_1_794' title='bbox 3113 3531 3158 3583; x_wconf 90' lang='lat' dir='ltr'><strong>si</strong></span> <span class='ocrx_word' id='word_1_795' title='bbox 3196 3530 3337 3584; x_wconf 90' lang='lat' dir='ltr'><strong>dicat</strong></span> <span class='ocrx_word' id='word_1_796' title='bbox 3368 3545 3427 3584; x_wconf 90' lang='lat' dir='ltr'><strong>se</strong></span> 
     </span>
    </p>
   </div>
   <div class='ocr_carea' id='block_1_97' title="bbox 1854 3621 3424 3687">
    <p class='ocr_par' dir='ltr' id='par_1_97' title="bbox 1854 3621 3424 3687">
     <span class='ocr_line' id='line_1_97' title="bbox 1854 3621 3424 3687; baseline 0.001 -13"><span class='ocrx_word' id='word_1_797' title='bbox 1854 3623 2073 3676; x_wconf 92' lang='lat' dir='ltr'><strong>missum</strong></span> <span class='ocrx_word' id='word_1_798' title='bbox 2104 3638 2243 3687; x_wconf 62' lang='lat' dir='ltr'><strong>esse,</strong></span> <span class='ocrx_word' id='word_1_799' title='bbox 2276 3632 2515 3676; x_wconf 90' lang='lat' dir='ltr'><strong>naturam</strong></span> <span class='ocrx_word' id='word_1_800' title='bbox 2548 3638 2695 3675; x_wconf 88' lang='lat' dir='ltr'><strong>suam</strong></span> <span class='ocrx_word' id='word_1_801' title='bbox 2720 3623 3036 3676; x_wconf 90' lang='lat' dir='ltr'><strong>contumelia</strong></span> <span class='ocrx_word' id='word_1_802' title='bbox 3068 3621 3299 3685; x_wconf 72' lang='lat' dir='ltr'><strong>afficiet,</strong></span> <span class='ocrx_word' id='word_1_803' title='bbox 3329 3637 3424 3676; x_wconf 91' lang='lat' dir='ltr'><strong>ne-</strong></span> 
     </span>
    </p>
   </div>
   <div class='ocr_carea' id='block_1_98' title="bbox 1853 3714 3425 3783">
    <p class='ocr_par' dir='ltr' id='par_1_98' title="bbox 1853 3714 3425 3783">
     <span class='ocr_line' id='line_1_98' title="bbox 1853 3714 3425 3783; baseline -0.001 -15"><span class='ocrx_word' id='word_1_804' title='bbox 1853 3732 1957 3783; x_wconf 91' lang='lat' dir='ltr'><strong>que</strong></span> <span class='ocrx_word' id='word_1_805' title='bbox 1991 3716 2059 3769; x_wconf 86' lang='lat' dir='ltr'><strong>ita</strong></span> <span class='ocrx_word' id='word_1_806' title='bbox 2092 3714 2507 3769; x_wconf 89' lang='lat' dir='ltr'><strong>incarnationem</strong></span> <span class='ocrx_word' id='word_1_807' title='bbox 2532 3731 2683 3769; x_wconf 88' lang='lat' dir='ltr'><strong>suam</strong></span> <span class='ocrx_word' id='word_1_808' title='bbox 2707 3716 2819 3768; x_wconf 90' lang='lat' dir='ltr'><strong>sive</strong></span> <span class='ocrx_word' id='word_1_809' title='bbox 2842 3715 3191 3768; x_wconf 88' lang='lat' dir='ltr'><strong>oeconomiam</strong></span> <span class='ocrx_word' id='word_1_810' title='bbox 3223 3714 3425 3768; x_wconf 90' lang='lat' dir='ltr'><strong>indica-</strong></span> 
     </span>
    </p>
   </div>
   <div class='ocr_carea' id='block_1_99' title="bbox 1854 3806 3430 3874">
    <p class='ocr_par' dir='ltr' id='par_1_99' title="bbox 1854 3806 3430 3874">
     <span class='ocr_line' id='line_1_99' title="bbox 1854 3806 3430 3874; baseline 0 -15"><span class='ocrx_word' id='word_1_811' title='bbox 1854 3806 1967 3859; x_wconf 85' lang='lat' dir='ltr'><strong>bit?</strong></span> <span class='ocrx_word' id='word_1_812' title='bbox 2001 3806 2127 3860; x_wconf 82' lang='lat' dir='ltr'><strong>Vide</strong></span> <span class='ocrx_word' id='word_1_813' title='bbox 2153 3807 2321 3871; x_wconf 87' lang='lat' dir='ltr'><strong>illum,</strong></span> <span class='ocrx_word' id='word_1_814' title='bbox 2347 3806 2528 3874; x_wconf 84' lang='lat' dir='ltr'><strong>frater,</strong></span> <span class='ocrx_word' id='word_1_815' title='bbox 2553 3815 2605 3860; x_wconf 88' lang='lat' dir='ltr'><strong>et</strong></span> <span class='ocrx_word' id='word_1_816' title='bbox 2625 3807 2799 3859; x_wconf 92' lang='lat' dir='ltr'><strong>carnis</strong></span> <span class='ocrx_word' id='word_1_817' title='bbox 2822 3808 3173 3860; x_wconf 76' lang='lat' dir='ltr'><strong>(econontiant</strong></span> <span class='ocrx_word' id='word_1_818' title='bbox 3204 3806 3430 3874; x_wconf 88' lang='lat' dir='ltr'><strong>implen-</strong></span> 
     </span>
    </p>
   </div>
   <div class='ocr_carea' id='block_1_100' title="bbox 1858 3896 3429 3967">
    <p class='ocr_par' dir='ltr' id='par_1_100' title="bbox 1858 3896 3429 3967">
     <span class='ocr_line' id='line_1_100' title="bbox 1858 3896 3429 3967; baseline 0.002 -18"><span class='ocrx_word' id='word_1_819' title='bbox 1858 3907 1983 3961; x_wconf 88' lang='lat' dir='ltr'><strong>tem,</strong></span> <span class='ocrx_word' id='word_1_820' title='bbox 2009 3906 2062 3949; x_wconf 92' lang='lat' dir='ltr'><strong>et</strong></span> <span class='ocrx_word' id='word_1_821' title='bbox 2088 3896 2277 3950; x_wconf 67' lang='lat' dir='ltr'><strong>divinae</strong></span> <span class='ocrx_word' id='word_1_822' title='bbox 2302 3898 2577 3965; x_wconf 89' lang='lat' dir='ltr'><strong>potestatis</strong></span> <span class='ocrx_word' id='word_1_823' title='bbox 2598 3898 2906 3967; x_wconf 83' lang='lat' dir='ltr'><strong>dignitatem</strong></span> <span class='ocrx_word' id='word_1_824' title='bbox 2936 3913 3039 3950; x_wconf 94' lang='lat' dir='ltr'><strong>non</strong></span> <span class='ocrx_word' id='word_1_825' title='bbox 3069 3898 3338 3951; x_wconf 90' lang='lat' dir='ltr'><strong>tollentem</strong></span> <span class='ocrx_word' id='word_1_826' title='bbox 3362 3898 3429 3952; x_wconf 90' lang='lat' dir='ltr'><strong>de</strong></span> 
     </span>
    </p>
   </div>
   <div class='ocr_carea' id='block_1_101' title="bbox 1855 3987 3427 4051">
    <p class='ocr_par' dir='ltr' id='par_1_101' title="bbox 1855 3987 3427 4051">
     <span class='ocr_line' id='line_1_101' title="bbox 1855 3987 3427 4051; baseline 0.001 -11"><span class='ocrx_word' id='word_1_827' title='bbox 1855 3988 2049 4040; x_wconf 90' lang='lat' dir='ltr'><strong>medio.</strong></span> <span class='ocrx_word' id='word_1_828' title='bbox 2086 3987 2152 4039; x_wconf 84' lang='lat' dir='ltr'><strong>Et</strong></span> <span class='ocrx_word' id='word_1_829' title='bbox 2178 3987 2507 4041; x_wconf 88' lang='lat' dir='ltr'><strong>sacerdotale</strong></span> <span class='ocrx_word' id='word_1_830' title='bbox 2534 4002 2723 4041; x_wconf 91' lang='lat' dir='ltr'><strong>munus</strong></span> <span class='ocrx_word' id='word_1_831' title='bbox 2746 3988 2823 4040; x_wconf 91' lang='lat' dir='ltr'><strong>sic</strong></span> <span class='ocrx_word' id='word_1_832' title='bbox 2848 3987 3166 4051; x_wconf 86' lang='lat' dir='ltr'><strong>declaratur,</strong></span> <span class='ocrx_word' id='word_1_833' title='bbox 3200 3989 3427 4041; x_wconf 81' lang='lat' dir='ltr'><strong>Ascendo</strong></span> 
     </span>
    </p>
   </div>
   <div class='ocr_carea' id='block_1_102' title="bbox 1854 4077 3429 4149">
    <p class='ocr_par' dir='ltr' id='par_1_102' title="bbox 1854 4077 3429 4149">
     <span class='ocr_line' id='line_1_102' title="bbox 1854 4077 3429 4149; baseline 0.001 -18"><span class='ocrx_word' id='word_1_834' title='bbox 1854 4080 1920 4131; x_wconf 87' lang='lat' dir='ltr'><strong>ad</strong></span> <span class='ocrx_word' id='word_1_835' title='bbox 1948 4078 2153 4131; x_wconf 87' lang='lat' dir='ltr'><strong>Patrem</strong></span> <span class='ocrx_word' id='word_1_836' title='bbox 2180 4096 2363 4144; x_wconf 86' lang='lat' dir='ltr'><strong>meum,</strong></span> <span class='ocrx_word' id='word_1_837' title='bbox 2397 4089 2441 4132; x_wconf 87' lang='lat' dir='ltr'><strong>et</strong></span> <span class='ocrx_word' id='word_1_838' title='bbox 2467 4080 2653 4149; x_wconf 86' lang='lat' dir='ltr'><strong>rogabo</strong></span> <span class='ocrx_word' id='word_1_839' title='bbox 2683 4095 2814 4142; x_wconf 88' lang='lat' dir='ltr'><strong>eum,</strong></span> <span class='ocrx_word' id='word_1_840' title='bbox 2846 4087 2891 4131; x_wconf 89' lang='lat' dir='ltr'><strong>et</strong></span> <span class='ocrx_word' id='word_1_841' title='bbox 2916 4077 3241 4131; x_wconf 86' lang='lat' dir='ltr'><strong>Paracletum</strong></span> <span class='ocrx_word' id='word_1_842' title='bbox 3272 4081 3429 4132; x_wconf 86' lang='lat' dir='ltr'><strong>mittet</strong></span> 
     </span>
    </p>
   </div>
   <div class='ocr_carea' id='block_1_103' title="bbox 1855 4168 3425 4239">
    <p class='ocr_par' dir='ltr' id='par_1_103' title="bbox 1855 4168 3425 4239">
     <span class='ocr_line' id='line_1_103' title="bbox 1855 4168 3425 4239; baseline -0.001 -16"><span class='ocrx_word' id='word_1_843' title='bbox 1855 4172 1989 4224; x_wconf 73' lang='lat' dir='ltr'><strong>vobis</strong></span> <span class='ocrx_word' id='word_1_844' title='bbox 2019 4171 2265 4239; x_wconf 83' lang='lat' dir='ltr'><strong>Spiritum</strong></span> <span class='ocrx_word' id='word_1_845' title='bbox 2299 4172 2517 4223; x_wconf 77' lang='lat' dir='ltr'><strong>veritatis</strong></span> <span class='ocrx_word' id='word_1_846' title='bbox 2542 4170 2557 4238; x_wconf 96' lang='lat'>(</span> <span class='ocrx_word' id='word_1_847' title='bbox 2579 4169 2731 4222; x_wconf 82' lang='lat' dir='ltr'><strong>Joan.</strong></span> <span class='ocrx_word' id='word_1_848' title='bbox 2761 4169 2849 4222; x_wconf 70' lang='grc' dir='ltr'><strong>ΞΟ.</strong></span> <span class='ocrx_word' id='word_1_849' title='bbox 2882 4170 2968 4222; x_wconf 80' lang='grc'><strong>17.</strong></span> <span class='ocrx_word' id='word_1_850' title='bbox 2994 4179 3039 4221; x_wconf 84' lang='grc' dir='ltr'><strong>ει</strong></span> <span class='ocrx_word' id='word_1_851' title='bbox 3071 4170 3154 4222; x_wconf 75' lang='grc' dir='ltr'>Η.</span> <span class='ocrx_word' id='word_1_852' title='bbox 3187 4168 3273 4222; x_wconf 78' lang='grc'><strong>16.</strong></span> <span class='ocrx_word' id='word_1_853' title='bbox 3304 4170 3367 4222; x_wconf 75' lang='grc'><strong>17</strong></span> <span class='ocrx_word' id='word_1_854' title='bbox 3387 4170 3425 4237; x_wconf 94' lang='grc'><strong>).</strong></span> 
     </span>
    </p>
   </div>
   <div class='ocr_carea' id='block_1_104' title="bbox 1855 4260 3431 4331">
    <p class='ocr_par' dir='ltr' id='par_1_104' title="bbox 1855 4260 3431 4331">
     <span class='ocr_line' id='line_1_104' title="bbox 1855 4260 3431 4331; baseline -0.001 -16"><span class='ocrx_word' id='word_1_855' title='bbox 1855 4263 1905 4315; x_wconf 86' lang='lat' dir='ltr'><strong>Si</strong></span> <span class='ocrx_word' id='word_1_856' title='bbox 1936 4262 2175 4315; x_wconf 80' lang='lat' dir='ltr'><strong>:iscendis</strong></span> <span class='ocrx_word' id='word_1_857' title='bbox 2195 4277 2412 4314; x_wconf 78' lang='lat' dir='ltr'><strong>sursum</strong></span> <span class='ocrx_word' id='word_1_858' title='bbox 2438 4304 2451 4327; x_wconf 92' lang='lat'><strong>,</strong></span> <span class='ocrx_word' id='word_1_859' title='bbox 2482 4270 2535 4315; x_wconf 94' lang='lat' dir='ltr'><strong>et</strong></span> <span class='ocrx_word' id='word_1_860' title='bbox 2566 4276 2739 4331; x_wconf 86' lang='lat' dir='ltr'><strong>rogas,</strong></span> <span class='ocrx_word' id='word_1_861' title='bbox 2770 4270 2823 4315; x_wconf 91' lang='lat' dir='ltr'><strong>et</strong></span> <span class='ocrx_word' id='word_1_862' title='bbox 2849 4275 3040 4330; x_wconf 90' lang='lat' dir='ltr'><strong>rogans</strong></span> <span class='ocrx_word' id='word_1_863' title='bbox 3066 4260 3337 4329; x_wconf 90' lang='lat' dir='ltr'><strong>impetras,</strong></span> <span class='ocrx_word' id='word_1_864' title='bbox 3370 4276 3431 4314; x_wconf 91' lang='lat' dir='ltr'><strong>ac</strong></span> 
     </span>
    </p>
   </div>
   <div class='ocr_carea' id='block_1_105' title="bbox 1856 4351 3431 4422">
    <p class='ocr_par' dir='ltr' id='par_1_105' title="bbox 1856 4351 3431 4422">
     <span class='ocr_line' id='line_1_105' title="bbox 1856 4351 3431 4422; baseline 0.002 -20"><span class='ocrx_word' id='word_1_865' title='bbox 1856 4363 1975 4421; x_wconf 65' lang='lat' dir='ltr'><strong>post</strong></span> <span class='ocrx_word' id='word_1_866' title='bbox 2020 4354 2346 4422; x_wconf 78' lang='lat' dir='ltr'><strong>rogationem</strong></span> <span class='ocrx_word' id='word_1_867' title='bbox 2387 4353 2551 4406; x_wconf 92' lang='lat' dir='ltr'><strong>mittis</strong></span> <span class='ocrx_word' id='word_1_868' title='bbox 2588 4351 2839 4421; x_wconf 91' lang='lat' dir='ltr'><strong>Spiritum</strong></span> <span class='ocrx_word' id='word_1_869' title='bbox 2868 4353 3027 4422; x_wconf 92' lang='lat' dir='ltr'><strong>(nam</strong></span> <span class='ocrx_word' id='word_1_870' title='bbox 3058 4366 3207 4421; x_wconf 87' lang='lat' dir='ltr'><strong>rogo,</strong></span> <span class='ocrx_word' id='word_1_871' title='bbox 3237 4354 3312 4406; x_wconf 91' lang='lat' dir='ltr'><strong>ais</strong></span> <span class='ocrx_word' id='word_1_872' title='bbox 3334 4395 3347 4416; x_wconf 96' lang='lat'><strong>,</strong></span> <span class='ocrx_word' id='word_1_873' title='bbox 3380 4364 3431 4407; x_wconf 91' lang='lat' dir='ltr'><strong>et</strong></span> 
     </span>
    </p>
   </div>
   <div class='ocr_carea' id='block_1_106' title="bbox 1856 4444 3431 4513">
    <p class='ocr_par' dir='ltr' id='par_1_106' title="bbox 1856 4444 3431 4513">
     <span class='ocr_line' id='line_1_106' title="bbox 1856 4444 3431 4513; baseline -0.001 -16"><span class='ocrx_word' id='word_1_874' title='bbox 1856 4447 2053 4513; x_wconf 84' lang='lat' dir='ltr'><strong>mitto),</strong></span> <span class='ocrx_word' id='word_1_875' title='bbox 2086 4460 2180 4497; x_wconf 91' lang='lat' dir='ltr'><strong>cur</strong></span> <span class='ocrx_word' id='word_1_876' title='bbox 2200 4452 2321 4499; x_wconf 90' lang='lat' dir='ltr'><strong>ante</strong></span> <span class='ocrx_word' id='word_1_877' title='bbox 2349 4445 2714 4499; x_wconf 87' lang='lat' dir='ltr'><strong>ascensionem</strong></span> <span class='ocrx_word' id='word_1_878' title='bbox 2742 4444 2913 4499; x_wconf 88' lang='lat' dir='ltr'><strong>Patris</strong></span> <span class='ocrx_word' id='word_1_879' title='bbox 2934 4445 3301 4497; x_wconf 88' lang='lat' dir='ltr'><strong>auctoritatem</strong></span> <span class='ocrx_word' id='word_1_880' title='bbox 3331 4444 3431 4496; x_wconf 88' lang='lat' dir='ltr'><strong>tol-</strong></span> 
     </span>
    </p>
   </div>
   <div class='ocr_carea' id='block_1_107' title="bbox 1857 4534 3430 4604">
    <p class='ocr_par' dir='ltr' id='par_1_107' title="bbox 1857 4534 3430 4604">
     <span class='ocr_line' id='line_1_107' title="bbox 1857 4534 3430 4604; baseline -0.003 -12"><span class='ocrx_word' id='word_1_881' title='bbox 1857 4538 1958 4593; x_wconf 89' lang='lat' dir='ltr'><strong>lis?</strong></span> <span class='ocrx_word' id='word_1_882' title='bbox 1988 4539 2040 4593; x_wconf 91' lang='lat' dir='ltr'><strong>Si</strong></span> <span class='ocrx_word' id='word_1_883' title='bbox 2069 4554 2172 4591; x_wconf 91' lang='lat' dir='ltr'><strong>tton</strong></span> <span class='ocrx_word' id='word_1_884' title='bbox 2201 4553 2323 4592; x_wconf 92' lang='lat' dir='ltr'><strong>cum</strong></span> <span class='ocrx_word' id='word_1_885' title='bbox 2352 4538 2664 4592; x_wconf 92' lang='lat' dir='ltr'><strong>auctoritate</strong></span> <span class='ocrx_word' id='word_1_886' title='bbox 2688 4536 2976 4591; x_wconf 90' lang='lat' dir='ltr'><strong>secundum</strong></span> <span class='ocrx_word' id='word_1_887' title='bbox 3000 4535 3229 4589; x_wconf 87' lang='lat' dir='ltr'><strong>divinam</strong></span> <span class='ocrx_word' id='word_1_888' title='bbox 3261 4534 3430 4604; x_wconf 80' lang='lat' dir='ltr'><strong>digni-</strong></span> 
     </span>
    </p>
   </div>
   <div class='ocr_carea' id='block_1_108' title="bbox 1858 4627 3424 4700">
    <p class='ocr_par' dir='ltr' id='par_1_108' title="bbox 1858 4627 3424 4700">
     <span class='ocr_line' id='line_1_108' title="bbox 1858 4627 3424 4700; baseline -0.004 -14"><span class='ocrx_word' id='word_1_889' title='bbox 1858 4643 2015 4686; x_wconf 88' lang='lat' dir='ltr'><strong>tatem</strong></span> <span class='ocrx_word' id='word_1_890' title='bbox 2042 4633 2172 4699; x_wconf 86' lang='lat' dir='ltr'><strong>agis,</strong></span> <span class='ocrx_word' id='word_1_891' title='bbox 2198 4630 2287 4685; x_wconf 92' lang='lat' dir='ltr'><strong>sed</strong></span> <span class='ocrx_word' id='word_1_892' title='bbox 2319 4640 2593 4700; x_wconf 68' lang='lat' dir='ltr'><strong>exspectas</strong></span> <span class='ocrx_word' id='word_1_893' title='bbox 2616 4630 2784 4683; x_wconf 91' lang='lat' dir='ltr'><strong>donec</strong></span> <span class='ocrx_word' id='word_1_894' title='bbox 2804 4628 3108 4683; x_wconf 89' lang='lat' dir='ltr'><strong>ascenderis</strong></span> <span class='ocrx_word' id='word_1_895' title='bbox 3128 4627 3192 4681; x_wconf 91' lang='lat' dir='ltr'><strong>ad</strong></span> <span class='ocrx_word' id='word_1_896' title='bbox 3219 4627 3424 4681; x_wconf 87' lang='lat' dir='ltr'><strong>Patrem</strong></span> 
     </span>
    </p>
   </div>
   <div class='ocr_carea' id='block_1_109' title="bbox 1857 4718 3432 4792">
    <p class='ocr_par' dir='ltr' id='par_1_109' title="bbox 1857 4718 3432 4792">
     <span class='ocr_line' id='line_1_109' title="bbox 1857 4718 3432 4792; baseline -0.004 -15"><span class='ocrx_word' id='word_1_897' title='bbox 1857 4724 1909 4777; x_wconf 94' lang='lat' dir='ltr'><strong>in</strong></span> <span class='ocrx_word' id='word_1_898' title='bbox 1938 4724 2147 4784; x_wconf 61' lang='lat' dir='ltr'><strong>ciclum,</strong></span> <span class='ocrx_word' id='word_1_899' title='bbox 2175 4733 2229 4775; x_wconf 89' lang='lat' dir='ltr'><strong>ut</strong></span> <span class='ocrx_word' id='word_1_900' title='bbox 2257 4735 2446 4792; x_wconf 88' lang='lat' dir='ltr'><strong>preces</strong></span> <span class='ocrx_word' id='word_1_901' title='bbox 2472 4719 2989 4788; x_wconf 88' lang='lat' dir='ltr'><strong>supplicationesque</strong></span> <span class='ocrx_word' id='word_1_902' title='bbox 3018 4718 3208 4772; x_wconf 76' lang='lat' dir='ltr'><strong>offeras</strong></span> <span class='ocrx_word' id='word_1_903' title='bbox 3228 4757 3243 4782; x_wconf 97' lang='lat'><strong>,</strong></span> <span class='ocrx_word' id='word_1_904' title='bbox 3273 4726 3327 4771; x_wconf 91' lang='lat' dir='ltr'><strong>et</strong></span> <span class='ocrx_word' id='word_1_905' title='bbox 3356 4718 3432 4771; x_wconf 91' lang='lat' dir='ltr'><strong>sic</strong></span> 
     </span>
    </p>
   </div>
   <div class='ocr_carea' id='block_1_110' title="bbox 1856 4809 3431 4881">
    <p class='ocr_par' dir='ltr' id='par_1_110' title="bbox 1856 4809 3431 4881">
     <span class='ocr_line' id='line_1_110' title="bbox 1856 4809 3431 4881; baseline -0.003 -17"><span class='ocrx_word' id='word_1_906' title='bbox 1856 4821 2124 4881; x_wconf 88' lang='lat' dir='ltr'><strong>acceptam</strong></span> <span class='ocrx_word' id='word_1_907' title='bbox 2147 4811 2371 4879; x_wconf 90' lang='lat' dir='ltr'><strong>Spiritus</strong></span> <span class='ocrx_word' id='word_1_908' title='bbox 2389 4810 2609 4879; x_wconf 89' lang='lat' dir='ltr'><strong>gratiam</strong></span> <span class='ocrx_word' id='word_1_909' title='bbox 2639 4810 2691 4861; x_wconf 92' lang='lat' dir='ltr'><strong>in</strong></span> <span class='ocrx_word' id='word_1_910' title='bbox 2718 4816 2884 4862; x_wconf 91' lang='lat' dir='ltr'><strong>totum</strong></span> <span class='ocrx_word' id='word_1_911' title='bbox 2907 4809 3089 4863; x_wconf 86' lang='lat' dir='ltr'><strong>orbem</strong></span> <span class='ocrx_word' id='word_1_912' title='bbox 3115 4809 3313 4873; x_wconf 89' lang='lat' dir='ltr'><strong>mittas,</strong></span> <span class='ocrx_word' id='word_1_913' title='bbox 3336 4822 3431 4859; x_wconf 94' lang='lat' dir='ltr'><strong>cur</strong></span> 
     </span>
    </p>
   </div>
   <div class='ocr_carea' id='block_1_111' title="bbox 1855 4900 3428 4971">
    <p class='ocr_par' dir='ltr' id='par_1_111' title="bbox 1855 4900 3428 4971">
     <span class='ocr_line' id='line_1_111' title="bbox 1855 4900 3428 4971; baseline -0.001 -18"><span class='ocrx_word' id='word_1_914' title='bbox 1855 4913 2135 4971; x_wconf 83' lang='lat' dir='ltr'><strong>antequam</strong></span> <span class='ocrx_word' id='word_1_915' title='bbox 2173 4902 2488 4955; x_wconf 90' lang='lat' dir='ltr'><strong>ascenderes</strong></span> <span class='ocrx_word' id='word_1_916' title='bbox 2512 4941 2525 4964; x_wconf 94' lang='lat'><strong>,</strong></span> <span class='ocrx_word' id='word_1_917' title='bbox 2558 4909 2839 4970; x_wconf 86' lang='lat' dir='ltr'><strong>antequam</strong></span> <span class='ocrx_word' id='word_1_918' title='bbox 2879 4914 3096 4970; x_wconf 83' lang='lat' dir='ltr'><strong>rogares</strong></span> <span class='ocrx_word' id='word_1_919' title='bbox 3117 4941 3130 4965; x_wconf 96' lang='lat'><strong>,</strong></span> <span class='ocrx_word' id='word_1_920' title='bbox 3162 4900 3428 4969; x_wconf 88' lang='lat' dir='ltr'><strong>prepriam</strong></span> 
     </span>
    </p>
   </div>
   <div class='ocr_carea' id='block_1_112' title="bbox 1855 4991 3427 5055">
    <p class='ocr_par' dir='ltr' id='par_1_112' title="bbox 1855 4991 3427 5055">
     <span class='ocr_line' id='line_1_112' title="bbox 1855 4991 3427 5055; baseline -0.002 -10"><span class='ocrx_word' id='word_1_921' title='bbox 1855 4994 2129 5047; x_wconf 84' lang='lat' dir='ltr'><strong>05tcudisti</strong></span> <span class='ocrx_word' id='word_1_922' title='bbox 2162 4991 2566 5045; x_wconf 87' lang='lat' dir='ltr'><strong>auctoritatem?</strong></span> <span class='ocrx_word' id='word_1_923' title='bbox 2606 5006 2699 5045; x_wconf 91' lang='lat' dir='ltr'><strong>cur</strong></span> <span class='ocrx_word' id='word_1_924' title='bbox 2735 5001 2859 5045; x_wconf 91' lang='lat' dir='ltr'><strong>ante</strong></span> <span class='ocrx_word' id='word_1_925' title='bbox 2892 4993 3279 5055; x_wconf 91' lang='lat' dir='ltr'><strong>ascensionem,</strong></span> <span class='ocrx_word' id='word_1_926' title='bbox 3308 5006 3427 5044; x_wconf 92' lang='lat' dir='ltr'><strong>eum</strong></span> 
     </span>
    </p>
   </div>
   <div class='ocr_carea' id='block_1_113' title="bbox 1857 5080 3429 5149">
    <p class='ocr_par' dir='ltr' id='par_1_113' title="bbox 1857 5080 3429 5149">
     <span class='ocr_line' id='line_1_113' title="bbox 1857 5080 3429 5149; baseline -0.001 -15"><span class='ocrx_word' id='word_1_927' title='bbox 1857 5084 2241 5137; x_wconf 74' lang='lat' dir='ltr'><strong>resurrexisses</strong></span> <span class='ocrx_word' id='word_1_928' title='bbox 2268 5098 2334 5136; x_wconf 81' lang='lat' dir='ltr'><strong>ex</strong></span> <span class='ocrx_word' id='word_1_929' title='bbox 2363 5083 2603 5145; x_wconf 90' lang='lat' dir='ltr'><strong>mortuis,</strong></span> <span class='ocrx_word' id='word_1_930' title='bbox 2636 5080 2917 5135; x_wconf 84' lang='lat' dir='ltr'><strong>insufﬂasti</strong></span> <span class='ocrx_word' id='word_1_931' title='bbox 2947 5082 2997 5135; x_wconf 95' lang='lat' dir='ltr'><strong>in</strong></span> <span class='ocrx_word' id='word_1_932' title='bbox 3028 5081 3188 5136; x_wconf 83' lang='lat' dir='ltr'><strong>facies</strong></span> <span class='ocrx_word' id='word_1_933' title='bbox 3216 5090 3429 5149; x_wconf 86' lang='lat' dir='ltr'><strong>aposto-</strong></span> 
     </span>
    </p>
   </div>
   <div class='ocr_carea' id='block_1_114' title="bbox 1856 5171 3424 5243">
    <p class='ocr_par' dir='ltr' id='par_1_114' title="bbox 1856 5171 3424 5243">
     <span class='ocr_line' id='line_1_114' title="bbox 1856 5171 3424 5243; baseline -0.001 -18"><span class='ocrx_word' id='word_1_934' title='bbox 1856 5173 2045 5239; x_wconf 88' lang='lat' dir='ltr'><strong>lorum,</strong></span> <span class='ocrx_word' id='word_1_935' title='bbox 2080 5183 2132 5227; x_wconf 91' lang='lat' dir='ltr'><strong>et</strong></span> <span class='ocrx_word' id='word_1_936' title='bbox 2174 5174 2387 5239; x_wconf 85' lang='lat' dir='ltr'><strong>dixisti,</strong></span> <span class='ocrx_word' id='word_1_937' title='bbox 2420 5174 2643 5243; x_wconf 84' lang='lat' dir='ltr'><strong>Accipite</strong></span> <span class='ocrx_word' id='word_1_938' title='bbox 2685 5172 2937 5242; x_wconf 88' lang='lat' dir='ltr'><strong>Spiritum</strong></span> <span class='ocrx_word' id='word_1_939' title='bbox 2980 5184 3204 5226; x_wconf 84' lang='lat' dir='ltr'><strong>sanctum</strong></span> <span class='ocrx_word' id='word_1_940' title='bbox 3248 5171 3424 5241; x_wconf 83' lang='lat' dir='ltr'><strong>(Joan.</strong></span> 
     </span>
    </p>
   </div>
   <div class='ocr_carea' id='block_1_115' title="bbox 1857 5263 3426 5334">
    <p class='ocr_par' dir='ltr' id='par_1_115' title="bbox 1857 5263 3426 5334">
     <span class='ocr_line' id='line_1_115' title="bbox 1857 5263 3426 5334; baseline 0.001 -17"><span class='ocrx_word' id='word_1_941' title='bbox 1857 5264 1940 5317; x_wconf 76' lang='grc'><strong>10.</strong></span> <span class='ocrx_word' id='word_1_942' title='bbox 1972 5263 2099 5331; x_wconf 69' lang='lat'><strong>22)?</strong></span> <span class='ocrx_word' id='word_1_943' title='bbox 2126 5265 2273 5330; x_wconf 91' lang='lat' dir='ltr'><strong>Quod</strong></span> <span class='ocrx_word' id='word_1_944' title='bbox 2304 5266 2436 5334; x_wconf 90' lang='lat' dir='ltr'><strong>petis</strong></span> <span class='ocrx_word' id='word_1_945' title='bbox 2464 5280 2493 5317; x_wconf 93' lang='lat' dir='ltr'><strong>a</strong></span> <span class='ocrx_word' id='word_1_946' title='bbox 2522 5265 2697 5327; x_wconf 90' lang='lat' dir='ltr'><strong>Patre,</strong></span> <span class='ocrx_word' id='word_1_947' title='bbox 2728 5264 2779 5318; x_wconf 91' lang='lat' dir='ltr'><strong>id</strong></span> <span class='ocrx_word' id='word_1_948' title='bbox 2810 5264 2925 5330; x_wconf 90' lang='lat' dir='ltr'><strong>das,</strong></span> <span class='ocrx_word' id='word_1_949' title='bbox 2954 5274 3234 5334; x_wconf 90' lang='lat' dir='ltr'><strong>antequam</strong></span> <span class='ocrx_word' id='word_1_950' title='bbox 3266 5264 3333 5317; x_wconf 91' lang='lat' dir='ltr'><strong>ab</strong></span> <span class='ocrx_word' id='word_1_951' title='bbox 3360 5280 3426 5319; x_wconf 89' lang='lat' dir='ltr'><strong>eo</strong></span> 
     </span>
    </p>
   </div>
   <div class='ocr_carea' id='block_1_116' title="bbox 1856 5354 3425 5427">
    <p class='ocr_par' dir='ltr' id='par_1_116' title="bbox 1856 5354 3425 5427">
     <span class='ocr_line' id='line_1_116' title="bbox 1856 5354 3425 5427; baseline -0.001 -19"><span class='ocrx_word' id='word_1_952' title='bbox 1856 5366 2023 5425; x_wconf 86' lang='lat' dir='ltr'><strong>petas.</strong></span> <span class='ocrx_word' id='word_1_953' title='bbox 2056 5357 2195 5427; x_wconf 87' lang='lat' dir='ltr'><strong>Ergo</strong></span> <span class='ocrx_word' id='word_1_954' title='bbox 2226 5358 2461 5418; x_wconf 88' lang='lat' dir='ltr'><strong>simulas,</strong></span> <span class='ocrx_word' id='word_1_955' title='bbox 2489 5356 2610 5409; x_wconf 94' lang='lat' dir='ltr'><strong>dum</strong></span> <span class='ocrx_word' id='word_1_956' title='bbox 2643 5356 2815 5426; x_wconf 90' lang='lat' dir='ltr'><strong>petis:</strong></span> <span class='ocrx_word' id='word_1_957' title='bbox 2848 5355 2961 5409; x_wconf 88' lang='lat' dir='ltr'><strong>Non</strong></span> <span class='ocrx_word' id='word_1_958' title='bbox 2988 5355 3197 5417; x_wconf 93' lang='lat' dir='ltr'><strong>simulo,</strong></span> <span class='ocrx_word' id='word_1_959' title='bbox 3227 5354 3425 5423; x_wconf 89' lang='lat' dir='ltr'><strong>inquit;</strong></span> 
     </span>
    </p>
   </div>
   <div class='ocr_carea' id='block_1_117' title="bbox 1856 5442 3429 5515">
    <p class='ocr_par' dir='ltr' id='par_1_117' title="bbox 1856 5442 3429 5515">
     <span class='ocr_line' id='line_1_117' title="bbox 1856 5442 3429 5515; baseline -0.001 -16"><span class='ocrx_word' id='word_1_960' title='bbox 1856 5448 1996 5500; x_wconf 87' lang='lat' dir='ltr'><strong>nulla</strong></span> <span class='ocrx_word' id='word_1_961' title='bbox 2026 5448 2165 5500; x_wconf 88' lang='lat' dir='ltr'><strong>enim</strong></span> <span class='ocrx_word' id='word_1_962' title='bbox 2189 5447 2326 5515; x_wconf 90' lang='lat' dir='ltr'><strong>apud</strong></span> <span class='ocrx_word' id='word_1_963' title='bbox 2353 5444 2625 5501; x_wconf 88' lang='lat' dir='ltr'><strong>veritatem</strong></span> <span class='ocrx_word' id='word_1_964' title='bbox 2651 5445 2949 5510; x_wconf 81' lang='lat' dir='ltr'><strong>simulatio;</strong></span> <span class='ocrx_word' id='word_1_965' title='bbox 2978 5444 3069 5498; x_wconf 89' lang='lat' dir='ltr'><strong>sed</strong></span> <span class='ocrx_word' id='word_1_966' title='bbox 3094 5442 3235 5496; x_wconf 89' lang='lat' dir='ltr'><strong>aliud</strong></span> <span class='ocrx_word' id='word_1_967' title='bbox 3257 5444 3429 5513; x_wconf 76' lang='lat' dir='ltr'><strong>digni-</strong></span> 
     </span>
    </p>
   </div>
   <div class='ocr_carea' id='block_1_118' title="bbox 1857 5532 3424 5602">
    <p class='ocr_par' dir='ltr' id='par_1_118' title="bbox 1857 5532 3424 5602">
     <span class='ocr_line' id='line_1_118' title="bbox 1857 5532 3424 5602; baseline 0 -13"><span class='ocrx_word' id='word_1_968' title='bbox 1857 5539 1946 5589; x_wconf 87' lang='lat' dir='ltr'><strong>tati</strong></span> <span class='ocrx_word' id='word_1_969' title='bbox 1978 5540 2243 5602; x_wconf 88' lang='lat' dir='ltr'><strong>convenit,</strong></span> <span class='ocrx_word' id='word_1_970' title='bbox 2277 5538 2417 5592; x_wconf 90' lang='lat' dir='ltr'><strong>aliud</strong></span> <span class='ocrx_word' id='word_1_971' title='bbox 2449 5539 2777 5592; x_wconf 88' lang='lat' dir='ltr'><strong>incarnatum</strong></span> <span class='ocrx_word' id='word_1_972' title='bbox 2801 5536 2973 5591; x_wconf 86' lang='lat' dir='ltr'><strong>decet.</strong></span> <span class='ocrx_word' id='word_1_973' title='bbox 3021 5532 3130 5588; x_wconf 90' lang='lat' dir='ltr'><strong>Cur</strong></span> <span class='ocrx_word' id='word_1_974' title='bbox 3170 5548 3297 5602; x_wconf 86' lang='lat' dir='ltr'><strong>ergo</strong></span> <span class='ocrx_word' id='word_1_975' title='bbox 3340 5533 3424 5589; x_wconf 90' lang='lat' dir='ltr'><strong>in-</strong></span> 
     </span>
    </p>
   </div>
   <div class='ocr_carea' id='block_1_119' title="bbox 1855 5626 3429 5698">
    <p class='ocr_par' dir='ltr' id='par_1_119' title="bbox 1855 5626 3429 5698">
     <span class='ocr_line' id='line_1_119' title="bbox 1855 5626 3429 5698; baseline 0.001 -18"><span class='ocrx_word' id='word_1_976' title='bbox 1855 5627 2072 5683; x_wconf 85' lang='lat' dir='ltr'><strong>sulllasti</strong></span> <span class='ocrx_word' id='word_1_977' title='bbox 2103 5629 2151 5681; x_wconf 94' lang='lat' dir='ltr'><strong>in</strong></span> <span class='ocrx_word' id='word_1_978' title='bbox 2178 5629 2343 5685; x_wconf 82' lang='lat' dir='ltr'><strong>facies</strong></span> <span class='ocrx_word' id='word_1_979' title='bbox 2369 5628 2769 5698; x_wconf 80' lang='lat' dir='ltr'><strong>apostolorum?</strong></span> <span class='ocrx_word' id='word_1_980' title='bbox 2815 5626 2897 5681; x_wconf 83' lang='lat' dir='ltr'><strong>Me</strong></span> <span class='ocrx_word' id='word_1_981' title='bbox 2924 5626 3221 5695; x_wconf 88' lang='lat' dir='ltr'><strong>oportebat,</strong></span> <span class='ocrx_word' id='word_1_982' title='bbox 3254 5626 3429 5697; x_wconf 90' lang='lat' dir='ltr'><strong>inquit</strong></span> 
     </span>
    </p>
   </div>
   <div class='ocr_carea' id='block_1_120' title="bbox 1856 5718 3428 5791">
    <p class='ocr_par' dir='ltr' id='par_1_120' title="bbox 1856 5718 3428 5791">
     <span class='ocr_line' id='line_1_120' title="bbox 1856 5718 3428 5791; baseline -0.001 -16"><span class='ocrx_word' id='word_1_983' title='bbox 1856 5719 2123 5785; x_wconf 83' lang='lat' dir='ltr'><strong>Servatur,</strong></span> <span class='ocrx_word' id='word_1_984' title='bbox 2155 5730 2429 5791; x_wconf 89' lang='lat' dir='ltr'><strong>postquam</strong></span> <span class='ocrx_word' id='word_1_985' title='bbox 2458 5736 2523 5777; x_wconf 84' lang='lat' dir='ltr'><strong>ex</strong></span> <span class='ocrx_word' id='word_1_986' title='bbox 2552 5719 2772 5776; x_wconf 91' lang='lat' dir='ltr'><strong>mortuis</strong></span> <span class='ocrx_word' id='word_1_987' title='bbox 2797 5732 3211 5784; x_wconf 79' lang='lat' dir='ltr'><strong>resurrexeram,</strong></span> <span class='ocrx_word' id='word_1_988' title='bbox 3240 5718 3428 5790; x_wconf 87' lang='lat' dir='ltr'><strong>primi-</strong></span> 
     </span>
    </p>
   </div>
  </div>
