3976 6218
601 351 712 406 507

598 456 697 508 tias
723 454 842 509 vita:
881 453 1076 510 mundo
1103 455 1300 527 largiri.
1346 455 1478 523 Quia
1517 455 1659 512 enim
1697 456 1861 510 Adam
1904 453 2156 509 formatus

592 555 868 618 acceperat
909 547 1227 616 spiraculum
1264 548 1385 601 vitai
1428 547 1724 619 (lnspiravit
1767 548 1897 601 enim
1931 546 2067 599 Deus
2105 547 2156 599 in

594 638 772 706 facient
800 639 981 693 Adami
999 680 1013 702 ,
1043 651 1089 693 et
1116 641 1277 711 factus
1305 650 1374 694 est
1403 641 1456 694 in
1483 642 1702 693 animam
1741 642 1978 694 viventem
2005 636 2153 710 [Gem

592 729 645 780 2.
674 727 727 800 7]
747 724 789 799 ),
821 727 871 781 id
900 727 1041 797 quod
1071 727 1158 782 ille
1184 738 1456 798 acceptum
1487 728 1735 798 perdidit,
1765 729 1864 782 hoc
1891 743 1989 796 ego
2021 743 2156 796 pra:-

593 833 715 874 sens
741 834 952 876 revoco.
987 819 1214 888 Lapsum
1244 821 1408 890 erigo,
1438 829 1739 887 corruptum
1768 834 1985 881 renovo,
2015 833 2157 870 mor-

596 921 743 965 tuum
776 909 1002 964 viviﬁco.
1049 910 1221 965 Testis
1247 919 1327 964 est
1357 910 1733 963 incarnationis
1771 908 2027 978 proliheta
2073 907 2158 960 ille

592 999 680 1066 qui
707 1014 876 1055 meam
909 999 1318 1054 insumationem
1338 998 1658 1067 przedicavit.
1685 999 1750 1052 Et
1769 999 1884 1067 quis
1904 995 2156 1064 propheta

594 1087 937 1142 cxclamando
960 1089 1093 1144 hanc
1113 1099 1346 1142 sanctam
1376 1087 1780 1142 insufﬂationem
1810 1087 2159 1156 prmnuntiat?

596 1175 753 1242 Audi,
788 1178 972 1246 inquit,
1003 1177 1313 1246 prephetam
1341 1193 1405 1233 ex
1437 1178 1539 1231 illis
1559 1176 1838 1232 duodecim
1860 1177 1942 1229 cui
1967 1191 2156 1228 nomen

593 1261 1100 1323 Nahunndieentem
1118 1281 1132 1318 :
1151 1265 1388 1329 Cclebra,
1406 1265 1570 1334 Juda,
1593 1270 1720 1337 festa
1743 1274 1851 1330 tua,
1876 1266 2028 1317 redde
2053 1265 2157 1318 Deo

595 1365 708 1406 vota
733 1363 842 1410 tua.
881 1352 1000 1406 Non
1041 1356 1260 1421 amplius
1297 1358 1533 1428 adjicient
1571 1359 1736 1410 venire
1771 1357 1840 1410 ad
1871 1366 2158 1410 uetustatem

596 1442 849 1512 (Nonum.
878 1445 928 1500 1.
961 1445 1070 1515 15).
1097 1445 1272 1499 Prima
1303 1447 1390 1499 illa
1419 1445 1772 1500 Consuntmata
1795 1457 1932 1512 sunt,
1958 1449 2154 1516 inquit;

598 1532 716 1587 Non
736 1535 948 1602 amplius
975 1534 1211 1604 adjicient
1239 1535 1404 1589 venire
1422 1537 1488 1588 ad
1509 1546 1812 1591 vetustatem.
1845 1538 2040 1592 Novam
2071 1539 2158 1593 ille

594 1624 817 1692 gratiam
858 1626 1164 1690 annuntiat,
1188 1625 1307 1696 quia
1339 1635 1515 1680 vetera
1541 1627 1811 1680 desierunt
1838 1645 1850 1679 :
1885 1644 2018 1682 nova
2057 1628 2158 1683 ﬁo-

597 1725 735 1768 rent.
764 1715 967 1768 Celebre
996 1718 1122 1786 [esto
1144 1726 1246 1771 tua.
1275 1715 1381 1771 Cur
1409 1717 1554 1776 dicit.
1580 1717 1822 1771 Celebre!
1843 1718 1975 1786 Quia
2004 1719 2054 1772 in
2079 1721 2156 1772 fe-

596 1814 679 1860 sto
711 1805 924 1861 Pascha:
955 1810 1268 1863 resurrectio
1299 1807 1470 1864 futura
1502 1819 1631 1863 erat.
1681 1808 1911 1874 Celebra,
1953 1811 2154 1880 inquit,

595 1896 753 1961 Juda,
785 1899 910 1966 [esto
937 1907 1041 1963 tua,
1070 1899 1222 1953 redde
1258 1899 1366 1954 Deo
1393 1910 1503 1954 vota
1532 1911 1637 1955 tua.
1673 1901 1793 1955 Non
1823 1903 2039 1972 amplius
2063 1904 2157 1955 ad-

587 1987 765 2056 jicient
790 1988 952 2040 venire
973 1987 1041 2040 ad
1064 1998 1386 2050 vetustatem;
1425 2001 1764 2046 consummata
1788 2001 1938 2056 sunt,
1963 1992 2158 2046 sublata

595 2086 732 2142 sunt,
767 2077 815 2132 id
845 2087 951 2142 est,
977 2079 1143 2146 prima
1183 2079 1341 2134 ﬁnem
1384 2080 1595 2134 habent.
1640 2080 1747 2136 Cur
1788 2083 1951 2150 prima
1998 2084 2155 2137 tinem

600 2164 831 2219 habent?
858 2165 1091 2220 Ascendit
1117 2169 1256 2230 enim
1284 2169 1346 2222 de
1373 2179 1504 2223 terra
1519 2172 1608 2239 qui
1627 2169 1886 2241 insufflauit
1907 2173 1956 2224 in
1981 2174 2157 2242 faciem

597 2265 753 2320 tuam,
786 2265 836 2310 et
857 2273 919 2310 ea;
945 2259 1080 2311 omni
1108 2259 1371 2329 afﬂictione
1400 2261 1620 2317 liberavit
1644 2264 1661 2330 (
1685 2261 1826 2316 Noli.
1851 2263 1906 2316 ἓ.
1931 2265 1953 2316 1
1979 2264 2022 2332 ).
2052 2263 2156 2318 Sed

595 2343 661 2397 ad
704 2361 816 2398 rem
860 2346 1047 2401 iterum
1089 2349 1388 2414 redeamus,
1430 2349 1666 2416 Celebre,
1692 2349 1866 2416 Juda,
1894 2353 2023 2420 festa
2047 2363 2154 2417 tua,

596 2436 748 2489 redde
775 2435 884 2489 Deo
915 2447 1027 2489 vota
1064 2447 1172 2493 tua.
1216 2437 1338 2492 Non
1377 2441 1594 2507 amplius
1635 2442 1871 2509 adjicient
1905 2443 2069 2494 venire
2091 2443 2158 2494 ad

595 2535 900 2580 vetustatem.
931 2526 1181 2593 Quaenam
1209 2526 1378 2582 festa?
1407 2529 1496 2583 llla
1527 2530 1668 2584 enim
1694 2539 1868 2584 vetera
1901 2545 2155 2584 novorum

597 2617 874 2686 imaginem
904 2617 1156 2672 ferebant.
1174 2617 1344 2672 Prima
1371 2618 1484 2673 dies
1498 2621 1839 2690 Azymorum,
1861 2637 1978 2689 qua:
2003 2635 2156 2675 accu-

598 2720 709 2763 rate
730 2709 1120 2777 explorantihns
1139 2711 1308 2780 imago
1329 2712 1590 2779 passionis
1611 2724 1710 2767 eSt.
1737 2711 1864 2766 Post
1883 2712 2019 2766 hanc
2043 2712 2155 2766 dies

599 2799 956 2860 Pentecostes,
985 2814 1100 2866 qua:
1122 2799 1293 2868 imago
1314 2808 1368 2854 et
1388 2801 1499 2868 ipsa
1521 2801 1617 2853 fuit
1637 2801 1895 2854 adventus
1920 2803 2084 2856 sancti
2105 2813 2158 2856 et

596 2886 846 2940 adorandi
899 2886 1144 2955 Spiritus.
1193 2886 1406 2942 Festum
1459 2889 1971 2954 Tabernaculorum,
2017 2890 2154 2958 quod

598 2978 768 3047 imago
791 2977 1243 3033 tabernaculorum
1271 2979 1561 3034 caelestium
1588 2988 1719 3032 erat.
1754 2979 1884 3034 ilinc
1907 2980 2161 3034 Dominus

596 3066 962 3122 demonstrare
985 3069 1204 3134 volens,
1232 3068 1653 3139 quandoquidem
1697 3069 1783 3123 illa
1821 3069 2158 3125 tabernacula

598 3163 934 3226 temporanea
961 3166 1079 3211 sunt
1103 3197 1117 3220 ,
1157 3173 1276 3213 esse
1302 3158 1389 3214 illa
1419 3158 1632 3228 figuram
1659 3159 1946 3212 futurorum
1980 3161 2155 3214 taber-

597 3247 924 3310 naculorum,
951 3246 1156 3300 dicebat
1176 3247 1423 3302 divitibus
1443 3248 1596 3316 hujus
1621 3249 1800 3302 mundi
1833 3265 1849 3301 :A
1874 3247 2044 3302 Facite
2068 3265 2157 3301 ro-

594 3335 668 3388 bis
692 3335 878 3388 amicos
901 3351 962 3388 ea:
989 3351 1270 3389 mammona
1295 3336 1588 3404 iniquitatis,
1619 3346 1672 3388 ut
1699 3353 1811 3389 cum
1841 3338 2117 3404 defeceritis
2140 3379 2154 3402 ,

593 3427 836 3495 recipiant
857 3443 942 3480 vos
961 3428 1012 3479 in
1036 3436 1222 3480 (eterna
1251 3428 1570 3480 tabernacula
1599 3426 1742 3495 (Luc.
1775 3428 1859 3482 16.
1887 3427 1967 3497 9).
1996 3428 2155 3482 Tem-

594 3527 823 3582 poranea
872 3512 1030 3581 igitur
1075 3512 1412 3566 tabernacula
1452 3523 1769 3567 aternorum
1797 3515 1958 3582 ﬁgura
1987 3514 2157 3568 taber-

595 3603 900 3656 naculorum
950 3612 1120 3656 erant.
1166 3602 1422 3668 Quoniam
1467 3618 1593 3672 ergo
1631 3603 1827 3658 Christi
1861 3605 2154 3659 teconomia

595 3706 689 3745 seu
738 3691 1025 3744 incarnatio
1068 3703 1273 3748 veteres
1319 3693 1511 3760 ﬁguras
1556 3693 1821 3762 implebat,
1861 3708 2156 3763 novamque

596 3780 737 3833 illam
776 3781 995 3849 gratiam
1036 3780 1313 3836 florentem
1361 3783 1644 3846 reddebat,
1693 3785 1854 3852 probe
1899 3785 2153 3853 propheta

595 3870 908 3939 praenuntiat
936 3871 1116 3925 dicens
1140 3890 1153 3924 :
1174 3871 1396 3936 Celebre,
1419 3873 1450 3924 .l
1459 3874 1576 3938 uda,
1600 3874 1727 3942 festa
1745 3884 1850 3938 tua,
1878 3876 2029 3927 redde
2049 3874 2154 3927 Deo

592 3969 704 4010 rota
729 3968 851 4021 tua;
890 3958 938 4012 id
978 3961 1237 4028 significat
1268 3961 1412 4022 illud,
1439 3960 1559 4014 Non
1593 3963 1811 4031 amplius
1839 3964 2074 4032 adjicient
2102 3974 2154 4015 ut

592 4049 785 4103 veniant
825 4048 890 4100 ad
923 4057 1229 4104 uetustatem.
1257 4048 1524 4105 Renovata
1551 4060 1671 4104 sunt
1691 4052 1828 4106 enim
1856 4061 2031 4108 Vetera
2060 4069 2154 4122 per

589 4141 830 4210 gratiam,
856 4138 1206 4194 Consummata
1231 4150 1362 4204 sunt,
1385 4141 1578 4194 sublata
1597 4151 1731 4197 sunt.
1754 4144 1988 4196 Ascendit
2008 4145 2149 4199 enim

589 4244 651 4282 ea;
675 4238 803 4280 terra
828 4228 911 4295 qui
931 4227 1141 4296 insumat
1182 4229 1235 4280 in
1259 4228 1438 4297 [aciem
1483 4239 1638 4293 tuam,
1662 4240 1707 4284 et
1733 4233 1816 4301 qui
1847 4243 1892 4285 te
1916 4249 1978 4286 ea:
2014 4251 2148 4288 atru-

591 4321 720 4372 nmis
745 4319 909 4387 eripit.
935 4318 1221 4373 AtNahum
1249 4320 1499 4387 prepheta
1527 4321 1805 4374 Dominum
1832 4325 2052 4391 gratiam
2073 4325 2152 4377 in-

588 4411 877 4478 spirantem
902 4408 995 4463 tibi
1022 4409 1161 4463 unde
1187 4409 1453 4474 exhibuit;
1487 4410 1646 4466 Isaias
1666 4421 1842 4466 autem
1870 4413 1973 4466 alio
1993 4413 2152 4468 modo

591 4517 710 4554 eum
736 4501 823 4569 qui
853 4516 917 4554 ex
940 4500 1162 4554 mortuis
1181 4502 1408 4555 surrexit
1431 4511 1485 4556 et
1511 4501 1760 4570 Spiritum
1781 4513 2022 4558 sanctum
2042 4507 2151 4561 suis

588 4590 854 4658 elargitur,
883 4590 1201 4660 praenuntiat
1232 4589 1312 4643 his
1341 4591 1518 4645 verbis
1545 4609 1558 4643 :
1592 4590 1903 4646 Recordams
1937 4604 2008 4646 est
2041 4596 2149 4647 die-

588 4695 700 4732 rum
724 4689 1022 4732 internarum
1067 4681 1151 4748 qui
1205 4680 1375 4733 eduxit
1408 4682 1470 4735 de
1507 4691 1638 4734 terra
1675 4693 1922 4750 pastorem
1957 4685 2144 4738 ovium.

587 4769 654 4822 Et
677 4769 793 4822 loco
815 4767 973 4836 illius,
1003 4768 1278 4839 lusu/ﬂavit
1297 4771 1350 4822 in
1373 4771 1551 4839 faciem
1589 4789 1780 4837 eorum,
1807 4775 1981 4827 statim
2014 4775 2145 4828 sub-

582 4858 793 4923 junxit:
823 4857 919 4922 Qui
947 4858 1112 4924 posuit
1137 4858 1189 4909 in
1215 4860 1282 4912 eis
1311 4858 1558 4927 Spiritum
1582 4873 1808 4914 sanctum
1837 4863 1855 4933 (
1887 4863 2011 4916 lsai.
2057 4865 2145 4919 63.

586 4947 647 4999 11
676 4943 716 5015 ).
751 4945 936 4998 Divina
979 4945 1223 5016 dignitas,
1254 4947 1428 5001 divina
1457 4952 1790 5018 nuncupatio,
1821 4954 1960 5021 regia
1988 4954 2147 5022 maje-

584 5046 728 5099 stas,
776 5036 1082 5091 intemerata
1127 5037 1327 5108 gloria,
1371 5038 1914 5108 incomprehensibilis
1961 5045 2144 5112 virtus,

584 5127 673 5195 qui
701 5141 818 5180 cum
851 5125 1003 5180 Patre
1025 5127 1447 5196 conglorificatur
1467 5171 1480 5195 ,
1512 5145 1628 5183 cum
1657 5130 1788 5184 Filio
1813 5143 2027 5202 regnat,
2056 5136 2143 5203 qui

584 5225 834 5282 operatur
871 5216 1066 5282 omnia,
1109 5227 1162 5271 et
1201 5217 1374 5272 divina
1421 5235 1636 5273 munera
1678 5222 1896 5290 singulis
1935 5222 2141 5289 dividit,

584 5313 740 5372 prout
767 5305 898 5358 vult.
922 5304 1046 5360 Haec
1069 5306 1204 5361 bene
1226 5308 1351 5361 novi
1376 5308 1624 5364 Ecclesiae
1650 5308 1968 5366 domesticos
1989 5313 2144 5367 robo-

583 5411 724 5460 rare,
757 5395 1104 5466 mordereque
1129 5412 1190 5452 ac
1215 5398 1545 5468 disrumpere
1566 5401 1802 5455 inimicos
1824 5402 1959 5469 ejus,
1977 5406 2144 5457 maxi-

581 5501 771 5555 meque
817 5487 914 5555 pia:
955 5489 1224 5558 religionis
1260 5490 1455 5553 hostes,
1489 5493 1576 5560 qui
1605 5507 1725 5546 cum
1750 5493 1904 5546 Patre
1929 5503 1981 5547 et
2009 5495 2140 5549 Filio

581 5576 977 5644 conglorilieare
1012 5577 1264 5650 Spiritum
1313 5591 1550 5635 sanctum
1599 5593 1862 5638 recusant.
1903 5583 1949 5639 Ο
1979 5587 2141 5639 mise-

584 5667 749 5723 riam!
780 5666 854 5722 Ne
882 5681 942 5722 ea
969 5667 1180 5738 quidem
1207 5683 1323 5734 qua:
1348 5669 1520 5725 sortiti
1548 5681 1667 5725 sunt
1697 5671 1814 5741 ipsi,
1839 5672 2016 5726 volunt
2048 5675 2140 5728 tri-

2024 338 2384 399 SEVERIANI

3733 355 3839 410 508

2267 453 2427 507 buere
2453 452 2670 521 Spiritui
2697 464 2902 511 sancto.
2933 456 3215 525 Apostolus
3243 465 3414 512 autem
3441 458 3507 514 de
3534 474 3594 515 se
3613 502 3626 524 ,
3659 460 3831 528 dequo

2265 543 2345 596 sui
2371 543 2628 599 similibus
2658 546 2885 609 dicebat,
2917 545 2978 601 Si
2996 551 3345 616 compatimur,
3369 551 3514 601 etiam
3539 552 3825 621 congloriﬁ-

2265 635 2489 687 cabimur
2532 634 2718 704 (Rom.
2756 636 2810 690 8.
2840 637 2964 706 17).
3013 638 3205 691 Paulus
3240 637 3666 705 congloriﬁcatur
3709 655 3823 694 eum

2267 722 2378 776 Deo
2397 764 2410 788 ,
2441 733 2492 776 et
2518 724 2739 792 Spiritus
2766 741 2871 779 non
2899 727 3356 795 congioriﬁeatnr?
3381 729 3616 782 Mortalis
3642 741 3821 784 natura

2266 811 2317 863 in
2344 819 2542 864 tantam
2569 815 2939 868 sublimitatem
2965 817 3224 881 evehitur,
3258 826 3314 870 nt
3333 833 3453 870 cum
3480 820 3694 872 Christo
3712 823 3822 888 gin-

2267 899 2516 958 riflcetur.
2547 911 2600 954 et
2624 903 2922 956 adorandus
2950 903 3194 972 Spiritus,
3221 921 3317 960 nec
3339 907 3521 959 iisdem
3553 907 3820 962 nobiscum

2265 990 2569 1046 muneribus
2608 992 2848 1047 fruetur?
2891 995 2964 1049 De
3003 997 3186 1051 iisdem
3231 997 3531 1052 hominibus
3575 1001 3647 1052 ait
3693 1001 3819 1055 idem

2265 1080 2552 1147 apostolus,
2579 1079 2639 1135 Si
2667 1085 3030 1152 compatimur,
3064 1096 3110 1137 et
3132 1090 3540 1157 conregnabimus
3573 1089 3593 1159 (
3609 1090 3662 1141 2.
3692 1089 3816 1145 Tim.

2263 1167 2316 1218 2.
2340 1165 2463 1235 i2);
2495 1177 2548 1222 et
2567 1167 2791 1238 Spiritus
2811 1184 3022 1228 sanctus
3046 1191 3147 1229 non
3176 1163 3412 1244 regnabit
3435 1193 3556 1231 eum
3584 1180 3819 1233 Christo?

2263 1257 2308 1310 0
2332 1258 2586 1326 ingratum
2609 1264 2838 1316 animum
2860 1265 2872 1317 l
2898 1281 2929 1317 ο
2952 1267 3204 1319 insaniam
3227 1269 3640 1322 intolerandam!
3663 1286 3821 1326 osen-

2267 1350 2479 1402 tentiam
2509 1351 2739 1418 impiam,
2753 1365 2805 1407 et
2824 1357 3082 1424 ingentem
3106 1358 3503 1425 blasphemiam,
3521 1361 3821 1429 plagamque

2265 1437 2639 1494 ineurabilem!
2691 1440 2796 1498 Nos
2850 1457 3216 1514 exspectamus
3263 1461 3680 1518 conregnaturos
3734 1469 3822 1506 nos

2264 1541 2409 1592 esse;
2431 1539 2483 1582 et
2503 1527 2752 1598 Spiritum
2773 1544 3006 1590 sanctum
3022 1537 3072 1589 in
3093 1538 3228 1591 servi
3242 1539 3478 1594 ordinem
3497 1541 3818 1609 redigemusl

2335 1619 2387 1672 6.
2432 1619 2557 1674 Haec
2602 1637 2758 1690 porro
2794 1627 3037 1685 dicimus.
3067 1629 3276 1696 fratres,
3304 1647 3406 1684 non
3434 1633 3578 1700 quod
3608 1634 3820 1701 Spiritus

2263 1718 2478 1763 sanctus
2507 1709 2576 1764 ita
2606 1712 2794 1768 debeat
2819 1730 2936 1770 cum
2966 1718 3174 1774 Christo
3199 1722 3609 1789 congloriﬁeari.
3644 1736 3698 1778 ut
3734 1741 3822 1780 nos

2263 1799 2756 1870 congloriﬁcamur,
2795 1806 2887 1860 sed
2920 1819 2973 1860 ut
3006 1809 3327 1877 impietatem
3366 1827 3549 1866 eorum
3587 1815 3820 1870 confute-

2264 1900 2403 1949 mus,
2431 1888 2520 1955 qui
2551 1906 2648 1944 nec
2678 1899 2878 1946 tantum
2909 1896 3118 1962 quidem
3146 1899 3241 1966 ipsi
3271 1901 3502 1955 tribuere
3526 1903 3817 1971 dignantur.

2265 1975 2526 2049 Propitius
2569 1981 2643 2036 sis
2690 1984 2841 2037 nobis
2859 2026 2871 2050 ,
2918 1987 3156 2053 Domine,
3184 1991 3320 2044 circa
3345 2007 3404 2046 ea
3432 2009 3549 2060 qua:
3577 1997 3816 2052 diximus.

2263 2065 2410 2122 Licet
2443 2074 2582 2124 enim
2615 2072 2894 2142 impiorum
2933 2077 3070 2132 dicta
3107 2080 3415 2148 simpliciter
3455 2093 3508 2137 et
3546 2087 3816 2140 verborum

2264 2165 2418 2212 tenus
2445 2168 2644 2214 tantum
2676 2176 2994 2232 repetamus,
3022 2177 3251 2224 attamen
3280 2187 3455 2236 nemo,
3486 2174 3698 2237 fratres,
3727 2193 3819 2243 pu-

2265 2253 2337 2299 tet
2379 2245 2502 2302 hinc
2544 2253 2913 2307 contumeliam
2944 2255 3157 2326 Spiritui
3197 2270 3380 2312 sancto
3425 2261 3641 2326 inferri,
3687 2266 3820 2333 quod

2262 2351 2444 2390 eorum
2468 2343 2799 2398 contumelia:
2839 2357 3164 2414 repetantur.
3197 2351 3317 2404 Illas
3341 2354 3482 2406 enim
3514 2356 3563 2406 in
3597 2356 3820 2408 medium

2265 2427 2582 2493 proferimus
2605 2471 2621 2495 ,
2655 2447 2758 2486 non
2783 2445 2840 2487 ut
2865 2436 3114 2503 impietati
3137 2442 3506 2505 assentiamur,
3539 2445 3632 2496 sed
3663 2454 3718 2497 ut
3741 2461 3821 2499 cr-

2265 2527 2438 2568 rorem
2483 2517 2840 2587 traducamus,
2881 2533 2934 2577 et
2976 2527 3180 2593 pietatis
3218 2530 3462 2584 alumnos
3487 2548 3515 2584 a
3548 2549 3703 2599 prava
3741 2537 3819 2589 illa

2263 2603 2501 2658 doctrina
2540 2618 2856 2664 avertamus.
2902 2613 3102 2666 Etenim
3141 2618 3395 2683 apostoli.
3429 2622 3516 2688 qui
3545 2621 3818 2676 Dominum

2262 2693 2527 2756 amabant,
2574 2705 2628 2749 ct
2673 2697 2788 2764 ejus
2832 2701 3156 2769 majestatem
3203 2705 3477 2771 viderant,
3524 2709 3820 2763 Judaeorum

2262 2784 2606 2836 contumelias
2648 2786 2699 2838 in
2745 2788 2908 2841 sacris
2938 2788 3231 2859 Evangeliis
3271 2795 3466 2849 referre
3493 2812 3595 2849 non
3623 2799 3822 2852 dnhita-

2263 2881 2402 2924 runt.
2436 2872 2612 2940 Itaque
2641 2877 2832 2944 scripta
2857 2879 2923 2932 ibi
2950 2892 3071 2934 sunt
3095 2899 3436 2953 (lu:I.‘Ctltltt]ue
3466 2889 3578 2941 ausi
3607 2903 3725 2944 sunt
3750 2894 3821 2945 illi

2263 2958 2328 3013 de
2359 2960 2570 3016 Christo
2597 2964 2792 3028 dicere,
2817 2969 2954 3036 quod
2989 2983 3233 3038 peccator
3259 2985 3431 3037 esset,
3461 2978 3598 3044 quod
3629 2994 3689 3031 ex
3721 2981 3822 3031 Deo

2263 3066 2365 3104 non
2392 3065 2552 3120 esset,
2581 3057 2822 3126 quodque
2847 3074 3024 3113 coram
3052 3077 3116 3116 eo
3139 3067 3247 3116 ausi
3280 3068 3384 3117 sint
3410 3066 3608 3132 dicere,
3642 3069 3822 3122 Sama-

2262 3145 2454 3195 ritanus
2479 3161 2530 3197 es
2553 3155 2625 3208 tu,
2650 3157 2695 3199 et
2716 3147 3013 3203 daemonium
3038 3152 3185 3206 habes
3212 3153 3386 3223 (Joan.
3411 3157 3462 3209 8.
3492 3157 3604 3226 48).
3633 3159 3819 3213 Verum

2263 3232 2528 3302 Scriptura
2580 3253 2682 3290 non
2734 3241 3018 3308 scriptores
3056 3257 3285 3311 accusat,
3332 3247 3424 3301 sed
3466 3249 3816 3318 blasphemos.

2261 3322 2395 3374 Audi
2444 3323 2669 3391 Spiritus
2714 3327 2819 3380 vim
2870 3338 2920 3382 et
2961 3330 3266 3396 efﬁcaciam,
3307 3335 3428 3388 audi
3464 3341 3817 3406 apostolorum

2263 3413 2463 3476 laudes,
2509 3430 2692 3470 eurum
2740 3433 2963 3488 sequere
3010 3423 3325 3492 doctrinam,
3371 3440 3576 3485 sectare
3619 3445 3817 3500 patrum

2263 3506 2517 3577 vestigia;
2549 3524 2614 3563 ne
2644 3524 2707 3563 ex
2739 3512 3076 3579 profanorum
3109 3520 3338 3587 vestigiis
3376 3521 3428 3574 in
3472 3539 3707 3579 errorem
3733 3527 3819 3581 de-

2260 3595 2507 3653 ducaris:
2540 3599 2849 3658 Trinitatem
2873 3605 3053 3672 adora,
3087 3608 3392 3665 Trinitatem
3421 3614 3682 3682 gloriﬁca,
3711 3618 3820 3671 Tri-

2262 3687 2475 3741 nitatem
2508 3691 2752 3761 prardica.
2785 3692 2858 3746 lta
2877 3696 3108 3749 sentiunt
3132 3700 3419 3767 prophetae,
3447 3704 3514 3755 ita
3541 3706 3818 3772 pandicant

2260 3780 2501 3846 apostoli,
2534 3782 2600 3834 ita
2629 3783 2848 3838 credunt
2875 3796 3152 3858 martyres.
3183 3791 3316 3844 Audi
3350 3792 3570 3847 Paulum
3599 3796 3819 3850 Trinita-

2263 3881 2364 3924 tem
2413 3873 2784 3940 prazdicantem
2815 3895 2826 3928 :
2860 3877 3140 3934 Divisiones
3185 3885 3460 3951 gratiarum
3497 3897 3649 3952 sunt,
3696 3891 3819 3942 idem

2260 3970 2424 4012 autem
2463 3961 2720 4029 Spiritus;
2767 3965 3030 4021 divisiones
3067 3971 3486 4025 ministrationum
3527 3987 3662 4038 sunt,
3695 3979 3819 4030 idem

2258 4060 2423 4103 autem
2450 4051 2729 4112 Dominus:
2755 4055 3016 4111 divisiones
3041 4061 3382 4125 operationum
3404 4073 3539 4124 sunt,
3561 4065 3692 4117 idem
3713 4082 3818 4119 vero

2259 4137 2414 4201 Deus,
2450 4140 2533 4208 qui
2576 4152 2810 4210 operatur
2853 4146 3018 4197 omnia
3064 4147 3115 4198 in
3155 4149 3380 4202 omnibus
3413 4151 3484 4218 (1.
3511 4152 3628 4205 Cor.
3658 4155 3736 4208 li.
3765 4157 3820 4208 6η

2258 4228 2333 4296 ϐ).
2380 4228 2488 4282 Cur
2527 4245 2629 4282 non
2680 4233 2860 4298 incipit
2889 4249 2916 4284 a
2949 4233 3138 4288 Patre?
3177 4252 3271 4288 cur
3310 4253 3414 4291 non
3465 4242 3636 4304 primo
3681 4245 3818 4296 illum

2261 4319 2525 4386 praedicat,
2557 4319 2747 4374 deinde
2775 4321 2985 4388 Filium,
3017 4327 3226 4378 demunt
3260 4326 3511 4395 Spiritum
3546 4336 3818 4385 sanctum?

2259 4409 2547 4464 lnvertisne
2589 4411 2863 4480 ordinem,
2898 4414 3090 4470 Paule?
3129 4427 3369 4472 mutasne
3411 4421 3647 4474 seriem?
3697 4423 3820 4476 Dum

2257 4501 2503 4554 Servatur
2543 4503 2612 4555 ita
2661 4503 2950 4568 tradiderit,
2984 4503 3047 4558 In
3075 4508 3274 4560 nomine
3298 4508 3489 4570 Patris,
3515 4521 3560 4562 et
3593 4509 3750 4576 Filii,
3777 4525 3818 4565 et

2259 4590 2478 4658 Spiritus
2504 4593 2662 4644 sancti
2693 4590 2902 4664 (Matth.
2931 4595 3019 4650 9.8.
3048 4595 3171 4665 19),
3203 4605 3326 4652 tune
3353 4599 3512 4652 solvis
3547 4602 3817 4668 theologia:

2258 4671 2465 4740 legem?
2510 4673 2701 4726 Verum
2742 4675 2878 4729 absit
2912 4692 2978 4731 ne
3013 4678 3135 4746 qttid
3165 4680 3265 4733 tale
3293 4696 3535 4748 umquam
3568 4682 3633 4736 de
3665 4684 3817 4736 Paulo

2255 4765 2565 4833 cogitemus.
2615 4763 2837 4819 Sanctus
2880 4767 3019 4821 enim
3064 4767 3152 4824 ille
3190 4779 3243 4824 et
3275 4771 3599 4827 admirabilis
3624 4790 3814 4843 pra-co.

2258 4852 2357 4907 hoc
2384 4853 2547 4922 probe
2574 4865 2824 4919 noverat,
2857 4871 2915 4909 se
2944 4857 3146 4911 etiamsi
3175 4859 3398 4925 Spiritus
3430 4863 3601 4928 primo
3631 4866 3816 4916 menti-

2256 4943 2414 4996 uisset
2439 4982 2454 5006 ,
2485 4943 2825 4997 nihilominus
2854 4945 3166 5016 theologiam
3194 4948 3408 5001 illiesam
3441 4964 3656 5006 servare
3680 4993 3693 5014 ,
3727 4967 3816 5004 ne-

2253 5049 2356 5101 que
2383 5033 2717 5088 inconlusam
2761 5043 2998 5089 naturam
3037 5037 3351 5090 contumelia
3393 5037 3606 5092 afﬁcere
3650 5056 3818 5109 neque

2255 5123 2489 5177 dividere
2542 5123 2910 5178 indivisibilem
2960 5127 3287 5193 dignitatem.
3347 5125 3600 5194 Spiritum
3651 5130 3819 5197 primo

2254 5223 2551 5277 memorat,
2601 5225 2661 5267 ut
2711 5215 2982 5279 ostendat,
3029 5216 3318 5285 Spiritum,
3370 5217 3470 5270 etsi
3521 5229 3817 5286 postremus

2252 5305 2546 5375 scribatur,
2603 5318 2707 5356 non
2755 5304 2875 5356 hinc
2925 5305 3166 5357 ultimum
3199 5314 3252 5358 et
3293 5319 3611 5373 postremum
3657 5307 3812 5362 efﬁci.

2249 5396 2381 5462 Quia
2425 5396 2562 5448 enim
2607 5395 2678 5446 illi
2723 5409 2878 5462 prave
2929 5395 3339 5462 interpretantur
3379 5411 3483 5451 non
3526 5411 3816 5448 commme-

2250 5495 2445 5549 rantes,
2477 5484 2567 5538 sed
2625 5485 2904 5554 posteriori
2950 5485 3133 5536 ordine
3179 5497 3514 5538 numerantes
3555 5495 3671 5554 post
3723 5487 3815 5539 Pa-

2249 5588 2380 5630 trem
2431 5576 2616 5629 Filium
2646 5617 2658 5636 .
2712 5584 2829 5644 post
2874 5575 3059 5628 Filium
3097 5575 3345 5644 Spiritum
3382 5585 3618 5633 sanctum
3669 5579 3816 5645 (pri-

2249 5686 2364 5724 mus
2391 5669 2550 5735 enim.
2583 5675 2748 5734 alunt,
2779 5666 2953 5734 Pater,
2982 5667 3240 5722 secundus
3271 5667 3456 5733 Filius,
3489 5667 3676 5723 tertius
3702 5666 3820 5744 Spit.
