3976 6218
186 329 301 383 507

177 437 286 506 γὰρ
317 433 486 504 ’Δδάμ
508 431 761 496 πλασθεὶς
781 433 969 487 ἐλαϐεν
989 433 1286 504 ἐμφύσημα
1301 435 1441 504 ζωῆς
1468 437 1742 504 (Ἑνεφύ-

173 538 336 590 σησε
359 522 467 591 γὰρ
502 524 535 575 ό
571 520 710 587 Θεὸς
744 523 830 586 εἰς
857 521 920 575 τὸ
943 522 1264 589 πρόσωπον
1282 523 1390 576 τοῦ
1424 523 1612 591 Ἀδὰμ,
1643 523 1739 576 καί

173 606 411 676 ἐγένετο
424 607 511 669 είς
524 603 736 672 ψυχὴν
755 603 989 672 ζῶσαν),
1006 605 1034 657 δ
1054 604 1232 658 λαϐὼν
1248 607 1450 667 ἐκεῖνος
1472 605 1739 670 ἀπώλεσε,

173 687 335 740 τοῦτο
375 686 564 755 παρὼν
623 685 1012 756 ἁνακαλοῦμαι.
1077 687 1304 755 Ἐγείρω
1350 687 1440 739 τὸν
1489 687 1740 748 πεσόντα,

174 768 504 832 ἀνακαινίζω
535 769 625 820 τὸν
654 768 950 839 φθαρέντα,
989 767 1234 831 ζωοποιῶ
1265 769 1356 821 τὸν
1379 769 1738 838 νεκρωθὲντα.

175 853 459 921 Μαρτυρεί
487 867 588 918 μου
622 853 688 921 τῇ
723 850 1001 922 οἰκονομίᾳ
1029 852 1122 903 καὶ
1163 854 1190 904 6
1232 853 1510 920 προφήτης
1543 850 1744 918 βοήσας

177 950 282 1003 μου
326 933 423 1002 τὴν
461 931 785 1002 ἐμφύσησιν.
837 933 944 984 Καὶ
988 933 1074 994 τίς
1109 935 1136 985 6
1183 933 1426 984 ἀναϐοῶν
1460 933 1742 1001 προφήτης

175 1016 556 1082 προαναφωνεί
582 1012 676 1084 τὴν
713 1013 871 1081 ἁγίαν
907 1014 1108 1083 ταύτην
1142 1013 1484 1083 ἐμφύσησιν;
1523 1015 1741 1073 Ἄκουε,

175 1096 330 1165 φησί,
378 1095 472 1147 τοῦ
521 1097 796 1166 προφήτου
842 1096 1088 1162 λέγοντος
1133 1099 1190 1148 ἐν
1230 1099 1339 1158 τοῖς
1391 1095 1739 1148 δυοκαίδεκαο

173 1177 369 1246 Ναοὺμ
384 1177 440 1229 δέ
460 1176 630 1246 τούτῳ
649 1177 816 1245 ὄνομα
833 1195 845 1208 ·
874 1177 1155 1245 Ἐόρταζε,
1181 1177 1399 1237 Ἰούδα,
1420 1176 1523 1241 τὰς
1537 1175 1743 1243 ἑορτάς

174 1276 313 1323 σου,
351 1259 576 1325 ἀπόδος
615 1257 692 1323 τῷ
733 1259 854 1324 Θεῷ
879 1262 985 1326 τὰς
1013 1261 1197 1328 εὐχάς
1223 1275 1359 1313 σου.
1403 1260 1610 1312 Οὐκέτι
1657 1258 1741 1326 μὴ

175 1340 524 1409 προσθῶσιν
563 1341 761 1395 ἐλθεῖν
800 1343 947 1409 πρὸς
988 1345 1350 1396 παλαίωσιν·
1395 1341 1745 1396 συντετέλε-

177 1440 317 1478 σται
350 1424 418 1476 τὰ
464 1424 675 1494 πρῶτα,
719 1425 910 1494 φησίνο
957 1425 1152 1479 οὐκέτι
1186 1427 1256 1479 οὐ
1280 1425 1364 1494 μὴ
1400 1423 1746 1493 προσθῶσιν

177 1506 379 1560 ἐλθεῖν
401 1507 550 1573 ⁴πρὸς
579 1508 930 1560 παλαίωσιν.
963 1509 1070 1576 Τὴν
1106 1509 1296 1578 καινὴν
1333 1509 1488 1577 χάριν
1521 1507 1746 1572 εύαγγε·

178 1589 404 1654 λίζεται,
437 1591 518 1642 ὅτι
555 1590 618 1641 τὰ
657 1589 856 1642 παλαιὰ
893 1589 1184 1650 πέπαυται,
1221 1591 1288 1642 τά
1334 1591 1429 1641 νέα
1473 1588 1742 1642 ἀνθοῦσιν.

187 1669 446 1737 Έόρταζε
473 1671 577 1736 τὰς
609 1671 818 1738 ἑορτάς
855 1687 991 1725 σου.
1021 1671 1118 1724 Διά
1158 1672 1228 1730 τί.
1273 1672 1616 1738 Ἐόρτασον,
1639 1669 1748 1718 ὀνο-

182 1752 374 1820 μάζεις
417 1753 630 1822 Ἐπειδὴ
669 1756 725 1805 ἐν
769 1757 834 1823 τῇ
883 1755 1042 1823 ἑορτῇ
1089 1754 1182 1805 τοῦ
1226 1754 1414 1820 Πάσχα
1456 1751 1744 1808 ἀνάστασις

176 1834 409 1902 ἦμελλεν
455 1834 701 1903 ἀνθῆσαι,
765 1834 1058 1901 Ἑόρταζε,
1108 1834 1305 1903 φησὶν,
1368 1831 1582 1890 Ἰούδα,
1642 1831 1748 1893 τὰς

175 1914 386 1983 ἐορτάς
441 1931 578 1977 σου,
624 1914 847 1980 ἀπόδος
896 1914 976 1979 τῷ
1037 1916 1155 1979 Θεῷ
1214 1915 1320 1980 τὰς
1383 1913 1568 1982 εὐχάς
1607 1928 1742 1964 σου.

180 1999 389 2052 οὐκέτι
438 1999 523 2066 μὴ
580 1996 926 2066 προσθῶσιν
979 1999 1175 2053 ἐλθεῖν
1231 2003 1317 2063 είς
1381 1999 1742 2050 παλαίωσιν

173 2081 656 2138 συντετέλεσται.
687 2081 925 2147 ἐξῆρται
946 2098 958 2110 °
989 2083 1250 2141 τουτέστι,
1283 2081 1349 2132 τά
1380 2079 1570 2147 πρῶτα
1597 2077 1747 2139 τέλος

175 2161 311 2231 εχει.
347 2163 454 2215 Καὶ
485 2161 572 2213 διὰ
613 2163 662 2215 τί
694 2164 842 2224 τέλος
873 2164 983 2233 ἔχει
1025 2165 1090 2216 τά
1123 2163 1348 2234 πρῶτα;
1400 2162 1595 2226 Ἀνέϐη
1640 2160 1747 2226 γὰρ

173 2245 244 2297 ἐκ
275 2243 384 2311 τῆς
420 2243 532 2310 τῆς
560 2248 591 2297 o'
614 2244 901 2312 ἐμφυσῶν
922 2249 1009 2311 εἰς
1041 2246 1105 2298 τὸ
1135 2246 1458 2312 πρόσωπόν
1487 2258 1622 2303 σου,
1650 2241 1745 2293 καὶ

174 2325 596 2393 ἐξαιρούμενός
617 2343 690 2378 σε
725 2327 793 2379 ἐκ
839 2328 1115 2394 θλίψεως.
1162 2327 1318 2379 Ἀλλά
1359 2327 1518 2378 πάλιν
1548 2326 1749 2374 ἐπανα-

174 2407 448 2477 λὰϐωμεν.
495 2407 778 2474 Ἐόρταζε,
818 2409 1020 2473 Ἰούδα,
1063 2411 1166 2474 τὰς
1189 2408 1396 2476 ἑορτάς
1429 2422 1564 2468 σου,
1601 2406 1747 2458 ἀπό-

175 2490 281 2555 δος
316 2489 392 2554 τῷ
423 2489 542 2553 Θεῷ
565 2491 670 2554 τὰς
691 2489 870 2557 εὐχάς
895 2509 1030 2544 σου.
1062 2491 1268 2546 Οὐκέτι
1288 2491 1370 2558 μὴ
1403 2487 1750 2555 προσθῶσιν

176 2573 376 2626 ἐλθεῖν
420 2575 505 2637 εις
526 2574 882 2626 παλαίωσιν.
909 2575 1063 2635 Τίνες
1099 2576 1152 2626 αί
1182 2573 1394 2642 ἐορταί;
1424 2569 1602 2623 Ἶισαν
1643 2571 1747 2638 γὰρ

175 2657 379 2706 ἐκεῖναι
418 2655 472 2706 αἱ
518 2653 739 2706 παλαιαί
787 2654 894 2706 τῶν
942 2655 1076 2708 νέων
1120 2657 1377 2724 φέρουσαι
1418 2654 1515 2723 τὴν
1545 2652 1745 2704 εἰκόνα.

178 2736 374 2806 Πρώτη
408 2735 516 2788 τῶν
552 2737 800 2806 Ἀζύμων
835 2737 1034 2807 ήμέρα,
1071 2737 1232 2788 εἰκὼν
1261 2732 1395 2788 οὖσα
1422 2735 1512 2786 τοῦ
1545 2734 1749 2794 πάθους

176 2821 288 2877 τοῖς
325 2818 563 2884 ἀκριϐῶς
608 2819 934 2882 ἐξετάζουσι.
988 2821 1140 2872 Μετά
1184 2818 1384 2887 ταύτην
1429 2816 1606 2885 ήμέρα
1651 2815 1749 2883 τῆς

180 2900 574 2968 Πεντηκοστῆς,
603 2903 762 2952 εἰκὼν
783 2898 917 2954 οὖσα
948 2903 1036 2954 καὶ
1064 2901 1202 2970 αὑτὴ
1233 2901 1330 2969 τῆς
1354 2899 1446 2951 τοῦ
1475 2899 1631 2966 ἁγίου
1655 2897 1749 2948 καὶ

179 2985 548 3054 προσκυνητοῦ
603 2985 913 3052 Πνεύματος
957 2987 1362 3052 ἐπιφοιτήσεως.
1421 2984 1480 3034 Ἠ
1531 2983 1588 3034 δὲ
1641 2979 1749 3032 τῶν

181 3066 569 3134 Σκηνοπηγίων
601 3066 760 3117 εἰκὼν
791 3068 882 3117 καὶ
910 3066 1046 3134 αὑτὴ
1072 3062 1138 3133 ἦν
1163 3065 1269 3117 τῶν
1293 3065 1504 3133 σκηνῶν
1531 3064 1637 3115 τῶν
1661 3064 1750 3114 ού-

179 3149 395 3215 ρανίων.
430 3147 647 3208 Τούτοις
679 3160 704 3188 ι
735 3149 827 3200 καὶ
855 3150 882 3199 6
906 3147 1106 3217 Κύριος
1139 3147 1558 3216 ἐνδεικνύμενος,
1598 3149 1750 3196 ἐπει-

176 3231 351 3299 δήπερ
397 3230 598 3282 ἐκεϊναι
643 3226 783 3299 ἦσαν
825 3229 1166 3298 πρόσκαιροι,
1205 3229 1522 3298 βουλόμενος
1557 3226 1745 3290 δεῖξαι,

175 3314 257 3365 δτι
282 3316 338 3365 αἰ
363 3315 556 3382 σκηναί
576 3316 777 3365 ἐκεῖναι
803 3313 970 3374 τύπος
1000 3315 1104 3364 εἰσὶ⁸
1144 3313 1250 3364 τῶν
1277 3312 1579 3381 μελλουσῶν
1617 3326 1747 3378 σκη-

176 3397 304 3459 νῶν,
327 3396 474 3467 [5201
496 3397 648 3461 ἔλεγε
673 3397 803 3464 πρδς
827 3397 950 3455 τοὺς
972 3399 1027 3446 ἐν
1048 3395 1122 3462 τῷ
1147 3395 1334 3462 κόσμῳ
1358 3392 1708 3452 πλουτοῦντας
1729 3408 1745 3422 ⁸

175 3477 472 3545 Ποιήσατε
497 3476 636 3544 ὑμῖν
658 3477 874 3544 φίλους
916 3475 982 3527 ἐκ
1022 3474 1127 3528 τοῦ
1157 3471 1449 3542 μαμμωνᾶ
1477 3472 1584 3538 τῆς
1617 3473 1746 3526 ἀδι-

176 3559 313 3623 κίας
333 3574 345 3586 °
379 3559 454 3611 ἵν’
485 3559 627 3610 ὅταν
648 3556 1030 3629 ἐκλ[ε]ι’πητε,
1049 3557 1331 3618 δέξωνται
1358 3553 1510 3622 ὑμᾶς
1526 3557 1608 3618 είς
1642 3553 1748 3616 τὰς

176 3642 455 3706 αίωνίους
487 3639 742 3705 σκηνάς.
777 3641 841 3690 Δί
866 3635 957 3691 οῦν
999 3639 1324 3706 πρόσκαιροι
1354 3635 1548 3704 σκηναὶ
1578 3635 1746 3694 τύπος

173 3720 313 3793 ἦσαν
343 3723 451 3775 τῶν
480 3724 709 3775 αἰωνίων
742 3723 974 3790 σκηνῶν.
1021 3722 1171 3773 Ἐπεὶ
1199 3717 1290 3773 οὖν
1324 3722 1356 3788 ἡ
1388 3719 1480 3770 τοῦ
1512 3717 1744 3788 Χριστοῦ

175 3806 456 3874 οἰκονομία
487 3805 612 3866 τοὺς
668 3805 764 3873 μὲν
799 3803 1057 3865 παλαιοὺς
1101 3803 1299 3866 τύπους
1344 3803 1600 3870 ἐπλήρου,
1649 3800 1746 3868 τὴν

174 3889 233 3941 δὲ
285 3888 410 3940 νέαν
456 3888 614 3956 χάριν
650 3886 896 3955 ἐξήνθει,
938 3885 1115 3948 καλῶς
1146 3887 1174 3936 6
1198 3885 1479 3954 προφήτης
1512 3899 1748 3952 προανα-

175 3974 345 4039 φωνεϊ
378 3970 550 4036 λέγων
572 3985 586 4000 ’
639 3965 920 4033 Ἐόρταζε,
977 3966 1180 4027 Ἰούδα,
1224 3965 1331 4029 τὰς
1368 3964 1575 4032 ἑορτάς
1608 3981 1743 4025 σου,

174 4053 400 4117 ἀπόδος
438 4051 516 4115 τῷ
566 4049 685 4114 Θεῷ
725 4050 826 4114 τὰς
860 4048 1043 4117 εὐχάς
1089 4063 1239 4100 σου·
1289 4047 1540 4116 σημαίνει
1591 4047 1617 4084 δ
1664 4047 1742 4108 16,

179 4135 388 4190 Οὐκέτι
416 4134 523 4202 γάρ
555 4133 640 4200 μὴ
671 4130 1013 4198 προσθῶσιν
1046 4130 1244 4182 ἐλθεῖν
1272 4132 1357 4194 είς
1385 4129 1742 4181 παλαίωσιν.

188 4216 654 4270 Ἀνακεκαίνισται
705 4214 810 4283 γὰρ
861 4215 929 4265 1‘1
981 4213 1182 4266 παλαιά
1225 4211 1311 4264 διὰ
1362 4213 1459 4280 τῆς
1504 4212 1742 4280 χάριτος,

176 4299 661 4355 Συντετέλεσται.
693 4297 950 4366 ἐξῆρται.
996 4297 1190 4363 Ἀνέϐη
1234 4300 1340 4364 γὰρ
1381 4297 1448 4348 ἐκ
1496 4294 1604 4361 τῆς
1637 4291 1746 4362 γῆς

175 4386 209 4436 ὀ
241 4379 528 4449 ἐμφυσῶν
570 4383 654 4443 εἰς
691 4379 758 4431 τὸ
801 4380 1123 4445 πρόσωπόν
1152 4396 1287 4438 σου,
1335 4378 1431 4429 καὶ
1479 4378 1745 4443 ἐξαιρού-

170 4466 356 4534 μενός
388 4477 461 4515 σε
485 4463 550 4514 ἐκ
580 4463 854 4529 θλίψεως.
895 4462 1032 4513 Ἀλλ’
1062 4464 1090 4514 6
1121 4462 1216 4529 μὲν
1247 4463 1528 4530 προφήτης
1553 4461 1746 4528 Ναοὺμ

174 4547 394 4616 γυμνῶς
427 4561 507 4596 σοι
541 4545 846 4613 παρέστησε
875 4544 965 4596 τὸν
993 4546 1089 4614 τὴν
1125 4544 1284 4609 ἁγίαν
1316 4544 1472 4614 χάριν
1509 4544 1746 4611 ἐμπνεύ-

176 4645 346 4680 σαντα
372 4627 571 4696 Κύριον
591 4644 604 4656 ·
646 4627 873 4688 Ἡσαΐας
910 4626 964 4678 δέ
993 4628 1084 4678 καί
1119 4627 1277 4688 αὐτὸς
1300 4629 1469 4696 ἑτέρῳ
1495 4628 1678 4696 τρόπῳ
1719 4637 1740 4664 ο

174 4710 268 4763 τὸν
315 4711 379 4762 ἐκ
429 4708 638 4777 νεκρῶν
686 4709 990 4761 ἀναστάντα
1041 4709 1132 4761 καὶ
1175 4709 1393 4777 Πνεῦμα
1442 4709 1592 4775 άγιον
1636 4713 1746 4770 10?;

176 4791 369 4846 ἑαυτοῦ
398 4791 747 4860 χαριζόμενον
779 4794 1152 4861 προαναφωνεί
1190 4791 1359 4859 λέγων
1381 4809 1394 4821 ’
1444 4791 1743 4858 Ἐμνήσθη

176 4873 412 4943 ἡμερῶν
430 4875 681 4927 αίωνίων
705 4876 737 4926 ό
756 4873 1121 4938 ἀναϐιϐάσας
1137 4876 1202 4927 ἐκ
1238 4873 1345 4942 γῆς
1371 4878 1474 4927 τὸν
1498 4874 1747 4942 ποιμένα

175 4959 295 5011 τῶν
340 4957 664 5026 προϐάτων.
715 4959 826 5010 Καὶ
879 4957 999 5010 ἀντὶ
1028 4957 1145 5022 τοῦ,
1200 4961 1606 5026 Ὲνεφύσησεν
1658 4960 1745 5022 εἰς

177 5041 245 5094 τὸ
273 5045 595 5107 πρόσωπον
632 5042 838 5104 αὑτοῦ,
873 5041 1073 5104 εὐθέως
1093 5044 1366 5111 ἐπήγαγεν
1389 5058 1400 5070 ο
1443 5044 1503 5094 '0
1530 5044 1651 5106 θεὶς
1677 5042 1747 5092 ἑν

175 5123 379 5188 αὐτοῖς
400 5123 466 5175 τὸ
495 5122 731 5190 Πνεῦμα
751 5123 815 5175 τὸ
849 5123 1038 5192 ἅγιον.
1083 5125 1142 5176 ’Π
1175 5124 1328 5194 θεῑκὴ
1355 5125 1498 5189 ἀξία,
1532 5127 1564 5194 ή
1593 5123 1745 5193 eam;

175 5206 534 5276 προσηγορία,
564 5205 623 5257 16
655 5206 928 5274 βασιλικὸν
960 5206 1192 5275 ἀξίωμα,
1225 5209 1256 5275 ὴ
1304 5207 1566 5277 ἄχραντος
1599 5208 1744 5272 δόξα,

177 5288 273 5340 καὶ
306 5288 340 5357 ή
371 5287 750 5356 ἀκατάληπτος
781 5289 1006 5358 δύναμις
1039 5290 1096 5341 τὸ
1125 5288 1202 5357 τῷ
1231 5291 1403 5360 Πατρὶ
1438 5290 1748 5355 συνδοξαζό-

177 5388 360 5441 μενον,
383 5371 474 5423 καὶ
499 5369 608 5439 Υἱῴ
633 5371 1044 5440 συμϐασιλεῦον,
1073 5375 1165 5424 καὶ
1186 5374 1440 5443 ἐνεργοῦν
1461 5374 1525 5426 τά
1551 5376 1745 5440 πάντα,

176 5455 273 5506 καὶ
301 5452 540 5524 διαιροῦν
571 5453 638 5505 16
673 5455 786 5506 θεῖα
810 5456 1121 5526 χαρίσματα
1164 5457 1397 5525 ἑκάστῳ,
1422 5458 1598 5520 καθὼς
1629 5457 1748 5526 βού-

233 5575 264 5606 ⁸
297 5576 413 5626 Haec
435 5579 592 5626 vitiata
617 5578 862 5630 videnlur.

241 5637 265 5675 δ
293 5648 404 5701 pav:
419 5641 541 5698 conj.
575 5642 792 5701 σήμαινε.

239 5701 262 5730 ε
289 5699 359 5754 Ita
386 5699 507 5763 Reg.
537 5699 742 5761 opliinc.
765 5704 894 5754 Edil.
921 5717 1037 5754 vero
1058 5707 1103 5753 ἐν
1127 5707 1271 5769 ἑτέρῳ
1295 5706 1442 5766 τόπῳ.

1339 323 1425 380 DE
1467 323 1827 380 SERPENTE
1867 324 2170 382 IIOMIIJA.

3313 327 3426 383 508

1845 434 2012 487 λεται.
2037 434 2218 488 Ταῦτα
2249 431 2305 487 εὖ
2335 430 2450 487 οἶδα
2474 435 2553 486 ὅτι
2587 431 2826 500 στηρίξει
2860 428 3099 500 μὲντοὺς
3128 426 3287 489 ἰδίους
3309 426 3410 493 τῆς

1857 517 2198 582 Ἑκκλησίας,
2220 516 2399 568 δάκνει
2429 517 2484 568 δὲ
2511 515 2635 576 τοὺς
2662 513 2887 582 ἐχθροὺς
2916 512 3009 563 καὶ
3029 509 3406 578 διαῤῥήγνυσι,

1847 607 2076 674 μάλιστα
2102 607 2227 668 τοὺς
2258 607 2479 675 ἐχθροὺς
2511 606 2608 674 τῆς
2631 605 2930 665 εὐσεϐείας,
2955 603 3080 662 τοὺς
3115 616 3411 669 παραιτου-

1847 690 2040 758 μένους
2086 691 2257 758 Πατρὶ
2307 690 2400 741 καὶ
2442 688 2554 757 Υἰῷ
2602 687 2934 750 συνδοξάζειν
2979 686 3038 736 τὸ
3079 683 3297 751 Πνεῦμα
3349 683 3411 734 16

1845 770 2016 836 ἅγιον.
2050 772 2111 821 Ὢ
2142 771 2241 837 τῆς
2271 771 2604 838 ἀθλιότητοςε
2631 769 2762 822 Ούδέ
2781 762 2852 819 ῶν
2887 766 3090 834 ἔτυχον,
3122 763 3414 829 καταξιοῦν

1844 852 2083 903 ἐθέλουσι
2119 851 2177 903 16
2204 852 2423 918 Πνεῦμα
2452 851 2512 902 16
2534 851 2595 916 ἆγ
2610 867 2703 901 ιον.
2747 851 2806 901 '0
2836 849 2890 900 δέ
2932 847 3249 908 ’Λπύστολος
3285 846 3411 914 περὶ

1844 934 2036 988 ἐαυτοῦ
2062 933 2280 986 καὶτῶν
2304 936 2420 986 κατ’
2443 932 2602 986 αὑτὸν
2625 933 2826 998 ἔλεγεν,
2861 933 2929 985 Ei
2950 927 3407 996 συμπάσχομεν,

1845 1018 1940 1069 καὶ
1972 1015 2605 1083 συνδοξασθησόμεθα.
2632 1013 2840 1075 Παῦλος
2868 1013 3238 1075 συνδοξάξεται
3270 1010 3409 1078 Θεῷ,

1846 1100 1936 1150 καὶ
1958 1099 2015 1148 16
2040 1097 2260 1166 Πνεῦμα
2298 1098 2359 1149 ού
2393 1094 2798 1160 συνδοξάζεται;
2845 1095 2905 1144 Ἠ
2935 1092 3099 1160 θνητὴ
3141 1091 3298 1158 φύσις
3325 1107 3413 1141 1o-

1847 1181 2032 1232 σοῦτον
2060 1180 2333 1246 ἀνάγεται,
2377 1177 2450 1241 ῶς
2483 1179 2699 1246 Χριστῷ
2740 1175 3171 1239 συνδοξάςεσθαι,
3215 1174 3309 1225 καὶ
3351 1171 3411 1224 16

1845 1262 2212 1331 προσκυνητὺν
2236 1259 2454 1330 Πνεῦμα
2476 1261 2591 1312 ούδέ
2617 1259 2721 1311 τῶν
2749 1258 2926 1311 αὐτῶν
2949 1261 3077 1328 ήμῖν
3101 1256 3414 1316 κοινωνήσει

1847 1345 2360 1413 πλεονεκτημάτων;
2410 1345 2517 1396 Καὶ
2555 1342 2679 1410 περί
2723 1341 2818 1411 μὲν
2850 1342 3150 1411 ἀνθρώπων
3181 1337 3344 1407 φησὶν
3384 1339 3413 1389 6

1846 1426 2005 1489 αὐτὸς
2035 1425 2326 1487 ἀπόστολος
2345 1444 2360 1456 ο
2379 1428 2446 1476 Εἰ
2471 1423 2865 1492 ὑπομένομεν,
2887 1423 2982 1474 καί
3007 1419 3412 1489 συμϐασιλεύο

1846 1524 2034 1576 σομεν
2057 1524 2069 1537 °
2105 1508 2166 1559 16
2196 1507 2252 1559 δὲ
2276 1507 2495 1576 Πνεῦμα
2524 1507 2583 1558 16
2611 1506 2761 1574 ἆγιον
2788 1506 2847 1556 οὐ
2888 1501 3416 1573 συμϐασιλεύειΧρι-

1849 1592 1990 1659 στῷ;
2018 1592 2080 1642 Ὢ
2108 1591 2202 1660 τῆς
2233 1590 2428 1657 πολλῆς
2464 1589 2880 1658 ἀγνωμοσύνηςί
2907 1586 2951 1638 ὣ
2971 1587 3065 1654 τῆς
3094 1583 3294 1650 πολλῆς
3323 1581 3418 1632 καὶ

1847 1673 2118 1740 ἀφορήτου
2153 1673 2372 1740 μανίαςί
2409 1671 2452 1722 ῶ
2476 1669 2698 1739 γνιῖιμης
2737 1671 2915 1732 ἀθέου,
2951 1669 3040 1719 καὶ
3073 1664 3415 1734 βλασφημίας

1848 1756 2102 1825 ἀμέτρου,
2148 1757 2241 1807 καὶ
2268 1755 2477 1824 πληγῆς
2511 1754 2728 1805 ἀνιάτου
2755 1755 2767 1805 !
2813 1751 2998 1818 Ἡμεῖς
3032 1749 3416 1818 προσδοκῶμεν

1851 1837 2295 1907 συμϐασιλεύσαι,
2345 1837 2436 1888 καὶ
2485 1835 2542 1886 16
2589 1833 2810 1903 Πνεῦμα
2849 1833 2909 1884 16
2958 1832 3108 1898 ἆγιον
3142 1831 3198 1881 ὲν
3231 1828 3414 1880 δούλου

1847 1920 1997 1983 τάξει
2036 1909 2474 1988 κατάτάττομενς

1920 2011 1991 2067 ς’.
2021 2003 2203 2055 Ταῦτα
2234 2003 2288 2055 δέ
2314 2020 2512 2071 φαμεν,
2536 1999 2770 2067 ἀδελφοὶ,
2798 1999 2894 2066 ούχ
2921 1999 2994 2059 ὼς
3025 1993 3418 2065 παραπλησίως

1849 2087 1977 2154 ἡμῖν
1998 2086 2297 2152 ὀφείλοντος
2323 2083 2414 2135 τοῦ
2445 2083 2597 2150 ἁγίου
2627 2081 2936 2148 Πνεύματος
2957 2080 3032 2148 τῷ
3063 2078 3277 2148 Χριστῷ
3301 2093 3420 2127 συν-

1847 2167 2180 2231 δοξάζεσθαι,
2221 2165 2355 2218 ἀλλὰ
2395 2166 2491 2235 τὴν
2519 2163 2767 2216 ἀσέϐειαν
2798 2161 3105 2230 ἐλέγχοντες
3144 2160 3250 2210 τῶν
3285 2157 3417 2226 μηδὲ

1847 2249 2095 2302 τοσοῦτον
2127 2249 2415 2316 ἀπονέμειν
2440 2247 2796 2316 ἀνεχομένων.
2836 2245 3019 2305 Ἷλεως
3038 2245 3092 2295 δὲ
3121 2244 3269 2312 ἡμῖν,
3301 2240 3416 2293 Κύ·

1852 2349 1952 2401 ριε,
1983 2332 2074 2383 ἐπὶ
2107 2333 2218 2391 τοῖς
2244 2330 2588 2397 λαλουμένοις
2612 2329 2746 2396 εἴης.
2789 2327 2906 2380 Ὅτι
2941 2327 3041 2379 κᾶν
3071 2327 3229 2394 μέχρι
3254 2323 3416 2390 ψιλῆς

1849 2413 1942 2465 καὶ
1982 2412 2294 2464 ἐπιπολαίου
2337 2411 2529 2475 λέξεως
2572 2408 3017 2480 δευτεροῦμεντά
3059 2407 3165 2459 τῶν
3207 2405 3416 2458 ἀσεϐῶν

1850 2497 2086 2564 ῥήματα,
2119 2495 2232 2546 ἀλλ’
2259 2496 2405 2563 ὅμως
2443 2494 2649 2563 μηδεὶς,
2685 2492 2923 2560 ἀδελφοὶ,
2964 2490 3238 2557 νομισάτω
3261 2487 3416 2556 ὓϐριν

1849 2575 1984 2630 εἶναι
2013 2576 2105 2629 τοῦ
2136 2579 2290 2643 ἁγίου
2325 2577 2631 2645 Πνεύματος
2672 2576 2733 2626 16
2760 2572 3136 2642 δευτεροῦσθαι
3161 2570 3256 2631 τάς
3286 2567 3415 2638 παρ’

1849 2662 2069 2713 ἐκείνων
2094 2661 2298 2730 ῦϐρεις.
2327 2662 2562 2728 ’Ᾱγομεν
2583 2659 2689 2728 γάρ
2711 2657 2878 2719 αὑτὰς
2901 2658 2980 2718 εἰς
3007 2655 3188 2724 μέσον,
3215 2653 3308 2705 καὶ
3329 2651 3414 2704 1t-

1849 2759 2035 2812 γομεν,
2063 2744 2121 2794 ού
2157 2742 2609 2810 συνδιατιθέμενοι
2639 2744 2704 2809 τῇ
2737 2737 2976 2807 ἀσεϐείᾳ,
3009 2735 3143 2788 ἀλλά
3163 2735 3258 2804 τὴν
3283 2732 3414 2785 1116-

1848 2843 1943 2894 νην
1965 2826 2113 2896 [521]
2147 2825 2565 2896 στηλιτεύοντες,
2588 2825 2679 2876 καὶ
2705 2822 2828 2884 τοὺς
2859 2819 3183 2889 συντρόφους
3203 2817 3299 2886 τῆς
3327 2816 3416 2868 εύ-

1849 2908 2062 2969 σεϐείας
2091 2907 2198 2959 τῶν
2231 2907 2478 2976 πονηρῶν
2511 2905 2793 2974 δογμάτων
2823 2899 3271 2970 ἀποτειχίζοντες.
3305 2897 3416 2950 Καὶ

1847 2990 1951 3059 γάρ
1981 2991 2027 3040 οἰ
2064 2988 2345 3040 ἀπόστολοι
2376 2987 2691 3054 ἀγαπῶντες
2718 2986 2808 3038 τὸν
2842 2986 3062 3051 Κύριον,
3090 2983 3181 3034 καὶ
3219 2981 3416 3042 ἰδόντες

1847 3070 2008 3123 αὐτοῦ
2055 3072 2153 3138 τὴν
2197 3071 2370 3133 ἀξίαν,
2405 3070 2503 3120 οὐκ
2547 3069 2798 3137 ὤκνησαν
2836 3067 3054 3128 ἐντάξαι
3090 3067 3199 3125 10?;
3241 3063 3417 3130 ἁγίοις

1847 3150 2193 3218 Εὑαγγελίοις
2227 3150 2324 3211 τάς
2347 3150 2495 3216 παρά
2524 3149 2630 3199 τῶν
2669 3149 2931 3200 Ἰουδαίων
2963 3147 3169 3215 ὕϐρεις.
3207 3147 3415 3213 Γέγρα⁴

1849 3251 1979 3284 πται
2004 3233 2132 3298 γοῦν
2175 3234 2273 3283 ὅσα
2316 3234 2486 3283 εἰπεῖν
2530 3230 2831 3298 ἐτόλμησαν
2864 3230 2990 3297 περὶ
3033 3225 3288 3296 Χριστοῦ,
3323 3225 3416 3276 καὶ

1847 3314 1928 3365 ὅτι
1967 3314 2284 3382 ἁμαρτωλός
2318 3317 2450 3373 ἐστι,
2476 3313 2567 3363 καὶ
2603 3313 2683 3362 ὃτι
2712 3309 2804 3361 τοῦ
2840 3309 2973 3361 Θεοῦ
3002 3310 3099 3360 οὐκ
3131 3308 3264 3359 ἔστι.
3309 3306 3415 3358 Καὶ

1846 3399 1925 3458 είς
1960 3396 2244 3463 πρόσωπον
2277 3393 2439 3446 αὑτοῦ
2467 3393 2640 3460 λέγειν
2673 3393 2771 3444 οὐκ
2810 3392 3095 3459 ῶκνησανο
3133 3389 3415 3457 Σαμαρεί-

1845 3495 1952 3542 της
1990 3475 2044 3530 εἶ
2067 3477 2170 3537 σὺ,
2197 3477 2292 3528 καὶ
2332 3477 2640 3542 δαιμόνιον
2676 3477 2851 3541 ἔχεις.
2900 3473 3058 3525 Ἀλλά
3096 3473 3154 3524 16
3183 3473 3414 3541 γράμμα

1846 3559 1905 3609 οὺ
1940 3558 2048 3610 τῶν
2076 3556 2396 3625 γραψάντων
2428 3559 2735 3624 κατηγορεῖ,
2771 3554 2905 3606 άλλά
2948 3554 3055 3604 τῶν
3096 3553 3410 3621 βλασφημηο

1848 3641 2072 3692 σάντων.
2105 3640 2299 3690 ’Ἄκουε
2331 3637 2423 3690 τοῦ
2456 3638 2769 3705 Πνεύματος
2801 3637 2898 3703 τὴν
2923 3637 3221 3704 ἐνέργειαν,
3251 3635 3413 3686 ἁκουε

1843 3722 1951 3773 τῶν
1971 3721 2281 3773 ἀποστόλων
2313 3721 2410 3788 τὴν
2443 3720 2774 3787 δοξολογίαν·
2809 3720 3006 3786 στοίχει
3037 3721 3154 3778 ταῖς
3196 3715 3416 3767 ἐκείνων

1844 3802 2228 3864 διδασκαλίαις,
2252 3803 2381 3853 ἕπου
2407 3804 2517 3863 10?;
2543 3802 2744 3870 βήμασι
2773 3801 2882 3852 τῶν
2910 3802 3078 3866 ἁγίων
3097 3816 3111 3830 ⁸
3141 3800 3214 3868 μὴ
3240 3799 3416 3850 πλάνα

1849 3886 2040 3936 σαυτὸν
2075 3888 2184 3946 τοῖς
2214 3886 2380 3953 ἴχνεσι
2409 3885 2515 3936 τῶν
2546 3885 2783 3953 βεϐήλων
2807 3902 2820 3914 ·
2855 3886 2895 3934 Τ
2905 3884 3057 3952 ριάδα
3101 3881 3414 3951 προσκύνει,

1847 3967 2051 4037 Τριάδα
2079 3965 2287 4029 δόξαζε,
2310 3966 2512 4034 Τριάδα
2544 3969 2796 4036 κήρυττε.
2828 3967 2982 4017 Οῦτω
3007 3965 3260 4035 φρονοῦσι
3284 3981 3417 4032 προς

1848 4050 2035 4118 φῆται,
2067 4048 2206 4101 οὕτω
2231 4047 2586 4118 κηρύττουσιν
2608 4049 2912 4107 ἀπόστολοι,
2943 4048 3080 4099 οῦτω
3104 4045 3412 4097 πιστεύουσι

1849 4133 2141 4201 μάρτυρες.
2175 4132 2369 4183 Ἄκουε
2401 4131 2612 4182 Παύλου
2651 4132 2747 4199 τὴν
2778 4130 2978 4198 Τριάδα
3024 4128 3373 4196 κηρύττοντος
3395 4142 3415 4160 ι

1845 4213 2168 4280 Διαιρέσεις
2197 4211 2590 4280 χαρισμάτων,
2617 4214 2680 4264 τὸ
2707 4213 2773 4263 δὲ
2794 4212 2939 4264 αὐτὸ
2969 4210 3236 4276 Πνεῦμα·
3275 4208 3420 4260 διαι-

1838 4297 2041 4364 ρέσεις
2073 4295 2406 4355 διακονιῶν,
2435 4298 2466 4346 ό
2507 4294 2574 4346 δὲ
2604 4294 2783 4358 αὐτὸς
2818 4295 3028 4360 Κύριος
3051 4308 3064 4322 ο
3098 4292 3414 4358 διαιρέσεις

1844 4378 2273 4447 ἐνεργημάτων,
2303 4381 2335 4431 ὁ
2362 4377 2428 4430 δὲ
2450 4378 2630 4442 αὐτὸς
2665 4377 2806 4440 Θεὸς
2825 4375 3080 4442 ἐνεργῶν
3119 4373 3186 4425 τὰ
3219 4373 3416 4426 πάντα

1844 4462 1914 4512 ἐν
1946 4460 2114 4514 πᾶσι.
2145 4459 2299 4521 Τίνος
2327 4459 2511 4512 ’ἐνεκεν
2537 4463 2636 4511 οὐκ
2663 4460 2767 4511 ἀπὸ
2810 4459 3016 4528 Πατρὸς
3048 4458 3272 4526 ἄρχεται
3298 4472 3312 4518 ;
3349 4454 3413 4506 οὐ

1845 4546 2060 4613 πρῶτον
2095 4545 2296 4595 ἐκεῖνον
2319 4543 2596 4611 κηρύττει,
2629 4545 2718 4594 καὶ
2743 4544 2861 4594 τότε
2889 4542 2976 4593 τὸν
3008 4542 3154 4601 Υίὸν,
3179 4543 3270 4592 καὶ
3293 4540 3415 4608 μετ’

1844 4629 2004 4681 αὑτὸν
2052 4626 2110 4679 16
2140 4628 2290 4693 ἆγιον
2333 4626 2589 4692 Πνεῦμα;
2634 4625 2998 4686 Μεταϐάλλεις
3025 4625 3119 4693 τὴν
3163 4623 3334 4686 τάξιν,
3365 4614 3414 4672 ὧ

1845 4710 2056 4772 Παῦλε;
2103 4707 2556 4777 μεταρῤυθμίζεις
2583 4707 2677 4775 τὴν
2711 4707 3024 4758 ἀκολουθίαν
3051 4723 3066 4770 ;
3092 4704 3195 4756 Τοῦ
3227 4703 3412 4772 Σωτῆ-

1847 4811 1937 4864 ρος
1964 4793 2422 4862 παραδεδωκότος,
2466 4792 2564 4844 Ἐν
2597 4792 2837 4856 ὀνόματι
2885 4789 3108 4855 Πατρός
3136 4790 3231 4841 καί
3278 4790 3410 4841 Υίοῡ

1846 4878 1941 4929 καί
1975 4877 2146 4944 ἁγίου
2175 4875 2534 4940 Πνεύματος,
2569 4875 2631 4924 σὺ
2662 4872 2804 4932 λύεις
2832 4874 2920 4923 16v
2947 4871 3142 4938 θεσμὸν
3177 4871 3274 4938 τῆς
3296 4870 3412 4922 θεο-

1844 4950 2028 5027 λογίας
2052 4978 2065 5024 ;
2111 4959 2271 5011 Ἀλλά
2296 4959 2402 5026 γὰρ
2436 4957 2508 5026 μὴ
2542 4957 2748 5023 γένοιτο
2773 4958 2916 5024 ἡμᾶς
2939 4972 3064 5007 ποτε
3089 4953 3260 5006 ταῦτα
3283 4971 3346 5006 πε
3358 4954 3412 5021 ρὶ

1846 5041 2056 5095 Παύλου
2091 5041 2298 5108 νοῆσαι.
2353 5041 2411 5091 '0
2440 5039 2545 5108 γὰρ
2579 5040 2727 5105 ἆγιος
2752 5042 2951 5100 ἐκεῖνος
2981 5037 3072 5089 καὶ
3103 5036 3409 5104 θαυμαστὸς

1847 5123 2020 5194 κήρυξ
2070 5119 2207 5174 εἶδεν
2252 5121 2508 5190 ἀκριϐῶς,
2556 5123 2635 5173 ὅτι
2683 5122 2782 5173 κᾶν
2833 5119 3142 5188 Πνεύματος
3198 5117 3407 5187 πρῶτον

1849 5206 2082 5276 μνησθῇ,
2127 5204 2365 5273 ἄτρωτον
2401 5203 2656 5270 φυλάττει
2703 5203 2799 5272 τὴν
2843 5201 3140 5268 θεολογίαν,
3179 5200 3271 5252 καὶ
3313 5199 3410 5268 οὐχ

1847 5288 2052 5358 ὑϐρίζει
2075 5285 2170 5355 τὴν
2196 5286 2497 5353 ἀσύγχυτον
2519 5286 2697 5352 φύσιν,
2727 5285 2823 5336 οὐκ
2857 5283 3140 5354 ἐμμερίζει
3160 5282 3253 5351 τὴν
3275 5281 3410 5350 ἀμέ-

1847 5387 2027 5440 ριστον
2043 5369 2216 5431 ἀξίαν.
2244 5366 2551 5435 Πνεύματος
2583 5367 2856 5435 μέμνηται
2877 5367 3108 5436 πρῶτον,
3133 5366 3219 5417 ἵνα
3240 5365 3410 5434 δείξῃ,

1843 5454 1924 5504 ὅτι
1965 5454 2024 5503 16
2055 5452 2354 5502 τελευταῖον
2393 5449 2695 5519 γράφεσθαι
2739 5450 2799 5501 16
2842 5449 3085 5516 Πνεῦμα,
3121 5449 3181 5499 ού
3230 5447 3410 5499 τελευ-

1845 5537 1994 5586 ταῖον
2038 5533 2168 5586 αὐτὸ
2202 5535 2346 5582 ποιεῖ
2381 5532 2472 5584 καὶ
2515 5531 2757 5600 ἔσχατον.
2815 5532 3027 5599 Ἐπειδὴ
3064 5529 3173 5597 γάρ
3214 5531 3409 5580 ἐκεῖνοι

1848 5613 2322 5685 παρερμηνεύουσι
2354 5614 2557 5675 κακῶς,
2581 5615 2640 5665 οὐ
2681 5613 3151 5683 συναριθμοῦντες,
3183 5610 3290 5663 ἀλλ’
3315 5610 3411 5660 ὑπ-

1848 5698 2205 5770 αριθμοῦντες
2229 5697 2485 5768 τῴΠατρὶ
2498 5698 2585 5751 τὸν
2610 5699 2752 5765 Υἰὸν,
2775 5698 2866 5750 καὶ
2886 5695 2959 5769 τῷ
2977 5695 3092 5764 Υίῴ
3115 5694 3173 5746 16
3190 5693 3413 5762 Πνεῦμα
