3976 6218
565 438 629 491 τὸ
662 438 814 503 ἀγιον
857 434 1099 506 (Πρῶτος
1134 435 1261 506 γάρ,
1294 435 1479 506 φησὶν,
1518 437 1547 488 ό
1585 437 1795 508 Πατὴρ,
1844 434 2089 509 δεύτερος
2112 443 2142 494 6

569 515 718 581 Υἱὸς,
756 516 935 588 τρίτον
972 517 1034 569 τὸ
1069 517 1290 587 Πνεῦμα
1326 518 1387 569 τὸ
1439 518 1615 585 ἆγιον,
1651 519 1710 570 οὑ
1746 520 1845 589 τὴν
1884 519 2143 573 εὔτακτον

564 599 668 667 τῆς
693 601 945 667 γνώσεως
986 599 1305 653 ἀκολουθίαν
1336 599 1579 663 νοοῦντες
1611 600 1712 668 τῆς
1758 603 2143 673 προσκυνητῆς

569 682 815 752 Τριάδος,
848 683 982 735 ἀλλά
1012 684 1154 753 ψυχῇ
1186 682 1493 753 διαστρόφῳ
1525 682 1764 753 ὑϐρίζειν
1805 682 2144 753 ἐπιχειροῦν-

569 781 659 827 τες
680 764 776 835 τὴν
794 766 887 833 τῆς
917 766 1189 846 θεολργίας
1210 764 1602 835 καθαρότητα),
1628 766 1851 829 εἰκότως
1876 768 1904 819 6
1932 765 2142 829 Παῦλος

569 849 911 917 ἀντιστρέφει
943 849 1048 901 τῶν
1096 848 1373 917 ὀνομάτων
1400 848 1497 919 τὴν
1530 849 1701 912 τάξιν,
1741 850 1825 901 ἴνα
1864 849 2014 922 δείξῃ
2043 853 2143 921 τῆς

569 930 824 997 ἀληθείας
862 932 959 999 τὴν
1008 931 1254 999 δύναμιν,
1289 933 1381 983 καὶ
1424 930 1560 1002 λύσῃ
1601 931 1710 983 τῶν
1758 932 2009 1002 πονηρῶν
2042 934 2143 1004 τὴν

574 1012 859 1081 ὑπόληψιν.
908 1012 1046 1065 Ἀλλ’
1077 1008 1212 1075 οἶδα,
1253 1014 1439 1081 φησὶν,
1478 1012 1559 1065 ὅτι
1605 1012 1696 1065 τοῦ
1735 1013 1833 1083 μὲν
1875 1014 2007 1066 Υἱοῦ
2049 1016 2144 1067 καὶ

571 1095 666 1147 τοῦ
698 1094 1008 1164 Πνεύματος
1041 1094 1373 1157 ἐπιπολαίως
1400 1095 1823 1165 ἐμνημόνευσεν,
1858 1098 1950 1149 ἐπὶ
1969 1098 2025 1151 δὲ
2053 1097 2143 1150 τὸν

571 1178 788 1247 Πατέρα
820 1176 1007 1239 ἐλθὼν,
1043 1178 1121 1239 είς
1156 1176 1286 1245 ὕψος
1310 1176 1407 1246 τὴν
1444 1177 1717 1244 θεολογίαν
1751 1179 1977 1248 ήγαγεν.
2018 1179 2142 1233 Ἐπὶ

572 1260 671 1326 μὲν
707 1259 815 1329 γὰρ
844 1258 935 1311 τοῦ
977 1259 1291 1328 Πνεύματος
1317 1256 1458 1318 εἷπε,
1491 1258 1565 1311 Τὸ
1591 1258 1658 1311 δὲ
1680 1259 1825 1312 αὐτὸ
1865 1260 2105 1328 Πνεῦμα
2126 1276 2139 1291 ⁸

572 1342 662 1395 ἐπὶ
684 1343 739 1395 δὲ
760 1341 852 1394 τοῦ
885 1341 1032 1403 ι’ίοῦ,
1066 1342 1116 1393 Ὀ
1148 1341 1214 1393 δὲ
1236 1340 1416 1407 αὑτὸς
1438 1342 1683 1409 Κύριος*
1722 1343 1800 1404 είς
1824 1342 1880 1394 δέ
1911 1342 2000 1394 τὸν
2030 1343 2141 1395 Πα-

568 1425 698 1492 τέρα
732 1424 918 1486 ἐλθὼν,
945 1422 1096 1475 εἶπεν
1114 1436 1127 1450 ’
1180 1424 1232 1473 ’0
1271 1422 1527 1491 ἐνεργῶν
1557 1425 1626 1477 τὰ
1655 1424 1851 1477 πάντα
1872 1423 1940 1476 ἑν
1969 1422 2138 1477 πᾶσι.

570 1509 634 1562 Τί
655 1506 782 1574 οῦν;
815 1508 964 1578 αὑτῷ
993 1509 1052 1561 τὸ
1089 1509 1261 1578 ῥῆμα,
1284 1509 1345 1561 τὸ
1379 1509 1621 1578 ἐνεργεῖν
1649 1510 1716 1562 τὰ
1745 1509 1920 1561 πάντα
1949 1510 2005 1560 ἐν
2036 1510 2139 1560 πά-

572 1607 678 1653 σιν,
726 1592 1008 1644 αὑθεντίαν
1060 1590 1288 1660 μηνύει;
1335 1589 1464 1650 Ναὶ,
1517 1591 1668 1659 φησί.
1712 1591 1820 1643 Καὶ
1872 1588 2141 1660 ὑπεροχὴν

571 1673 1012 1741 ὑπερϐάλλουσαν
1065 1672 1358 1743 κηρύττεις
1404 1673 1531 1735 Ναὶ,
1577 1672 1727 1741 φησί.
1778 1672 2009 1742 Δέχομαι
2048 1688 2140 1724 σου

568 1755 666 1818 τὰς
692 1754 997 1823 ὁμολογίας,
1034 1758 1127 1808 ἐὰν
1151 1756 1392 1827 ἐμμένῃς
1421 1756 1538 1817 ταῖς
1569 1754 1881 1823 συνθήκαις.
1914 1754 2142 1823 Ἱδωμεν

568 1838 745 1890 τοίνυν
765 1838 815 1889 τί
854 1837 1177 1907 σαφέστερον
1212 1838 1269 1890 τὸ
1302 1836 1493 1900 σκεῦος
1513 1838 1610 1904 τῆς
1640 1836 1887 1907 ἐκλογῆς,
1918 1838 1945 1889 6
1970 1838 2141 1889 Πνεύ-

572 1938 699 1989 ματι
753 1919 1161 1991 κυϐερνώμενος
1182 1920 1341 1987 ἁγίῳ,
1365 1919 1491 1987 περὶ
1514 1920 1681 1989 αὑτῆς
1716 1919 2022 1972 ὑποτίθεται
2044 1919 2139 1988 τῆς

568 2004 865 2072 ζητήσεως.
940 2001 1208 2065 Ἔκιὶστῳ
1269 2002 1495 2055 δίδοται
1551 2005 1589 2069 η
1644 2002 1979 2071 φανέρωσις
2035 2001 2141 2055 τοῦ

566 2087 910 2152 Πνεύμιιτος
940 2085 1086 2152 πρὸς
1113 2084 1263 2156 [5‘22]
1311 2086 1375 2138 τὸ
1404 2084 1733 2153 συμφέρον.
1780 2085 1862 2149 Τῷ
1886 2085 2003 2153 μὲν
2032 2086 2141 2153 γὰρ

566 2164 791 2218 δίδοται
810 2168 989 2234 λόγος
1013 2170 1230 2234 σοφίας
1251 2168 1399 2219 κατὰ
1422 2166 1486 2218 τὸ
1508 2166 1653 2219 αὐτὸ
1676 2166 1943 2233 Πνεῦμα
1965 2166 2141 2233 ἑτέρῳ

567 2247 635 2299 δὲ
671 2248 848 2317 λόγος
884 2247 1158 2315 γνώσεως
1184 2249 1251 2299 ἐν
1287 2246 1446 2313 αὐτῷ
1486 2246 1564 2313 τῷ
1592 2250 1883 2316 Πνεύματι
1907 2263 1918 2276 ·
1963 2247 2141 2316 ἑτέρῳ

565 2332 635 2385 δὲ
688 2336 1022 2402 χαρίσματα
1073 2334 1327 2403 ἰαμάτων
1368 2340 1516 2387 κατὰ
1561 2333 1629 2387 τὸ
1678 2333 1823 2388 αὐτὸ
1864 2332 2133 2402 Πνεῦμα·

565 2416 742 2482 ἑτέρῳ
788 2420 1139 2485 προφητεία·
1180 2418 1345 2483 ἄλλῳ
1382 2417 1449 2470 δὲ
1484 2417 1764 2485 ἑρμηνεία
1810 2416 2134 2486 γλωσσῶν-ο

565 2495 734 2563 ἄλλῳ
754 2500 954 2563 πίστις
980 2517 993 2529 ο
1022 2500 1188 2561 ἄλλῳ
1222 2500 1578 2567 χαρίσματα.
1616 2499 1807 2553 Ταῦτα
1825 2498 1892 2551 δὲ
1921 2500 2134 2554 πάντα·

566 2580 797 2650 πρόσεχε
836 2582 1096 2651 ἀκριϐῶς,
1131 2582 1291 2650 βλέπε
1340 2582 1533 2646 λέξεως
1579 2584 1892 2652 συμφωνίαν
1915 2585 2009 2637 καὶ
2046 2584 2137 2636 δυ-

566 2662 800 2730 νάμεως.
841 2664 897 2716 Ὀ
925 2663 1011 2715 διά
1052 2666 1157 2716 τῶν
1200 2664 1425 2733 πρώτων
1470 2665 1725 2735 εἰρηκὼς,
1766 2666 1827 2717 '0
1864 2665 1931 2718 δὲ
1959 2667 2139 2732 αὑτὸς

567 2743 709 2807 Θεὸς
742 2747 773 2797 d
799 2744 1053 2813 ἐνεργῶν
1084 2748 1154 2798 τὰ
1183 2747 1377 2800 πάντα
1408 2747 1477 2799 ἐν
1521 2747 1729 2813 πᾶσιν,
1765 2748 1932 2800 ἐλθὼν
1965 2751 2043 2812 εἰς
2076 2750 2137 2802 τὸ

565 2823 787 2895 Πνεῦμα
840 2828 1044 2897 ταύτην
1087 2832 1447 2900 ἐπιμαρτυρεῖ
1479 2830 1556 2899 τῷ
1597 2832 1871 2902 Πνεύματι
1909 2831 2009 2902 τὴν
2045 2832 2138 2885 δύ-

563 2925 727 2979 ναμιν
750 2928 763 2940 '
809 2911 994 2965 Ταῦτα
1026 2912 1091 2963 δὲ
1127 2912 1339 2976 πάντα,
1375 2914 1557 2981 φησὶν,
1597 2914 1827 2984 ἐνεργεῖ
1854 2915 1920 2969 τὸ
1948 2914 2017 2968 ἓν
2040 2916 2137 2969 καί

563 2994 631 3045 τὸ
661 2993 805 3045 αὐτὸ
844 2995 1102 3062 Πνεῦμα,
1159 2995 1295 3058 διαιγ
1314 2994 1425 3047 οῦν
1477 2995 1593 3063 ἰδίᾳ
1639 2998 1895 3062 ἑκάστῳ,
1946 2998 2139 3063 καθὼς

559 3077 867 3138 βούλεται.
921 3076 1105 3138 Οὖτως
1135 3078 1194 3128 οὑ
1238 3077 1421 3129 λύεται
1450 3080 1483 3146 ὴ
1524 3079 1756 3147 ἁρμονία
1790 3083 1886 3150 τῆς
1930 3080 2138 3145 δοξολο-

564 3158 707 3222 γίας,
732 3160 857 3211 ὅταν
873 3177 922 3211 τι
944 3160 1051 3211 τῶν
1072 3160 1351 3227 ὀνομάτων
1371 3159 1470 3226 τῆς
1492 3160 1648 3227 ἁγίας
1668 3163 1915 3231 Τριάδος,
1940 3165 1971 3234 ἢ
1999 3164 2141 3233 πρῶο

564 3258 675 3299 τον,
712 3240 744 3309 ἢ
787 3242 1055 3311 δεύτερον,
1089 3243 1120 3311 ἢ
1166 3244 1345 3311 τρίτον
1382 3241 1613 3311 τίθηται.
1652 3245 1724 3296 Τὸ
1752 3246 1858 3314 γάρ
1902 3247 2134 3316 πρῶτον,

566 3325 660 3376 καὶ
683 3324 929 3393 δεύτερον
965 3327 1055 3377 καὶ
1088 3326 1289 3394 τρίτον,
1323 3326 1382 3377 οὑ
1419 3326 1630 3393 φύσεως
1674 3329 1925 3396 ἐμφαίνει
1954 3330 2138 3399 διαφο-

570 3408 688 3477 ρὰν,
722 3406 859 3459 ἀλλὰ
885 3406 1159 3474 θεολογίας
1198 3408 1314 3461 όδὺν
1358 3408 1679 3477 ἀσύγχυτον.
1714 3410 1880 3464 Πάλιν
1913 3414 1941 3465 6
1978 3414 2139 3477 αὑτὸς

565 3488 877 3551 ἀπόστολος,
903 3489 988 3541 ἵνα
1012 3490 1158 3558 δείξῃ
1199 3492 1469 3559 πανταχοῦ
1500 3493 1805 3563 ἀδιαφόρως
1831 3495 2021 3546 ἑαυτὸν
2052 3513 2137 3547 κε-

565 3573 837 3640 χρημένον
868 3572 988 3631 ταῖς
1028 3571 1134 3621 τῶν
1175 3570 1450 3641 ὀνομάτων
1480 3572 1715 3635 τάξεσιν,
1768 3575 2041 3636 εὑτάκτωτ
2080 3576 2135 3629 δὲ

564 3652 659 3704 καὶ
691 3651 945 3719 ἀσφαλῶς
988 3651 1279 3721 προσιόντα
1325 3652 1401 3722 τῷ
1437 3653 1563 3723 θείῳ
1615 3654 1945 3725 κηρύγματι,
1989 3657 2135 3723 λέγει

563 3733 802 3786 Θεσσαλο
902 3732 1011 3785 ἶῦσι
1052 3734 1275 3803 γράφων
1296 3748 1308 3759 ·
1340 3738 1529 3801 Αὺτι“ς
1562 3736 1625 3788 δέ
1664 3741 1693 3790 ό
1720 3739 1933 3804 Κύριος
1970 3738 2137 3805 ήμῶν

575 3814 812 3881 Ἰησοῦς
847 3814 1118 3881 Χριστὸς,
1150 3816 1246 3867 καὶ
1287 3816 1431 3882 Θεὸς
1470 3820 1502 3871 ό
1524 3818 1726 3885 Πατὴρ
1757 3819 1943 3887 ήμῶν.
1977 3822 2135 3889 Πρῶο

561 3917 671 3961 τον,
716 3900 913 3957 Παῦλε.
962 3898 1051 3951 τὸν
1091 3900 1237 3965 Ti“,
1281 3900 1374 3953 καὶ
1406 3902 1525 3953 τότε
1558 3902 1645 3953 τὸν
1689 3904 1907 3971 Πατέρα
1936 3905 2134 3972 κηρύτ-

562 4001 675 4046 τεις
696 4000 710 4047 ;
742 3984 814 4035 Τὸ
836 3982 943 4052 γάρ
968 3982 1203 4051 πρῶτον,
1228 3984 1413 4053 φησὶν,
1442 3987 1519 4046 είς
1540 3985 1689 4047 τάξιν
1716 3985 1965 4051 ἐξέϐαλες
1986 4004 1999 4016 ·
2026 3988 2135 4054 ἐγὼ

563 4066 778 4135 πρῶτον
799 4065 893 4117 καὶ
920 4064 1168 4133 δεύτερον
1200 4066 1291 4117 ἐὰν
1323 4066 1479 4126 εἴπω,
1516 4066 1611 4137 τὴν
1642 4066 1800 4135 φύσιν
1842 4069 2134 4139 ἀμέριστον

563 4148 928 4216 ὑπολαμϐάνω
944 4163 956 4179 ·
991 4147 1188 4217 μᾶλλον
1213 4147 1266 4201 δὲ
1288 4148 1384 4217 οὑχ
1414 4148 1800 4217 ὑπολαμϐάνω,
1822 4150 1935 4202 αλλ’
1960 4153 2135 4220 ἀσφα-

562 4228 666 4289 λῶς
692 4228 964 4297 κηρύττω.
1001 4230 1090 4298 Μὴ
1125 4229 1301 4283 τοίνυν
1331 4230 1516 4300 ὕϐριζε
1549 4234 1616 4284 τὰ
1651 4231 1767 4283 θεῖα
1795 4232 1969 4300 λόγια,
2001 4234 2134 4302 μηδὲ

564 4310 887 4377 συκοφάντει
923 4310 991 4362 τὰ
1038 4312 1262 4380 οὐράνια
1300 4311 1564 4380 δόγματα.
1612 4313 1899 4381 Εὑρίσκεις
1948 4316 2132 4368 εἰκόνα

561 4392 813 4461 τοιαύτην
857 4393 949 4444 καὶ
1000 4392 1056 4443 ἐν
1101 4396 1167 4461 τῇ
1212 4392 1441 4460 Παλαιᾷ.
1477 4394 1685 4463 Ὠσπερ
1737 4394 1844 4464 γάρ
1898 4396 2129 4448 ἐνταῦθα

564 4475 772 4538 Παῦλος
800 4475 1101 4545 ἀρξάμενος
1130 4476 1237 4527 ἀπὸ
1263 4475 1357 4527 τοῦ
1385 4474 1716 4545 Πνεύματος,
1749 4471 1910 4546 ἦλθεν
1934 4480 2014 4539 είς
2039 4479 2130 4530 τὸν

564 4559 710 4621 Υἰὸν,
744 4559 836 4611 καὶ
867 4558 973 4611 ἀπὸ
997 4558 1088 4611 τοῦ
1122 4557 1250 4611 Υίοῦ
1283 4559 1440 4611 πάλιν
1466 4561 1543 4621 είς
1567 4559 1656 4611 τὸν
1689 4561 1927 4630 Πατέρα,
1962 4563 2052 4614 καὶ
2072 4564 2131 4616 τὸ

562 4642 741 4713 τρίτον
770 4645 836 4711 τῇ
885 4641 1034 4705 τάξει
1068 4642 1175 4695 τῶν
1208 4642 1483 4711 ὀνομάτων
1536 4642 1754 4712 ἐποίησε
1795 4644 2029 4711 πρῶτον,
2068 4648 2128 4699 οὑ

560 4726 661 4795 τὴν
688 4723 779 4775 τοῦ
802 4724 1151 4794 κηρύγματος
1171 4724 1323 4788 τάξιν
1350 4724 1691 4794 μεταϐαλὼν,
1716 4724 1849 4777 ἀλλὰ
1871 4727 1967 4796 τὴν
1990 4728 2133 4781 ἀδιά-

564 4823 727 4877 φορον
752 4807 850 4875 τῆς
893 4806 1166 4873 θεολογίας
1208 4807 1405 4874 γνῶσιν
1442 4810 1748 4875 ἐμφαίνων·
1786 4806 1929 4859 οὕτω
1958 4810 2050 4861 καὶ
2074 4812 2130 4862 ἐν

560 4893 626 4959 τῇ
662 4889 871 4958 Παλαιᾷ
905 4888 996 4942 τὸν
1034 4888 1193 4940 αὑτὸν
1227 4887 1391 4940 τύπον
1431 4889 1700 4959 εὑρήσεις,
1734 4888 1921 4959 ὥσπερ
1963 4891 2019 4942 ἐν
2052 4893 2127 4943 εί-

562 4971 697 5031 κὸνι,
733 4971 1140 5038 προλάμποντα.
1165 4971 1258 5033 Τίς
1286 4971 1384 5023 οὑκ
1410 4966 1547 5023 οἶδεν
1575 4972 1749 5042 ἡμῶν,
1782 4970 2018 5039 ἀδελφοὶ.
2049 4974 2127 5026 ὄτι

559 5053 649 5104 τὸν
700 5052 946 5122 Ἀϐραάμ
993 5054 1204 5123 πρῶτον
1244 5068 1423 5105 ταττει
1469 5056 1499 5121 ἠ
1550 5054 1762 5123 Γραφὴ,
1798 5054 2045 5124 δεύτερον
2072 5057 2128 5110 δὲ

560 5134 651 5187 τὸν
690 5134 890 5197 Ἰσαὰκ,
922 5136 1014 5186 καὶ
1033 5136 1213 5203 τρίτον
1236 5136 1326 5188 τὸν
1361 5134 1583 5196 Ἰακώϐς
1626 5136 1767 5203 Ἐγὼ
1791 5137 1898 5206 γάρ
1926 5141 1957 5190 ό
1986 5138 2128 5203 Θεὸς

574 5217 832 5284 Ἀϐραὰμ,
859 5218 952 5270 καὶ
989 5220 1020 5269 ό
1046 5218 1189 5281 Θεὸς
1234 5218 1461 5282 Ἰσαὰκ,
1499 5218 1595 5270 καὶ
1636 5220 1668 5270 ό
1711 5218 1853 5283 Θεὸς
1903 5219 2121 5274 Ἰακὼϐ.

562 5298 667 5353 Καὶ
698 5301 919 5363 εἰκότως
956 5304 987 5363 ἡ
1020 5301 1208 5371 Γραφὴ
1256 5301 1510 5371 κηρύττει
1555 5300 1768 5372 πρῶτον
1809 5303 1897 5354 τὸν
1934 5306 2126 5373 γεννή-

563 5398 746 5441 σαντα.
778 5378 894 5435 εἶτα
935 5384 1025 5435 τὸν
1069 5383 1409 5453 γεννηθέντα,
1446 5385 1634 5435 ἔπειτα
1668 5383 1756 5435 τὸν
1795 5385 1854 5447 ἐξ
1894 5386 2121 5438 ἐκείνου.

574 5465 709 5518 Ἀλλ’
735 5468 905 5517 knew"
954 5470 978 5536 ἡ
1017 5467 1173 5534 φύσις
1209 5464 1274 5535 ἦν
1313 5466 1626 5537 ἀμέριστος,
1656 5468 1702 5517 εἰ
1734 5469 1825 5519 καὶ
1865 5470 1975 5529 τοῖς
2001 5469 2125 5538 χρό-

560 5565 670 5611 νοις
712 5548 1013 5618 διετέμνετο
1057 5551 1142 5603 διὰ
1182 5551 1278 5619 τὴν
1324 5550 1659 5612 ἀκολουθίαν,
1686 5552 1784 5602 οὑκ
1817 5551 2057 5622 ὤκνησεν
2096 5554 2124 5605 ό

559 5630 692 5692 Θεὸς
724 5632 1041 5701 μεταϐαλεῖν
1084 5634 1181 5703 τὴν
1223 5632 1392 5696 τάξιν,
1423 5634 1507 5687 ἵνα
1542 5633 1637 5702 τὴν
1670 5634 1957 5702 ὁμολογίαν
1993 5636 2123 5688 ava-

560 5712 726 5784 δείξῃ.
759 5715 917 5785 Λέγει
951 5715 1057 5788 γάρ
1089 5719 1145 5770 ἐν
1182 5714 1259 5787 τῷ
1287 5716 1552 5787 Λευῖτικῴ
1580 5716 1742 5785 (λέγω
1770 5716 1875 5787 γὰρ
1906 5718 2000 5771 καὶ
2033 5718 2121 5771 τὸν

2007 326 2375 386 SEVEBIANI

3708 342 3817 399 510

2244 442 2429 506 τόπον,
2457 441 2542 497 ῖνα
2571 440 2646 512 μὴ
2668 440 3080 511 συκοφαντήσῃς
3100 439 3168 493 τά
3206 439 3495 509 λεγόμενα)
3517 454 3530 467 ·
3572 438 3716 493 Ἐὰν
3749 440 3814 492 δὸ

2244 523 2587 592 ἁμάρτωσιν
2603 527 2658 577 οι
2686 524 2801 580 υιοί
2838 523 3096 591 Ἰσραὴλ,
3128 520 3455 589 παραδώσω
3486 521 3711 586 αὐτοὺς
3731 523 3812 585 εἰς

2242 607 2418 673 ἑθνος
2449 608 2790 676 ἀλλότριον,
2820 608 2917 659 καὶ
2958 606 3348 674 πορεύσονται
3398 604 3540 666 ἐκεῖ,
3572 605 3670 657 καί
3711 607 3813 658 λα-

2244 691 2566 755 τρεύσουσι
2595 688 2749 755 θεοῖς
2774 688 3011 756 ἑτέροις.
3047 686 3379 758 Προμηνύων
3404 686 3501 756 τὴν
3530 687 3608 749 εἰς
3640 685 3812 737 Βαϐυ-

2244 770 2390 823 λῶνα
2414 772 2786 842 αἰχμαλωσίαν
2811 771 2964 841 φησί’
2996 771 3104 823 Kal
3135 770 3527 837 πορεύσονται
3547 767 3689 829 ἐκεῖ,
3716 769 3808 819 καὶ

2242 856 2646 921 λατρεύσουσι
2681 853 2835 918 θεοῖς
2867 853 3108 920 ἑτέροις.
3166 853 3300 904 Τότε
3342 849 3809 918 αἰσχυνθήσεται

2246 936 2283 1003 ή
2316 936 2528 1003 καρδιά
2551 937 2748 991 αὐτῶν
2770 939 2807 1004 ή
2845 936 3237 1003 ἀπερίτμητος
3260 949 3273 963 ·
3297 933 3389 987 καλ⁸
3418 932 3557 1002 μετά
3585 931 3805 1001 βραχέα,

2246 1018 2356 1071 Kal
2387 1019 2816 1087 μνησθήσομαι
2844 1016 2955 1083 τῆς
2993 1016 3282 1083 διαθήκης
3325 1013 3537 1069 Ἰακὼϐ.
3568 1014 3665 1067 καί
3704 1012 3809 1080 τῆς

2244 1101 2533 1167 διαθήκης
2574 1101 2796 1167 Ἰσαὰκ,
2820 1100 2918 1153 καὶ
2949 1098 3058 1167 τῆς
3084 1096 3371 1164 διαθήκης
3410 1096 3683 1163 Ἁϐραάμ.

2313 1182 2379 1245 ζ’.
2411 1181 2855 1253 Ἐπαναλήψομαι
2876 1180 2935 1233 τὸ
2959 1180 3107 1251 ῥῆμα
3125 1196 3138 1209 '
3173 1180 3201 1231 6
3234 1178 3339 1248 γάρ
3365 1179 3555 1249 κρότος
3579 1177 3807 1246 ἐκάλυψε

2242 1264 2339 1335 τὴν
2371 1265 2639 1318 ὑπόθεσιν.
2682 1264 2849 1324 Ἐκεῖ,
2888 1264 3069 1332 φησὶν,
3096 1261 3564 1329 αἰσχυνθήσεται
3599 1262 3637 1326 ή
3670 1276 3804 1327 καρ-

2242 1346 2341 1401 δία
2367 1346 2565 1401 αὑτῶν
2588 1350 2625 1413 ἡ
2652 1348 3063 1415 ἀπερίτμητος,
3092 1344 3189 1397 καί
3214 1343 3646 1413 ὲπιστρέψουσι
3667 1344 3807 1410 πρός

2236 1447 2333 1497 με,
2370 1430 2466 1483 καί
2516 1429 2753 1497 ἰάσομαι
2787 1430 3025 1493 αὐτούς.
3067 1426 3289 1480 Οὐδέπω
3330 1426 3546 1495 ἀπειλὴ,
3587 1426 3681 1479 καὶ
3715 1426 3805 1494 τὴν

2243 1513 2588 1582 καταλλαγὴν
2609 1511 3000 1579 ἐπαγγέλλεται
3026 1528 3038 1541 ·
3068 1507 3217 1581 [523]
3246 1508 3351 1561 Kal
3372 1508 3573 1573 ἀνάξω
3593 1508 3805 1571 αὐτοὺς

2242 1597 2329 1659 είς
2354 1595 2465 1660 τὴν
2494 1594 2609 1663 γῆν
2639 1594 2753 1647 τῶν
2794 1593 3061 1659 πατέρων
3087 1590 3302 1658 αὐτῶν,
3334 1592 3427 1644 καί
3457 1590 3803 1660 μνησθήσο-

2238 1693 2341 1745 μαι
2356 1674 2465 1741 τῆς
2480 1675 2765 1741 διαθήκης
2796 1674 3017 1735 Ἰακὼϐ,
3038 1673 3132 1725 καί
3153 1672 3261 1740 τῆς
3277 1672 3561 1740 διαθήκης
3595 1672 3801 1733 Ἰσαὰκ,

2243 1759 2339 1812 καὶ
2376 1758 2485 1825 τῆς
2516 1759 2804 1825 διαθήκης
2840 1756 3110 1825 Ἀϐραάμ.
3154 1757 3316 1826 Ὁρᾷς
3343 1756 3456 1818 πῶς
3491 1755 3803 1825 μεταϐάλλει

2240 1842 2337 1910 τὴν
2361 1840 2530 1904 τάξιν,
2568 1841 2651 1893 ἵνα
2683 1839 2829 1909 δείξῃ
2864 1839 2961 1909 τὴν
2992 1838 3307 1908 όμοτιμίαν;
3340 1838 3414 1890 Οὑ
3452 1838 3561 1905 γὰρ
3594 1835 3806 1906 πρῶτον

2242 1921 2461 1991 ἐποίησε
2493 1922 2582 1973 τὸν
2629 1920 2818 1974 Ἰακὼϐ
2848 1923 2958 1983 τοῖς
2991 1912 3223 1989 χρόνοις,
3248 1918 3384 1971 ἀλλά
3418 1921 3485 1988 τῇ
3521 1916 3805 1988 ἀδιαφορία

2243 2006 2637 2075 κατεχρήσατο,
2665 2005 2751 2056 ἵνα
2779 2002 2925 2073 δείξῃ
2958 2016 3055 2073 τηι
3082 2002 3385 2072 όμοτιμίαν.
3434 2001 3570 2052 Ἀλλ’
3593 2001 3689 2052 ἐπὶ
3714 2002 3801 2070 μὲν

2240 2089 2347 2139 τῶν
2381 2087 2731 2157 πατριαρχῶν
2780 2086 2969 2155 χρόνος
3019 2083 3231 2155 μερίζει
3268 2085 3393 2146 τοὺς
3430 2085 3679 2152 καρποὺς
3704 2084 3803 2134 ἀπὸ

2239 2170 2339 2238 τῆς
2376 2172 2529 2240 ῥίζης
2551 2188 2562 2199 ·
2595 2169 2762 2239 θνητὴ
2792 2171 2899 2239 γὰρ
2929 2172 2960 2239 ὴ
3005 2169 3165 2236 φύσις
3205 2167 3297 2221 καί⁵
3331 2166 3436 2218 τῶν
3464 2166 3680 2233 φύντων
3717 2164 3802 2217 καὶ

2240 2252 2345 2304 τῶν
2382 2253 2782 2321 γεγεννηκότων
2800 2269 2813 2281 ·
2838 2252 2933 2321 τῆς
2970 2253 3025 2305 δὲ
3047 2251 3205 2318 ἁγίας
3230 2251 3322 2303 καὶ
3344 2248 3612 2301 ἀθανάτου
3644 2264 3802 2317 προσο

2241 2334 2474 2403 κυνητῆς
2511 2334 2737 2405 Τριάδος
2766 2334 2864 2403 τὴν
2907 2334 3065 2401 φύσιν
3092 2334 3151 2384 οὑ
3186 2333 3369 2401 τέμνει
3412 2330 3583 2397 λόγος.
3618 2330 3677 2380 οὗ
3709 2346 3800 2397 με·

2242 2417 2380 2488 ρίζει
2411 2419 2617 2487 χρόνος,
2649 2419 2707 2469 οὑ
2740 2416 3007 2470 διιστῶσιν
3032 2416 3223 2477 αἰῶνες
3245 2431 3258 2445 ·
3292 2414 3439 2466 οὑόἐν
3467 2412 3576 2483 γάρ
3606 2411 3799 2481 μεταξὺ

2242 2502 2449 2571 Πατρός
2478 2502 2567 2553 καὶ
2607 2501 2735 2553 Υἱοῦ
2766 2501 2857 2552 καὶ
2885 2500 3037 2566 ἀγίου
3066 2497 3395 2568 Πνεύματος,
3434 2495 3671 2565 Ποιητὴς
3699 2495 3800 2547 τῶν

2240 2583 2447 2636 αἰώνων
2476 2587 2504 2637 6
2536 2585 2858 2654 Μονογενής.
2896 2586 3092 2635 Ἀκουε
3131 2580 3224 2634 τοῦ
3253 2580 3394 2633 θείου
3429 2580 3525 2631 καὶ
3562 2578 3799 2645 γενναίου

2241 2669 2474 2737 κήρυκος
2501 2662 2601 2720 ὧδέ
2644 2685 2694 2719 τι
2730 2668 2855 2737 περὶ
2885 2666 2979 2719 τοῦ
3019 2666 3231 2736 Πατρός
3272 2663 3580 2734 είρηκότος’
3618 2665 3802 2714 Holu-

2236 2748 2426 2819 μερῶς
2464 2751 2560 2802 καί
2624 2752 3013 2816 πολυτρόπως
3049 2746 3233 2801 πάλαι
3277 2750 3308 2800 ό
3341 2746 3483 2809 Θεὸς
3530 2744 3803 2808 λαλήσας

2239 2830 2363 2895 τοῖς
2408 2830 2703 2898 πατράσιν
2748 2831 2817 2883 ἑν
2866 2830 2985 2895 τοῖς
3029 2829 3375 2897 προφήταις,
3419 2828 3509 2880 ἐπ’
3538 2826 3802 2893 ἐσχάτων

2240 2913 2356 2968 τῶν
2388 2915 2621 2983 ἡμερῶν
2671 2916 2893 2967 τούτων
2936 2912 3238 2978 ἐλάλησεν
3281 2910 3424 2979 ἡμῖν
3450 2910 3518 2962 ἐν
3565 2907 3692 2971 Υίῷ,
3733 2907 3805 2960 ὃν

2240 2997 2415 3063 ἔθηκε
2436 2999 2813 3063 κληρονόμον
2831 2994 3089 3058 πάντων,
3117 2993 3190 3045 δι’
3214 2989 3283 3047 οὗ
3314 2991 3411 3043 καί
3433 2991 3571 3055 τοὺς
3590 2988 3804 3054 αἰῶνας

2238 3079 2542 3143 ἐποίησεν.
2570 3078 2735 3129 Οὑὸἐν
2763 3077 2940 3128 τοίνυν
2968 3075 3164 3144 μεταξὺ
3191 3073 3399 3145 Πατρὺς
3432 3074 3526 3126 καὶ
3560 3071 3687 3125 Υἰοῦ
3712 3072 3803 3124 καὶ

2237 3160 2391 3226 ἁγίου
2428 3160 2768 3228 Πνεύματος·
2798 3158 2970 3219 οὐδεὶς
3012 3160 3198 3226 χρόνος
3226 3156 3258 3224 ἧ
3288 3156 3560 3224 διάστημα
3591 3154 3800 3223 χρόνον.

2238 3243 2351 3311 Πρὸ
2378 3243 2485 3294 τῶν
2510 3242 2718 3295 αἰώνων
2745 3240 2952 3311 Πατὴρ,
2990 3241 3094 3309 πρὸ
3132 3239 3237 3291 τῶν
3272 3237 3479 3293 αἰώνων
3523 3238 3646 3299 Υἱός
3665 3254 3677 3266 ·
3706 3238 3803 3288 αὑο

2237 3326 2325 3388 τὸς
2351 3326 2457 3395 γὰρ
2504 3325 2724 3395 ἐποίησε
2756 3326 2881 3386 τοὺς
2934 3322 3169 3385 αἰῶνας’
3200 3322 3305 3391 πρὸ
3347 3322 3451 3372 τῶν
3488 3319 3696 3371 αἰώνων
3742 3320 3802 3370 τὸ

2239 3410 2390 3475 ἀγιον
2426 3406 2669 3475 Πνεῦμα.
2716 3405 2961 3473 Οὑδαμοῦ
3010 3405 3249 3473 σχίζεται
3278 3405 3310 3470 ἡ
3345 3402 3525 3469 φύσις,
3569 3400 3798 3469 οὐδαμοῦ

2240 3490 2514 3560 μερίζεται
2546 3488 2843 3557 ήδύναμις.
2889 3487 3124 3555 Πρόσεχε
3157 3483 3397 3554 ἀκδλοῖϐῶς
3418 3500 3432 3513 ⁸
3464 3482 3733 3552 βασιλεύει
3774 3486 3801 3536 6

2237 3572 2444 3641 Πατὴρ,
2503 3570 2768 3639 βασιλεύει
2804 3572 2831 3621 6
2886 3569 3030 3631 Υἱὸς,
3070 3567 3339 3638 βασιλεύει
3376 3566 3433 3618 τὸ
3476 3564 3701 3633 Πνεῦμα
3745 3566 3801 3617 τὸ

2237 3654 2408 3720 ἆγιον.
2440 3650 2567 3705 Οἶδα
2588 3652 2759 3724 ταύτῃ
2784 3653 3123 3721 χρησάμενος
3148 3654 3213 3721 τῇ
3246 3648 3546 3712 ἀποδείξει·
3579 3648 3717 3701 ἀλλά
3741 3649 3802 3699 τά

2237 3736 2373 3790 αὑτά
2399 3736 2599 3803 λέγειν,
2617 3734 2774 3801 Ἐμοὶ
2802 3734 2911 3797 μὲν
2931 3736 3039 3787 οὐκ
3065 3733 3339 3799 ὀκνηρὸν,
3362 3732 3503 3799 ὑμῖν
3523 3730 3591 3783 δὲ
3616 3732 3803 3798 ἀσφα-

2235 3817 2361 3883 λές.
2388 3817 2663 3870 Βασιλεύει
2691 3816 2895 3885 Πατὴρ,
2941 3814 3080 3867 κατὰ
3106 3816 3186 3875 τὸ,
3232 3816 3283 3867 '0
3320 3814 3461 3878 Θεὸς
3494 3812 3665 3880 ήμῶν
3689 3813 3801 3875 βα-

2237 3900 2446 3965 σιλεὺς
2474 3902 2550 3962 εὶς,
2597 3901 2689 3952 ’ὸν
2728 3897 2927 3951 αἰῶνα.
2960 3897 3235 3949 Βασιλεύει
3283 3896 3440 3958 Υἱός’
3469 3894 3655 3948 Δώσει
3699 3896 3801 3964 γὰρ

2236 3982 2393 4045 αὐτῷ
2421 3985 2629 4049 Κύριος
2654 3982 2761 4034 τὸν
2784 3985 2999 4046 θρόνον
3019 3980 3197 4032 Δαυῒδ
3222 3978 3324 4031 τοῦ
3348 3979 3571 4045 πατρὸς
3597 3976 3798 4039 αὐτοῦ,

2236 4064 2332 4117 καί
2364 4066 2723 4128 βασιλεύσει
2774 4064 2871 4115 ἐπὶ
2926 4063 3031 4114 τὸν
3078 4057 3245 4114 οἶκον
3286 4060 3484 4114 Ἰακὼϐ
3527 4062 3614 4124 είς
3668 4058 3801 4121 τοὺς

2234 4146 2469 4213 αἰῶνας.
2525 4145 2803 4199 Βασιλεύει
2830 4146 2890 4197 τὸ
2922 4143 3142 4213 Πνεῦμα
3169 4145 3229 4195 τὸ
3276 4144 3427 4209 ἀγιον
3451 4159 3464 4173 ο
3496 4144 3525 4193 ό
3567 4143 3666 4211 μὲν
3697 4142 3799 4212 γὰρ

2244 4230 2467 4292 Ἡσαΐας
2514 4224 2632 4280 εἷπε
2656 4246 2668 4259 ·
2717 4228 2827 4282 Kal
2860 4226 2966 4279 τὸν
3006 4223 3267 4289 βασιλέα
3312 4224 3532 4290 Κύριον
3564 4223 3804 4276 Σαϐαὼθ

2232 4308 2393 4363 εἶδον
2417 4311 2540 4374 τοῖς
2565 4308 2889 4379 ὀφθαλμοῖς
2926 4325 3044 4376 μου
3080 4307 3419 4374 καθήμενον
3456 4306 3555 4359 ὲπί
3588 4307 3797 4372 θρόνου

2231 4394 2472 4462 ὑψηλοῦ
2495 4394 2590 4446 καὶ
2618 4392 2970 4459 ἐπηρμένου.
2998 4390 3103 4442 Kal
3128 4385 3256 4443 εἶπε
3284 4391 3431 4457 πρός
3451 4405 3528 4457 με
3555 4405 3570 4419 ⁸
3594 4392 3800 4453 Πορευο

2232 4476 2355 4541 θεὶς
2382 4475 2553 4527 εἰπὸν
2571 4473 2649 4538 τῷ
2668 4472 2793 4537 λαῷ
2822 4474 3023 4540 τούτῳ·
3062 4470 3231 4539 Ἀκοῇ
3259 4472 3581 4538 ἀκούσητε,
3609 4472 3705 4523 καὶ
3731 4472 3798 4523 οὑ

2225 4559 2310 4627 μὴ
2353 4557 2603 4625 συνῆτε,
2639 4558 2735 4609 καὶ
2778 4557 3115 4620 βλέποντες
3142 4555 3437 4623 βλέψητε,
3470 4554 3571 4607 καί
3617 4556 3689 4607 οὐ
3714 4552 3795 4621 μὴ

2232 4642 2414 4708 ἴδητε,
2451 4643 2543 4695 καὶ
2569 4642 2637 4694 τὰ
2678 4640 2824 4707 ἑξῆς·
2859 4642 2885 4692 6
2914 4640 2971 4692 δὲ
3010 4639 3327 4700 Ἀπόστολος
3364 4640 3445 4699 είς
3473 4638 3532 4689 τὸ
3579 4636 3799 4706 Πνεῦμα

2230 4726 2289 4777 τὸ
2322 4727 2473 4792 ἆγιον
2518 4722 2849 4791 ἐκλαμϐάνει
2896 4721 2993 4791 τὴν
3031 4720 3124 4773 τοῦ
3174 4721 3449 4790 προφήτου
3502 4720 3794 4787 θεολογίαν.

2244 4807 2480 4858 Ἐκείνου
2510 4806 2809 4874 εἰρηκότος,
2836 4804 3016 4857 Εἶδον
3042 4802 3147 4855 τὸν
3165 4799 3427 4865 βασιλέα
3452 4802 3670 4870 Κύριον
3695 4805 3801 4855 Σα-

2232 4890 2406 4952 ϐαὼθ,
2442 4890 2538 4942 καὶ
2582 4886 2710 4942 εἶπέ
2734 4906 2853 4957 μοι,
2887 4887 3224 4953 Πορεύθητι,
3272 4885 3369 4938 καί
3402 4884 3535 4937 εὶπὲ
3559 4883 3641 4948 τῷ
3675 4882 3796 4946 λαῷ

2230 4975 2435 5036 τούτῳ,
2481 4976 2508 5025 6
2546 4972 2754 5031 Παῦλος
2806 4968 3027 5038 βασιλέα
3073 4967 3275 5037 Κύριον
3326 4966 3550 5019 Σαϐαὼθ
3606 4969 3688 5028 είς
3737 4964 3794 5016 τὸ

2232 5056 2451 5125 Πνεῦμα
2474 5057 2533 5106 τὸ
2562 5056 2710 5121 ἅγιον
2739 5051 3112 5121 ἐκλαμϐάνων,
3138 5053 3193 5102 ἐν
3215 5053 3281 5121 τῇ
3314 5049 3498 5119 Ῥώμῃ
3522 5052 3637 5111 τοῖς
3673 5050 3797 5098 "cu-

2229 5139 2395 5199 δαίοις
2441 5136 2815 5205 διαλεγόμενός
2867 5150 3031 5204 φησι·
3073 5132 3281 5198 Καλῶς
3326 5131 3392 5185 τὸ
3440 5131 3683 5199 Πνεῦμα
3728 5128 3793 5182 τὸ

2228 5222 2395 5289 ἅγιον
2430 5217 2558 5271 εἷπε
2580 5219 2725 5284 πρὸς
2751 5217 2891 5283 τοὺς
2920 5216 3177 5284 πατέρας
3208 5214 3377 5285 ήμῶν
3394 5214 3490 5267 διὰ
3516 5213 3621 5267 τοῦ
3657 5227 3795 5279 προ-

2227 5302 2417 5372 φήτου
2468 5300 2703 5353 Ἡσαΐου
2736 5300 2951 5367 λέγον·
2989 5300 3325 5367 Πορωθείς,
3364 5296 3534 5352 εἰπὸν
3556 5295 3636 5360 τῷ
3668 5294 3793 5359 λαῷ

2226 5387 2438 5449 τούτῳ·
2472 5382 2637 5448 Ἀκοῇ
2682 5383 3001 5447 ἀκούσητε,
3046 5381 3143 5433 καί
3176 5383 3248 5434 οὐ
3277 5381 3360 5449 μὴ
3411 5377 3663 5443 συνῆτε,
3702 5378 3792 5429 καὶ

2224 5469 2291 5521 τά
2314 5467 2455 5534 ἑξῆς.
2485 5465 2705 5525 Ἠσαῖας
2725 5466 2896 5532 ἔλεγε,
2928 5465 3037 5519 Τὸν
3051 5463 3318 5527 βασιλέα
3349 5460 3588 5515 Σαϐαὼθ
3606 5458 3795 5519 εἶδον.

2226 5552 2321 5605 καὶ
2358 5545 2485 5602 εἷπε
2533 5550 2681 5614 πρός
2710 5565 2787 5616 με
2809 5564 2820 5577 ·
2858 5547 3045 5603 Εἰπὸν
3082 5546 3162 5612 τῷ
3189 5542 3318 5610 λαῷ
3359 5546 3575 5608 τούτῳ·
3628 5546 3727 5598 καὶ
3764 5548 3792 5597 ό

2226 5631 2431 5693 Παῦλος
2460 5630 2629 5697 λέγων
2659 5626 2733 5699 τῷ
2764 5632 2899 5701 ἁγίῳ
2925 5630 3199 5699 Πνεύματι
3221 5626 3452 5697 ἀνέθηκε
3473 5628 3572 5696 τὴν
3604 5628 3793 5679 αὐθεν-

2226 5718 2362 5770 τίαν.
2396 5712 2599 5767 Οὐκοῦν
2635 5712 2881 5783 βασιλεὺς
2904 5714 2994 5767 καὶ
3015 5712 3215 5782 Κύριος
3235 5709 3459 5764 Σαϐαὼθ
3484 5711 3545 5763 τὸ
3569 5710 3789 5780 Πνεῦμα
