3976 6218
166 326 286 384 509

183 435 319 487 ritus
345 437 595 493 sanctus,
628 438 925 485 accuratam
979 427 1120 481 illam
1164 425 1448 481 adorandae
1488 424 1760 480 Trinitatis

183 525 382 578 seriem
409 522 729 592 ignorantes,
754 519 846 574 sed
874 529 1050 572 mente
1080 533 1326 587 perversa
1359 517 1638 586 theologiie
1667 533 1760 587 pu-

183 614 396 667 ritatem
440 611 758 664 contumelia
801 609 1015 664 afficere
1062 607 1368 680 conantes),
1410 608 1530 678 jure
1573 609 1764 661 Paulus

186 704 459 758 ηοιιιίιιιιηι
489 701 727 754 ordinem
761 701 991 764 invertit,
1018 709 1073 753 ut
1102 701 1336 754 veritatis
1365 700 1467 752 vim
1497 699 1760 767 ostendat,

184 803 240 846 et
270 791 628 860 improborum
659 791 962 860 Opinionem
994 790 1248 844 confutet.
1279 793 1346 842 At
1375 790 1488 843 scio
1508 831 1522 853 ,
1552 791 1624 842 ait
1652 791 1763 843 lun-

186 885 405 948 reticus,
435 898 554 936 eum
598 879 716 936 Filii
758 881 968 950 quidem
1009 892 1062 936 et
1108 880 1334 950 Spiritus
1379 882 1545 935 sancti
1597 882 1768 936 obiter

186 976 511 1029 mentionem
542 973 748 1038 iecisse,
767 973 858 1027 sed
886 987 1003 1025 cum
1034 970 1098 1024 ad
1127 973 1338 1025 Patrem
1371 973 1621 1037 venisset,
1646 973 1769 1025 sul»

187 1066 450 1120 Iimiorem
473 1065 788 1134 theologiam
803 1064 1125 1118 adhibuisse.
1151 1064 1223 1117 De
1243 1063 1440 1132 Spiritu
1457 1065 1595 1117 enim
1614 1064 1766 1128 dixit,

187 1156 335 1210 Idem
355 1172 469 1210 vero
497 1156 752 1224 Spiritus;
783 1155 847 1209 de
879 1155 1031 1218 Filio,
1060 1153 1204 1208 Idem
1228 1170 1339 1207 vero
1371 1153 1618 1206 Dominus
1642 1152 1770 1207 :sed

186 1263 310 1302 cum
341 1247 404 1302 ad
432 1248 639 1301 Patrem
669 1248 919 1311 venisset,
949 1248 1143 1315 adjecit
1168 1267 1179 1300 :
1213 1248 1309 1312 Qui
1333 1256 1568 1316 aperatur
1597 1247 1769 1299 omnia

186 1341 241 1394 in
268 1339 512 1394 omnibus.
542 1338 676 1407 Quid
699 1341 859 1409 ergo?
886 1339 1083 1393 illudne
1103 1340 1339 1402 verbum,
1360 1339 1569 1408 operari
1592 1338 1771 1392 omnia

190 1433 243 1485 in
275 1432 520 1486 omnibus
544 1472 558 1496 ,
586 1432 952 1486 auctoritatem
984 1430 1217 1484 indicat?
1246 1430 1454 1496 Etiam,
1487 1429 1672 1499 inquit.
1712 1430 1775 1483 Et

189 1523 670 1592 supereminentem
694 1521 1060 1575 excellentiam
1085 1521 1367 1589 przcdicat?
1395 1521 1553 1585 Sane,
1585 1521 1770 1590 inquit.

195 1613 260 1666 Et
286 1627 384 1682 ego
411 1627 617 1682 quoque
649 1620 788 1665 tuam
820 1610 1209 1664 confessionem
1239 1611 1458 1678 recipio,
1490 1612 1532 1664 si
1563 1613 1612 1663 in
1640 1626 1772 1663 con-

190 1703 484 1758 ditionibus
529 1718 861 1772 permaneas.
896 1702 1180 1755 Videamus
1209 1717 1333 1770 ergo
1363 1702 1486 1770 quid
1520 1717 1611 1756 vas
1647 1701 1774 1756 illud

192 1795 489 1855 electionis.
516 1794 604 1847 ille
632 1794 843 1862 inquam
874 1809 901 1846 a
932 1792 1130 1860 Spiritu
1160 1804 1346 1848 sancto
1375 1793 1562 1846 ductus
1587 1836 1602 1858 ,
1635 1795 1773 1848 circa

194 1887 331 1939 hanc
369 1886 714 1955 qumstionem
760 1894 1024 1952 suggerat.
1075 1883 1354 1952 Unicuique
1381 1885 1530 1934 datur
1559 1884 1775 1952 manife-

191 1980 343 2032 statio
392 1978 615 2043 Spiritus
654 1976 722 2028 ad
758 1977 1043 2030 utilitatem.
1085 1977 1185 2028 Alii
1213 1976 1412 2043 quidem
1436 1977 1586 2026 datur
1615 1990 1777 2028 sermo

191 2068 454 2134 sapientia:
473 2066 745 2120 secundum
773 2067 998 2120 eumdem
1024 2066 1269 2135 Spiritum
1291 2083 1306 2128 ;
1333 2065 1422 2117 alii
1442 2081 1602 2117 sermo
1624 2065 1778 2116 scien-

193 2164 282 2216 tia:
318 2163 370 2215 in
409 2163 580 2216 eodem
621 2162 817 2231 Spiritu
846 2163 976 2214 :alii
1019 2164 1178 2231 gratia
1219 2162 1492 2214 sanitatum
1523 2161 1574 2210 in
1605 2159 1778 2211 eodem

195 2256 434 2322 Spiritu;
472 2256 564 2308 alii
605 2256 901 2323 prophetia;
939 2254 1030 2306 alii
1073 2253 1414 2323 interpretatio
1455 2253 1776 2320 linguarum;

193 2348 287 2399 alii
333 2348 495 2414 ﬁdes;
535 2349 622 2400 alii
662 2347 793 2399 dona
826 2347 843 2414 (
874 2347 924 2398 1.
954 2345 1070 2399 Cor.
1100 2345 1181 2397 12.
1216 2345 1346 2398 7-10
1374 2345 1413 2411 ).
1467 2343 1587 2396 Haec
1628 2359 1778 2410 porro

195 2440 368 2490 omnia
392 2455 409 2490 :
436 2438 648 2492 attende
673 2438 971 2506 diligenter,
1003 2436 1118 2488 vide
1147 2435 1390 2488 dictionis
1423 2446 1474 2489 et
1503 2435 1779 2502 potestatis

195 2528 624 2582 consonantiam.
656 2527 752 2592 Qui
785 2527 928 2594 prius
957 2525 1191 2588 dixerat,
1228 2523 1373 2576 Idem
1401 2534 1567 2576 autem
1604 2523 1741 2575 Deus
1762 2565 1777 2589 ,

195 2619 284 2688 qui
307 2628 540 2687 operatur
567 2619 734 2670 omnia
759 2618 810 2669 in
837 2617 1082 2679 omnibus,
1111 2615 1196 2669 ubi
1227 2615 1292 2669 ad
1325 2615 1579 2684 Spiritum
1613 2615 1776 2676 venit,

197 2710 440 2763 eamdem
470 2708 566 2777 ipsi
594 2708 694 2760 vim
729 2708 900 2760 inesse
932 2707 1243 2760 testiticatur
1271 2723 1285 2760 ε
1321 2705 1444 2758 "ac
1471 2714 1639 2757 autem
1672 2721 1780 2757 om-

198 2803 307 2862 nia,
340 2799 526 2867 inquit,
550 2808 786 2865 operatur
827 2815 954 2850 unus
994 2807 1040 2850 et
1084 2798 1216 2850 idem
1255 2796 1512 2865 Spiritus,
1553 2793 1779 2846 dividens

197 2890 433 2958 singulis,
466 2900 609 2955 prout
636 2889 735 2940 vult
766 2887 940 2956 (Ibid.
971 2906 1014 2940 υ.
1042 2887 1151 2956 II).
1183 2886 1272 2940 Sic
1301 2902 1406 2938 non
1438 2885 1781 2938 labefactatur

199 2979 596 3047 gloriﬁcationis
623 2978 754 3032 ordo
780 2981 1069 3047 seriesque,
1103 2977 1318 3046 quando
1345 2975 1559 3044 aliquod
1589 2989 1780 3029 nomen

199 3084 267 3122 ex
299 3078 478 3122 sancta
506 3069 782 3129 Trinitate.
817 3079 907 3121 aut
942 3071 1192 3136 priirnno,
1226 3079 1314 3121 aut
1352 3065 1663 3127 secundum,
1693 3074 1784 3118 aut

199 3161 415 3214 tertium
458 3159 685 3226 ponitur.
735 3158 864 3210 Illud
894 3160 1056 3220 enim,
1087 3158 1318 3226 primus,
1354 3155 1640 3218 secundus,
1672 3165 1780 3207 ter-

200 3253 330 3315 lius,
364 3266 468 3304 non
500 3249 694 3302 iudicat
722 3258 924 3301 naturm
964 3247 1312 3300 dill‘ercntiam
1337 3287 1350 3308 ,
1379 3245 1474 3299 sed
1503 3243 1780 3309 theologia:

198 3343 345 3396 viam
377 3340 500 3394 nulli
540 3339 835 3395 confusioni
873 3337 1177 3390 obnoxiam.
1229 3337 1430 3390 Rursus
1474 3333 1610 3386 idem
1655 3347 1782 3400 apo-

208 3435 410 3498 stolus,
445 3441 501 3485 ut
528 3431 768 3484 ostendat
796 3444 853 3483 se
877 3430 1146 3482 nominum
1179 3428 1364 3481 ordine
1395 3426 1586 3494 ubique
1615 3424 1782 3478 indis-

201 3523 523 3579 criminatim
552 3523 647 3585 uti,
677 3531 857 3587 utpote
886 3521 972 3587 qui
1010 3529 1154 3572 recto
1181 3519 1367 3571 ordine
1396 3526 1448 3570 et
1475 3525 1629 3569 caute
1653 3516 1785 3569 divi-

204 3632 330 3670 nam
358 3614 782 3683 prmdicationem
823 3611 1025 3673 adiret,
1059 3609 1618 3662 Thcssalonicensibus
1655 3609 1787 3660 scri-

207 3706 345 3759 bens
369 3706 442 3757 ait
472 3722 483 3756 :
513 3703 632 3772 Ipse
658 3719 771 3755 vero
803 3701 1049 3754 Dominus
1086 3711 1250 3753 noster
1283 3700 1430 3753 Jesus
1457 3698 1711 3762 Christus,
1741 3706 1786 3750 et

208 3793 352 3847 Deus
370 3792 523 3845 Pater
539 3801 704 3844 noster
725 3791 797 3857 (2.
821 3790 994 3844 Thess.
1017 3789 1192 3860 2.15).
1228 3791 1305 3843 Att
1330 3790 1578 3856 primum,
1603 3787 1782 3850 Paule,

208 3885 426 3948 Filium,
461 3894 746 3952 posteaque
777 3882 983 3936 Patrem
1015 3881 1300 3950 praedicas?
1331 3881 1406 3933 'I‘u
1436 3881 1682 3949 primum,
1705 3882 1786 3931 in-

209 3979 365 4046 quit,
399 3976 548 4044 quasi
590 3976 776 4028 ordine
815 3984 866 4028 et
902 3975 1152 4043 dignitate
1192 3973 1460 4042 expromis
1495 3989 1506 4022 :
1538 3987 1636 4040 ego
1665 3986 1785 4024 cum

212 4071 443 4139 primum
463 4078 514 4122 et
540 4069 829 4121 secundum
854 4067 993 4124 dico.
1019 4077 1257 4118 naturam
1285 4064 1653 4119 indivisibilem
1676 4064 1789 4131 opi-

212 4176 345 4223 nor;
379 4160 482 4212 imo
511 4176 633 4212 vero
660 4174 765 4211 non
796 4160 1002 4226 Opinor,
1047 4159 1137 4211 sed
1183 4167 1489 4211 constanter
1531 4155 1781 4224 prtedico.

210 4252 293 4306 Nc
339 4251 490 4318 igitur
533 4250 725 4303 divinis
769 4250 990 4318 eloquiis
1032 4250 1401 4302 contumeliam
1449 4247 1662 4306 inieras.
1694 4261 1791 4299 nec

210 4342 448 4394 caelestia
479 4340 722 4409 dogmata
754 4340 1108 4394 calumnieris.
1143 4340 1240 4392 Par
1271 4338 1574 4406 exemplum
1608 4338 1658 4389 in
1688 4336 1792 4389 Ve-

213 4433 317 4486 teri
367 4431 702 4485 Testamento
753 4432 970 4497 reperis.
1015 4429 1469 4494 Quemadmodum
1518 4429 1658 4482 cnim
1707 4427 1793 4481 hic

214 4522 415 4577 Paulus
453 4537 483 4574 a
524 4520 722 4589 Spiritu
765 4535 936 4585 orsus,
962 4521 1100 4572 venit
1130 4520 1194 4572 ad
1228 4519 1435 4582 Filium,
1485 4528 1538 4572 et
1585 4534 1614 4570 a
1660 4517 1793 4571 Filio

215 4625 404 4666 rursus
433 4610 497 4664 ad
528 4611 736 4665 Patrem
759 4652 774 4676 ,
803 4619 854 4664 et
883 4610 1018 4677 quod
1061 4615 1328 4662 nominum
1357 4610 1544 4662 ordine
1583 4610 1793 4663 tertium

213 4712 354 4762 erat,
388 4701 612 4769 primum
643 4702 837 4765 ell'ecit,
867 4716 969 4753 non
1003 4710 1209 4753 mutans
1235 4701 1621 4767 praedicationis
1651 4701 1796 4754 ordi-

215 4809 365 4854 nem,
399 4790 492 4843 sed
520 4791 903 4845 indiﬂ‘ereutein
937 4791 1209 4858 theologia:
1237 4791 1588 4858 cognitionem
1616 4799 1794 4844 osten-

217 4888 354 4938 deus
386 4885 502 4936 :-sic
538 4882 589 4934 in
624 4883 792 4936 Veteri
839 4885 1174 4939 Testamento
1200 4883 1436 4936 eamdem
1467 4884 1683 4951 ﬁguram
1716 4883 1796 4936 in-

221 4974 426 5037 venies,
450 4973 596 5040 quasi
627 4971 676 5022 in
706 4971 950 5039 imagine,
978 4973 1368 5040 praelucentem.
1403 4970 1527 5036 Quis
1552 4982 1793 5025 nostrum

223 5067 451 5132 ignorat,
485 5063 692 5120 fratres.
724 5061 1048 5129 Scripturam
1082 5063 1251 5130 primo
1279 5063 1544 5114 Abraham
1574 5075 1790 5129 ponere,

220 5155 460 5208 secundo
506 5155 647 5208 Isaae
671 5194 683 5215 ,
730 5155 880 5205 tertio
920 5152 1112 5204 Jacob?
1145 5154 1296 5214 Nam,
1330 5151 1441 5222 Ego
1468 5150 1604 5204 Deus
1630 5153 1792 5204 Abra-

223 5247 366 5306 ham,
399 5243 534 5297 Deus
575 5243 723 5296 Isauc
745 5286 758 5307 ,
799 5242 933 5295 Deus
971 5241 1128 5294 Iacob
1167 5243 1357 5307 (Exod.
1388 5243 1442 5297 5.
1472 5241 1561 5308 6).
1594 5242 1654 5293 Et
1678 5242 1794 5309 jure

222 5334 498 5401 Scriptura
526 5334 691 5397 primo
724 5342 1012 5401 parentem,
1038 5335 1269 5386 secundo
1295 5337 1475 5394 lilium,
1502 5341 1681 5402 postea
1705 5347 1795 5385 ne-

221 5433 405 5495 potem
434 5423 670 5476 collocat.
705 5425 893 5476 \crum
923 5424 1038 5490 quia
1071 5435 1254 5474 natura
1286 5424 1616 5476 indivisibilis
1648 5433 1754 5475 erat
1779 5465 1794 5488 ,

219 5518 355 5570 licet
398 5523 632 5581 tempore
675 5523 727 5567 et
766 5515 904 5567 serie
944 5513 1370 5581 distingueretur,
1402 5530 1505 5568 non
1539 5513 1798 5567 dubitavit

220 5609 370 5663 heus
409 5605 648 5659 ordinem
692 5616 894 5660 mutare
939 5615 998 5659 ut
1043 5604 1428 5660 confessionem
1469 5606 1792 5660 ostenderet.

220 5699 321 5755 Ait
360 5695 500 5750 cuitu
541 5696 592 5749 in
637 5696 868 5754 Levitico
903 5701 1107 5771 (locum
1150 5702 1288 5756 enim
1333 5697 1528 5766 indico,
1557 5712 1622 5753 ne
1661 5697 1798 5754 dicta

1388 313 1477 369 DE
1514 310 1874 370 SERPENTE
1913 311 2210 369 IIOMILIA.

3336 325 3450 382 510

1874 427 2241 499 calumnieris)
2274 447 2286 481 :
2321 428 2382 483 Si
2405 445 2520 484 vero
2551 432 2804 500 peccarint
2829 434 2925 502 ﬁlii
2952 433 3132 499 Israel,
3153 436 3350 489 nudam
3371 454 3455 491 eos

1869 522 1921 574 in
1948 532 2140 591 gentem
2165 525 2403 590 alienam,
2428 536 2470 579 et
2494 527 2614 580 illuc
2642 530 3036 597 proﬁciscentur,
3062 540 3108 584 et
3127 532 3336 585 servient
3357 532 3455 585 diis

1870 615 2063 666 alienis.
2086 615 2451 671 Prmnuntiaus
2478 619 2833 687 captivitatem
2866 620 3237 691 Babylonicum
3263 625 3355 689 ait,
3389 622 3452 676 Et

1870 703 1993 754 illuc
2018 705 2418 771 proﬁciscentur,
2461 717 2506 760 ct
2539 710 2748 761 servient
2775 710 2871 762 diis
2897 711 3092 768 alienis.
3148 711 3288 765 Tunc
3332 730 3454 766 con-

1871 793 2108 862 fundetur
2144 811 2231 847 cor
2274 813 2442 849 eorum
2492 799 2912 856 incircumcisum.
2936 801 2999 854 Et
3027 802 3186 870 paulo
3217 814 3353 870 post,
3392 804 3454 856 Et

1871 884 2168 936 recordabar
2197 889 2476 941 testamenti
2500 886 2679 953 Iacob,
2717 901 2761 942 et
2783 891 3060 944 testamenti
3083 890 3254 958 Isaac,
3301 905 3346 947 et
3390 903 3455 946 tc-

1870 976 2102 1028 stamenti
2121 976 2376 1030 Abraham
2413 979 2592 1050 (Leuit.
2625 979 2714 1034 26.
2749 981 2962 1051 40-42).

1945 1065 1996 1118 7.
2040 1065 2243 1120 Dictum
2288 1079 2522 1137 repetam
2575 1087 2587 1122 :
2636 1072 2848 1138 plausus
2891 1074 3029 1126 enim
3085 1083 3449 1142 argumentum

1874 1156 2192 1209 obscuravit.
2222 1156 2360 1221 Illic,
2396 1159 2582 1228 inquit,
2613 1162 2805 1230 pudore
2832 1160 3148 1227 suffundatur
3175 1179 3260 1214 cor
3285 1180 3454 1216 eorum

1874 1245 2298 1311 incircumcisum,
2351 1260 2392 1302 et
2442 1263 2747 1304 revertentur
2785 1253 2852 1305 ad
2882 1270 2977 1317 me,
3026 1264 3071 1305 et
3119 1255 3306 1306 sauabo
3351 1273 3456 1308 eos.

1876 1334 2117 1388 Nondum
2172 1339 2564 1405 comminatus,
2619 1343 3100 1396 reconciliationem
3155 1346 3454 1412 promittit:

1880 1425 1947 1478 Ει
1974 1426 2209 1478 reducant
2256 1446 2336 1480 eos
2367 1426 2417 1481 iit
2445 1441 2625 1482 terram
2658 1443 2858 1502 patrum
2897 1451 3122 1500 suorum,
3152 1445 3196 1488 et
3223 1437 3460 1489 recorda-

1877 1518 1965 1569 bor
1991 1519 2269 1570 testamenti
2294 1517 2474 1577 Iacob,
2505 1530 2549 1572 et
2582 1525 2858 1574 testamenti
2900 1523 3069 1588 Isaac,
3103 1536 3147 1576 et
3179 1528 3460 1579 testamenti

1878 1607 2154 1659 Abraham.
2189 1607 2345 1661 \‘ides
2371 1612 2636 1678 quomodo
2659 1622 2821 1666 mutet
2843 1613 3085 1667 ordinem
3113 1633 3126 1679 ;
3161 1628 3213 1667 ιιι
3237 1617 3457 1685 :rquali-

1879 1705 2038 1749 tatem
2070 1698 2282 1751 honoris
2311 1701 2596 1753 ostendat?
2632 1701 2811 1771 Neque
2849 1704 2990 1757 enim
3027 1704 3280 1759 Iacobum
3323 1717 3460 1760 teut-

1881 1802 2006 1854 pore
2034 1789 2259 1855 primum
2300 1788 2443 1855 fecit,
2477 1792 2568 1845 sed
2601 1793 3054 1848 indiscriminatim
3086 1798 3329 1865 loquutus
3355 1811 3456 1866 est,

1880 1888 1933 1928 ut
1966 1881 2240 1945 puritatem
2274 1880 2492 1934 honoris
2513 1884 2836 1936 ostenderet.
2869 1886 3056 1939 Verum
3083 1890 3215 1954 apud
3238 1892 3459 1958 patriar-

1878 1969 2004 2021 chas
2046 1980 2248 2039 tempus
2296 1971 2570 2040 distinguit
2616 1971 2841 2026 fructum
2884 1990 2912 2026 a
2963 1975 3169 2041 radice;
3217 1979 3460 2033 mortalis

1879 2063 2071 2130 quippe
2117 2073 2300 2116 natura
2340 2076 2420 2118 est
2458 2076 2511 2119 et
2555 2076 2828 2134 parentum
2871 2079 2923 2121 et
2955 2078 3192 2122 natorum
3228 2085 3460 2127 :sanct:e

1881 2169 2006 2208 vero
2025 2155 2332 2210 immortalis
2352 2167 2403 2210 et
2423 2158 2705 2212 ador-audin
2725 2160 2994 2213 Trinitatis
3021 2172 3260 2215 naturam
3284 2178 3460 2218 sermo

1883 2263 1985 2300 nou
2018 2247 2221 2313 dividit,
2267 2265 2370 2303 non
2405 2251 2674 2321 distinguit
2719 2263 2945 2320 tempus.
2991 2271 3092 2306 non
3135 2256 3326 2308 sazcula
3369 2272 3458 2310 se-

1884 2351 2067 2408 parant
2096 2357 2108 2392 :
2138 2341 2266 2394 nihil
2288 2343 2428 2395 enim
2457 2344 2735 2398 intercedit
2759 2346 2895 2400 inter
2922 2347 3151 2408 Patrem,
3173 2357 3225 2402 et
3248 2347 3458 2414 Filium,

1882 2441 1935 2483 et
1956 2430 2206 2498 Spiritum
2239 2442 2498 2487 sanctum.
2529 2435 2782 2488 Conditor
2807 2439 3116 2489 smculot‘ttnt
3146 2448 3226 2491 est
3265 2438 3462 2508 Unige-

1884 2523 2043 2574 nitus.
2080 2525 2215 2576 Audi
2260 2525 2491 2578 divinum
2524 2527 2669 2580 illuni
2709 2543 3126 2598 generosumque
3159 2547 3461 2600 praeconem

1884 2612 1949 2666 de
1981 2614 2136 2668 Patre
2164 2616 2238 2667 sic
2267 2617 2564 2684 loquentem
2601 2636 2612 2668 :
2646 2619 2982 2689 Multifm'imtt
3008 2623 3270 2691 multisque
3299 2626 3459 2677 modis

1884 2703 2003 2754 olim
2048 2701 2183 2755 Deus
2215 2705 2444 2772 loquutus
2486 2707 2708 2776 patribus
2756 2710 2806 2759 in
2852 2709 3144 2776 prophetis,
3197 2714 3462 2767 novissime

1883 2791 2054 2845 diebus
2078 2794 2185 2845 istis
2213 2795 2445 2861 loquutus
2484 2806 2552 2848 est
2586 2799 2802 2849 nobisin
2834 2797 2988 2862 Filio,
3028 2815 3170 2867 quem
3211 2806 3464 2857 constituit

1884 2883 2116 2936 heredem
2146 2890 2502 2950 universorum,
2540 2905 2628 2955 per
2652 2906 2794 2958 quem
2834 2889 2948 2958 fecit
2989 2901 3034 2944 et
3063 2894 3246 2945 stecula
3278 2894 3460 2964 (Hebr.

1885 2975 1938 3028 1.
1973 2976 2022 3029 1.
2053 2975 2130 3045 2).
2160 2975 2298 3028 Nihil
2329 2993 2453 3045 ergo
2485 2977 2621 3032 inter
2655 2980 2862 3033 Patrem
2898 2991 2949 3034 et
2987 2980 3174 3036 Filium
3215 2994 3268 3038 et
3295 2985 3464 3055 Spiri-

1888 3075 1995 3120 tum
2022 3077 2297 3132 sanetum;
2346 3070 2544 3122 nullum
2578 3080 2784 3138 tempus
2827 3080 2916 3125 aut
2959 3073 3290 3129 intervallum
3329 3087 3463 3132 tem-

1887 3160 2050 3226 poris.
2083 3161 2220 3212 Ante
2264 3160 2455 3212 smcula
2500 3161 2679 3226 Pater,
2711 3171 2832 3215 ante
2881 3165 3069 3216 saicula
3119 3165 3312 3229 Filius;
3355 3170 3465 3234 ipse

1886 3251 2026 3303 enim
2077 3251 2268 3303 saecula
2317 3250 2477 3316 fecit;
2532 3261 2653 3306 ante
2705 3255 2895 3307 sa'cula
2945 3255 3172 3323 Spiritus
3225 3268 3462 3314 sanctus.

1888 3340 2154 3408 Nusquam
2207 3342 2462 3396 scinditur
2505 3354 2711 3405 natura,
2763 3361 3019 3414 nusquam
3069 3359 3341 3415 separatur
3369 3365 3465 3417 po-

1891 3442 2071 3484 testas.
2104 3432 2479 3488 Animadverte
2505 3433 2806 3502 diligenter.
2840 3434 3045 3504 [tegunt
3081 3437 3251 3502 Pater,
3281 3450 3464 3508 regnat

1889 3521 2075 3584 Filius,
2102 3529 2286 3589 regnat
2306 3522 2532 3588 Spiritus
2556 3533 2786 3576 sanctus.
2813 3526 2933 3578 Scio
2956 3542 3039 3579 me
3061 3528 3167 3594 jam
3197 3529 3291 3581 hac
3316 3546 3465 3584 usum

1889 3623 2008 3662 esse
2036 3609 2522 3673 demonstratione;
2556 3626 2736 3663 verum
2770 3612 2953 3665 eadem
2988 3614 3096 3680 ipsa
3125 3616 3303 3670 dicere
3339 3619 3468 3672 Mihi

1889 3699 2086 3767 quidem
2107 3715 2369 3751 onerosum
2389 3716 2485 3751 non
2506 3710 2596 3763 est,
2626 3702 2758 3753 vobis
2784 3713 2948 3753 autem
2979 3713 3136 3755 tutum
3156 3703 3374 3774 (Philip.
3410 3709 3464 3762 5.

1891 3790 1966 3858 1).
2000 3789 2199 3857 Regnat
2233 3790 2404 3852 Pater,
2438 3790 2724 3843 secundum
2751 3791 2896 3854 illud,
2934 3791 3063 3846 lJeus
3093 3812 3179 3847 rex
3223 3808 3386 3849 noster
3416 3799 3469 3850 in

1891 3881 2127 3935 sa'culum
2163 3879 2330 3950 (Psal.
2368 3882 2452 3934 75.
2491 3882 2596 3948 12).
2655 3881 2854 3951 Reguat
2896 3883 3058 3936 Filius
3090 3903 3099 3936 :
3133 3902 3273 3949 nam,
3317 3886 3470 3941 Dabit

1892 3973 1968 4024 illi
1993 3971 2236 4023 Dominus
2266 3972 2444 4023 solium
2476 3969 2639 4022 David
2661 3974 2816 4041 patris
2837 3975 2963 4042 ejus,
2993 3984 3036 4026 et
3063 3979 3288 4044 regnabit
3318 3995 3469 4047 super

1895 4063 2098 4114 domum
2126 4059 2351 4113 Jacobiu
2375 4073 2613 4113 trternum
2650 4061 2795 4130 (Luc.
2833 4065 2876 4115 I.
2917 4062 3027 4134 52).
3078 4065 3275 4136 llegnat
3306 4067 3474 4136 Spiri-

1897 4162 1979 4204 tus
2007 4161 2221 4204 sanctus
2248 4168 2260 4202 :
2289 4151 2447 4204 Isaias
2492 4152 2634 4205 enim
2678 4153 2834 4219 dixit,
2884 4152 2946 4204 Et
2987 4171 3150 4224 regem
3198 4157 3469 4213 Dominum

1897 4241 2123 4296 Sabaoth
2162 4242 2262 4294 vidi
2304 4242 2460 4295 oculis
2507 4243 2626 4295 meis
2667 4246 2909 4296 sedentem
2941 4248 2991 4298 in
3027 4249 3151 4299 solio
3194 4253 3386 4304 excelso
3423 4266 3478 4308 ct

1897 4331 2105 4383 elevato.
2140 4330 2203 4382 Et
2233 4332 2358 4383 dixit
2389 4333 2456 4382 ad
2481 4348 2558 4383 me
2590 4348 2607 4383 :
2652 4331 2784 4383 Vade
2810 4346 2851 4384 et
2878 4335 2957 4384 dic
2992 4337 3177 4404 populo
3204 4340 3339 4405 huic,
3366 4343 3473 4395 Au-

1898 4420 2005 4472 ditu
2035 4420 2265 4482 audietis,
2296 4432 2339 4470 et
2369 4437 2466 4471 non
2494 4420 2800 4488 intelligetis,
2824 4432 2868 4472 et
2890 4426 3106 4477 videntes
3133 4428 3376 4495 t'itlc'bllls,
3422 4441 3470 4486 e:

1898 4529 1998 4564 non
2035 4511 2357 4579 perspiciatis,
2401 4519 2502 4563 etc.
2553 4508 2703 4578 (Isai.
2735 4511 2786 4565 6.
2819 4513 2864 4564 1.
2899 4512 2988 4581 9);
3027 4519 3306 4582 Apostolus
3347 4537 3473 4575 vero

1899 4603 1964 4656 de
1994 4602 2192 4671 Spiritu
2217 4613 2399 4655 sancto
2428 4602 2698 4670 propheta:
2739 4603 3052 4674 theologiam
3096 4611 3342 4676 explicat.
3379 4614 3469 4666 Illo

1899 4693 2126 4759 dicente,
2163 4690 2276 4743 Vidi
2292 4708 2461 4764 regem
2500 4691 2775 4744 Dominum
2813 4693 3055 4762 Sabaoth,
3090 4705 3134 4749 et
3171 4700 3295 4752 dixit
3324 4703 3470 4771 mihi,

1909 4783 2066 4847 Vade,
2094 4793 2137 4835 et
2170 4783 2249 4834 dic
2271 4780 2456 4850 populo
2484 4782 2617 4848 huic,
2643 4783 2837 4836 Paulus
2869 4800 2961 4853 per
2984 4802 3160 4854 regem
3189 4789 3468 4847 Dominunt

1900 4874 2127 4930 Sabaoth
2145 4873 2394 4942 Spiritum
2423 4883 2663 4926 sanctum
2690 4875 2974 4943 accipiens,
2995 4891 3114 4930 cum
3138 4879 3317 4933 Roma:
3337 4897 3473 4935 con-

1905 4979 1980 5021 tra
1999 4965 2208 5020 Judieos
2234 4965 2545 5032 disputaret,
2574 4966 2665 5031 ait,
2700 4964 2834 5019 Bene
2865 4966 3089 5028 Spiritus
3115 4982 3316 5024 satiatus
3344 4975 3471 5027 dixit

1902 5057 1967 5107 ad
1995 5065 2156 5124 patres
2202 5065 2396 5108 nostros
2428 5072 2515 5122 per
2551 5054 2742 5108 Isaiam
2790 5060 3086 5127 praphetam
3122 5077 3139 5112 .·
3175 5060 3343 5127 Vade,
3394 5066 3474 5118 die

1903 5146 2087 5214 papula
2110 5146 2222 5198 huic
2243 5186 2257 5210 ,
2304 5145 2494 5199 Audita
2529 5148 2759 5210 audietis,
2803 5158 2846 5201 et
2896 5166 2994 5202 non
3026 5151 3308 5220 intelligetis
3338 5153 3471 5222 (Act.

1901 5240 1989 5292 ‘28.
2022 5239 2134 5308 25),
2155 5250 2258 5292 etc.
2293 5237 2453 5292 Isaias
2482 5239 2631 5301 dixit,
2663 5238 2845 5310 Regem
2881 5240 3105 5294 Salaoth
3135 5245 3231 5295 vidi
3269 5255 3312 5299 et
3345 5245 3472 5298 dixit

1901 5328 2046 5392 mihi,
2084 5326 2174 5379 Dic
2206 5330 2390 5397 populo
2431 5329 2587 5393 huic;
2624 5329 2915 5399 Paulu5que
2951 5333 3217 5387 disserens
3253 5335 3473 5402 Spiritui

1903 5428 2088 5471 sancto
2135 5417 2270 5470 hanc
2304 5418 2668 5471 auctoritatem
2715 5420 3012 5489 adseripsit.
3064 5423 3198 5490 Ergo
3247 5423 3471 5491 Spiritus

1904 5520 2118 5562 sanctus
2145 5524 2236 5562 rex
2266 5517 2346 5562 est
2367 5518 2418 5561 ct
2447 5508 2700 5562 Dominus
2727 5510 2982 5576 Sabaoth,
3007 5514 3092 5580 qui
3119 5514 3253 5567 dixit
3277 5515 3422 5569 Isaia:
3456 5537 3470 5572 :

1915 5599 2070 5664 Vade,
2100 5610 2143 5654 et
2168 5601 2248 5653 dic
2273 5601 2459 5669 populo
2485 5599 2622 5666 huic,
2653 5599 2842 5653 Auditu
2868 5602 3098 5668 audietis,
3134 5613 3176 5657 et
3200 5621 3297 5658 non
3320 5607 3473 5661 intel-

1909 5693 2087 5764 ligetis,
2122 5703 2166 5746 et
2195 5694 2408 5748 ridentes
2439 5695 2683 5766 videbitis,
2711 5707 2869 5753 etnon
2900 5699 3224 5767 perspicietis,
3257 5706 3358 5756 etc.
3383 5698 3472 5771 Et,
