3976 6218
556 368 669 425 511

563 484 746 539 Astditn'
770 500 935 538 vocem
961 482 1164 537 Domini
1191 482 1420 547 dicentis,
1454 477 1612 544 Vade,
1653 479 1732 532 dic
1759 474 1944 547 populo
1974 474 2088 528 huic
2111 491 2131 540 ;

567 574 818 628 Dominus
841 575 1016 640 Pater,
1041 573 1293 627 Dominus
1325 573 1523 636 Filius;
1555 586 1673 624 nam
1705 569 1847 623 Dixit
1889 566 2133 620 Dominus

563 665 782 720 Domino
810 682 935 726 meo,
975 665 1106 719 Sede
1132 682 1162 717 a
1189 666 1376 718 dextris
1406 664 1525 716 meis
1562 661 1728 734 (Psal.
1770 659 1889 715 109.
1922 660 1998 727 1).
2030 658 2134 712 Do-

563 757 738 810 minus
776 756 1000 824 Spiritus
1030 766 1243 812 sanctus
1281 775 1292 809 :
1332 771 1450 812 nam
1486 755 1725 808 Dominus
1765 753 1989 822 Spiritus
2018 761 2130 805 est:

560 847 643 897 ubi
668 861 781 899 sero
810 846 1030 914 Spiritus
1071 846 1291 910 Domini,
1323 847 1390 898 ibi
1426 845 1624 898 libertas
1664 845 1739 916 (9..
1776 842 1890 897 Cor.
1919 843 1970 896 5.
2014 843 2126 911 17).

559 934 634 988 Ne
654 934 776 1004 quis
802 951 928 989 vero
953 945 1100 1005 putet
1127 937 1296 1004 majus
1323 951 1439 990 esse
1461 938 1686 1005 primum
1719 949 1936 998 nomen,
1967 933 2124 996 Deus,

557 1026 848 1079 secundum
878 1040 1024 1092 vero,
1059 1027 1334 1080 Dominus.
1369 1027 1497 1080 Nam
1531 1028 1579 1079 in
1627 1035 1810 1078 natura
1846 1025 2126 1078 immortali

557 1128 611 1173 et
640 1117 893 1172 Dominus
920 1128 973 1172 et
1005 1119 1164 1185 Deus,
1207 1119 1329 1173 licet
1356 1119 1551 1173 dictum
1585 1117 1709 1171 illud
1749 1134 1853 1170 non
1883 1116 2124 1171 eamdem

557 1209 661 1261 vim
706 1209 932 1274 habeat,
988 1208 1228 1264 eamdem
1276 1219 1450 1264 tamen
1495 1210 1803 1277 dignitatem
1850 1209 2122 1276 praedicat.

554 1297 687 1364 Quid
716 1298 899 1352 enim?
936 1299 991 1353 Si
1033 1315 1245 1366 nomen,
1291 1301 1447 1360 Deus,
1492 1300 1717 1367 primum
1758 1307 1918 1361 esset,
1951 1298 1993 1350 si
2035 1314 2122 1352 se-

553 1390 803 1448 cundum.
837 1391 1106 1453 Dominus,
1127 1407 1256 1444 sane
1272 1391 1476 1461 Moyses
1494 1406 1595 1442 non
1615 1389 1848 1444 secundo
1873 1398 1930 1442 ut
1953 1390 2124 1458 primo

553 1494 677 1532 osus
706 1489 845 1533 esset
871 1482 1073 1547 dicens,
1103 1481 1349 1534 Dominus
1388 1481 1524 1533 Deus
1560 1490 1695 1544 tuus,
1722 1479 1968 1534 Dominus
1992 1497 2123 1533 unus

551 1579 622 1621 est
644 1568 817 1638 (Deut.
847 1570 898 1622 6.
929 1569 983 1638 ιι)
1005 1587 1018 1634 ;
1043 1571 1362 1638 oportuisset
1393 1571 1554 1632 enim,
1601 1585 1644 1623 st
1675 1570 1740 1624 de
1765 1571 1937 1639 primo
1967 1585 2118 1624 men-

551 1661 747 1712 tionem
779 1661 951 1714 facere
999 1661 1270 1724 voluisset,
1323 1661 1553 1730 primum
1597 1661 1774 1715 dicere
1830 1661 1926 1725 sic,
1979 1661 2120 1714 Dens

549 1755 667 1800 tuus
692 1748 950 1804 Dominus
985 1764 1118 1803 unus
1145 1759 1226 1804 est
1253 1768 1266 1804 :
1295 1751 1387 1804 sed
1417 1760 1472 1804 ut
1509 1750 1813 1804 ostenderet
1843 1751 2118 1804 nominum

547 1839 976 1906 indill‘erentiam,
1019 1840 1270 1895 Dominus
1311 1842 1480 1910 primo
1525 1841 1679 1908 dixit,
1731 1851 1910 1910 postea
1965 1840 2117 1896 Deus.

545 1927 650 1982 Sed
679 1930 744 1983 ad
772 1931 1096 1997 propositum
1125 1933 1424 1984 redeamus.
1447 1931 1694 1984 Dominus
1719 1940 1882 1983 autem
1906 1940 1976 1983 est
2000 1931 2121 2000 Spi-

542 2018 686 2070 ritus.
722 2017 973 2072 Dominus
998 2035 1123 2089 ergo
1147 2020 1320 2085 Pater,
1356 2021 1608 2074 Dominus
1650 2021 1832 2083 Filius,
1868 2021 2118 2076 Dominus

543 2110 774 2177 Spiritus
795 2123 1027 2166 sanctus.
1060 2111 1254 2166 Verum
1284 2113 1476 2167 Paulus
1504 2114 1651 2175 dicit,
1682 2114 1823 2168 Unus
1850 2115 2111 2169 Dominus.

542 2201 596 2253 Si
627 2215 761 2254 unus
809 2202 1084 2268 Dominus,
1117 2204 1383 2271 quomodo
1427 2205 1678 2258 Dominus
1728 2214 1782 2259 et
1825 2206 2116 2259 Dominus?

543 2290 801 2345 Videlicet
824 2307 924 2344 una
947 2291 1254 2346 dominatio.
1280 2294 1477 2347 Eadem
1497 2297 1702 2348 ratione
1720 2305 1771 2348 et
1790 2311 1923 2348 unus
1954 2297 2114 2362 Deus,

541 2381 614 2432 ait
637 2381 830 2434 Paulus
863 2399 875 2434 :
909 2380 1069 2434 Nobis
1097 2391 1264 2435 autem
1287 2399 1416 2436 unus
1441 2381 1578 2436 Deus
1603 2383 1774 2448 Pater,
1805 2401 1866 2438 ea:
1889 2402 1986 2453 quo
2010 2403 2119 2436 om-

541 2471 646 2535 nia,
676 2480 720 2523 et
757 2488 886 2524 unus
931 2470 1173 2524 Dominus
1208 2472 1358 2525 Jesus
1385 2472 1630 2538 Christus,
1662 2491 1749 2543 per
1770 2492 1914 2544 quem
1949 2477 2116 2529 omnia

543 2560 624 2626 (i.
653 2559 772 2614 Cor.
813 2560 864 2613 8.
912 2559 990 2629 6).
1035 2560 1195 2630 Ergo,
1246 2563 1320 2615 ait
1365 2562 1665 2628 haereticus,
1707 2564 1914 2619 Patrem
1947 2566 2113 2620 Deum

540 2649 691 2712 dixit,
721 2649 907 2702 Filium
938 2665 1064 2705 vero
1091 2651 1392 2705 Dominum.
1428 2653 1713 2707 Videamus
1743 2671 1890 2726 ergo,
1929 2656 2112 2710 videa-

541 2754 678 2800 mus,
706 2737 913 2800 fratres,
946 2741 1238 2805 videamus,
1262 2757 1462 2810 quteso,
1504 2759 1628 2795 num
1663 2743 1807 2810 illud,
1839 2745 2110 2811 Dominus,

540 2828 830 2880 secundum
852 2830 918 2881 sit
945 2845 1137 2883 nomen
1167 2830 1358 2884 divinat
1383 2831 1671 2902 dignitatis,
1703 2845 1756 2887 et
1783 2849 1957 2889 annon
1989 2850 2114 2892 vero

539 2916 769 2984 primum
811 2919 1014 2988 ipsique
1061 2935 1380 2990 congruens,
1421 2933 1579 2993 atque
1621 2924 1910 2996 Scriptura:
1946 2943 2113 2983 sacra:

539 3008 844 3063 testimonio
873 3009 1080 3063 fultum.
1110 3011 1339 3067 Necesse
1364 3014 1503 3066 enim
1530 3023 1611 3069 est
1651 3025 1705 3070 ut
1733 3026 1788 3071 et
1814 3033 1909 3072 nos
1951 3033 2112 3072 accu-

539 3109 651 3153 rate
679 3099 975 3169 loquamur,
1026 3111 1078 3156 et
1121 3118 1216 3157 vos
1259 3103 1496 3158 studiose
1537 3107 1781 3173 audiatis,
1829 3108 2010 3178 illique
2045 3126 2110 3166 ex

538 3188 1129 3244 veritateinstituantur.
1154 3191 1282 3258 Quis
1308 3207 1434 3261 ergo
1465 3195 1617 3248 nobis
1646 3211 1821 3250 sermo
1855 3201 2111 3254 testifica-

537 3277 697 3341 bitur,
733 3279 879 3341 illud,
914 3279 1193 3344 Dominus,
1218 3296 1410 3335 nomen
1437 3297 1554 3336 esse
1577 3287 1800 3352 primum
1829 3296 1884 3342 et
1905 3291 2111 3357 magni-

537 3367 891 3422 ﬁcentissime
919 3370 1102 3439 gloria:
1145 3373 1436 3440 prpprium.
1484 3374 1622 3428 Audi
1655 3377 1964 3444 prepbetam
2002 3380 2109 3433 Da-

537 3459 706 3513 videm
758 3478 771 3514 :
818 3459 1204 3530 Confundantur
1245 3473 1290 3515 et
1341 3465 1697 3519 conturbantur
1760 3469 1812 3520 in
1870 3470 2109 3524 sarculum

534 3550 703 3606 occuli
717 3566 736 3613 ,°
751 3559 797 3602 et
816 3561 1152 3615 reveresntnr,
1170 3561 1214 3604 et
1230 3562 1449 3619 pereant.
1477 3553 1540 3606 Et
1561 3567 1880 3622 cognoscant,
1895 3559 2012 3626 quia
2027 3575 2110 3610 no-

535 3656 646 3694 men
664 3641 750 3692 tibi
779 3639 1024 3702 Dominus
1051 3639 1219 3710 (Psal.
1243 3641 1330 3695 82.
1359 3641 1574 3710 l8.19).
1603 3643 1750 3698 Solet
1774 3646 2109 3702 adversarius

534 3731 712 3784 dicere
742 3729 808 3784 de
841 3731 1124 3785 Servatore
1154 3732 1328 3786 Verbo
1353 3751 1364 3786 :
1392 3733 1590 3788 Nomen
1610 3734 1807 3790 Christi
1830 3738 2105 3805 Dominus,

533 3836 725 3875 nomen
753 3823 924 3876 Patris
949 3824 1107 3877 Deus.
1137 3824 1339 3878 Rursus
1372 3826 1731 3882 deﬁnitionem
1760 3846 1964 3896 eorum,
1989 3847 2108 3900 quas

533 3913 799 3980 proposita
826 3925 968 3978 sunt,
1002 3917 1226 3980 postulo.
1250 3918 1626 3973 llmrcticorum
1650 3924 1822 3977 verbis
1846 3923 2106 3978 iulia-res?

533 4018 879 4071 permanesne
909 4005 961 4057 in
992 4005 1379 4062 conditionibus
1429 4013 1750 4079 propositis?
1794 4012 2106 4070 Inconstan-

531 4092 654 4146 tiam
669 4092 809 4146 enim
830 4100 969 4146 tuam
992 4105 1188 4149 metuo.
1203 4096 1423 4161 Quando
1440 4101 1735 4154 confutatus
1752 4118 1810 4156 es
1826 4120 1888 4156 ex
1913 4105 2010 4159 hac
2023 4107 2106 4161 dc-

530 4192 820 4236 monstrata
855 4186 1094 4249 veritate,
1119 4188 1183 4240 ad
1213 4189 1351 4242 aliud
1381 4202 1734 4245 commentum
1755 4195 1993 4265 coniugis
2017 4239 2030 4261 ,
2059 4200 2103 4252 si

531 4275 636 4329 illic
651 4276 999 4337 convincaris,
1016 4275 1247 4330 declinas
1263 4279 1327 4332 ad
1344 4281 1482 4334 aliud
1510 4283 1861 4350 improbitatis
1878 4287 2104 4341 clemeno

533 4373 664 4426 tum,
702 4377 820 4416 cum
858 4375 1128 4432 oporteret
1161 4369 1523 4435 splendentem
1549 4381 1602 4426 et
1617 4374 1997 4429 illuminantem
2013 4393 2104 4432 ve-

531 4454 736 4509 ritatem
769 4469 873 4506 non
904 4455 1164 4523 eﬁ‘ugere:
1186 4474 1287 4512 non
1319 4459 1460 4529 fugat
1485 4462 1625 4515 enim
1663 4481 1779 4517 cum
1826 4467 2055 4522 illustrat
2083 4487 2097 4522 :

528 4559 732 4608 verum,
760 4543 912 4612 Fugit
941 4546 1122 4615 impius
1139 4549 1330 4601 nemine
1356 4562 1673 4620 persequente
1696 4552 1874 4623 (Prov.
1907 4555 1996 4611 28.
2020 4556 2096 4625 1).

596 4633 647 4688 8.
674 4633 921 4687 Divinitas
951 4635 1144 4689 Christo
1173 4639 1473 4694 vindicatur.
1503 4640 1949 4698 Pneumatumachi
1979 4651 2099 4700 red-

526 4733 826 4794 arguuntur.
852 4755 921 4764 -—-
943 4725 1050 4780 Nos
1080 4735 1254 4782 autem
1275 4730 1340 4783 ad
1370 4734 1695 4799 propositum
1745 4747 2095 4792 revertamur.

525 4813 858 4885 Cognoseant,
900 4818 1015 4884 quia
1045 4835 1223 4871 nomen
1249 4820 1333 4872 tibi
1363 4819 1626 4875 Dominus.
1659 4823 1712 4876 Si
1744 4825 1950 4880 Patrem
1982 4843 2094 4881 mc-

526 4917 715 4972 moret,
741 4909 883 4962 disce
915 4924 1102 4963 nomen
1145 4911 1315 4965 Patris
1342 4929 1457 4968 esse
1485 4915 1632 4983 illud,
1668 4915 1932 4971 Dominus.
1958 4920 2023 4973 Et
2050 4922 2094 4973 si

523 4999 694 5052 Patris
717 5015 909 5053 nomen
941 5008 1020 5053 est
1043 5002 1312 5068 Dominus,
1344 5006 1415 5057 ait
1439 5005 1648 5070 Paulus,
1678 5006 1820 5062 Unus
1846 5008 2094 5064 Dominus

520 5088 670 5141 J'esus
710 5089 956 5143 Christus.
997 5091 1100 5145 Sed
1129 5092 1385 5149 Dominus
1415 5096 1589 5164 Pater,
1627 5098 1879 5153 Dominus
1909 5101 2091 5157 Filius.

524 5180 663 5249 Ergo
685 5189 741 5234 ut
769 5196 988 5235 consors
1011 5193 1091 5236 est
1117 5187 1366 5250 nominis,
1386 5203 1606 5242 consors
1626 5200 1703 5244 est
1726 5200 1778 5244 et
1802 5191 2092 5260 dignitatis.

526 5271 714 5325 Verum
744 5271 957 5326 Judaeus
988 5275 1166 5329 abnuit
1207 5280 1465 5344 conﬁteri,
1518 5281 1567 5333 id
1613 5282 1680 5335 de
1711 5283 1865 5337 Patre
1895 5284 2090 5338 dictum

514 5360 715 5425 fuisse,
763 5370 820 5413 ut
858 5361 1019 5427 illud,
1055 5363 1337 5433 Dominus,
1387 5369 1521 5423 Filio
1565 5371 1891 5437 adseribens,
1938 5373 2085 5438 illud,

522 5451 688 5514 Deus,
730 5450 868 5504 Patri
898 5462 1115 5508 servet:
1141 5456 1501 5513 definitionem
1543 5462 1730 5528 probo,
1760 5463 2090 5518 conditiones

513 5539 736 5608 accipio.
765 5540 876 5595 Non
907 5543 1172 5614 distinguo
1205 5550 1472 5604 nominum
1502 5550 1786 5605 adoranda:
1814 5552 2088 5609 Trinitatis

512 5629 842 5701 dignitatem,
878 5640 935 5686 ut
964 5649 1106 5704 smpc
1137 5637 1263 5702 dixi,
1303 5640 1425 5707 quia
1458 5641 1695 5696 Ecclesia
1726 5642 2086 5697 indistinctam

511 5720 672 5779 babet
699 5721 917 5791 gloriam
947 5742 962 5780 :
992 5726 1086 5783 sed
1128 5728 1192 5783 ad
1224 5732 1490 5789 miseriam
1524 5741 1664 5789 tuam
1709 5751 1794 5791 me
1824 5735 2046 5791 demitto
2066 5777 2084 5805 ,

1975 353 2340 414 SEVERIANI

3709 377 3819 432 512

2241 485 2304 526 ac
2324 473 2465 540 dico,
2499 473 2661 528 Detur
2685 471 2807 538 hoc,
2833 473 3164 546 Cognoseant,
3189 479 3304 545 quia
3327 494 3502 532 nomen
3524 480 3609 533 sibi
3634 485 3806 534 Donn-

2242 577 2372 626 nus;
2400 562 2526 632 quid
2567 565 2726 633 igitur
2755 562 2846 618 ﬁat
2873 563 2939 620 de
2969 567 3057 620 illo
3082 568 3243 622 verbo
3269 569 3406 637 quod
3438 572 3691 640 sequitur,
3729 570 3806 626 Tu

2235 653 2373 706 solus
2402 653 2688 708 Altissimus
2713 672 2862 724 super
2887 672 3082 710 omnem
3106 667 3288 711 terram
3310 660 3334 712 .’
3362 661 3497 729 Ergo
3517 664 3806 718 secundum

2238 740 2560 808 impietatem
2601 742 3002 814 doctrinamque
3030 755 3170 800 tuam
3193 789 3208 814 ,
3248 764 3353 802 non
3400 752 3625 820 amplius
3654 753 3806 807 Pater

2235 831 2338 883 erit
2366 831 2694 898 Altissimus,
2723 835 2844 902 quia
2868 834 3012 889 solus
3039 835 3204 892 Filius
3229 847 3310 891 est
3340 840 3660 894 Altissimus.
3685 843 3800 908 Hic,

2235 919 2423 974 fratres
2446 963 2460 986 ,
2491 938 2594 977 non
2626 924 2818 980 ﬂuctus
2855 928 3016 980 maris
3049 938 3209 996 sunt,
3242 939 3298 982 ut
3323 933 3440 1000 quis
3469 936 3799 1002 prmtocetnr,

2232 1011 2324 1064 sed
2367 1014 2604 1068 caritatis
2651 1015 2840 1070 ﬂuctus
2885 1019 2973 1087 qui
3018 1021 3365 1076 sanctiﬁcent.
3399 1026 3642 1080 Attamen
3681 1044 3797 1082 cum

2229 1100 2470 1158 Christus
2508 1105 2754 1174 loquatur
2791 1117 2844 1163 et
2889 1110 3223 1179 praedicetur,
3263 1117 3492 1184 quietem
3530 1130 3643 1189 agat
3688 1122 3800 1178 haec

2229 1193 2472 1262 religiosa
2516 1199 2776 1254 navicula.
2821 1201 3121 1256 Absurdum
3164 1207 3303 1258 enim
3331 1217 3412 1260 est
3441 1225 3585 1263 mare
3629 1214 3797 1281 ipsum

2228 1285 2444 1352 vestigia
2479 1286 2683 1342 Domini
2720 1292 3100 1360 conspicatum,
3130 1294 3240 1350 haec
3267 1297 3505 1364 audiens,
3536 1299 3686 1366 Tace,
3715 1305 3797 1356 ob»-

2228 1382 2442 1426 mutesee
2466 1375 2654 1444 (Marc.
2688 1380 2741 1433 4.
2785 1380 2877 1449 '59)
2898 1422 2912 1446 ,
2947 1385 3309 1439 auctoritatem
3335 1390 3615 1443 reveritum
3646 1407 3794 1458 esse,

2227 1461 2522 1520 Ecclesiam
2549 1483 2674 1522 vero
2714 1487 2819 1525 non
2847 1474 3213 1544 obtemperare
3242 1478 3464 1532 Domino
3493 1484 3652 1537 verba
3680 1485 3797 1541 vitae

2227 1553 2483 1622 loquenti,
2513 1573 2572 1612 ac
2604 1558 2834 1615 divinam
2862 1579 2988 1618 vere
3019 1567 3239 1634 gratiam
3273 1569 3324 1623 in
3355 1570 3509 1624 labiis
3538 1572 3750 1628 habenti
3779 1595 3791 1629 :

2225 1659 2345 1696 nam
2374 1643 2574 1710 Di/I'usa
2610 1660 2681 1702 est
2705 1652 2870 1719 gratia
2895 1655 2949 1705 in
2970 1655 3112 1709 labiis
3136 1661 3232 1710 tuis
3257 1658 3424 1726 (Psal.
3451 1663 3544 1716 44.
3567 1664 3654 1732 5).
3695 1666 3796 1719 Sed

2222 1733 2287 1785 ad
2311 1738 2636 1803 propositum
2661 1739 2966 1796 redeamus.
2999 1743 3328 1814 Cognoscant,
3357 1751 3476 1818 quia
3497 1767 3677 1806 nomen
3712 1755 3796 1808 tibi

2225 1827 2490 1884 Dominus.
2523 1832 2708 1887 Utrum
2740 1836 2818 1889 vis
2843 1835 2999 1906 elige,
3031 1852 3136 1892 non
3157 1840 3301 1908 quasi
3331 1856 3417 1895 res
3439 1843 3493 1896 in
3526 1852 3612 1898 tua
3647 1858 3794 1913 pote-

2223 1925 2360 1972 state
2383 1921 2451 1973 sit
2481 1923 2648 1988 posita
2683 1941 2696 1976 :
2730 1940 2900 1993 neque
2926 1927 3068 1980 enim
3095 1943 3214 1981 cum
3252 1929 3406 1984 Jesus
3435 1931 3579 1987 Nave
3607 1935 3672 1986 ad
3702 1951 3793 2002 po-

2223 2010 2400 2077 pulum
2424 2011 2657 2067 diceret:
2682 2013 2870 2086 Eligite
2894 2016 3028 2072 vobis
3053 2019 3203 2073 hodie
3221 2026 3304 2072 cui
3329 2025 3573 2092 serviatis,
3595 2041 3660 2077 an
3677 2028 3792 2089 diis,

2220 2117 2342 2167 quos
2363 2103 2621 2157 coluerunt
2638 2115 2804 2173 patres
2825 2108 2992 2173 vestri,
3019 2125 3084 2161 an
3100 2108 3316 2164 Domino
3339 2111 3443 2166 Deo
3464 2124 3633 2168 nostro
3658 2116 3711 2186 (Ι
3719 2134 3790 2170 os.

2219 2193 2308 2246 24.
2335 2194 2444 2262 15),
2468 2195 2588 2249 ideo
2619 2205 2934 2264 potestatem
2958 2200 3182 2269 eligendi
3208 2202 3509 2256 hominibus
3535 2208 3792 2260 concede-

2220 2282 2328 2346 bat,
2361 2282 2454 2336 sed
2477 2293 2534 2337 ut
2559 2287 2884 2351 ostenderet,
2916 2290 3164 2356 pietatem
3193 2291 3339 2360 sequi
3368 2292 3644 2348 arbitrium
3671 2295 3789 2348 dili-

2219 2374 2454 2440 gentium
2485 2373 2672 2431 Deum.
2697 2375 2826 2431 Item
2854 2379 2974 2433 alibi
2999 2396 3016 2434 :
3056 2379 3156 2435 Vos
3183 2391 3327 2436 testes
3351 2385 3468 2438 estis
3487 2395 3661 2438 contra
3685 2404 3786 2451 vos,

2217 2466 2352 2527 quod
2380 2479 2463 2516 vos
2495 2463 2764 2518 Dominum
2799 2468 3062 2538 elegeritis,
3097 2471 3167 2524 ad
3189 2474 3500 2528 serviendum
3523 2478 3601 2529 illi
3629 2476 3785 2546 (Ibid.

2218 2567 2264 2602 υ.
2292 2551 2404 2621 22).
2447 2553 2898 2618 Quemadmodum
2929 2561 3070 2614 enim
3097 2561 3165 2616 ibi
3192 2565 3336 2631 optio
3363 2565 3452 2620 Dei
3481 2567 3787 2637 dignitatem

2219 2657 2321 2694 non
2351 2647 2668 2699 contumelia
2694 2647 2891 2713 affecit,
2921 2651 3014 2705 sed
3042 2652 3263 2709 liberum
3283 2655 3557 2714 arbitrium
3584 2661 3782 2729 piorum

2217 2734 2486 2786 ostendit:
2521 2736 2597 2790 sic
2624 2738 2782 2790 etiam
2810 2755 2969 2806 nunc,
3005 2743 3048 2795 si
3073 2742 3240 2798 libero
3274 2745 3496 2801 arbitrio
3520 2751 3781 2826 cptionetn

2215 2822 2414 2877 dedero
2434 2866 2448 2889 ,
2480 2842 2583 2880 non
2609 2830 2916 2898 dignitatem
2944 2837 3262 2890 contumelia
3303 2838 3498 2905 afﬁcio,
3523 2842 3616 2896 sed
3641 2822 3778 2898 arbi-

2219 2913 2374 2966 trium
2403 2916 2642 2983 exploro.
2685 2920 2814 2974 lllud
2837 2963 2849 2985 ,
2881 2921 3192 2993 Cognoscant
3220 2930 3338 2998 quia
3367 2947 3544 2985 nomen
3568 2934 3654 2986 tibi
3679 2934 3781 2988 Do-

2214 3006 2397 3068 minus,
2423 3004 2487 3058 de
2514 3007 2760 3076 Patrone,
2790 3025 2856 3064 an
2883 3013 2949 3067 de
2977 3014 3108 3068 Filio
3133 3016 3328 3072 dictum
3355 3021 3473 3074 est?
3498 3021 3628 3077 Nam
3649 3025 3692 3079 si
3715 3025 3780 3080 dc

2214 3091 2391 3155 Patre,
2417 3104 2468 3148 et
2486 3097 2528 3149 si
2553 3113 2743 3152 nomen
2777 3101 2948 3155 Patris
2973 3105 3045 3158 sit
3071 3105 3343 3175 Dominus,
3364 3125 3558 3164 nomen
3581 3129 3781 3184 quoque

2214 3184 2331 3238 Filii
2375 3188 2628 3243 Dominus
2657 3208 2669 3243 :
2717 3191 2861 3246 Unus
2887 3196 3026 3247 enim
3066 3196 3311 3253 Dominus
3344 3199 3498 3255 Iesus
3526 3203 3776 3267 Christus.

2215 3290 2302 3340 per
2329 3292 2472 3344 quem
2511 3281 2678 3332 omnia
2711 3280 2786 3351 (Ι.
2814 3281 2930 3337 Cor.
2962 3285 3013 3337 8.
3046 3286 3099 3355 6)
3137 3303 3151 3349 ;
3178 3302 3304 3358 ergo
3340 3292 3778 3359 quemadmodum

2212 3363 2462 3433 dignitas,
2493 3369 2562 3421 ita
2587 3380 2640 3423 et
2671 3388 2861 3425 nomen
2884 3389 3166 3430 commune
3191 3385 3294 3431 est.
3326 3379 3519 3433 Verum
3552 3382 3668 3436 Filii
3693 3399 3783 3436 no~

2211 3471 2330 3510 men
2373 3458 2626 3515 Dominus
2661 3473 2744 3515 est
2785 3480 2798 3518 :
2845 3480 2971 3534 ergo
3015 3468 3160 3522 solus
3190 3468 3354 3524 Filius
3379 3480 3462 3524 est
3487 3472 3774 3527 Dominus:

2212 3563 2332 3601 nam
2373 3549 2450 3601 Tu
2480 3553 2616 3604 solus
2656 3553 2942 3607 Altissimus
2979 3574 3130 3625 super
3166 3574 3360 3612 omnem
3403 3572 3612 3614 terram.
3649 3564 3780 3632 Ergo

2211 3650 2330 3689 cum
2363 3655 2498 3692 unus
2528 3651 2582 3692 et
2607 3641 2756 3695 solus
2795 3643 3048 3697 Dominus
3077 3645 3146 3698 sit
3186 3645 3372 3714 Filius,
3401 3648 3560 3703 Pater
3585 3652 3782 3706 alienus

2211 3742 2240 3780 a
2270 3728 2633 3785 dominatione
2662 3733 2780 3786 est?
2808 3735 2977 3787 Absit.
3006 3735 3186 3804 Neque
3211 3739 3349 3790 enim
3377 3753 3498 3792 eum
3527 3740 3684 3796 Pater
3702 3757 3782 3795 so-

2210 3817 2292 3871 lus
2328 3820 2644 3887 prasdicatur
2676 3821 2843 3889 Deus,
2890 3824 3009 3879 ideo
3037 3826 3201 3880 Filius
3229 3842 3258 3880 a
3289 3828 3573 3886 divinitate
3609 3832 3777 3901 priva-

2211 3919 2332 3963 tur:
2365 3927 2484 3964 nam
2550 3912 2612 3966 In
2641 3916 2887 3984 principio
2922 3928 3027 3970 erat
3063 3917 3308 3984 Verbum,
3349 3930 3395 3973 et
3443 3921 3658 3975 Verbum
3682 3931 3779 3976 erat

2209 4003 2347 4070 apud
2393 4001 2572 4068 Deum,
2605 4015 2651 4056 et
2688 4004 2820 4059 Deus
2859 4016 2965 4059 erat
3001 4007 3215 4061 Verbum
3251 4008 3428 4077 (Joan.
3455 4011 3503 4064 l.
3541 4013 3616 4082 1).
3647 4013 3778 4081 Ergo

2211 4110 2380 4165 neque
2408 4096 2526 4160 hoc,
2559 4097 2698 4151 Deus
2729 4096 2902 4164 Pater,
2935 4100 3127 4154 Filium
3152 4102 3380 4155 excludit
3412 4118 3438 4154 τι
3469 4103 3775 4158 divinitate:

2211 4202 2330 4239 nam
2364 4187 2498 4242 Deus
2541 4198 2647 4242 erat
2693 4188 2905 4242 Verbum
2929 4206 2948 4253 ;
2992 4207 3163 4260 neque
3207 4207 3325 4245 cum
3365 4192 3530 4248 Filius
3569 4195 3772 4258 dicitur,

2210 4276 2353 4330 Unus
2377 4279 2620 4333 Dominus
2636 4322 2650 4346 ,
2679 4281 2881 4337 alienus
2906 4283 3203 4337 ostenditur
3229 4284 3388 4338 Pater
3405 4301 3434 4338 a
3455 4286 3775 4340 dominatio-

2205 4382 2271 4420 ne
2297 4383 2309 4419 :
2342 4383 2462 4421 nam
2495 4369 2636 4422 Dixit
2662 4371 2906 4425 Dominus
2937 4373 3153 4426 Domino
3181 4390 3313 4439 meo,
3343 4374 3480 4428 Sede
3517 4393 3548 4428 a
3591 4378 3776 4431 dextris

2205 4459 2326 4511 meis
2351 4462 2369 4527 (
2393 4458 2537 4512 Psal.
2568 4462 2690 4515 109.
2736 4463 2758 4515 i
2865 4463 3119 4518 Dominus
3143 4479 3270 4534 ergo
3297 4466 3475 4533 Pater,
3527 4469 3774 4523 Dominus

2205 4552 2389 4617 Filius,
2421 4554 2674 4606 Dominus
2703 4553 2926 4621 Spiritus
2947 4565 3162 4608 sanctus
3187 4570 3202 4606 :
3229 4555 3474 4610 Dominus
3499 4559 3629 4611 aliis:
3649 4558 3767 4628 Spi-

2204 4643 2330 4696 ritus
2360 4654 2431 4696 est
2466 4643 2561 4712 (2.
2592 4643 2708 4697 Cor.
2744 4645 2796 4698 3.
2828 4647 2891 4699 Π
2915 4646 2950 4710 ).
2983 4645 3087 4700 Sed
3120 4662 3328 4700 rursum
3367 4647 3648 4704 haereticus
3683 4668 3773 4706 es-

2201 4746 2479 4805 asperatur
2495 4738 2878 4806 excitaturque,
2899 4753 2962 4793 ac
2983 4739 3262 4792 Dominum
3281 4739 3501 4794 audiens
3520 4740 3765 4810 Spiritum

2202 4839 2465 4892 sanctum,
2499 4829 2863 4897 disrumpitur.
2892 4831 3189 4895 Quomodo,
3224 4831 3418 4900 inquit,
3442 4831 3670 4900 Spiritus
3687 4843 3768 4887 est

2205 4919 2459 4973 Dominus
2488 4963 2499 4986 _.
2528 4921 2615 4987 qui
2646 4935 2737 4988 per
2767 4921 3076 4989 preplietam
3117 4921 3369 4977 Davidem
3400 4922 3651 4992 loquens,
3685 4923 3771 4978 Fi-

2200 5008 2325 5060 lium
2357 5009 2591 5063 celebrat
2620 5009 2700 5064 his
2725 5010 2920 5078 verbis,
2951 5009 3094 5064 Dixit
3124 5010 3371 5066 Dominus
3389 5010 3609 5068 Donsino
3627 5016 3772 5067 meo?

2202 5097 2405 5162 Viden',
2442 5099 2631 5168 inquit,
2663 5100 2917 5170 Spiritum
2947 5109 3187 5156 sanctum
3218 5117 3318 5172 per
3348 5104 3660 5173 prophetam
3690 5105 3768 5158 lo-

2198 5203 2445 5260 quentem
2489 5194 2770 5246 Dominum
2807 5194 3045 5248 conﬁteri
3078 5210 3231 5249 suum
3262 5204 3316 5250 et
3337 5195 3549 5251 Patrem
3581 5207 3638 5252 et
3676 5197 3766 5252 Fi-

2197 5282 2324 5335 lium
2353 5283 2374 5334 ?
2420 5283 2552 5350 Quid
2583 5284 2759 5354 igitur,
2780 5284 2970 5338 fratres
3000 5285 3023 5337 ?
3055 5284 3134 5339 Ne
3159 5287 3426 5353 proposita
3445 5286 3609 5342 dictio
3630 5287 3764 5358 apud

2197 5373 2466 5429 auditores
2491 5376 2542 5427 in
2571 5375 2732 5430 dubio
2767 5386 3006 5431 versetur
3038 5418 3054 5443 ,
3087 5377 3139 5430 in
3185 5377 3351 5447 ipsam
3396 5381 3541 5435 vocis
3569 5380 3765 5450 disqui-

2195 5463 2442 5518 sitionem
2481 5466 2714 5531 veniam,
2739 5474 2903 5520 totum
2951 5465 3102 5520 vobis
3141 5465 3391 5524 dictionis
3419 5484 3634 5525 sensum
3674 5486 3763 5527 exe

2194 5553 2422 5626 plicabo.

2265 5641 2317 5696 9.
2351 5642 2603 5698 Servatur
2648 5643 2951 5715 aliquando,
3004 5659 3124 5700 cum
3180 5645 3233 5700 in
3284 5645 3594 5704 Iudaeorum
3641 5664 3759 5721 syn-

2194 5749 2355 5807 agoga
2428 5737 2717 5806 disputaret
2762 5739 3163 5808 explorarctque
3207 5754 3365 5807 quam
3418 5740 3486 5794 de
3545 5756 3605 5797 se
3651 5743 3760 5813 epi-
