3976 6218
174 397 286 452 511

191 495 253 545 τὸ
288 493 438 559 ἅγιον
467 490 528 543 τὸ
559 489 776 562 είρηκὸς
796 490 874 561 τῷ
901 490 1120 561 ’Πσαται
1153 492 1468 559 Πορευθείς
1497 493 1669 546 εἰπὸν
1688 490 1768 556 τῷ

191 576 319 640 ,1αῷ
343 577 547 640 τούτῳ,
592 573 760 642 Ἀκοῇ
793 575 1119 641 ἀκούσητε,
1150 577 1247 628 καὶ
1295 579 1368 630 οὺ
1397 578 1480 644 μὴ
1515 575 1766 643 συνῆτε,

191 658 289 711 καὶ
324 658 663 722 ,βλέποντες
687 657 982 726 βλέψητε,
1014 657 1112 710 καὶ
1147 661 1219 710 οὺ
1247 656 1332 726 μὴ
1370 659 1553 726 ἴδητε,
1581 660 1674 712 καὶ
1701 658 1768 710 τά

191 741 336 810 ἑξῆς.
369 741 496 802 Καὶ,
533 743 798 794 Ἤκουσα
821 741 929 810 γὰρ
958 740 1164 808 φωνῆς
1205 743 1428 808 Κυρίου
1454 744 1762 812 λέγυντοςο

191 823 507 889 Πορευθεὶς
537 825 709 875 εἰπὸν
735 824 814 886 τῷ
844 823 970 888 λαῷ
1002 825 1205 887 τούτῳ.
1245 824 1447 892 Κύριος
1490 828 1517 877 6
1555 825 1763 894 Πατὴρ,

191 907 397 977 Κύριος
444 907 472 958 6
511 906 668 967 Υἱός·
700 902 847 957 Είπε
889 907 995 976 γάρ
1028 908 1242 974 Κύριος
1281 906 1362 970 τῷ
1398 909 1590 976 Κυρίῳ
1623 923 1765 975 μου·

190 989 388 1043 Κάθου
419 990 485 1042 ἐκ
515 987 729 1051 δεξιῶν
754 1006 893 1056 μου.
929 988 1132 1058 Κύριον
1163 991 1223 1041 τὸ
1246 989 1471 1058 Πνεῦμα
1491 991 1550 1042 τὸ
1580 990 1763 1057 ἅγιον·

200 1072 255 1123 ’0
275 1072 382 1141 γὰρ
402 1075 614 1138 Κύριος
631 1071 694 1123 τὸ
707 1070 946 1138 Πνεῦμα
960 1073 1133 1124 ἐστιν
1151 1088 1163 1100 '
1179 1073 1330 1127 ὅπου
1352 1074 1418 1126 δὲ
1447 1073 1508 1125 τὸ
1526 1073 1767 1140 Πνεῦμα

190 1151 341 1223 [524]
371 1155 611 1220 Κυρίου,
655 1153 782 1206 ἐκεῖ
813 1155 1139 1221 ἐλευθερία.
1178 1158 1268 1226 Μή
1299 1173 1381 1219 τις
1422 1157 1634 1227 νομίζῃ,
1683 1158 1764 1209 ὅτι

191 1240 373 1306 μεῖζόν
408 1240 553 1290 ἐστιν
590 1239 757 1308 ὄνομα
791 1239 848 1290 τὸ
877 1239 1090 1308 πρῶτος
1125 1251 1182 1304 ι,
1223 1241 1388 1306 Θεὸς,
1416 1241 1666 1310 δεύτερον
1707 1240 1765 1292 δὲ

188 1321 359 1391 ὄνομα
375 1322 454 1385 τὸ,
485 1323 711 1389 Κύριος.
745 1323 867 1375 Ἐπὶ
893 1322 1001 1392 γὰρ
1023 1323 1120 1391 τῆς
1144 1322 1412 1376 ἀθανάτου
1439 1324 1649 1393 φύσεως
1674 1325 1765 1376 καὶ

189 1406 404 1469 Κύριος
431 1404 522 1456 καὶ
564 1404 726 1470 Θεὸς,
759 1405 861 1457 κᾶν
903 1406 976 1474 μὴ
1010 1405 1108 1476 τὴν
1148 1407 1316 1477 αὐτὴν
1345 1407 1572 1476 δύναμιν
1601 1409 1699 1478 ἔχῃ
1731 1408 1761 1476 ἡ

187 1484 352 1551 λέξις,
406 1485 542 1538 ἀλλά
587 1487 685 1556 τὴν
734 1487 903 1557 αὐτὴν
936 1488 1092 1552 ἀξίαν
1128 1491 1405 1560 κηρύττει.
1440 1492 1503 1543 Τί
1550 1493 1695 1561 γάρς
1737 1494 1765 1543 ὁ

185 1568 318 1630 Θεὸς
347 1569 516 1637 ὄνομα
561 1569 808 1639 πρῶτονς
842 1572 888 1622 εί
922 1570 1174 1641 δεύτερον
1206 1573 1261 1624 δὲ
1295 1575 1373 1636 τὸ,
1404 1575 1637 1640 Κύριος,
1665 1575 1765 1626 οὐκ

185 1651 252 1704 ἂν
282 1651 359 1720 τῷ
389 1652 624 1721 δευτέρῳ
653 1652 726 1714 ὡς
766 1652 967 1724 πρώτῳ
995 1655 1023 1706 6
1072 1655 1312 1726 Μωῦσῆς
1354 1657 1640 1726 ἐχρήσατο,
1675 1658 1765 1709 λέ·

185 1747 318 1800 γων·
356 1735 569 1800 Κύριος
603 1738 635 1787 ὀ
666 1737 809 1799 Θεός
842 1751 982 1801 σου,
1017 1737 1226 1803 Κύριος
1257 1733 1344 1802 εἷς
1363 1739 1564 1790 ἐστιν·
1599 1741 1764 1809 ἐχρῆν

184 1815 315 1884 γὰρ,
346 1817 394 1867 εί
436 1817 562 1885 ἄρα,
614 1816 708 1868 τοῦ
746 1818 962 1887 πρώτου
996 1819 1208 1888 πρῶτον
1262 1821 1661 1890 ἐπιμνησθέντα
1690 1823 1766 1873 εί-

185 1901 330 1950 πείν·
360 1897 418 1951 Ὀ
451 1899 582 1961 Θεός
617 1917 710 1952 σου
743 1900 948 1968 Κύριος
975 1896 1055 1964 εἷς
1089 1903 1226 1955 ἐστι·
1269 1903 1382 1956 ἀλλ’
1411 1905 1496 1956 ἵνα
1522 1905 1671 1976 δείξῃ
1704 1904 1764 1957 τὸ

183 1980 477 2053 ἀδιάφορον
506 1983 612 2037 τῶν
644 1983 944 2052 ὀνομάτων,
977 1987 1192 2052 Κύριος
1221 1983 1342 2039 εἷπε
1386 1989 1618 2058 πρῶτον,
1646 1985 1763 2042 εἶτα

186 2067 352 2130 Θεός.
396 2066 532 2118 Ἀλλ’
569 2067 649 2128 είς
679 2067 738 2119 τὸ
768 2069 1126 2137 προκείμενον
1155 2070 1556 2140 ἐπανέλθωμεν.
1603 2072 1664 2124 '0
1697 2072 1764 2124 δὲ

186 2150 399 2214 Κύριος
427 2149 492 2202 τὸ
528 2150 768 2216 Πνεῦμα
796 2151 947 2204 ἐστι.
984 2152 1184 2221 Κύριος
1216 2155 1393 2208 τοίνυν
1426 2157 1454 2208 6
1493 2155 1702 2225 Πατὴρ,
1735 2156 1764 2207 6

184 2230 315 2292 Υἱὸς
363 2231 584 2301 Κύριος,
626 2232 827 2303 Κύριος
871 2234 930 2286 τὸ
973 2235 1195 2304 Πνεῦμα
1233 2237 1294 2287 τὸ
1342 2236 1516 2304 ἅγιον.
1562 2237 1699 2289 Ἀλλ’
1733 2238 1761 2290 6

183 2314 397 2378 Παῦλος
420 2315 587 2384 λέγει,
621 2312 723 2379 Εἷς
745 2318 975 2384 Κύριος.
1012 2316 1119 2389 [Εί]
1150 2315 1229 2382 εἷς
1255 2319 1477 2390 Κύριος,
1504 2323 1621 2384 πῶς
1650 2323 1763 2376 Κύ-

185 2415 300 2466 ριος
323 2399 414 2452 καὶ¹
450 2399 680 2470 Κύριοςς
713 2401 962 2470 Δηλονότι
991 2403 1088 2471 μία
1116 2405 1146 2472 ἡ
1178 2405 1454 2474 κυριότης.
1489 2407 1643 2458 υῦτω
1671 2409 1762 2459 καὶ

181 2476 264 2543 εἷς
299 2481 448 2546 Θεὸς,
486 2485 646 2552 φησιν
671 2486 697 2535 6
724 2484 930 2547 Παῦλος
950 2503 962 2514 ·
1004 2486 1172 2553 Ἡμῖν
1198 2487 1265 2539 δε
1289 2486 1376 2553 εἷς
1407 2490 1549 2554 Θεὸς
1589 2493 1620 2542 ό
1646 2493 1763 2542 Πα-

179 2563 316 2630 τὴρ,
355 2564 425 2628 ἐξ
483 2561 553 2620 οὗ
598 2566 669 2618 τὰ
719 2566 933 2629 πάντα,
987 2569 1085 2622 καὶ
1123 2566 1208 2635 εἷς
1269 2573 1485 2638 Κύριος
1526 2574 1762 2639 Ἰησοῦς

179 2648 456 2713 λζοιστὸς,
498 2649 570 2702 δι’
596 2644 668 2704 οὗ
701 2651 771 2704 τὰ
795 2651 1008 2704 πάντα.
1051 2655 1189 2722 ’Λρα
1218 2650 1326 2716 οὖν,
1363 2657 1514 2723 φησὶ,
1550 2657 1639 2708 τὸν
1665 2657 1762 2725 μὲν

180 2730 401 2800 Πατέρα
429 2733 560 2784 Θεὸν
592 2729 731 2796 εἷπε,
767 2735 857 2787 τὸν
886 2735 941 2787 δέ
979 2736 1103 2788 Υίὸν
1139 2737 1358 2804 Κύριον.
1399 2738 1624 2807 ’Ἱδωμεν
1647 2737 1758 2804 οὖν,

181 2812 398 2880 ἴδωμεν,
441 2815 678 2884 ἀδελφοὶ,
716 2817 931 2886 ἴδωμεν,
966 2820 1286 2888 παρακαλῶ,
1314 2822 1360 2872 εἰ
1411 2823 1490 2883 16,
1527 2824 1758 2890 Κύριος,

177 2893 433 2966 δεύτερον
460 2897 632 2966 δνομά
670 2901 783 2953 ἐστι
829 2902 930 2969 τῆς
963 2901 1146 2969 θεῖκῆς
1175 2903 1349 2966 ἀξίας,
1380 2906 1472 2957 καὶ
1509 2907 1606 2958 ούκ
1633 2907 1763 2976 ἀλη-

181 2978 294 3040 θῶς
323 2980 415 3031 καὶ
446 2981 660 3049 πρῶτον
685 2983 774 3035 καὶ
797 2985 1033 3052 ἁρμόζον
1058 2986 1193 3046 ἐστὶ,
1221 2989 1313 3038 καὶ
1344 2990 1446 3042 ὑπὸ
1477 2990 1575 3058 τῆς
1604 2992 1762 3057 ἁγίας

181 3059 403 3131 Γραφῆς
441 3067 950 3134 μεμαρτυρημένον.
999 3068 1311 3135 Ἀναγκαῖον
1340 3071 1444 3140 γάρ
1472 3072 1637 3134 δντως
1668 3075 1761 3126 καὶ

177 3147 330 3212 ἡμᾶς
361 3149 533 3198 εἰπεῖν
575 3148 710 3215 μετά
751 3149 1001 3218 σπουδῆς,
1053 3153 1143 3202 καὶ
1191 3152 1334 3220 ὑμᾶς
1364 3155 1592 3207 ἀκοῦσαι
1626 3158 1759 3225 μετὰ

180 3227 512 3297 προθυμίας,
542 3232 634 3284 καὶ
661 3232 900 3295 ἐκείνους
936 3235 1284 3305 παιδευθῆναι
1312 3239 1451 3305 μετά
1483 3239 1756 3308 ἀληθείας.

180 3311 280 3371 Τίς
305 3307 394 3363 οὖν
418 3314 547 3381 ἡμῖν
577 3317 912 3386 μαρτυρήσει
937 3316 1111 3385 λόγος,
1137 3319 1215 3370 ὅτι
1237 3319 1316 3381 τὸ,
1338 3307 1577 3387 Κύριος,
1595 3323 1761 3391 ὄνομα

182 3395 279 3444 καὶ
306 3394 516 3464 πρῶτόν
547 3398 679 3456 ἐστι,
713 3399 924 3467 καὶτῆς
949 3400 1398 3470 μεγαλοπρεποῦς
1426 3403 1581 3473 δόξης
1611 3405 1758 3468 ίδιονς

187 3476 386 3529 Ἀκουε
422 3477 513 3529 τοῦ
553 3482 830 3548 προφήτου
878 3482 1067 3532 Δαυῖδ·
1094 3485 1625 3549 Αίσχυνθήτωσαν,
1663 3490 1760 3540 καί

179 3559 654 3626 τιιραχθήτωσαν
681 3565 765 3626 είς
791 3563 897 3615 τὸν
919 3563 1102 3615 αίῶνα
1135 3565 1239 3617 τοῦ
1265 3565 1508 3632 αἰῶνος·
1539 3570 1633 3620 καὶ
1662 3571 1759 3622 ὲν-

180 3643 580 3705 τραπήτωσαν
608 3645 656 3706 b,
686 3646 782 3697 καὶ
805 3647 1260 3701 ἀπολέσθωσαν.
1287 3650 1392 3702 Καὶ
1419 3651 1757 3718 γνώτωσαν,

180 3722 270 3772 ὅτι
305 3723 490 3787 δνομιὶ
526 3742 624 3777 σοι
651 3728 882 3792 Κύριος.
934 3728 1230 3796 Ἐνδέχεται
1255 3731 1344 3781 τὸν
1376 3733 1568 3802 ἐχθρὸν
1589 3737 1760 3787 εἰπεῖν

179 3807 315 3873 περὶ
365 3807 458 3858 τοῦ
507 3809 756 3878 Σωτῆρος
800 3810 1004 3876 Λόγου·
1040 3812 1206 3880 ὄνομα
1251 3813 1358 3881 γὰρ
1393 3814 1484 3865 τοῦ
1526 3817 1758 3884 Χριστοῦ

181 3887 406 3956 Κύριος,
437 3890 606 3958 ὄνομα
627 3890 719 3943 τοῦ
753 3893 964 3963 Πατρὸς
997 3893 1144 3954 Θεός.
1176 3895 1344 3946 Πάλιν
1377 3896 1498 3964 ὅρον
1545 3898 1760 3949 ἀπαιτῶ

179 3969 296 4021 τῶν
327 3972 719 4039 προκειμένων.
755 3973 872 4026 Τῶν
903 3975 1194 4044 αἱρετικῶν
1225 3981 1454 4045 στοιχεῖς
1485 3979 1559 4045 τῷ
1582 3979 1756 4049 λόγως

182 4051 445 4119 ἐμμένεις
467 4056 584 4115 ταῖς
615 4055 904 4124 συνθήκαις
925 4074 938 4118 ;
958 4057 1230 4128 Φοὸοῦμαι
1246 4060 1352 4128 γάρ
1368 4076 1460 4111 σου
1482 4061 1542 4111 τὸ
1556 4062 1756 4130 παλίμ-

181 4132 442 4202 ϐο[ν]λον.
469 4135 634 4188 Ὅταν
657 4137 933 4207 ἐλεγχθῇς,
957 4139 1050 4192 καὶ
1073 4141 1134 4192 ἐκ
1154 4141 1358 4210 ταύτης
1388 4143 1486 4212 τῆς
1507 4144 1760 4214 ἀληθείας

178 4217 508 4286 προσφύγης
544 4219 703 4288 ἑτέρα
733 4220 955 4291 θεωρίᾳ,
991 4223 1090 4275 κᾶν
1125 4227 1238 4276 ἐκεῖ
1268 4226 1595 4296 συλληφθῇς,
1629 4229 1759 4295 φεύ-

176 4317 302 4364 γεις
325 4303 405 4364 είς
434 4303 617 4371 ἕτερον
649 4305 1040 4377 ἀγνωμοσύνης
1068 4313 1343 4377 στοιχεῖον,
1381 4312 1496 4364 δέον
1530 4313 1604 4382 μὴ
1633 4315 1761 4379 φεύ-

178 4401 302 4450 γειν
341 4386 593 4456 ἀλήθειαν
638 4388 974 4456 λάμπουσαν,
1018 4393 1388 4459 φωτίζουσαν
1426 4396 1522 4448 οὐκ
1550 4397 1757 4450 ἐλαύνει

180 4469 298 4535 γὰρ
324 4469 658 4535 φωτίζουσα’
686 4472 817 4524 ἀλλὰ
840 4473 947 4543 γὰρ
972 4476 1176 4544 Φεύγει
1200 4480 1231 4528 ό
1254 4477 1476 4544 ἀσεϐὴς
1501 4480 1760 4547 μηδενὸς

177 4550 522 4616 διώκοντος.

255 4639 327 4701 η’.
361 4632 549 4702 Ἡμεῖς
569 4636 622 4688 δὲ
638 4637 715 4697 είς
731 4637 788 4688 τὸ
804 4638 1158 4707 προκείμενον
1180 4640 1578 4710 ἐπανέλθωμεν.
1596 4646 1757 4698 Γνώ-

184 4730 407 4778 τωσαν,
428 4715 516 4769 ὅτι
537 4718 722 4786 ὄνοιιὰ
745 4737 839 4773 σοι
869 4722 1096 4787 Κύριος.
1123 4723 1181 4773 El
1204 4723 1294 4773 τοῦ
1321 4724 1529 4792 Πατρὸς
1555 4729 1617 4796 μέ
1626 4747 1758 4797 μνη-

182 4818 300 4861 ται,
330 4799 522 4878 ούκοῦν
555 4803 691 4871 μάθε
719 4804 798 4857 ὃτι
829 4805 994 4872 ὄνομα
1025 4805 1117 4857 τοῦ
1149 4808 1358 4876 Πατρὺς
1393 4809 1613 4878 Κύριος.
1653 4815 1758 4867 Καὶ

184 4886 236 4935 εί
273 4881 366 4934 τοῦ
413 4875 622 4953 Πατρὸς
654 4887 822 4955 ὄνομα
854 4889 1052 4958 Κύριός
1100 4892 1235 4952 ἐστι,
1270 4875 1436 4958 φησὶν
1474 4875 1501 4944 6
1530 4895 1756 4961 Παῦλος,

183 4962 293 5030 Εἷς
327 4966 536 5032 Κύριος
581 4969 808 5036 Ἰησοῦς
841 4974 1110 5038 Χριστός.
1164 4974 1318 5026 Ἀλλά
1357 4975 1552 5044 Κύριος
1587 4980 1612 5029 ὁ
1648 4980 1756 5032 Πα-

181 5051 312 5118 τῆρς
347 5048 542 5119 Κύριος
583 5053 609 5103 ὁ
641 5051 784 5113 Υἱός.
824 5053 1031 5106 Οὐκοῦν
1061 5056 1133 5116 ὡς
1167 5057 1414 5119 κοινωνὸς
1440 5057 1534 5109 τοῦ
1565 5061 1757 5130 ὀνόμα-

181 5149 298 5193 τος,
331 5133 574 5194 κοινωνὸς
599 5134 689 5184 καὶ
713 5135 810 5202 τῆς
838 5137 1010 5200 ἀξίας.
1057 5138 1192 5190 Ἀλλ’
1217 5142 1244 5191 6
1290 5141 1534 5204 Ἰουδαῖος
1560 5160 1755 5212 παραι-

179 5219 360 5266 τεῖται
387 5217 576 5276 εἰπεῖν,
608 5218 688 5268 ὅτι
720 5218 777 5268 ού
811 5221 938 5286 περὶ
969 5219 1059 5271 τοῦ
1100 5221 1312 5290 Πατρὸς
1355 5219 1526 5287 εἶπεν,
1562 5227 1645 5278 ἵνα
1673 5227 1753 5290 16,

183 5300 433 5364 Κύριος,
468 5299 541 5369 τῷ
595 5300 706 5369 Υίῷ
759 5302 1032 5369 ἁρμόσας,
1077 5306 1288 5375 τηρήσῃ
1339 5306 1416 5374 τῷ
1469 5308 1640 5378 Πατρὶ
1675 5309 1753 5371 τὸ,

187 5382 358 5444 Θεός.
377 5381 604 5450 Δέχομαι
625 5383 713 5434 τὸν
740 5384 860 5452 ὂρον
887 5387 979 5436 καὶ
1004 5385 1102 5454 τὴν
1128 5388 1418 5456 συνθήκην.
1444 5387 1519 5442 Ού
1553 5391 1757 5461 μερίζω

183 5465 290 5529 τὴν
316 5464 471 5527 ἀξίαν
505 5463 609 5516 τῶν
633 5465 926 5535 ὀνομάτων,
963 5467 1036 5529 ὡς
1069 5469 1325 5534 πολλάκις
1370 5471 1537 5542 ἔφθην
1567 5475 1752 5540 εἰπὼν,

253 5596 268 5659 ξ
305 5596 417 5659 ξαν,
446 5599 514 5646 ἷσ.
541 5602 744 5659 πρῶτον.

252 5657 280 5697 b
304 5657 460 5724 Vgrba
485 5663 564 5706 καὶ
583 5657 589 5659 ⁷
606 5661 966 5724 έντραπήτωσαν
987 5674 1016 5710 e
1045 5661 1168 5710 Bibl.
1199 5667 1252 5711 et
1273 5665 1382 5712 Sav.
1421 5680 1754 5722 accesserum,

190 5717 304 5775 Ipse
339 5721 446 5785 Sav.
479 5727 523 5768 In
552 5717 703 5785 "largi
728 5723 898 5772 scribit
921 5725 1259 5772 ἀπολέσθωσαν
1288 5737 1376 5785 pro
1399 5739 1498 5776 var.
1530 5733 1644 5779 lect.
1675 5717 1760 5780 γυί-

186 5790 262 5826 ειε
284 5783 554 5838 γνώτωσαν.
577 5782 709 5832 Eon.

1395 378 1480 436 DE
1521 377 1884 436 SEBPENTE
1927 375 2228 434 IIOMILIA.

3335 365 3447 421 512

1875 491 1972 561 τῆς
2016 489 2395 560 προσκυνητῆς
2446 487 2692 558 Τριάδος,
2721 485 2802 540 ὅτι
2840 489 2872 556 ἡ
2921 486 3216 556 Ἐκκλησία
3259 487 3454 558 ἀμέρι-

1877 591 2000 626 στον
2025 573 2137 642 ἔχει
2167 571 2267 641 τὴν
2296 571 2453 637 δόξαν
2477 586 2488 598 ·
2521 570 2668 642 [5'25]
2691 574 2756 640 τῇ
2780 571 2835 623 δὲ
2868 573 2933 640 σῇ
2959 569 3301 641 ταλαιπωρίᾳ
3327 587 3457 636 συγ-

1874 655 2209 718 καταϐαίνω,
2269 655 2362 707 καὶ
2412 655 2572 722 λέγω·
2627 654 2889 718 Δεδόσθω,
2953 656 3311 714 Γνώτωσαν,
3367 653 3455 706 ὅτι

1875 738 2059 807 ὄνομὰ
2085 753 2182 791 σοι
2208 742 2419 806 Κύριος
2441 754 2453 768 ·
2490 739 2540 790 τί
2574 735 2667 790 οὖν
2703 740 2872 799 ποιεῖς
2899 737 2976 807 τῷ
3007 739 3331 806 ἐπαγομένῳ
3361 739 3456 806 ῥή-

1877 839 2025 889 ματι,
2061 821 2144 874 Σὺ
2181 823 2368 888 μόνος
2405 822 2704 888 ’Υψιστος
2758 821 2858 873 επὶ
2908 819 3113 874 πᾶσαν
3161 819 3272 887 τὴν
3303 818 3452 886 γῆν,

1877 905 2018 974 ’Λρα
2049 903 2189 957 κατά
2220 904 2316 973 τὴν
2346 903 2441 973 σὴν
2474 904 2747 968 ἀσέϐειαν,
2786 904 2878 955 καὶ
2905 904 3043 956 κατὰ
3075 905 3170 972 τὴν
3197 902 3454 955 διδασκα-

1866 985 2011 1047 λίαν,
2035 987 2134 1038 οὐκ
2165 987 2244 1038 έτι
2277 987 2464 1056 Πατὴρ
2486 988 2512 1038 ὁ
2534 987 2818 1054 ”Υψιστος,
2851 986 2983 1038 διότι
3013 987 3169 1054 μόνος
3192 985 3456 1052 ’Ὑψιστος

1870 1073 1899 1124 6
1950 1071 2095 1134 Υἱός.
2159 1071 2442 1130 Ἐνταῦθα,
2499 1071 2735 1138 ἀδελφοὶ,
2795 1072 2854 1123 οὐ
2907 1071 3126 1140 κύματα
3181 1069 3456 1136 θαλάσσης

1871 1153 2038 1214 ἐστὶν,
2090 1155 2178 1206 ἵνα
2235 1153 2529 1223 συμπνίξη,
2591 1153 2704 1204 ἀλλ’
2771 1154 2992 1223 ἀγάπης
3048 1153 3303 1221 κύματα,
3369 1151 3456 1202 ἵνα

1872 1235 2091 1306 ἁγιάσῃ.
2133 1237 2276 1304 Πλὴν
2311 1237 2545 1307 Χριστοῦ
2583 1233 2954 1306 φθεγγομένου
2985 1236 3079 1288 καὶ
3117 1233 3455 1304 κηρυττομέ-

1871 1336 1982 1381 νου,
2033 1319 2228 1387 ἡσυχία
2277 1320 2336 1371 16
2394 1319 2599 1387 σκάφος
2649 1320 2807 1372 τοῦτο
2853 1320 2912 1372 16
2954 1318 3196 1386 θεοφιλὲς
3252 1317 3451 1384 ἀγέτω.

1875 1404 2106 1454 Ἄτοπον
2149 1403 2259 1469 γάρ
2288 1402 2384 1472 τὴν
2420 1403 2518 1468 μὲν
2551 1402 2822 1457 θάλασσαν
2865 1403 3202 1471 θεασαμένην
3234 1401 3300 1452 τὰ
3333 1399 3452 1469 ἴχνη

1870 1484 1963 1536 τοῦ
2016 1485 2307 1545 Δεσπότου,
2362 1486 2452 1537 καὶ
2492 1486 2824 1546 ἀκούσασαν,
2867 1485 3078 1546 Σιώπα,
3121 1484 3453 1551 πεφίμωσο,

1870 1565 2179 1634 αἰδεσθῆναι
2206 1566 2303 1635 τὴν
2327 1567 2631 1629 αύθεντίαν,
2661 1569 2757 1637 τὴν
2785 1569 2839 1620 δὲ
2883 1566 3205 1635 Ἐκκλησίαν
3233 1567 3305 1636 μὴ
3336 1582 3454 1616 πει-

1872 1647 2062 1717 σθῆναι
2087 1648 2163 1718 τῷ
2193 1649 2393 1717 ἐαυτῆς
2416 1651 2634 1720 νυμφίῳ
2656 1652 2720 1703 τά
2751 1651 2970 1720 ῥήματα
2991 1651 3087 1718 τῆς
3115 1649 3260 1718 ζωῆς
3285 1648 3453 1717 φθεγ-

1870 1731 2106 1800 γομένῳ,
2137 1732 2229 1783 καὶ
2258 1732 2406 1784 θείαν
2434 1733 2507 1795 ὡς
2537 1733 2750 1802 ἀληθῶς
2789 1735 2948 1802 χάριν
2976 1733 3066 1784 ἐπὶ
3100 1733 3207 1785 τῶν
3230 1732 3455 1801 χειλέων

1871 1812 2044 1882 ἔχοντι
2070 1830 2082 1843 ·
2131 1815 2418 1882 Ἑξεχύθη
2449 1815 2556 1884 γὰρ
2583 1814 2752 1882 χάρις
2778 1815 2846 1866 ἐν
2876 1817 3108 1882 χείλεσί
3133 1830 3269 1869 σου.
3314 1813 3453 1866 Ἀλλ’

1871 1896 1962 1949 ἐπὶ
2012 1897 2070 1949 τὸ
2110 1898 2465 1967 προκείμενον
2515 1897 2919 1966 ἐπανέλθωμεν.
2971 1897 3325 1958 Γνώτωσαν,
3365 1897 3454 1949 ὅτι

1872 1979 2058 2047 ὄνομά
2082 1997 2180 2032 σοι
2207 1981 2440 2046 Κύριος.
2481 1982 2544 2032 Ὂ
2574 1979 2767 2041 θέλεις,
2791 1981 3053 2043 ἐπίλεξαι,
3083 1982 3178 2049 οὐχ
3202 1981 3275 2041 ὡς
3305 1982 3361 2032 ἐν
3386 1983 3452 2051 τῇ

1871 2065 1936 2131 σῇ
1966 2061 2182 2130 ἐξουσίᾳ
2215 2063 2312 2130 τῆς
2339 2062 2564 2130 ἐκλογῆς
2609 2063 2865 2131 κειμένης
2890 2079 2903 2091 ο
2936 2063 3055 2115 οὐδὲ
3085 2063 3192 2132 γὰρ
3218 2063 3306 2114 ὅτε
3351 2063 3455 2128 ’1η-

1872 2143 1996 2205 σοῦς
2033 2146 2060 2196 6
2105 2143 2196 2195 τοῦ
2231 2144 2387 2214 Ναυῆ
2433 2140 2553 2196 εἶπε
2598 2146 2734 2216 πρὸς
2781 2145 2870 2198 τὸν
2902 2145 3048 2208 λαὸν,
3095 2145 3453 2207 Ἑκλέξασθε

1869 2225 2012 2293 ὑμῖν
2039 2226 2186 2292 πρὸς
2209 2226 2320 2292 τὴν
2360 2226 2626 2295 σήμερον
2658 2228 2774 2279 τίνι
2815 2229 3208 2294 λατρεύσητε,
3251 2227 3290 2294 ἣ
3329 2227 3454 2291 τοῖς

1870 2308 2044 2372 θεοῖς.
2077 2303 2165 2373 οἷς
2199 2307 2573 2374 ἐλάτρευσαν
2613 2312 2666 2361 οὗ
2695 2309 2941 2377 πατέρες
2972 2308 3159 2379 ὑμῶν,
3191 2310 3228 2376 ἦ
3263 2311 3456 2377 Κυρίῳ

1868 2390 1947 2455 τῷ
1971 2389 2091 2453 Θεῷ
2126 2389 2313 2458 ἡμῶν,
2347 2391 2404 2441 οὑ
2436 2391 2650 2452 πάντως
2680 2393 2737 2443 ἐν
2758 2394 2820 2460 τῇ
2857 2391 3073 2460 ἐξουσία
3103 2392 3210 2443 τῶν
3245 2390 3454 2461 ἀνθρώο

1870 2493 1986 2527 πων
2026 2475 2190 2526 ἔδωκε
2225 2474 2320 2543 τὴν
2356 2474 2600 2544 ἐκλογὴν,
2630 2474 2745 2526 ἀλλ’
2781 2476 2868 2528 ἵνα
2890 2475 3058 2545 δείξῃ,
3099 2477 3179 2527 ὅτι
3215 2477 3280 2545 τῇ
3317 2491 3451 2547 προ-

1867 2557 2077 2625 αιρέσει
2113 2557 2222 2608 τῶν
2251 2555 2586 2622 ἀγαπώντων
2619 2556 2707 2608 τὸν
2735 2556 2866 2608 Θεὸν
2908 2557 3192 2610 ἀκολουθεῖ
3221 2557 3252 2625 ή
3296 2555 3452 2608 εὐσέ-

1869 2638 2008 2690 ϐεια.
2047 2640 2153 2691 Καὶ
2192 2638 2423 2708 ἀλλαχοῦ
2472 2641 2499 2690 6
2547 2639 2735 2701 αὑτός·
2771 2637 3076 2706 Μάρτυρες
3110 2638 3274 2706 ὑμεῖς
3321 2637 3452 2691 καθ’

1867 2721 2117 2785 ἑαυτῶν,
2164 2722 2250 2774 ὅτι
2309 2720 2472 2788 ὑμεῖς
2513 2721 2874 2784 ἐξελέξασθε
2928 2722 3032 2774 τὸν
3070 2724 3306 2788 Κύριον,
3341 2724 3452 2775 λα’

1867 2805 2098 2871 τρεύειν
2124 2803 2301 2869 αὐτῷ.
2345 2807 2552 2870 Ὥσπερ
2596 2807 2770 2874 ἐκεῖή
2811 2805 3008 2873 ἐκλογὴ
3060 2804 3149 2856 τοῦ
3191 2804 3324 2856 Θεοῦ
3352 2806 3452 2874 τὴν

1868 2887 2022 2952 ἀξίαν
2068 2888 2163 2956 ούχ
2207 2887 2447 2957 ὕϐρισεν,
2488 2887 2621 2938 ἀλλά
2651 2886 2747 2954 τὴν
2795 2888 3109 2956 προαίρεσιν
3153 2887 3262 2938 τῶν
3296 2887 3452 2939 εὐσε-

1870 2970 2103 3022 6ούντων
2131 2970 2325 3034 ἔδειξεν
2352 2988 2364 3000 ·
2393 2969 2533 3022 οὕτω
2559 2969 2650 3022 καὶ
2679 2969 2794 3031 νῦν,
2825 2970 2917 3021 ἐὰν
2939 2969 3013 3021 δῶ
3041 2971 3102 3038 τῇ
3133 2970 3451 3039 προαιρέσει

1867 3053 1965 3124 τὴν
1994 3054 2241 3123 ἐκλογὴν,
2273 3056 2330 3105 οὺ
2366 3055 2464 3124 τὴν
2491 3053 2647 3118 ἀξίαν
2694 3053 2918 3122 ὑϐρίζω,
2957 3051 3090 3105 ἀλλά
3129 3053 3225 3119 τὴν
3260 3052 3452 3122 προαί-

1873 3152 2020 3204 ρεσιν
2068 3137 2362 3202 δοκιμάζω.
2418 3135 2511 3198 T6,
2555 3134 2911 3197 Γνώτωσαν,
2968 3135 3055 3186 ὅτι
3116 3134 3302 3191 δνοιιίί
3351 3148 3450 3186 σοι

1869 3219 2102 3283 Κύριος,
2138 3215 2245 3286 ἆρα
2280 3218 2405 3287 περὶ
2441 3219 2652 3287 Πατρὸς
2679 3218 2916 3287 εἴρηται,
2951 3219 2981 3286 ἢ
3032 3218 3157 3286 περὶ
3195 3217 3356 3281 Υίοῦ;
3387 3217 3450 3268 El

1871 3301 1969 3367 μὲν
1993 3299 2098 3368 γὰρ
2133 3300 2252 3367 περὶ
2279 3301 2509 3369 Πατρὸς,
2535 3302 2628 3352 καὶ
2658 3302 2826 3368 ὄνομα
2856 3301 2950 3351 τοῦ
2979 3300 3190 3368 Πατρὸς
3223 3299 3448 3371 Κύριος.

1867 3379 2034 3448 ὄνομα
2081 3382 2173 3432 καὶ
2211 3381 2302 3432 τοῦ
2347 3381 2474 3434 Υἰοῦ
2515 3381 2717 3452 Κύριος
2743 3398 2756 3410 ·
2792 3376 2895 3445 Εἷς
2939 3382 3046 3450 γὰρ
3084 3384 3296 3448 Κύριος
3346 3382 3450 3448 ’1η-

1867 3461 2018 3527 σοῦς
2051 3465 2322 3529 Χριστὸς,
2359 3464 2434 3516 δι’
2489 3460 2558 3519 οὗ
2602 3464 2671 3516 τὰ
2717 3462 2941 3516 πάνταο
2977 3463 3082 3533 ἄρα
3127 3463 3185 3515 16
3235 3464 3449 3532 ἀξίωμα

1867 3544 2055 3613 ὥσπερ
2089 3545 2284 3607 κοινὸν,
2320 3547 2411 3598 καὶ
2443 3546 2502 3597 16
2531 3546 2698 3615 ὄνομα
2727 3557 2774 3598 ο.
2815 3546 2971 3598 Ἀ).λά
2999 3545 3092 3597 τοῦ
3127 3546 3254 3596 Υίοῦ
3278 3546 3447 3614 ὄνομα

1873 3627 1953 3688 16,
1985 3627 2216 3692 Κύριος
2253 3628 2412 3689 αὐτὸς
2441 3623 2532 3679 οὖν
2568 3628 2725 3696 μόνος
2751 3627 2951 3696 Κύριος
2974 3629 3001 3679 6
3036 3627 3157 3689 Υἱός
3184 3643 3196 3654 ·
3231 3627 3314 3680 Σὺ
3340 3627 3449 3696 γὰρ

1865 3703 1924 3760 εἷ
1945 3710 2130 3776 μόνος
2171 3711 2466 3776 ’Ύψιστος
2491 3711 2585 3763 ἐπὶ
2627 3709 2830 3762 πᾶσαν
2864 3711 2975 3777 τὴν
3007 3710 3144 3779 γῆν.
3177 3713 3319 3781 ’Ἄρα
3353 3706 3446 3764 οὖν

1867 3793 1951 3843 ὅτε
1979 3788 2058 3854 εἷς
2091 3794 2183 3844 καὶ
2219 3795 2377 3860 μόνος
2408 3794 2609 3862 Κύριος
2648 3795 2675 3844 6
2705 3794 2849 3857 Υἱὸς,
2897 3794 3172 3864 ἀλλότριος
3206 3794 3302 3863 τῆς
3349 3811 3447 3846 κυ-

1869 3873 2113 3942 ριότητος
2140 3877 2166 3926 6
2192 3877 2407 3944 Πατήρ;
2442 3877 2523 3942 Μὴ
2551 3876 2776 3941 γένοιτο.
2808 3878 2939 3928 Οὐδὲ
2965 3877 3071 3947 γάρ
3095 3881 3121 3929 6
3145 3879 3332 3947 Πατὴρ
3357 3878 3446 3931 ὅτι

1867 3956 2190 4024 κηρύττεται
2225 3958 2382 4024 μόνος
2411 3953 2486 4020 εἷς
2519 3959 2546 4009 6
2585 3958 2735 4019 Θεὸς,
2775 3959 3090 4011 ἐκϐάλλεται
3129 3963 3156 4011 6
3193 3960 3320 4022 Υἱὸς
3348 3960 3446 4030 τῆς

1868 4036 2113 4107 θεότητος
2140 4056 2152 4068 ·
2206 4038 2306 4091 Ἐν
2337 4038 2494 4108 ἀρχῇ
2520 4041 2628 4109 γὰρ
2656 4036 2733 4108 ἦν
2763 4043 2795 4092 ό
2823 4042 3032 4109 Λόγος,
3066 4042 3163 4094 καί
3198 4045 3230 4098 ὀ
3258 4045 3446 4112 Λόγος

1864 4115 1943 4186 ἦν
1971 4123 2118 4186 πρὸς
2146 4121 2252 4174 τὸν
2283 4123 2452 4181 Θεὸν,
2485 4123 2579 4174 καὶ
2609 4126 2749 4186 Θεὸς
2775 4119 2850 4192 ἦν
2880 4127 2911 4176 ό
2946 4128 3152 4193 Λόγος,
3183 4128 3316 4177 Οὑτε
3347 4121 3440 4178 οὖν

1866 4206 1944 4266 τὸ,
1986 4205 2128 4270 Θεὸς
2158 4210 2188 4258 ό
2223 4207 2441 4274 Πατὴρ,
2478 4208 2724 4278 ἀφορίζει
2757 4209 2844 4260 τὸν
2881 4209 3005 4260 Υἱὸν
3033 4211 3130 4278 τῆς
3159 4209 3442 4278 θεότητοςο

1867 4289 1959 4339 καὶ
1988 4289 2094 4356 γὰρ
2127 4290 2269 4354 Θεὸς
2291 4294 2322 4342 ὀ
2349 4292 2538 4357 Λόγος
2561 4308 2572 4320 ο
2599 4290 2720 4343 οὔτε
2749 4292 2852 4360 μὴν
2882 4293 2910 4343 6
2945 4292 3087 4353 Υἱὸς,
3121 4292 3246 4344 ὅταν
3280 4291 3444 4361 λέγη-

1865 4388 1973 4432 ται,
2018 4367 2122 4435 Εἷς
2149 4373 2383 4438 Κύριος,
2412 4373 2687 4443 ἀλλότριον
2715 4375 2950 4427 δείκνυσι
2983 4377 3072 4427 τὸν
3105 4374 3322 4445 Πατέρα
3346 4376 3445 4445 τῆς

1866 4455 2198 4522 κυριότητος·
2233 4451 2376 4507 Εἷπε
2412 4456 2517 4525 γὰρ
2549 4459 2580 4508 ὀ
2609 4458 2817 4522 Κύριος
2843 4455 2918 4520 τῷ
2945 4459 3137 4524 Κυρίῳ
3154 4474 3294 4524 μου·
3329 4458 3442 4510 Κά-

1867 4538 1972 4587 θου
2003 4537 2070 4587 ἐκ
2107 4535 2318 4598 δεξιῶν
2345 4555 2481 4602 μου.
2522 4536 2723 4605 Κύριος
2757 4533 2847 4589 οῦν
2875 4541 2901 4590 6
2946 4540 3152 4608 Πατὴρ,
3186 4539 3384 4610 Κύριος
3415 4543 3443 4593 6

1866 4617 2010 4677 Υἱὸς,
2047 4617 2246 4684 Κύριος
2275 4618 2333 4668 τὸ
2369 4617 2589 4684 Πνεῦμα
2624 4619 2684 4669 τὸ
2713 4618 2885 4686 ἆγιοψ
2921 4621 2972 4670 Ὀ
3002 4621 3106 4691 γάρ
3141 4623 3353 4688 Κύριος
3375 4624 3442 4674 τὸ

1866 4697 2106 4764 Πνεῦμα
2131 4700 2322 4753 ἐστιν.
2366 4701 2524 4752 Ἀλλά
2555 4701 2713 4752 πάλιν
2743 4704 2768 4753 6
2792 4703 3061 4772 αἱρετικὸς
3086 4705 3442 4774 παροξύνεται

1864 4782 2162 4850 ἀνακύψας,
2192 4785 2284 4834 καὶ
2318 4783 2522 4852 Κύριον
2554 4783 2790 4846 ἀκούσας
2818 4786 2877 4837 τὸ
2913 4786 3132 4855 Πνεῦμα
3161 4788 3220 4840 16
3263 4789 3439 4857 ἀγιον,

1865 4865 2270 4934 διαρόήγνυται.
2307 4867 2415 4916 Καὶ
2447 4867 2581 4928 πῶς,
2635 4868 2788 4935 φησὶ,
2840 4867 2895 4918 τὸ
2940 4869 3163 4938 Πνεῦμα
3215 4871 3436 4940 Κύριος,

1865 4949 2021 5000 ὁπότε
2052 4949 2136 5000 διὰ
2167 4949 2260 5000 τοῦ
2302 4953 2577 5017 προφήτου
2608 4950 2770 5002 Δαυῒδ
2808 4953 3170 5021 φθεγγόμενον
3217 4955 3442 5024 ἀνυμνεῐ

1863 5033 1950 5084 τὸν
2000 5033 2144 5092 Υἱὸν,
2181 5032 2356 5099 λέγον,
2395 5029 2578 5086 Εἶπεν
2607 5037 2637 5085 ό
2685 5035 2898 5100 Κύριος
2938 5033 3017 5098 τῷ
3051 5037 3241 5102 Κυρίῳ
3282 5055 3439 5106 μου;

1877 5115 2056 5184 Ὁρᾷς,
2099 5115 2251 5183 φησι,
2279 5115 2338 5167 τὸ
2368 5115 2591 5185 Πνεῦμα
2622 5117 2681 5167 τὸ
2707 5116 2896 5168 λαλοῦν
2928 5117 3014 5168 διὰ
3036 5119 3126 5170 τοῦ
3162 5124 3437 5192 προφήτου

1863 5198 2138 5264 ὁμολογεῖν
2191 5199 2394 5266 Κύριον
2434 5198 2622 5250 ἑαυτοῦ
2670 5201 2762 5251 καὶ
2810 5201 2900 5251 τὸν
2946 5202 3165 5271 Πατέρα
3211 5207 3302 5256 καὶ
3347 5206 3439 5257 τὸν

1864 5280 1989 5330 Υἱόν
2016 5297 2028 5343 ;
2061 5281 2122 5331 Τί
2155 5277 2268 5348 οὖν,
2309 5281 2562 5345 ἀδελφοίς
2596 5283 2712 5334 Ἵνα
2747 5283 2819 5352 μὴ
2852 5283 2999 5354 [526]
3030 5287 3208 5336 πλεῖον
3236 5288 3266 5356 ἡ
3297 5287 3438 5352 λέξις

1866 5362 2287 5431 προσενεχθεῖσα
2311 5364 2609 5430 ἀμφίϐολος
2629 5365 2852 5433 γένηται
2878 5371 2987 5427 τοῖς
3010 5369 3320 5436 ἀκροαταῖς,
3349 5370 3437 5423 ἐπ’

1866 5443 2031 5511 αὐτὴν
2057 5445 2170 5511 ἥξω
2202 5445 2299 5513 τὴν
2336 5447 2576 5508 ἐξέτασιν
2600 5448 2692 5498 τοῦ
2733 5448 2909 5515 λόγου,
2943 5453 3122 5503 πᾶσαν
3153 5451 3276 5519 ὑμῖν
3302 5453 3434 5504 ἀνα-

1868 5525 2048 5590 πτύξω
2075 5527 2169 5593 τῆς
2205 5526 2400 5591 λέξεως
2426 5531 2521 5596 τὴν
2554 5529 2804 5598 θεωρίαν.

1937 5609 1998 5660 θ’.
2029 5609 2082 5658 Ὀ
2097 5609 2243 5677 Σωτή
2256 5627 2285 5677 ρ
2300 5626 2428 5661 ποτε
2447 5614 2508 5678 τῇ
2541 5612 2802 5663 Ἰουδαίων
2820 5616 3104 5683 συναγωγῇ
3123 5615 3438 5684 προσδιαλε-

1866 5691 2112 5759 γόμενος,
2142 5691 2230 5741 καὶ
2271 5691 2574 5762 δοκιμάζων
2613 5696 2678 5762 ἧν
2713 5694 2889 5762 ἔχουσι
2934 5697 3060 5765 περὶ
3089 5697 3250 5748 αὑτοῦ
3281 5698 3438 5765 δόξαν

1933 5796 1951 5821 ε
1979 5793 2090 5839 Sav.
2118 5793 2166 5838 in
2194 5806 2344 5856 marg.
2372 5796 2495 5854 conj.
2522 5796 2704 5857 ἀξίωμα
2726 5797 2897 5856 κοινὸν,
2923 5798 3083 5860 ὥσπερ
3103 5816 3149 5849 κ,
3173 5817 3215 5846 τ.
3251 5802 3298 5851 6.
