3976 6218
549 495 639 548 καὶ
663 490 928 562 ὑπόληψιν
953 491 1000 542 οί
1029 490 1231 553 πολλοὶ,
1258 491 1402 560 λέγει
1433 493 1562 563 πρὸς
1587 494 1782 559 αὐτούς
1805 511 1818 525 ·
1856 497 1994 552 Τίνα
2019 501 2120 553 λέ-

546 592 678 644 τετε
692 570 841 629 εἶναι
861 573 964 626 τὸν
988 574 1277 641 Χριστόν;
1295 575 1455 640 τίνος
1475 576 1646 628 ἐστίν
1665 581 1696 630 ό
1720 580 1881 644 υίός;
1909 582 2126 649 Λέγου-

544 673 651 712 σιν
668 659 720 711 οι
737 656 1088 725 γραμματεῖς
1105 656 1199 710 καί
1224 659 1277 708 οί
1299 657 1622 722 φαρισιιῖοι·
1649 661 1757 712 Τοῦ
1773 663 1970 716 Δαυΐδ.
1992 659 2124 716 Εἶτα

547 740 746 809 Κύριος
773 737 1059 800 ἀντιτιθεὶς
1089 738 1264 790 αὐτῶν
1288 742 1352 809 τῇ
1382 740 1623 810 ὑπονοίᾳ,
1660 742 1815 795 πάλιν
1843 746 2088 815 ἐπήγαγε
2106 762 2120 774 ·

541 823 653 875 Καὶ
695 820 817 886 πῶς
855 821 1034 873 Δαυῒδ
1086 820 1154 872 ἐν
1193 823 1485 889 Πνεύματι
1523 821 1667 890 ἁγίῳ
1717 826 1892 878 καλεῖ
1932 827 2120 880 αὐτὸν

549 905 802 971 Κύριονει
827 919 840 965 ;
873 899 1018 955 Εἶπε
1055 901 1162 972 γὰρ
1190 906 1221 955 ὁ
1242 904 1455 968 Κύριος
1483 903 1558 968 τῷ
1592 907 1782 971 Κυρίῳ
1811 925 1930 976 μου
1954 922 1967 936 ·
2007 908 2124 961 Κά-

546 988 653 1039 θου
693 986 757 1038 ἐκ
794 985 1005 1049 δεξιῶν
1037 1004 1174 1054 μου.
1222 985 1292 1038 Τὸ
1333 986 1408 1049 δὲ,
1454 989 1549 1037 Ἐν
1595 990 1895 1057 Πνεύμίιτι
1954 991 2121 1059 ἁγίῳ,

547 1069 906 1140 προσέθηκεν,
929 1069 1024 1140 οὐχ
1058 1069 1139 1121 ἵνα
1183 1069 1241 1120 τὸ
1273 1067 1492 1138 Πνεῦμα
1525 1069 1706 1123 δοῦλον
1737 1072 1994 1144 ἀποδείξῃ
2029 1072 2122 1124 τοῦ

546 1152 947 1221 κηρυττομένου
987 1151 1242 1220 Χριστοῦ,
1277 1151 1391 1203 ἀλλ’
1422 1152 1506 1204 ἵνα
1555 1153 1738 1221 σαφῶς
1767 1157 2119 1225 παραστήσῃ,

543 1235 622 1287 ὅτι
651 1237 678 1288 ὁ
709 1237 991 1305 προφήτης
1026 1236 1082 1286 ἐν
1113 1235 1388 1304 Πνεύματι
1428 1237 1565 1306 ἁγίῳ
1599 1239 1664 1290 τά
1698 1239 1958 1307 μέλλοντα
1993 1256 2119 1308 προ·

544 1317 703 1388 ορῶν,
729 1318 756 1368 ὃ
788 1317 1034 1386 ἥμελλεν,
1069 1317 1181 1369 υἱὸν
1226 1319 1365 1370 κατὰ
1406 1319 1603 1388 σάρκα.
1646 1321 1850 1389 Κύριον
1874 1322 2123 1390 ὁμολογεῖ

545 1401 682 1454 κατὰ
710 1401 982 1469 ἀλήθειαν.
1030 1401 1101 1453 Οὐ
1148 1401 1254 1472 γὰρ
1303 1402 1429 1473 περὶ
1475 1402 1565 1454 τοῦ
1604 1403 1756 1468 ἀγίου
1807 1405 2121 1473 Πνεύματος

542 1484 822 1553 προέκειτο
854 1483 929 1553 τῷ
958 1483 1141 1552 Κυρίῳ
1169 1484 1595 1554 ἐξεταζομένῳ-δ,
1615 1486 1745 1538 ἀλλὰ
1773 1488 1898 1557 περὶ
1927 1488 2117 1540 αὐτοῦ·

541 1566 701 1618 Δαυῒδ
727 1567 839 1619 υἱὸν
867 1567 977 1635 ἔχει
1003 1567 1088 1618 τὸν
1116 1565 1335 1636 Κύριον,
1360 1568 1391 1637 ἢ
1424 1568 1686 1638 δεσπότην
1709 1587 1722 1633 ;
1754 1571 1968 1639 Ἀμέλει
1994 1572 2122 1638 γοῦν

541 1649 701 1712 αὐτὸς
740 1651 767 1701 0
803 1649 1002 1720 Κύριος
1043 1650 1388 1720 προαναιρῶν
1421 1652 1520 1722 τὴν
1560 1653 1664 1705 τῶν
1698 1655 1990 1724 αίρετικῶν
2027 1673 2120 1707 συ-

541 1732 855 1800 κοφαντίαν,
890 1733 981 1784 καὶ
1021 1732 1303 1798 φυλάττων
1329 1735 1585 1804 ἀκέραιον
1627 1736 1720 1788 τοῦ
1762 1737 1918 1806 ἁγίου
1957 1738 2121 1791 Πνεύς

543 1831 708 1883 ματος
741 1815 798 1866 τὸ
832 1813 1066 1883 ἀξίωμα,
1098 1817 1161 1884 τῇ
1198 1815 1459 1885 ἐπαγωγῇ
1507 1817 1620 1870 λύει
1655 1820 1750 1888 τὴν
1776 1821 2123 1892 ἀμφισϐήτη-

541 1913 642 1948 σιν.
670 1898 732 1949 Τί
764 1893 854 1949 οῦν
886 1913 1085 1965 φησιν;
1122 1897 1183 1949 ίέί
1224 1893 1336 1952 οὖν
1364 1899 1544 1952 Δαυῒδ
1582 1901 1758 1954 καλεῖ
1782 1904 1969 1956 αὐτὸν
2009 1906 2124 1958 Κύ-

531 1995 684 2045 ριον,
725 1979 843 2044 πῶς
879 1982 1002 2044 υίὸς
1027 1979 1210 2032 αὑτοῦ
1249 1978 1447 2042 ἐστιν;
1479 1983 1591 2034 Οὐκ
1622 1981 1792 2049 εἶπεν,
1828 1986 1892 2039 Εἰ
1926 1983 2017 2040 οῦν
2062 1988 2122 2040 τὸ

539 2061 763 2130 Πνεῦμα
805 2061 864 2113 τὸ
912 2062 1064 2129 ἆγιον
1107 2062 1261 2114 καλεῖ
1311 2065 1469 2116 αὐτὸν
1521 2065 1746 2137 Κύριον,
1783 2068 1920 2136 ἀλλ’,
1976 2072 2044 2122 El
2090 2073 2122 2123 ό

537 2144 718 2196 Δαυῒδ
759 2144 936 2197 κα.ίεῖ
977 2145 1164 2198 αὑτὸν
1194 2146 1428 2214 Κύριον,
1463 2149 1562 2201 Διά
1602 2151 1652 2202 τί
1679 2147 1770 2204 οῦν
1815 2154 2120 2223 προσέθηκε

536 2228 618 2287 τὸ,
664 2228 758 2279 Ἐν
811 2227 1108 2296 Πνεύματι
1175 2229 1320 2296 ἁγίῳ
1383 2230 1559 2282 atate?
1617 2233 1803 2285 αὑτὸν
1870 2236 2121 2301 Κύριον;

550 2309 763 2380 Ἐπειδὴ
816 2311 876 2362 τὸ
918 2313 1088 2362 εἰπεῖν
1123 2312 1251 2379 περὶ
1298 2312 1532 2381 Χριστοῦ
1589 2315 1693 2384 πρὸ
1736 2316 1834 2385 τῆς
1884 2317 2118 2387 Χριστοῦ

537 2389 837 2462 παρουσίας
879 2394 978 2445 οὐκ
1006 2388 1072 2462 ἦν
1115 2391 1364 2462 σώματος
1405 2393 1720 2462 βλέποντος,
1769 2399 1903 2451 ἀλλὰ
1947 2399 2117 2451 Πνεύ-

539 2491 707 2542 ματος
764 2475 917 2542 ἁγίου
978 2475 1436 2544 προδεικνύοντος.
1488 2479 1622 2530 Οὐδὲ
1686 2479 1794 2549 γάρ
1846 2481 1880 2534 ἃ
1927 2481 2119 2534 ἔϐλεπε

535 2556 713 2620 Δαυῖδ,
755 2559 1079 2627 ἐκήρυττεν·
1133 2559 1246 2611 ἀλλ’
1285 2559 1318 2613 ά
1362 2561 1422 2612 τδ
1458 2562 1679 2634 Πιεῦμα
1723 2566 1783 2616 τὸ
1824 2565 1976 2632 ἆγιον
2013 2567 2118 2618 ὐπ-

535 2640 745 2702 έϐαλλε,
777 2642 949 2694 ταῦτα
986 2640 1072 2693 διὰ
1104 2643 1202 2713 τῆς
1230 2646 1601 2714 πνευματικῆς
1636 2646 1890 2713 ὲκρούετο
1927 2647 2116 2719 λύρας.

533 2723 632 2774 Διά
664 2724 819 2776 τοῦτο
853 2723 932 2787 τὺ,
979 2727 1223 2791 Κύριος,
1262 2727 1592 2797 προσέθηκε·
1629 2727 1757 2794 Πῶς
1798 2730 1910 2782 οὖν
1939 2731 2120 2784 Δαυῒδ

530 2806 603 2857 ἐν
623 2807 916 2874 Πνεύματι
941 2807 1085 2875 ἁγίῳ
1114 2807 1284 2859 κα.ὶεί
1311 2811 1498 2860 αὑτὸν
1525 2812 1744 2877 Κύριον
1761 2827 1779 2873 ;
1803 2812 1920 2865 Ἷνα
1951 2813 2007 2865 δὲ
2041 2813 2116 2884 μὴ

531 2888 632 2959 τὴν
673 2888 1019 2958 βλασφημίαν
1063 2890 1090 2940 0
1141 2889 1414 2958 αίρετικὸς
1468 2894 1545 2954 εἰς
1591 2893 1651 2944 τὸ
1689 2892 1843 2960 ἅγιον
1887 2894 2114 2964 Πνεῦμα

534 2969 759 3040 ἐλκύσῃ,
796 2973 1040 3042 ἐπήγαγε
1090 2970 1270 3033 πάλιν,
1313 2971 1387 3035 ὠς
1436 2972 1678 3043 έφθημεν
1737 2977 2017 3040 εἰπόντες·
2049 2980 2118 3031 El

530 3049 647 3108 οὖν
683 3054 862 3107 Δαυῒδ
887 3056 1073 3107 αὑτὸν
1111 3054 1287 3106 καλεῖ
1311 3057 1549 3124 Κύριον,
1593 3056 1718 3122 πῶς
1762 3059 1893 3124 υίὸς
1930 3061 2116 3114 αὑτοῦ

531 3136 739 3202 ἐστιν;
770 3136 974 3189 Οὐκοῦν
1001 3137 1031 3187 0
1071 3136 1232 3190 Δαυῖδ
1269 3137 1428 3190 αὐτὸν
1460 3141 1514 3190 ἐν
1546 3140 1820 3210 Πνεύματι
1850 3142 1989 3212 ἁγίῳ
2021 3161 2117 3197 κα-

531 3219 613 3270 λεῖ
644 3221 732 3272 τὸν
772 3219 1003 3288 Χριστὸν
1062 3218 1285 3288 Κύριον.
1324 3218 1529 3273 Ἐκεῖνο
1582 3222 1637 3273 δὲ
1687 3225 2116 3294 προηγουμένως

533 3305 914 3371 σκοπήσωμεν,
947 3303 1026 3353 ὅτι
1063 3303 1170 3364 πᾶς
1203 3305 1486 3373 προφήτης
1526 3305 1587 3355 ὲκ
1616 3305 1930 3375 Πνεύματος
1957 3309 2112 3375 ἁγίου

529 3383 681 3435 λαλεῖ
726 3384 792 3435 τά
842 3384 1042 3436 εἰκότα.
1076 3385 1282 3445 Πάντες
1344 3386 1449 3454 γὰρ
1498 3386 1884 3457 ὁμολογοῦμεν,
1932 3390 2006 3451 ὼς
2058 3393 2114 3441 ἐν

530 3466 808 3535 Πνεύματι
866 3466 1005 3536 ἁγίῳ
1063 3465 1329 3535 ἐλάλησαν
1362 3468 1410 3518 οί
1471 3468 1781 3537 προφῆται,
1829 3471 1904 3532 ὡς
1961 3473 2114 3524 καὶὸ

543 3548 864 3610 Ἀπόστολος
914 3551 1182 3618 μαρτυρεί
1215 3548 1386 3615 λέγων
1405 3563 1416 3574 ’
1447 3549 1655 3614 Καλῶς
1679 3551 1743 3603 τὸ
1771 3553 2011 3621 Πνεῦμα
2047 3554 2113 3607 τό

529 3629 702 3696 ἅγιον
732 3630 1000 3696 ἐλάλησε
1035 3631 1181 3695 πρὸς
1216 3630 1356 3694 τοὺς
1388 3629 1646 3698 πατέρας
1689 3633 1856 3700 ὑμῶν
1886 3634 1983 3688 διὰ
2007 3636 2114 3689 τοῦ

529 3710 858 3779 ποοφήτου.
879 3714 986 3764 Καὶ
1005 3711 1165 3763 πάλιν
1186 3712 1485 3774 καθολικῶς
1507 3716 1534 3765 0
1548 3712 1679 3775 Θεὸς
1702 3731 1714 3745 ·
1752 3715 1815 3768 Ἐ
1819 3734 1852 3768 ιι
1857 3717 1973 3784 χεῶ
1994 3719 2112 3772 ἀπὸ

527 3793 637 3847 τοῦ
671 3794 1018 3862 Πνεύματος
1043 3809 1184 3860 μου.
1209 3793 1305 3845 ἐπί
1343 3792 1552 3847 πᾶσαν
1580 3796 1799 3863 σάρκα,
1833 3798 1929 3851 καί
1968 3815 2108 3866 προ-

528 3877 922 3945 φητεύσουσι.
954 3876 1064 3928 Καὶ
1096 3876 1363 3945 Μωῦσῆς·
1413 3879 1505 3942 Τίς
1555 3877 1731 3933 δώσει
1779 3880 1973 3933 πάντα
2006 3883 2113 3934 τὸν

526 3960 682 4013 λαὸν
699 3959 1007 4028 προφήτας
1023 3956 1195 4021 εἶναι,
1215 3961 1282 4012 ἐν
1304 3960 1382 4024 τῷ
1402 3961 1611 4018 δοῦναι
1632 3966 1850 4032 Κύριον
1863 3966 1926 4018 τὸ
1945 3966 2112 4034 ἅγιον

527 4043 772 4110 Πνεῦμα
817 4042 1001 4095 αὐτοῦ
1031 4043 1123 4095 ἐπ’
1153 4045 1405 4109 amove;
1448 4046 1708 4099 Ἐνταῦθα
1761 4049 2111 4120 προσέχωμεν

527 4125 792 4195 ἀκριϐῶς,
827 4124 943 4187 πῶς
972 4126 1003 4193 ἡ
1033 4125 1222 4194 θεότης
1249 4126 1520 4183 δείκνυται
1551 4129 1642 4182 τοῦ
1672 4133 1986 4200 Πνεύματος
2016 4132 2110 4185 τοῦ

528 4209 706 4274 ἁγίου,
732 4209 829 4276 οὐχ
860 4208 944 4273 ὐφ’
972 4210 1002 4276 ή
1014 4209 1128 4278 μῶν
1160 4209 1458 4280 ὐψουμένη,
1484 4212 1598 4265 ἀλλ’
1635 4216 1739 4266 ὐπὸ
1769 4217 1868 4286 τῆς
1904 4218 2112 4279 οίκείας

528 4290 682 4355 ἀξίας
713 4290 1108 4359 κηρυττομένη.
1157 4292 1264 4342 Καί
1301 4309 1389 4361 μοι
1427 4295 1619 4364 μικρὸν
1662 4298 1993 4368 ἐπιτρέψατε
2022 4299 2109 4351 διὰ

529 4372 772 4433 πεύσεως
797 4372 890 4424 καὶ
914 4373 1258 4443 ἀποκρίσεως
1283 4378 1616 4445 σχηματίσαι
1637 4379 1697 4430 τὸ
1721 4381 2104 4450 προκείμενον·

527 4458 649 4516 ταῖς
698 4455 804 4524 γαρ
850 4454 1125 4517 τοιαύταις
1161 4456 1496 4510 ἁντιθέσεσιν
1538 4460 1921 4532 εὐμαρεστέρα
1969 4464 2107 4516 καθ-

531 4537 741 4588 ίσταται
769 4535 874 4587 τῶν
908 4537 1292 4608 ἀπορουμένων
1318 4541 1351 4609 ἡ
1383 4540 1551 4604 λύσις.
1593 4544 1984 4614 Ἐρωτήσωμεν
2008 4544 2110 4597 τοία

527 4636 640 4673 νυν·
689 4619 1191 4688 Ὀμολογοῦσιν,ὅτι
1228 4621 1288 4674 τὸ
1329 4624 1550 4692 Πνεῦμα
1577 4625 1638 4677 τὸ
1683 4625 1836 4694 ἅγιον
1881 4627 2107 4698 ἐλάλησε

530 4702 677 4772 [ὅἮ]
709 4703 795 4754 διὰ
827 4703 933 4754 τῶν
960 4705 1270 4773 προφητῶν,
1301 4705 1332 4775 ἢ
1365 4708 1679 4761 ἀπειθοῦσιν
1708 4709 1788 4762 ἔτι
1818 4711 1911 4763 καὶ
1939 4713 2110 4781 ἀμφι-

528 4784 844 4849 6άλλουσιν;
875 4786 936 4838 Εί
979 4787 1076 4856 μὲν
1126 4788 1558 4857 ἁμφιϐάλλουσι,
1601 4793 1661 4843 τὸ
1713 4794 2107 4864 προειρημένον

527 4867 945 4937 ὑπομνήσωμεν,
988 4869 1105 4932 πῶς
1151 4872 1311 4935 αὐτὸς
1353 4877 1619 4944 μαρτυρεί
1666 4873 1839 4942 λέγων
1873 4877 1901 4928 0
1932 4875 2102 4939 Θεός·

537 4948 755 5015 Ἔκχεῶ
818 4949 936 5003 ἀπὸ
991 4952 1094 5005 τοῦ
1158 4956 1502 5023 Πνεύματος
1552 4974 1673 5025 μου
1746 4957 1841 5009 ἐπὶ
1898 4958 2106 5013 πᾶσαν

524 5031 744 5097 σάρκα,
775 5031 871 5084 καί
910 5037 1422 5102 προφητεύσουσι.
1458 5038 1530 5090 Τὸ
1570 5038 1795 5110 Πνεῦμα
1831 5041 1940 5111 γάρ
1986 5042 2102 5094 ἐστι

523 5114 582 5164 τὸ
612 5114 861 5183 ἐνεργοῦν
885 5116 979 5184 τὴν
1008 5119 1348 5190 προφητικὴν
1374 5119 1620 5190 δύναμιν.
1656 5123 1744 5183 Ὠς
1772 5124 1864 5174 καὶ
1894 5127 1920 5176 ὀ
1951 5123 2102 5177 Μωῦ-

527 5197 623 5266 σῆς
675 5197 852 5257 πάλιν,
885 5201 912 5250 ὁ
948 5202 1268 5268 θαυμάσιος,
1321 5205 1644 5275 βουλόμενος
1679 5206 1871 5272 δεῖξαι,
1921 5210 2001 5261 ὃτι
2037 5209 2101 5259 ἐκ

523 5280 834 5362 Πνεύματος
880 5282 1034 5348 ἁγίου
1076 5289 1381 5355 προφητεία
1415 5291 1752 5354 συνίσταται,
1794 5293 1893 5362 τὴν
1926 5293 2096 5360 μεγά-

523 5361 621 5432 λην
651 5364 858 5432 ἐκείνην
893 5365 983 5416 καὶ
1016 5365 1324 5434 θαυμασίαν
1367 5371 1563 5441 ἔρρηξε
1599 5376 1817 5442 φωνήν·
1852 5361 1961 5427 Καὶ
2008 5375 2099 5440 τίς

521 5445 698 5498 δώσει
743 5447 935 5500 πάντα
969 5449 1076 5500 τὸν
1107 5451 1259 5502 λαὸν
1309 5457 1526 5521 Κυρίου
1581 5458 1891 5526 προφήτας
1922 5456 2092 5520 εἶναι,

520 5529 588 5578 ἐν
619 5526 693 5592 τῷ
745 5528 949 5584 δοῦναι
978 5533 1192 5596 Κύριον
1226 5534 1292 5586 τό
1322 5539 1562 5606 Πνεῦμα
1593 5542 1780 5595 αὐτοῦ
1828 5541 1893 5594 τὸ
1925 5542 2097 5609 ἅγιον

519 5609 612 5660 ἐπ’
642 5611 886 5677 αὐτούς;
923 5615 983 5667 Εἰ
1025 5615 1080 5668 δὲ
1120 5616 1468 5686 ὁμολογοῦσιν
1511 5623 1749 5692 ἀληθῶς,
1784 5623 1972 5696 ὥσπερ
2002 5626 2089 5677 καὶ

583 5718 598 5790 ξ
633 5719 665 5790 [ξ
692 5720 818 5788 Bibl.
845 5729 1016 5788 supple
1043 5730 1205 5790 )έγο)ν.

583 5781 608 5817 ὶ)
635 5780 741 5830 Sav.
770 5786 815 5832 in
839 5780 961 5836 ιιοὶιὶς
981 5803 1068 5850 pro
1092 5780 1400 5854 έξεταζομένω
1425 5795 1549 5853 conj.
1579 5797 1801 5853 ἐξέτασις.

1992 376 2364 433 δΕνΕιιιΑΝι

3703 398 3805 452 514

2234 501 2381 553 ἔστιν
2430 500 2662 570 άληθῶς,
2707 501 2787 552 ὅτι
2820 500 2876 552 τὸ
2911 497 3132 566 Πνεῦμα
3169 498 3229 550 τὸ
3263 498 3412 564 ἆγιον
3444 496 3704 568 ἐλάλησεν
3751 504 3800 552 ἓν

2228 587 2340 644 τοῖς
2367 585 2692 652 προφήταις,
2722 583 2882 636 ἄκουε
2911 583 2986 643 ὡς
3013 581 3042 631 0
3074 583 3338 650 μακάριος
3374 582 3467 632 καί
3506 581 3801 649 θαυμάσιος

2229 666 2534 736 Ζαχαρίας,
2574 667 2602 716 ὁ
2635 664 2728 717 τοῦ
2782 663 3087 734 προδρόμου
3137 666 3346 730 πατὴρ,
3394 662 3526 714 Θεὸν
3560 663 3709 730 λέγει
3748 665 3803 714 τὸ

2231 747 2450 817 Πνεῦμα
2496 749 2554 801 τὸ
2604 749 2756 814 ἆγιον
2797 747 2858 799 τὸ
2904 747 2992 799 διὰ
3037 746 3146 797 τῶν
3194 746 3486 815 προφητῶν
3535 745 3798 817 λαλῆσαν·

2228 831 2574 897 Εὐλογητὸς
2632 832 2844 896 Κύριος
2873 833 2904 882 ὁ
2954 829 3088 892 Θεὸς
3129 827 3234 880 τοῦ
3267 827 3532 895 Ἰσραὴλ,
3581 829 3671 880 ὅτι
3708 831 3802 881 ἐπα

2227 913 2548 979 εσλιέψατο,
2586 913 2679 965 καὶ
2711 913 2960 976 ἐποίησε
2990 911 3290 976 λύτρωσιν
3321 910 3399 974 τῷ
3431 910 3558 975 λαῷ
3585 911 3799 964 αὐτοῦ·

2226 996 2325 1047 καί
2375 994 2569 1063 ἤγειρε
2601 995 2777 1063 κέρας
2827 993 3122 1060 σωτηρίας
3157 993 3298 1060 ἡμῖν
3337 995 3405 1045 ἐν
3436 993 3581 1055 οικφ
3629 993 3801 1045 Δαυῒδ

2227 1079 2332 1131 τοῦ
2365 1079 2578 1144 παιδὸς
2613 1078 2827 1131 αὑτοῦ·
2863 1077 3054 1141 καθὼς
3077 1075 3349 1142 ἐλάλησε
3377 1075 3471 1129 διὰ
3510 1080 3801 1145 στόματος

2226 1161 2345 1214 τῶν
2377 1163 2578 1230 ἁγίων,
2627 1160 2743 1214 τῶν
2783 1161 2882 1214 ἀπ’
2910 1159 3125 1224 αἰῶνος
3158 1158 3477 1227 προφητῶν
3505 1161 3714 1216 αὐτοῦ.
3744 1161 3800 1212 Εἰ

2228 1245 2404 1296 τοίνυν
2446 1247 2473 1296 0
2507 1245 2744 1314 λαλήσας
2773 1243 2858 1296 διὰ
2889 1244 3153 1312 στόματος
3184 1242 3293 1295 τῶν
3331 1243 3625 1310 προφητῶν
3654 1243 3799 1307 Θεὸς,

2226 1327 2452 1396 imm
2489 1328 2544 1380 δὲ
2586 1329 2646 1380 τὸ
2687 1325 2908 1396 Πνεῦμα
2937 1325 2999 1376 τὸ
3049 1327 3199 1392 ἆγιον
3243 1325 3300 1375 ἐν
3333 1327 3443 1385 τοῖς
3477 1327 3796 1394 προφήταις.

2225 1409 2299 1473 ῶς
2329 1428 2489 1480 φησιν
2509 1415 2534 1463 0
2559 1409 2716 1464 Δαυῒδ
2744 1413 2798 1462 ἐν
2824 1412 2888 1479 τῇ
2910 1407 3075 1478 βίϐλῳ
3094 1408 3200 1459 τῶν
3223 1406 3512 1461 Βασιλειῶν
3531 1424 3542 1437 ·
3565 1407 3801 1475 Πνεῦμα

2225 1494 2336 1562 γὰρ
2366 1495 2584 1557 Κυρίου
2614 1494 2920 1559 ἐλάλησεν
2949 1490 3019 1543 ἐν
3046 1491 3176 1558 ἐμοί
3194 1507 3208 1522 ο
3242 1490 3372 1552 θεὸς
3420 1490 3523 1559 ἁρα
3556 1491 3646 1542 καὶ
3693 1489 3800 1541 Κύ-

2227 1594 2341 1647 ριος
2371 1577 2431 1628 τὸ
2462 1575 2684 1645 Πνεῦμα
2712 1575 2771 1627 τὸ
2799 1576 2951 1641 ἆγιον
2974 1573 3034 1626 τὸ
3058 1572 3147 1624 διά
3177 1572 3284 1624 τῶν
3319 1573 3604 1641 προφητῶν
3638 1571 3801 1639 φθεγ-

2227 1658 2472 1729 ξάμενον.
2501 1658 2645 1712 Λάϐε
2668 1657 2722 1710 δέ
2757 1674 2846 1726 μοι
2877 1659 3020 1726 σαφῆ
3046 1656 3152 1708 τῶν
3181 1655 3486 1723 λεγομένων
3507 1655 3799 1719 ἀπόδειξιν.

2240 1743 2298 1794 ὐ
2330 1743 2471 1804 θεῖος
2507 1740 2827 1802 Ἀπόστολος
2859 1739 3177 1809 βουλόμενος
3205 1741 3268 1806 τῇ
3301 1741 3603 1807 προφητικῇ
3646 1740 3800 1806 φωνῇ

2222 1823 2392 1888 δεῖξαι
2421 1825 2481 1876 τὸ
2511 1822 2734 1893 Πνεῦμα
2760 1822 2820 1874 τὸ
2849 1823 3024 1890 ἁγιον,
3057 1823 3219 1890 φησιν
3255 1823 3314 1872 ἐν
3340 1822 3405 1889 τῇ
3443 1819 3573 1888 πρὸς
3610 1821 3804 1891 Κοριν-

2225 1906 2370 1970 θίους
2423 1907 2730 1976 Ἐπιστολῇ·
2777 1906 2918 1959 Ἐὰν
2946 1903 3169 1968 πάντες
3200 1903 3633 1971 προφητεύητε,
3675 1905 3799 1954 εισ-

2222 1989 2367 2060 έλθῃ
2414 1990 2480 2043 δέ
2521 2007 2610 2053 τις
2649 1987 2902 2054 ίδιώτης,
2944 1987 2981 2054 ἢ
3017 1986 3290 2050 ἄπιστος,
3335 1985 3638 2053 ἐλέγχεται
3684 1984 3800 2037 ὑπὸ

2223 2074 2483 2135 πάντων,
2513 2071 2893 2139 ἀνακρίνεται
2918 2069 3035 2124 ὑπὸ
3065 2068 3326 2130 πάντων,
3358 2067 3428 2120 τὰ
3445 2071 3673 2134 κρυπτὰ
3694 2064 3800 2131 τῆς

2224 2155 2473 2222 καρδίας
2505 2153 2687 2207 αὑτοῦ
2729 2154 2956 2221 φανερὰ
2989 2153 3243 2220 γίνεται·
3285 2151 3384 2204 καὶ
3413 2151 3561 2202 οὓτω
3598 2149 3800 2200 πεσὼν

2223 2238 2318 2291 ἐπὶ
2348 2239 2673 2306 πρόσωπον
2700 2236 2884 2288 αὑτοῦ
2914 2233 3349 2300 προσκυνήσει,
3381 2229 3797 2297 ἀπαγγέλλων,

2223 2320 2310 2372 ὅτι
2343 2321 2522 2384 ὄντως
2560 2323 2590 2372 o’
2623 2319 2766 2383 Θεὸς
2812 2318 2879 2369 ἐν
2913 2315 3051 2383 ὑμῖν
3099 2316 3287 2368 ἐστιν.
3330 2315 3490 2384 Ὁρᾷς
3521 2314 3601 2365 ὅτι
3637 2312 3699 2364 τὸ
3745 2313 3800 2364 ἐν

2222 2405 2334 2465 τοῖς
2386 2402 2786 2472 προφητεύουσι
2835 2399 3054 2466 Πνεῦμα
3099 2397 3228 2449 Θεὸν
3272 2396 3560 2467 διαρρήδην
3607 2393 3775 2463 ἁνηγό

2226 2501 2414 2554 ρευσεν
2440 2489 2466 2537 ὁ
2501 2485 2599 2552 τῆς
2629 2481 2908 2544 εὐσεϐείας
2940 2480 3288 2544 διδάσκαλος;

2296 2574 2349 2620 ι’.
2383 2568 2446 2618 Τί
2476 2567 2654 2620 τοίνυν
2681 2565 3001 2634 σκανδαλίζῃ
3042 2563 3168 2632 περὶ
3200 2563 3298 2632 τὴν
3325 2560 3624 2613 εὐσέϐειαν.
3650 2559 3798 2628 αἱρε-

2221 2651 2370 2713 τικέ;
2409 2650 2460 2702 τί
2510 2650 2864 2717 συκοφαντεῖς
2898 2647 2992 2699 τοῦ
3040 2645 3354 2714 Πνεύματος
3396 2645 3492 2713 τὴν
3523 2642 3716 2705 ἀξίανς
3751 2639 3801 2691 τί

2222 2734 2580 2803 παραϐαίνεις
2611 2733 2708 2801 τῆς
2739 2731 2976 2793 πίστεως
3004 2730 3100 2798 τὴν
3139 2728 3464 2798 ὁμολογίαν;
3506 2723 3804 2803 Ἀνάγνωθὶ

2222 2802 2314 2869 σου
2349 2817 2444 2878 τὰς
2485 2815 2756 2883 συνθήκας
2800 2815 2893 2865 ἐπὶ
2937 2812 3042 2864 τῶν
3089 2810 3422 2879 μυστηρίων,
3458 2807 3572 2870 πῶς
3619 2802 3799 2868 εἴπας·

2221 2901 2485 2953 Πιστεύω
2513 2900 2599 2962 εἰς
2629 2894 2860 2962 Πατέρα
2888 2894 2985 2947 καί
3037 2893 3174 2946 Υίὸν
3205 2892 3304 2945 καὶ
3336 2891 3510 2958 ἅγιον
3538 2889 3800 2956 Πνεῦμα.

2225 2985 2289 3034 Ὃ
2313 2982 2660 3043 ἐπίστευσας,
2689 2977 3088 3039 άνεσκεύασας;
3115 2975 3144 3026 ὂ
3167 2974 3545 3045 ὡμολόγησας,
3581 2972 3804 3040 ἀνέτρεη

2217 3065 2363 3134 ψας;
2404 3065 2431 3116 ὃ
2469 3063 2721 3132 καθαρῶς
2760 3061 3131 3128 διεσάφησας,
3180 3056 3340 3108 τοῦτο
3380 3055 3539 3106 πάλιν
3591 3054 3803 3115 ἀσεϐῶς

2218 3148 2520 3210 ἐθόλωσαςς
2566 3145 2819 3214 πολεμεῖς
2850 3145 2913 3212 τῇ
2952 3143 3181 3210 εἱρήνῃ;
3222 3139 3368 3208 μάχῃ
3405 3155 3496 3189 σου
3529 3139 3645 3198 ταῖς
3683 3153 3805 3187 συν-

2219 3229 2446 3299 θήκαις
2484 3229 2783 3296 άπηρνήσω
2821 3227 2919 3294 τὴν
2967 3224 3182 3284 πίστινς
3225 3223 3318 3272 καὶ
3361 3219 3598 3285 εἰσάγεις
3636 3216 3803 3286 ζητή-

2220 3330 2358 3378 σειςς
2393 3311 2738 3368 Πιστεύοντι.
2787 3306 3136 3378 ὁμολογοῦντί
3174 3322 3254 3357 σοι
3301 3303 3573 3371 παρεδόθη
3604 3301 3664 3352 τὸ
3703 3301 3805 3351 δῶ-

2221 3412 2332 3464 ρον,
2372 3396 2465 3446 καὶ
2504 3393 2639 3462 μετὰ
2672 3392 2732 3444 τὸ
2766 3391 2936 3460 δῶρον
2981 3387 3280 3458 ἐξορίζεται
3330 3386 3536 3446 πίστις,
3569 3384 3664 3434 καὶ
3696 3385 3803 3434 sic-

2218 3479 2408 3544 άγεται
2438 3477 2702 3542 διάλεξις;
2736 3474 2826 3544 Μὴ
2858 3473 3044 3543 ὐϐριζε
3074 3471 3170 3541 τὴν
3209 3469 3365 3532 ἀξῖαν
3403 3469 3499 3535 τῆς
3551 3467 3799 3536 χάριτος·

2221 3561 2295 3631 μὴ
2341 3562 2731 3631 παραχὰραττε
2761 3559 2858 3618 τὰς
2894 3555 3164 3622 συνθήκας
3193 3554 3291 3620 τῆς
3325 3551 3563 3619 φοϐερᾶς
3593 3550 3802 3631 ἐκείνης

2217 3644 2311 3695 καὶ
2349 3630 2654 3712 φρικώδους
2711 3637 3124 3709 μυσταγωγίας.
3167 3634 3255 3686 Ἐν
3306 3633 3534 3700 ὀνόματι
3598 3630 3804 3699 Πατρδς

2215 3724 2308 3777 καὶ
2330 3722 2459 3776 Υἰοῦ
2481 3723 2575 3775 καὶ
2601 3722 2758 3790 ἁγίου
2787 3720 2926 3774 Πνεύ
2936 3734 3101 3788 ματος
3123 3716 3483 3785 ὡμολόγησας
3506 3714 3799 3772 πιστεύειν,

2214 3805 2546 3875 ἐϐαπτίσθης
2580 3803 2780 3873 ὁμοίως
2819 3804 2898 3863 είς
2947 3800 3163 3870 Πατέρα
3197 3799 3290 3850 καὶ⁷
3336 3797 3465 3848 Υίὸν
3511 3797 3607 3847 καὶ
3655 3795 3801 3860 ἅγιον

2216 3889 2465 3959 Πνεῦμα·
2503 3890 2535 3959 ἡ
2581 3887 2803 3954 εὐλογία
2846 3886 3047 3955 ὁμοίως
3095 3887 3151 3935 ὲν
3193 3881 3419 3950 ὀνόματι
3458 3877 3672 3947 Πατρδς
3713 3877 3802 3930 καὶ

2216 3972 2347 4025 Υἰοῦ
2382 3972 2475 4024 καὶ
2523 3973 2680 4039 ἁγίου
2736 3971 3073 4038 Πνεύματος.
3117 3966 3278 4034 Ἡμῖν
3310 3963 3380 4014 τά
3446 3961 3599 4031 δῶρα
3657 3959 3802 4027 παρὰ

2213 4053 2312 4124 τῆς
2361 4056 2614 4125 χάριτος·
2665 4054 2757 4106 καὶ
2807 4053 2934 4121 παρ’
2977 4049 3125 4119 ὑμῶν
3160 4049 3191 4117 ἠ
3226 4044 3550 4115 βλασφημία
3600 4045 3667 4111 τῇ
3710 4041 3803 4111 χά·

2215 4155 2351 4209 ριτις
2395 4138 2550 4208 Παρὰ
2581 4135 2675 4187 τοῦ
2725 4136 2884 4202 ἁγίου
2936 4132 3252 4200 Πνεύματος
3297 4129 3432 4198 ἡμῖν
3485 4125 3798 4209 ἐλευθερία·

2213 4208 2308 4272 καὶ
2341 4219 2469 4290 παρ’
2516 4217 2672 4288 ὐμῶν
2703 4216 2915 4268 δουλεία
2945 4214 3020 4284 τῷ
3071 4211 3386 4280 Πνεύματις
3426 4209 3490 4260 Ὃ
3533 4208 3633 4276 τῆς
3669 4209 3802 4259 ἁπο-

2213 4303 2392 4365 νοίαςι
2424 4299 2470 4354 ὣ
2499 4302 2599 4372 τῆς
2637 4297 3024 4368 ἀγνωμοσύνης
3056 4300 3067 4349 ι
3102 4297 3170 4348 Ἦ
3205 4295 3302 4362 τὴν
3337 4294 3464 4344 νέαν
3490 4291 3802 4372 ἁπάρνησαι

2215 4385 2362 4456 [528]
2406 4369 2583 4454 χάριν,
2629 4383 2660 4452 ἦ
2698 4384 2794 4451 τὴν
2826 4380 3065 4434 Παλαιὰν
3115 4377 3393 4444 αίδέσθητι
3437 4369 3800 4456 Διαθήκην,ῆ

2212 4452 2487 4534 πανταχοῦ
2516 4465 2756 4534 παρίστα
2784 4464 2882 4531 τῆς
2918 4463 3079 4530 ἁγίας
3105 4458 3336 4529 Τριάδος
3360 4456 3461 4526 τὴν
3487 4452 3800 4522 δμοτιμίαν,

2210 4548 2284 4609 ὡς
2320 4546 2578 4607 πολλάκις
2617 4545 2706 4598 διὰ
2742 4544 2950 4597 πολλῶν
2981 4545 3107 4612 ὑμῖν
3155 4539 3452 4610 ἐγγράφων
3487 4534 3802 4607 μαρτυριῶν

2207 4629 2598 4697 ἀπεδείξαμεν·
2637 4621 2726 4689 αἷς
2762 4629 2856 4680 καὶ
2912 4627 3106 4696 ἑτέραν
3165 4622 3430 4692 βούλομαι
3482 4617 3798 4688 προσθεῖναι

2209 4711 2371 4765 πάλιν
2422 4709 2712 4775 ἀπόδειξιν.
2767 4705 3304 4779 Προαναπεφὼνηται
3359 4702 3489 4770 γάρ,
3542 4700 3620 4761 ὡς
3675 4698 3798 4779 πολι

2207 4795 2364 4858 λάκις
2408 4794 2578 4861 ἔφθην
2612 4777 2894 4853 εἰπὼνξίω
2925 4794 2990 4861 τῇ
3040 4789 3253 4857 Παλαιᾷ
3286 4785 3357 4837 τὰ
3407 4785 3526 4836 νέα.
3574 4783 3642 4834 Τί
3679 4777 3794 4842 οῦνς

2208 4877 2540 4944 Προστάττει
2569 4876 2597 4927 0
2624 4875 2757 4936 Θεὸς
2782 4873 2858 4942 τῷ
2886 4873 3130 4934 Μωΰσετ,
3160 4869 3334 4935 λέγων
3353 4883 3368 4896 ·
3395 4865 3694 4930 Adducor
3724 4861 3798 4925 τῷ

2220 4961 2433 5026 Ἀαρὼν
2465 4959 2562 5012 καὶ
2603 4957 2726 5022 τοῖς
2758 4958 2908 5021 υἱοῖς
2944 4954 3159 5007 αὐτοῦ·
3194 4952 3395 5015 Οὕτως
3423 4947 3798 5014 aviariime

2205 5041 2348 5106 τοὺς
2376 5042 2544 5105 υἱοὺς
2595 5038 2849 5106 Ἰσραήλ.
2879 5037 3117 5106 Πρόσεχε
3146 5032 3411 5103 ἀκριϐῶς.
3443 5031 3564 5083 Ἰνα
3606 5031 3682 5099 μή
3720 5044 3798 5087 τις

2204 5125 2393 5187 ἁπλῶς
2448 5121 2733 5176 ὑπολαϐὼν
2781 5118 2974 5189 νομίζῃ
3028 5117 3208 5180 καλῶς
3258 5117 3440 5185 ἔχειν,
3498 5109 3797 5183 προσέταξε

2201 5207 2282 5268 τὸ,
2320 5207 2536 5271 οὕτως,
2583 5206 2670 5256 ἵνα
2706 5203 2893 5272 μηδεὶς
2933 5201 3075 5255 κατὰ
3103 5202 3202 5269 τὴν
3236 5200 3374 5252 ίδίαν
3415 5196 3674 5263 ἐξουσίαν
3705 5193 3798 5254 τὰς

2201 5289 2450 5355 εὐλογίας
2497 5287 2658 5358 φέρῃ,
2695 5286 2827 5337 ἀλλὰ
2868 5285 3007 5337 κατὰ
3043 5285 3136 5336 τὸν
3186 5283 3388 5336 κανόνα
3433 5280 3537 5349 τῆς
3577 5277 3798 5348 Γραφῆς

2202 5372 2269 5424 τὰ
2309 5373 2483 5424 πάντα
2524 5371 2650 5438 ποιῇ
2719 5368 2902 5434 Λέγει,
2931 5367 3116 5430 Οὕτω,
3168 5366 3356 5435 φησὶν,
3390 5360 3796 5429 εὺλογήσατε.

2206 5455 2386 5517 Οὕτω,
2428 5453 2576 5516 πῶς;
2626 5451 2966 5519 Εὺλογήσει
3009 5464 3083 5502 σε
3120 5450 3359 5515 Κύριος,
3395 5447 3496 5498 καὶ
3541 5441 3800 5512 φυλάξει

2199 5555 2292 5591 σε.
2327 5538 2434 5590 Καὶ
2469 5535 2723 5606 πρόσεχε,
2757 5535 2872 5596 πῶς
2909 5531 3184 5603 πανταχοῦ
3211 5532 3310 5599 τὴν
3350 5527 3571 5597 Τριάδα
3608 5541 3799 5596 μυστι-

2200 5620 2310 5682 κῶς
2347 5619 2583 5686 είσάγει,
2628 5619 2693 5669 δι’
2731 5611 2798 5689 ἦς
2842 5619 2934 5670 καὶ
2983 5615 3220 5682 εὐλογίαι
3268 5609 3794 5682 τριπλασιάζονται.

2192 5701 2530 5771 Εὐλογήσει
2571 5716 2646 5754 σε
2692 5703 2928 5769 Κύριος,
2977 5699 3075 5752 καί
3107 5695 3368 5766 φυλάξει
3409 5711 3507 5749 σε.
3559 5696 3797 5762 Ἐ’πιφαο

2201 5786 2297 5843 νεῖ
2320 5788 2532 5852 Κύριος
2562 5801 2626 5838 το
2653 5785 2976 5850 πρόσωπον
3007 5780 3191 5838 αὑτοῦ
3219 5779 3317 5833 ἐπὶ
3351 5778 3453 5846 σὲ,
3485 5779 3590 5835 καί
3629 5779 3796 5833 80.10-
