3976 6218
184 329 309 386 513

204 449 425 502 niooem
470 460 590 515 pars
634 448 801 516 major
837 446 1073 510 haberet,
1124 445 1196 497 ait
1241 443 1371 499 illis:
1417 442 1576 506 Quem
1618 440 1786 494 dicitis

200 555 317 592 esse
354 539 644 591 Christum?
699 539 843 607 cujus
892 537 1026 604 ﬁlius
1077 547 1145 588 cst
1198 534 1428 603 (Matth.
1479 533 1568 587 22.
1624 531 1781 599 42)?

202 629 554 698 Respondent
578 630 765 683 scribae
786 637 837 682 et
862 627 1132 689 Phariszei,
1160 623 1337 677 David.
1368 624 1499 676 llinc
1529 623 1782 676 Dominus

198 733 392 771 corum
429 717 801 771 contradicens
833 716 1065 783 Opinioni
1090 755 1103 775 ,
1138 729 1320 766 rursus
1349 713 1502 764 infert
1529 728 1542 763 :
1574 728 1591 760 ‹
1632 712 1777 775 Quo-

200 808 367 863 modo
408 807 575 861 David
626 809 677 860 in
713 806 912 876 Spiritu
950 816 1134 857 saneto
1164 812 1315 855 vocat
1353 817 1471 854 cum
1501 801 1778 853 Dominum

204 901 425 962 dicens,
461 900 600 951 Dixit
644 898 895 951 Dominus
924 895 1147 949 Domino
1177 908 1295 947 meo
1326 935 1339 955 ,
1368 893 1493 945 sede
1523 908 1551 945 a
1578 891 1779 945 dextris

200 994 342 1045 meis
387 1011 404 1042 ι
438 993 454 1059 (
493 990 626 1042 Ibid.
651 1006 697 1043 υ.
733 991 821 1043 45.
855 987 965 1057 44)
993 989 1015 1038 ?
1063 987 1194 1041 Illud
1241 1000 1397 1053 porro
1425 1026 1439 1049 ,
1472 983 1538 1037 In
1582 984 1780 1051 Spiritu

199 1091 379 1134 sancto
412 1122 422 1143 ,
456 1082 647 1148 adjecit
676 1122 690 1144 ,
731 1094 835 1132 non
865 1088 921 1130 ut
950 1078 1201 1145 Spiritum
1249 1090 1457 1128 servum
1486 1074 1781 1128 declararet

200 1170 427 1233 Christi,
458 1173 543 1239 qui
576 1169 961 1239 prmdicabatur
986 1207 999 1231 ,
1032 1166 1123 1219 sed
1148 1174 1203 1218 ut
1228 1166 1399 1235 palam
1427 1165 1733 1218 ostenderet
1762 1205 1775 1228 ,

198 1263 518 1331 prophetam
544 1263 594 1313 in
619 1260 817 1326 Spiritu
843 1266 1027 1310 sancto
1060 1256 1231 1310 futura
1264 1255 1639 1323 pr:evidentem
1663 1294 1678 1318 ,
1713 1255 1773 1305 li-

202 1354 335 1405 limn
363 1368 513 1405 suum
544 1350 831 1405 secundum
854 1363 1069 1402 carnem
1098 1347 1378 1399 Dominum
1408 1344 1649 1399 conﬁteri
1690 1359 1776 1398 se-

200 1445 434 1499 cundmn
467 1446 539 1497 rei
561 1444 857 1497 veritatem.
888 1441 1067 1509 Neque
1098 1440 1235 1493 enim
1262 1438 1328 1491 de
1350 1437 1546 1506 Spiritu
1573 1445 1776 1497 sancto,

200 1536 295 1602 qui
318 1536 476 1590 etiam
502 1535 753 1588 Dominus
789 1542 871 1587 est
904 1572 918 1595 ,
950 1531 1172 1599 quaestio
1202 1538 1315 1582 erat
1345 1569 1360 1594 ,
1406 1527 1495 1582 sed
1528 1528 1593 1581 de
1621 1528 1733 1595 ipso
1761 1541 1775 1581 :

200 1641 272 1679 an
304 1627 505 1680 scilicet
527 1624 689 1679 David
710 1626 871 1677 ﬁlium
898 1622 1116 1676 haberet
1140 1621 1443 1684 Dominum,
1472 1635 1537 1672 an
1565 1618 1779 1673 herum?

198 1716 343 1771 Sane
373 1716 624 1769 Dominus
666 1715 1039 1770 btereticorum
1082 1712 1485 1782 sycophantiam
1535 1711 1625 1765 diu
1654 1719 1779 1765 ante

194 1806 527 1871 confutans,
571 1806 902 1876 Spiritusque
966 1804 1135 1859 sancti
1198 1803 1504 1872 dignitatem
1557 1803 1776 1857 illcesam

200 1914 529 1953 conservans
562 1941 574 1961 ,
605 1899 906 1967 objectione
954 1897 1371 1949 controversiam
1419 1895 1593 1947 solvit.
1639 1895 1773 1961 Quid

198 2008 329 2061 ergo
360 1993 433 2045 ait
456 2010 469 2046 :
505 1992 562 2045 Si
591 2007 708 2061 ergo
731 1990 896 2043 David
919 1997 1059 2041 vocat
1080 2004 1190 2039 eum
1217 1987 1503 2048 Dominum,
1525 1987 1773 2055 quomodo

198 2087 339 2153 ﬁlius
369 2087 475 2153 ejus
505 2085 620 2136 est?
668 2081 782 2135 Non
811 2081 943 2134 dixit
972 2122 987 2145 ,
1023 2079 1076 2133 Si
1127 2094 1254 2147 ergo
1284 2078 1512 2146 Spiritus
1560 2089 1776 2131 sanctus

198 2184 355 2228 vocat
380 2191 499 2227 cum
531 2173 831 2235 Dominum,
863 2174 977 2233 sed,
1013 2172 1073 2225 Si
1104 2170 1266 2222 David
1292 2180 1433 2222 vocat
1457 2186 1567 2221 eum
1602 2169 1774 2221 Domi-

197 2284 342 2320 num.
372 2268 477 2321 Cur
515 2283 639 2335 ergo
669 2265 869 2319 addidit
896 2264 1021 2317 illud
1053 2306 1065 2327 ,
1114 2264 1177 2315 lu
1205 2262 1403 2331 Spiritu
1438 2270 1609 2315 sanrto
1636 2271 1776 2313 vocnt

197 2374 313 2411 eum
341 2357 656 2410 Dominum?
686 2357 944 2423 Quoniam
980 2355 1045 2409 de
1087 2354 1298 2409 Christo
1325 2362 1447 2405 ante
1489 2353 1770 2405 adventum

195 2449 395 2503 Christi
424 2451 599 2503 dicere
624 2465 726 2502 non
758 2457 871 2503 erat
903 2448 1140 2514 corporis
1168 2447 1420 2498 intuentis
1446 2486 1456 2506 ,
1488 2445 1579 2497 sed
1604 2445 1771 2511 Spiri-

196 2550 282 2592 tus
314 2540 480 2592 sancti
524 2538 1004 2607 prarsigniﬁcantis.
1038 2537 1217 2604 Neque
1248 2536 1387 2588 enim
1413 2551 1530 2603 qua:
1564 2536 1772 2587 vitlclml

196 2631 365 2685 David
394 2672 406 2693 ,
434 2630 749 2699 pra‘dicabat
774 2647 789 2694 ;
820 2629 911 2683 scd
941 2645 1057 2697 qua:
1081 2628 1309 2696 Spiritus
1337 2636 1551 2679 sanctus
1576 2642 1770 2694 sugge-

194 2724 368 2785 rebat,
401 2724 511 2775 haec
540 2738 630 2789 per
656 2722 983 2790 spiritualem
1017 2720 1182 2788 lyram
1205 2720 1462 2788 pulsabat.
1492 2718 1614 2770 ldeo
1646 2716 1769 2770 illud

192 2814 391 2880 adjecit
423 2853 436 2877 ,
473 2814 723 2866 Dominus
758 2852 770 2875 ,
823 2812 1083 2878 Quomodo
1111 2811 1270 2863 David
1298 2811 1349 2861 iu
1380 2810 1573 2876 Spiritu
1600 2820 1771 2861 sancto

191 2914 338 2955 vocnt
359 2920 469 2955 eum
500 2904 809 2956 Dominum?
836 2902 913 2956 Ne
936 2917 1059 2955 vero
1084 2901 1360 2954 haereticus
1387 2898 1769 2966 blasphemiam

191 2994 449 3049 adversus
467 2997 715 3065 Spiritum
747 3004 986 3049 sanctum
1011 2993 1205 3057 trahat,
1230 2991 1423 3059 adjecit
1452 3004 1682 3053 rursum,
1715 2999 1769 3041 ut

191 3088 447 3153 diximus,
475 3088 530 3142 Si
558 3104 672 3158 ergo
692 3086 855 3139 David
883 3094 1023 3138 vocat
1052 3099 1163 3137 eum
1192 3081 1483 3141 Dominum,
1518 3079 1763 3147 quomodo

193 3180 336 3246 ﬁlius
354 3182 461 3249 ejus
478 3190 546 3231 est
572 3179 595 3230 ἓν
629 3178 785 3246 igitur
810 3176 969 3229 David
987 3173 1254 3227 Christum
1286 3172 1335 3224 in
1360 3172 1560 3238 Spiritu
1584 3178 1767 3223 sancto

190 3278 351 3323 vocat
377 3268 673 3321 Dominum.
710 3266 840 3319 lllud
870 3279 994 3317 vero
1016 3264 1345 3331 potissimmn
1370 3261 1768 3319 consideremus

190 3375 408 3413 onmem
430 3358 736 3426 prophetam
755 3372 818 3410 ex
848 3354 1042 3423 Spiritu
1062 3360 1242 3406 saneto
1268 3393 1280 3413 ,
1302 3368 1418 3420 quae
1451 3351 1768 3404 conveniant

190 3449 359 3518 loqui.
384 3446 580 3503 Onmes
608 3448 747 3499 enim
788 3445 1103 3500 conﬁtemur
1126 3484 1140 3505 ,
1169 3444 1455 3511 prOphetas
1486 3441 1537 3493 in
1569 3440 1765 3508 Spiritu

186 3548 377 3594 sancto
396 3539 639 3607 loquutus
660 3553 778 3593 esse
802 3578 817 3603 ,
847 3538 1001 3606 idque
1024 3536 1306 3606 Apostolus
1342 3535 1650 3589 testiﬁcatur
1686 3534 1768 3585 di-

188 3646 345 3693 cens,
404 3648 421 3680 I
457 3630 597 3682 Bene
620 3628 847 3696 Spiritus
875 3638 1089 3681 sanctus
1112 3628 1359 3694 loquutus
1391 3635 1469 3679 est
1498 3626 1562 3677 ad
1593 3634 1766 3693 patres

187 3732 402 3776 vestros
432 3738 525 3789 per
549 3720 856 3788 prophetam
893 3738 909 3769 ι
940 3720 1070 3787 (Act.
1104 3720 1192 3771 28.
1223 3719 1337 3785 25.)
1368 3719 1427 3771 Et
1459 3719 1644 3771 iterum
1678 3734 1768 3787 ge-

188 3816 414 3866 neratim
441 3812 580 3865 Deus
606 3813 680 3863 ait
710 3827 723 3865 :
759 3829 775 3860 ι
809 3809 1083 3863 Effundam
1121 3811 1187 3862 de
1216 3810 1412 3879 Spiritu
1453 3824 1570 3862 meo
1608 3824 1769 3877 super

187 3917 405 3955 onmem
433 3918 667 3961 carnem.
688 3912 743 3955 et
768 3901 1155 3969 prophetahnnt
1192 3919 1208 3950 ι
1243 3902 1257 3967 t
1284 3900 1418 3953 Joet.
1450 3900 1502 3952 2.
1533 3897 1653 3964 28).
1702 3902 1766 3953 Et

184 3992 418 4064 Moyses,
445 4010 462 4042 ‹
489 3993 617 4057 Quis
636 3992 1005 4045 dabitomnem
1040 3992 1286 4059 populum
1314 3992 1514 4043 Domini
1542 3991 1767 4059 prophe-

185 4096 269 4137 tas
300 4099 440 4146 esse,
462 4098 579 4137 cum
620 4083 820 4136 dederit
862 4082 1113 4135 Dominus
1142 4081 1390 4149 Spiritum
1422 4098 1571 4133 suum
1604 4097 1765 4149 super

195 4181 372 4245 ipsom
395 4176 575 4246 (Num.
602 4179 683 4230 il.
710 4175 835 4244 29)?
866 4176 959 4229 Hic
975 4174 1304 4227 attendamus
1318 4175 1615 4244 diligenter,
1636 4191 1767 4244 quo-

186 4269 577 4336 modoSpiritus
593 4267 756 4321 sancti
773 4267 1015 4320 divinitas
1032 4268 1549 4327 dcmonstretur,non
1567 4283 1594 4321 a
1616 4269 1765 4321 nobis

185 4363 437 4423 exaltata,
455 4361 543 4413 sed
562 4376 587 4411 a
612 4362 820 4427 propria
838 4359 1088 4427 dignitate
1105 4359 1385 4414 celebrata.
1403 4358 1630 4427 Mihique
1645 4374 1764 4413 00n-

184 4455 363 4507 ccdite
386 4461 442 4504 ut
460 4452 863 4520 interrogatione
877 4462 930 4505 et
945 4452 1287 4520 responsione
1304 4466 1414 4505 rem
1438 4452 1760 4519 propositam

185 4552 409 4597 tractem
439 4560 451 4598 :
484 4541 780 4609 hujusmodi
812 4543 950 4594 enim
983 4544 1361 4611 quaestionibus
1393 4543 1597 4596 facilior
1638 4559 1763 4596 ein-

185 4634 267 4686 dit
289 4632 565 4685 dubiorum
596 4632 805 4685 solutio.
837 4632 1227 4700 lntcrrogemus
1258 4647 1382 4700 ergo
1404 4650 1415 4688 :
1441 4632 1757 4685 Ε’ςιιιιιιιιιγιιω

186 4724 447 4791 Spiritum
474 4732 713 4777 sanctum
742 4724 1016 4791 loquutum
1048 4739 1166 4777 esse
1197 4739 1287 4791 per
1331 4728 1615 4791 prephetus
1648 4767 1659 4783 .
1692 4742 1755 4776 an

185 4823 384 4883 [tegant
407 4855 421 4878 ,
467 4814 548 4867 vel
579 4814 821 4867 dubitant
848 4816 870 4868 ?
896 4813 951 4868 Si
993 4814 1236 4867 dubitant
1266 4856 1280 4879 ,
1315 4830 1429 4881 qure
1470 4825 1593 4867 ante
1620 4816 1754 4866 dictu

182 4913 311 4959 sunt
348 4905 397 4956 in
430 4904 739 4956 memoriam
783 4918 1094 4957 revocemus
1122 4945 1135 4968 ,
1165 4904 1432 4971 quomodo
1477 4903 1587 4970 ipse
1624 4905 1757 4956 Deus

184 4994 501 5049 testiﬁcatur
525 4994 709 5047 dicens
742 5035 756 5059 ,
804 4993 1077 5059 Effundam
1121 4995 1182 5046 de
1220 4995 1415 5061 Spiritu
1463 5011 1569 5045 meo
1607 5012 1756 5059 super

183 5101 382 5137 omnem
411 5099 610 5135 carnem
640 5120 673 5148 ,.
697 5093 743 5136 et
770 5084 1133 5152 prop/tetabunt
1162 5085 1185 5136 ?
1213 5084 1437 5152 Spiritus
1464 5085 1605 5137 enim
1636 5099 1756 5152 pro-

184 5175 450 5240 pheticam
496 5173 745 5226 virtutem
792 5175 1007 5229 excitat.
1062 5174 1149 5227 Sic
1196 5184 1243 5227 et
1300 5175 1386 5227 ille
1430 5174 1751 5228 admirabilis

182 5264 393 5334 Moyses
420 5305 433 5326 ,
485 5274 541 5318 ut
586 5264 830 5318 ostendat
874 5266 1201 5333 prephetiam
1243 5281 1306 5318 ex
1333 5265 1529 5333 Spiritu
1568 5276 1751 5319 sancte

182 5355 449 5422 proﬁcisci
478 5367 528 5409 et
553 5355 824 5421 constitui,
848 5357 895 5407 in
922 5357 1057 5410 hanc
1081 5373 1321 5426 magnam
1343 5358 1747 5426 mirabilemque

184 5447 359 5514 erupit
388 5460 567 5499 vocem
600 5464 613 5503 ;
650 5466 668 5497 ‹
703 5448 765 5499 Et
800 5448 914 5514 quis
949 5446 1092 5499 dabit
1126 5464 1335 5501 omnem
1370 5450 1613 5516 populum
1647 5450 1750 5501 Do-

186 5534 316 5587 mini
346 5536 627 5604 prophetas
646 5551 765 5590 esse
785 5578 799 5599 ,
823 5551 941 5589 cum
972 5536 1176 5589 dederit
1214 5539 1466 5590 Dominus
1494 5540 1744 5607 Spiritum

186 5632 423 5677 sanetum
457 5640 606 5678 suum
634 5641 791 5695 super
813 5628 941 5680 eos?
972 5645 988 5671 ι
1024 5627 1077 5679 Si
1106 5638 1279 5680 autem
1311 5644 1434 5681 vere
1455 5630 1749 5683 confitean-

188 5721 271 5768 tur
286 5714 337 5768 id
369 5716 506 5785 quod
534 5718 865 5773 verissimum
889 5727 989 5785 est,
1021 5733 1205 5789 nempe
1229 5718 1479 5786 Spiritum
1510 5730 1747 5780 sanctum

1423 329 1507 381 Dii
1548 326 1907 383 SERPENTE
1946 330 2241 390 HOMILIA.

3345 358 3459 417 514

1892 443 2165 514 loquutum
2194 465 2313 506 esse
2344 459 2394 506 t’u
2421 454 2711 524 prephetis,
2741 456 2861 513 audi
2888 469 2944 514 ut
2967 460 3152 517 beatus
3174 464 3260 521 ille
3284 468 3463 524 admi-

1890 538 2189 608 randusque
2219 541 2524 612 Zacharias,
2555 546 2904 605 Praecursoris
2921 561 3094 620 pater,
3128 554 3291 612 Deum
3319 560 3461 615 dicat

1890 626 2148 695 Spiritum
2173 642 2411 687 sanctum
2435 678 2447 699 ,
2472 637 2558 705 qui
2598 652 2693 705 per
2734 640 3020 707 prophetas
3062 643 3309 714 loquutus
3336 659 3417 703 est
3441 667 3458 707 :

1896 736 1913 767 ι
1946 718 2259 775 Benedictus
2282 723 2534 779 Dominus
2564 727 2703 780 Deus
2730 727 2887 782 lsracl
2916 773 2929 790 .
2960 733 3079 799 quia
3109 735 3339 791 visitavit
3362 779 3376 801 ,
3407 749 3462 794 et

1891 811 2013 864 fecit
2036 812 2453 881 redemptionem
2477 818 2643 883 plebis
2671 832 2777 871 suae
2818 836 2830 883 ;
2862 831 2915 873 et
2942 824 3115 876 erexit
3140 839 3304 879 cornu
3322 829 3463 881 salu-

1891 901 1957 953 tis
1986 902 2139 956 nobis
2166 903 2217 956 in
2244 904 2401 958 domo
2433 905 2595 959 David
2625 909 2771 975 pueri
2795 911 2873 963 sui
2902 927 2915 964 ε
2942 912 3078 965 sicut
3112 914 3359 983 loquutus
3375 928 3457 972 est

1888 1005 1982 1059 per
2021 1006 2081 1045 os
2122 1003 2426 1049 sanctorum
2462 1036 2476 1059 ,
2506 996 2595 1065 qui
2628 1013 2656 1050 a
2691 1001 2887 1053 smculo
2924 1014 3047 1056 sunt
3080 1006 3456 1072 prophetarum

1888 1083 2003 1150 ejus
2031 1102 2049 1134 ι
2082 1082 2231 1154 (Luc.
2267 1086 2317 1142 1.
2348 1086 2560 1159 68-70).
2607 1088 2661 1143 Si
2690 1104 2815 1159 ergo
2838 1092 2972 1145 Deus
3000 1102 3100 1159 est,
3128 1096 3232 1159 ille,
3253 1098 3339 1165 qui
3370 1115 3463 1167 per

1888 1185 1948 1225 os
1986 1174 2365 1242 prophetarum
2395 1178 2643 1247 loquutus
2667 1189 2747 1233 est
2776 1220 2790 1245 ,
2824 1190 2878 1235 et
2904 1182 3130 1249 Spiritus
3160 1197 3375 1241 sanctus
3409 1190 3459 1241 in

1890 1262 2160 1331 prophetis
2187 1264 2434 1334 loquutus
2464 1276 2575 1332 est,
2628 1278 2683 1321 ut
2708 1271 2781 1322 ait
2811 1271 2967 1324 David
3014 1273 3063 1325 in
3098 1274 3233 1329 libro
3262 1276 3463 1348 Regno-

1890 1366 2009 1405 rum
2051 1367 2065 1405 :
2101 1352 2324 1421 Spiritus
2354 1357 2482 1409 enim
2509 1357 2756 1412 Dominus
2787 1363 3020 1427 loquutus
3050 1373 3119 1416 est
3164 1365 3215 1417 in
3262 1382 3335 1420 me
3364 1368 3460 1435 (2.

1891 1442 2019 1510 Reg.
2066 1443 2154 1497 23.
2185 1445 2219 1498 2
2245 1445 2262 1512 )
2289 1462 2303 1506 ;
2335 1461 2460 1515 ergo
2491 1458 2544 1501 et
2588 1449 2725 1503 Deus
2755 1462 2807 1504 et
2835 1452 3092 1508 Dominus
3124 1466 3205 1510 est
3232 1456 3460 1527 Spiritus

1888 1541 2100 1586 sanctus
2128 1534 2215 1602 qui
2246 1550 2340 1604 per
2370 1538 2657 1605 prophetas
2688 1540 2936 1608 loquutus
2966 1552 3065 1596 est.
3117 1544 3312 1599 Verum
3341 1549 3454 1603 ela-

1889 1637 2001 1675 ram
2025 1622 2183 1692 hujus
2215 1625 2291 1680 rei
2319 1626 2827 1683 demonstrationem
2854 1634 3055 1700 accipe.
3093 1636 3307 1691 Divinas
3335 1654 3455 1707 apo-

1887 1714 2052 1768 stolus
2071 1730 2165 1783 per
2181 1716 2538 1784 proplicticam
2560 1734 2742 1773 vocem
2758 1722 2939 1776 volens
2956 1724 3204 1791 Spiritum
3224 1740 3461 1784 sanctum

1886 1804 2168 1859 ostendere
2197 1845 2210 1868 ,
2259 1806 2309 1860 in
2355 1808 2578 1875 epistola
2603 1810 2666 1863 ad
2689 1809 2992 1866 Corinthios
3015 1814 3087 1866 ait
3115 1831 3129 1868 :
3157 1834 3175 1866 ι
3205 1816 3256 1869 Si
3279 1829 3457 1872 autem

1886 1910 2074 1950 omnes
2100 1897 2421 1967 prophetent
2451 1942 2465 1965 ,
2516 1903 2676 1956 intret
2704 1912 2879 1957 autem
2912 1907 3029 1972 quis
3067 1908 3295 1963 inﬁdelis
3326 1950 3341 1975 ,
3381 1911 3461 1966 vel

1886 1986 2043 2039 idiota
2067 2029 2080 2052 ,
2120 1991 2452 2043 convincitur
2480 1992 2546 2043 ab
2571 1993 2813 2046 omnibus
2845 2033 2859 2058 ,
2906 1994 3224 2061 dijmlicatur
3249 2001 3314 2054 ab
3345 2016 3456 2054 om-

1886 2078 2041 2131 nibus
2070 2094 2083 2143 ;
2113 2082 2317 2133 occulta
2346 2082 2523 2135 cordis
2552 2083 2666 2151 ejus
2699 2086 2971 2139 manifesta
3010 2088 3141 2141 ﬁunt
3165 2107 3177 2143 :
3203 2100 3256 2144 et
3282 2092 3348 2145 ita
3372 2108 3458 2145 ca-

1884 2168 2017 2223 dens
2050 2170 2101 2222 in
2142 2169 2332 2225 facii-m
2377 2173 2665 2239 adorabit,
2722 2178 3070 2242 pronuntians
3098 2222 3111 2243 ,
3152 2182 3290 2249 quod
3333 2199 3458 2238 vere

1891 2259 2027 2313 Deus
2056 2261 2106 2313 in
2133 2261 2281 2315 vobis
2313 2263 2379 2316 sit
2415 2282 2433 2314 ι
2473 2267 2547 2333 (l.
2582 2264 2697 2318 Cor.
2735 2267 2817 2321 M.
2849 2267 2938 2320 24.
2962 2269 3074 2336 25).
3109 2270 3267 2325 Vides
3300 2274 3460 2341 pieta-

1886 2351 1950 2403 tis
1974 2351 2246 2407 doctorem
2275 2355 2416 2408 clare
2446 2356 2698 2422 indicare,
2731 2356 2980 2427 Spiritum
3014 2362 3064 2414 in
3090 2364 3453 2431 prophetanti-

1883 2439 1981 2493 bus
2002 2440 2299 2508 loquentem
2333 2444 2494 2497 Deum
2528 2460 2643 2499 esse
2673 2447 2694 2498 ?

1956 2530 2039 2583 10.
2084 2531 2188 2584 Cur
2209 2548 2336 2601 ergo
2370 2576 2383 2599 ,
2419 2534 2667 2591 haeretice
2696 2580 2708 2601 ,
2743 2539 3116 2594 scandalizaris
3146 2544 3284 2597 circa
3319 2546 3455 2613 piam

1881 2617 2039 2672 ﬁdem
2071 2620 2093 2672 ?
2120 2636 2213 2673 cur
2239 2623 2578 2679 calumniaris
2623 2627 2847 2695 Spiritus
2887 2633 3055 2683 sancti
3100 2632 3407 2701 dignitatem
3434 2637 3456 2688 ?

1880 2726 1975 2765 cur
2004 2712 2126 2765 ﬁdei
2158 2714 2541 2771 coofessionem
2571 2720 2993 2787 transgrederis?
3020 2724 3161 2789 Lege
3192 2735 3338 2791 pacta
3369 2737 3452 2780 tua

1882 2801 1934 2854 in
1962 2804 2228 2872 mysteriis
2256 2807 2444 2859 emissa
2467 2847 2481 2871 ,
2513 2810 2775 2876 quomodo
2801 2810 2998 2865 dixeris
3027 2854 3042 2877 ,
3078 2812 3237 2866 Credo
3264 2817 3315 2868 in
3347 2816 3449 2869 Pa-

1882 2901 2006 2944 trem
2034 2904 2079 2945 et
2110 2892 2301 2946 Filium
2332 2906 2377 2947 et
2404 2896 2652 2963 Spiritum
2670 2910 2913 2951 sanctum.
2953 2905 3028 2953 An
3053 2905 3188 2970 quod
3223 2905 3419 2959 credidi
3442 2938 3453 2949 -

1879 2983 1945 3035 sti
1978 3022 1993 3046 ,
2036 2982 2317 3036 eliminasti
2349 2985 2371 3037 ?
2410 2986 2548 3053 quod
2594 2988 2866 3041 confessus
2906 3006 2982 3054 es,
3018 2996 3288 3048 avertisti?
3314 2998 3452 3066 quod

1881 3075 2051 3141 palam
2082 3074 2358 3129 declarasti
2396 3119 2408 3140 ,
2443 3078 2541 3132 hoc
2566 3080 2724 3149 impie
2763 3081 3086 3137 labefactasti
3118 3086 3139 3138 ?
3187 3087 3451 3144 bellumne

1879 3177 1999 3217 cum
2030 3180 2156 3233 pace
2182 3167 2322 3233 geris
2353 3167 2375 3219 ?
2412 3167 2752 3237 abnegastine
2804 3173 3003 3225 ﬁdem?
3041 3184 3093 3227 et
3135 3179 3453 3243 qna-sticues

1878 3270 2060 3309 moves
2086 3255 2108 3308 Ῥ
2132 3256 2401 3320 Credenti,
2430 3259 2696 3314 conﬁtenti
2729 3262 2817 3314 tibi
2849 3263 3093 3316 traditum
3122 3275 3200 3319 est
3232 3267 3450 3332 donum,

1880 3353 1931 3397 et
1963 3354 2079 3412 post
2110 3346 2304 3400 donum
2343 3348 2473 3402 lides
2502 3350 2823 3413 eliminatur,
2853 3362 2905 3405 et
2935 3353 3197 3408 inducitur
3222 3357 3450 3426 disputa-

1880 3435 1995 3488 tio?
2033 3435 2110 3490 Ne
2156 3439 2477 3492 contumelia
2530 3439 2732 3495 afﬁcias
2772 3442 3079 3511 dignitatem
3130 3448 3348 3513 gratia}:
3385 3466 3450 3503 ne

1877 3526 2042 3580 violes
2072 3536 2221 3597 pacta
2246 3531 2532 3585 tremendas
2553 3531 2693 3585 illius
2721 3542 2773 3585 et
2801 3533 3077 3589 horrendae
3097 3538 3402 3595 initiationis
3432 3583 3447 3606 ,

1877 3632 1996 3671 cum
2020 3618 2293 3674 confessus
2323 3635 2383 3675 es
2416 3632 2464 3675 te
2493 3622 2729 3689 credere,
2764 3625 2814 3678 in
2844 3626 3055 3680 nomine
3086 3628 3254 3681 Patris
3275 3642 3325 3682 et
3357 3632 3448 3685 Fi-

1876 3708 1929 3761 lii
1958 3720 2009 3761 et
2038 3709 2263 3776 Spiritus
2278 3712 2465 3773 sancti,
2499 3712 2790 3781 baptizatus
2812 3732 2867 3769 es
2890 3718 3134 3771 similiter
3159 3719 3211 3772 in
3239 3720 3446 3774 Patrem

1877 3807 1927 3850 ct
1954 3798 2144 3851 Filium
2178 3809 2231 3852 et
2270 3800 2520 3868 Spiritum
2549 3814 2785 3856 sanctum
2822 3822 2836 3867 ;
2880 3807 3177 3861 benedictio
3207 3811 3448 3865 similiter

1876 3889 1927 3942 in
1964 3892 2177 3944 nomine
2207 3890 2377 3946 Patris
2420 3904 2473 3947 et
2518 3894 2635 3948 Filii
2680 3904 2734 3950 et
2779 3896 3007 3965 Spiritus
3051 3902 3239 3953 sancti.
3286 3902 3449 3958 Nobis

1876 3979 2012 4033 dona
2040 3982 2220 4050 gratia:
2252 4023 2265 4046 ,
2295 3997 2322 4034 a
2356 3984 2504 4037 vobis
2534 3984 2856 4053 blasphemia
2906 3989 2954 4039 in
2987 3991 3205 4057 gratiam
3232 3992 3254 4043 ?
3283 3993 3447 4047 Nobis

1875 4067 2090 4123 libertas
2132 4085 2159 4123 a
2192 4070 2390 4139 Spiritu
2433 4082 2657 4137 sancto;
2705 4090 2733 4126 a
2771 4076 2920 4129 vobis
2963 4080 3191 4133 servitus
3232 4082 3448 4149 Spiritui

1874 4168 2057 4212 sancto
2076 4160 2390 4215 adscribitur
2415 4162 2500 4217 ΥΟ
2518 4164 2788 4218 stultitiam
2813 4166 2825 4219 !
2850 4182 2880 4220 ο
2903 4168 3161 4237 ingratum
3190 4173 3445 4229 aninmqu

1874 4249 1976 4303 Aut
2019 4266 2212 4303 novam
2254 4266 2383 4321 nega
2415 4255 2637 4321 gratiam
2673 4296 2688 4319 ,
2718 4265 2809 4310 aut
2851 4257 3010 4313 Vetus
3046 4260 3446 4319 Testamentum

1874 4356 2153 4406 reverere,
2182 4344 2265 4397 vel
2315 4346 2507 4415 ubique
2553 4356 2724 4403 statue
2770 4349 3041 4406 Trinitatis
3089 4355 3444 4421 mqualitatem

1875 4433 2127 4498 honoris,
2158 4449 2314 4501 quam
2346 4451 2483 4504 smpe
2506 4438 2654 4492 vobis
2676 4454 2737 4491 ex
2769 4441 2948 4492 multis
2978 4441 3265 4509 Scriptura:
3291 4447 3441 4497 testi-

1873 4528 2066 4579 moniis
2119 4528 2452 4594 probavimus
2488 4547 2499 4581 :
2530 4530 2717 4597 quibus
2745 4530 2901 4583 aliam
2933 4531 3439 4591 demonstrationem

1873 4618 2161 4685 adjungere
2200 4620 2385 4685 placet.
2411 4616 2573 4682 Nova,
2608 4631 2664 4672 ut
2694 4636 2833 4687 smpe
2862 4621 2989 4685 dixi,
3021 4638 3163 4691 smpe
3188 4626 3237 4677 in
3265 4626 3441 4683 Veteri

1873 4709 2213 4763 Testamento
2242 4711 2588 4777 prmnuntiata
2618 4722 2763 4763 sunt.
2793 4713 2927 4778 Quid
2962 4714 3119 4781 igitur
3146 4715 3168 4768 ?
3217 4717 3442 4786 lmpi-rat

1873 4800 2013 4853 Deus
2042 4800 2204 4870 Moysi
2236 4802 2417 4855 dicens
2442 4817 2454 4854 :
2483 4801 2708 4869 Loquere
2738 4804 2906 4857 Aaron
2939 4817 2983 4858 et
3030 4808 3148 4873 ﬁliis
3176 4810 3282 4879 ejus
3304 4853 3316 4873 ,
3352 4812 3439 4865 Sic

1871 4891 2136 4945 benedicite
2160 4893 2294 4959 filios
2324 4891 2486 4946 Israel
2512 4892 2697 4963 (Num.
2729 4895 2780 4947 6.
2814 4895 2925 4964 25).
2958 4898 3186 4952 Adverte
3216 4899 3440 4971 diligen-

1872 4993 1970 5036 ter.
1994 4982 2069 5037 Ne
2091 4984 2206 5052 quis
2232 4984 2523 5053 simplicius
2550 4986 2817 5054 accipiens
2851 4998 3057 5054 putaret
3085 5006 3194 5045 rem
3224 5009 3444 5062 quomo-

1868 5074 2221 5130 dolibetbene
2246 5091 2304 5129 se
2332 5077 2525 5130 habere
2554 5118 2568 5140 ,
2619 5077 2811 5144 adjecit
2849 5077 2972 5131 illud
3000 5121 3014 5143 ,
3061 5080 3149 5134 Sic
3174 5121 3187 5146 ,
3223 5099 3289 5136 ne
3316 5086 3433 5152 quis

1868 5169 2075 5236 propria
2104 5168 2411 5221 auctoritate
2438 5166 2833 5221 benedictiones
2880 5169 3197 5230 institueret.
3228 5175 3320 5227 sed
3348 5190 3428 5227 se-

1866 5259 2094 5312 ciindum
2126 5257 2410 5326 Scriptura!
2440 5261 2674 5328 regulam
2706 5263 2883 5313 omnia
2916 5262 3087 5316 facere
3114 5264 3286 5331 jubet.
3322 5268 3428 5332 Sic,

1866 5351 2057 5419 inquit,
2091 5350 2376 5403 benedicite.
2414 5350 2521 5413 Sic,
2553 5352 2867 5419 quomodo?
2918 5352 3183 5407 Beuedicet
3211 5357 3299 5407 tibi
3326 5356 3430 5409 Do-

1865 5443 2050 5506 minus,
2076 5450 2120 5493 et
2148 5441 2388 5493 custodiet
2411 5450 2454 5491 tc
2476 5439 2633 5508 (Ibid.
2663 5456 2710 5493 v.
2743 5441 2860 5511 24).
2890 5444 3133 5506 Attende,
3168 5447 3431 5512 quomodo

1865 5531 2173 5585 Trinitatem
2206 5531 2397 5599 ubique
2426 5532 2647 5599 mystice
2672 5543 2950 5601 proponat,
2978 5550 3069 5601 per
3095 5549 3250 5601 quam
3280 5534 3435 5588 bene-

1862 5623 2117 5678 dictiones
2140 5622 2487 5692 triplicantur.
2522 5641 2539 5673 ‹
2576 5623 2857 5678 Benedicet
2883 5635 2931 5678 te
2963 5625 3233 5686 Dominus,
3267 5636 3319 5679 et
3340 5641 3431 5681 cu-

1864 5718 2060 5774 stodiet
2106 5726 2177 5775 te.
2216 5713 2472 5771 Ostendet
2516 5714 2770 5771 Dominus
2813 5716 3013 5770 vultum
3054 5730 3211 5786 super
3251 5727 3302 5771 te
3332 5759 3345 5783 ,
3379 5728 3431 5775 et
