3976 6218
549 390 664 450 515

543 497 824 555 benedieet
849 503 922 551 te.
941 493 1162 549 Attollet
1190 494 1442 549 Dominus
1467 493 1668 547 vultum
1690 507 1844 548 suum
1871 508 2031 563 super
2053 502 2124 559 te,

539 599 596 646 et
621 589 714 644 det
741 589 834 642 tibi
863 601 1047 656 pacem
1082 607 1101 640 ι
1136 585 1324 655 (Nunt.
1347 587 1402 643 6.
1428 585 1519 643 25.
1547 585 1618 640 26
1644 588 1680 654 ).
1718 585 1849 640 Vide
1881 596 2122 640 sanctam

542 679 860 734 Trinitatem
887 678 1090 732 diserte
1115 677 1457 732 celebratam.
1506 675 1572 729 Et
1599 691 1847 744 quaenam
1892 678 2064 746 gratia
2092 692 2122 730 a

535 770 739 839 Spiritu
767 776 954 822 sancto
982 782 1087 822 non
1120 766 1475 835 proficiscitur
1498 765 1522 817 τ
1547 775 1600 820 et
1626 766 1767 835 quod
1795 767 1992 820 donum
2017 781 2123 820 non

540 861 609 916 ab
637 860 726 915 illo
745 859 903 915 datur
931 858 955 910 τ
983 858 1124 928 quod
1153 857 1349 912 bonum
1379 859 1496 912 sine
1521 859 1636 927 ipso
1662 859 1685 911 ‘l
1735 859 1878 928 quod
1905 859 2121 913 caeleste

539 952 739 1008 bonum
772 953 890 1007 sine
932 951 1165 1020 Spiritus
1196 951 1364 1004 sancti
1395 965 1555 1019 opera
1585 950 1888 1004 hominibus
1913 950 2126 1004 contin-

539 1059 664 1114 gere
695 1043 909 1114 possit?
934 1043 1258 1098 Scrutamini
1284 1042 1606 1111 Scripturas,
1628 1050 1682 1095 et
1710 1042 1907 1097 videte.
1941 1042 2124 1110 Itaque

539 1136 825 1205 Scriptura
849 1149 1001 1189 sacra
1031 1149 1154 1188 cum
1186 1135 1414 1187 voluerit
1441 1134 1714 1204 quidpiam
1740 1173 1756 1197 ,
1785 1134 1926 1202 quod
1960 1148 2121 1202 supra

539 1235 786 1280 naturam
815 1227 1008 1280 factum
1041 1226 1110 1278 sit
1135 1265 1151 1289 ,
1185 1225 1421 1279 indicare
1454 1235 1545 1279 aut
1565 1225 1868 1288 ostendere.
1891 1225 2122 1294 Spiritus

536 1317 840 1370 aucton'tati
867 1316 1044 1370 omnia
1075 1315 1350 1373 adscribit.
1381 1315 1538 1370 Verbi
1561 1317 1750 1385 gratia,
1782 1316 2118 1380 Samsonem,

538 1408 808 1476 egregium
835 1408 981 1460 illum
1010 1406 1323 1460 bellatorem
1345 1448 1360 1472 ,
1393 1421 1513 1460 cum
1551 1409 1760 1476 egregia
1791 1409 1877 1461 illa
1913 1423 1975 1462 ac
2004 1416 2120 1462 stu-

537 1499 709 1566 penda
754 1497 966 1553 fortiter
1016 1510 1162 1569 gesta
1217 1499 1491 1568 Scriptura
1539 1499 1826 1564 describit,
1889 1499 2120 1569 Spiritus

535 1590 708 1642 sancti
734 1588 897 1642 ductu
931 1589 983 1642 id
1024 1589 1216 1644 fecisse
1245 1589 1542 1659 przemittit.
1575 1588 1892 1656 Venerunt,
1927 1593 2116 1662 inquit,

532 1679 864 1748 Alienigena:
890 1679 1040 1733 multi
1081 1688 1136 1734 et
1181 1681 1444 1734 innumeri
1475 1682 1527 1733 in
1555 1680 1870 1736 Samsonem
1906 1699 1921 1747 ;
1953 1683 2120 1738 solus-

535 1785 642 1840 que
672 1771 759 1823 ille
785 1780 902 1824 erat
931 1812 949 1837 ,
993 1785 1166 1841 neque
1196 1771 1248 1824 id
1280 1780 1482 1825 tantum
1505 1813 1520 1838 ,
1559 1772 1653 1826 sed
1701 1775 1861 1828 etiam
1905 1774 2114 1843 ligatus.

534 1864 665 1932 Quae
695 1865 853 1933 igitur
871 1878 995 1933 spes
1017 1864 1280 1919 libertatis
1297 1865 1514 1919 vincto?
1535 1881 1652 1934 quze
1674 1866 1859 1920 salutis
1883 1867 2119 1935 captivo?

535 1955 807 2026 quomodo
833 1971 968 2010 unus
994 1957 1173 2010 multis
1199 1956 1444 2026 superior
1463 1957 1566 2010 erit
1595 1957 1617 2009 τ
1642 1955 1875 2026 Spiritus
1905 1957 2117 2015 Domini

536 2045 813 2100 descendit
852 2045 906 2099 in
939 2045 1250 2101 Samsonem
1294 2087 1311 2113 ,
1342 2055 1398 2100 et
1441 2047 1594 2100 irruit
1634 2047 1686 2100 in
1733 2049 2111 2118 Alienigenas,

536 2146 856 2206 repertaque
891 2137 1029 2190 asini
1064 2137 1276 2190 maxilla
1298 2177 1314 2202 ,
1348 2137 1492 2191 mille
1533 2140 1678 2191 vlros
1719 2138 2009 2196 interfecit.
2039 2141 2117 2194 Ac

537 2227 661 2283 vide
678 2228 871 2283 divina:
898 2230 1189 2297 Scriptum
1209 2229 1546 2298 sapientiam.
1567 2229 1696 2283 Cum
1721 2231 2011 2300 inexpertis
2039 2233 2118 2286 in-

534 2320 790 2375 credibile
819 2319 1109 2387 videretur,
1140 2321 1372 2376 vinctum
1395 2321 1605 2375 solutos
1623 2321 1836 2387 vicisse,
1859 2331 1915 2377 et
1941 2323 2115 2378 solum

535 2410 734 2465 mltos
761 2425 1066 2480 superasse,
1099 2411 1220 2466 ideo
1251 2412 1491 2479 apposite
1519 2413 1773 2481 pra-misit
1804 2432 1819 2468 :
1852 2413 1916 2466 Et
1942 2414 2115 2484 Spiri-

535 2512 616 2554 tus
653 2499 863 2554 Domini
891 2501 1089 2555 advenit
1128 2502 1180 2554 in
1228 2500 1526 2555 Samsonem
1569 2512 1616 2555 et
1657 2514 1860 2573 accepta
1905 2505 2115 2560 maxilla

533 2593 669 2646 asini
703 2634 716 2655 ,
742 2593 879 2646 mille
899 2594 1030 2646 viros
1050 2593 1231 2646 occidit
1261 2591 1469 2661 (Judic.
1502 2594 1588 2648 15.
1624 2596 1710 2649 ili.
1739 2595 1873 2666 i5):
1906 2607 1963 2648 ut
1991 2611 2114 2652 cum

533 2684 826 2740 secundum
858 2684 1142 2738 humanam
1161 2693 1402 2738 naturam
1428 2684 1478 2737 id
1501 2685 1808 2740 incredibile
1826 2687 2113 2750 videretur,

532 2790 630 2844 per
679 2775 908 2842 Spiritus
960 2772 1250 2843 potentiam
1311 2773 1637 2828 crederetur.
1713 2773 1893 2843 Itaque
1948 2777 2112 2844 probe

531 2865 741 2935 Moyses
765 2864 898 2918 dixit
921 2881 934 2918 :
967 2864 1228 2930 Quomodo
1250 2874 1570 2932 persequetur
1596 2881 1725 2919 unus
1753 2867 1909 2931 mille,
1937 2877 1983 2920 et
2010 2867 2113 2920 duo

534 2955 779 3024 frigebunt
800 2955 966 3008 decem
994 2953 1174 3018 millia,
1205 2955 1303 3008 nisi
1326 2956 1445 3024 quia
1469 2955 1720 3008 Dominus
1740 2957 1952 3009 tradidit
1983 2973 2065 3010 eos
2095 3000 2110 3024 ,

529 3055 580 3100 et
605 3045 744 3100 Deus
763 3047 982 3098 vendidit
1006 3046 1120 3099 illos
1150 3043 1326 3114 (Deut.
1355 3045 1445 3100 32.
1470 3046 1562 3114 30)
1592 3048 1614 3100 ἲ
1645 3047 1785 3116 Lege
1813 3047 2112 3118 Scripturas

531 3144 587 3189 et
607 3136 658 3189 in
683 3135 903 3204 singulis
925 3135 1249 3188 facinoribus
1274 3135 1505 3205 Spiritus
1531 3139 1699 3192 sancti
1730 3138 1976 3193 virtutem
2011 3155 2111 3192 an.

531 3227 814 3294 tepositam
851 3225 1258 3280 animadvertes.
1317 3226 1591 3282 Venerunt
1645 3229 1970 3300 Alienigena:
1999 3271 2013 3294 ,
2058 3239 2115 3284 et

533 3315 763 3385 Spiritus
795 3315 1000 3369 Domini
1031 3315 1242 3370 advenit
1265 3317 1315 3370 in
1343 3316 1657 3374 Samsonem
1680 3317 1876 3391 (Judic.
1912 3322 1999 3375 M.
2030 3322 2109 3390 6).

534 3407 718 3461 lnsiliit
764 3407 848 3460 leo
886 3415 941 3460 et
971 3406 1257 3476 discerpsit
1299 3407 1506 3464 leonem
1540 3419 1596 3462 ut
1625 3409 1858 3465 hazdum.
1894 3411 2112 3466 Vinctus

527 3506 611 3551 est
635 3497 819 3551 ferreis
847 3497 1072 3561 catenis,
1100 3506 1154 3550 et
1183 3513 1317 3551 uxor
1339 3499 1456 3567 ejus
1485 3499 1550 3553 ad
1581 3515 1702 3554 eum
1731 3541 1747 3566 ,
1807 3502 2114 3572 Alienigena

527 3590 586 3640 in
616 3587 932 3640 Samsonem.
960 3587 1065 3640 Sed
1102 3588 1289 3641 iterum
1321 3589 1592 3656 Scriptura
1627 3607 1638 3642 :
1667 3590 1736 3643 Et
1766 3592 1988 3661 Spiritus
2017 3591 2116 3646 Do-

538 3678 664 3731 mini
690 3679 821 3730 venit
863 3677 915 3729 in
947 3677 1248 3731 Samsonem
1274 3716 1288 3740 ,
1322 3689 1365 3729 et
1403 3679 1566 3731 soluta
1596 3690 1709 3732 sunt
1735 3681 1956 3746 vincula,
1986 3691 2042 3734 ut
2071 3683 2115 3735 si

530 3779 716 3838 stuppa
758 3770 935 3823 sentiat
962 3771 1128 3839 ignem
1154 3767 1315 3839 (Iud.
1351 3769 1437 3824 16.
1469 3770 1562 3840 9).
1592 3771 1806 3825 Nullum
1831 3772 1946 3840 ejus
1973 3787 2110 3842 pra:-

528 3861 732 3913 elarum
760 3857 964 3911 facinus
987 3858 1206 3924 inducit,
1241 3875 1344 3912 non
1379 3862 1650 3928 praemissa
1679 3862 1905 3931 Spiritus
1935 3862 2113 3916 eflica-

532 3949 634 4002 cia.
669 3948 867 4002 Deinde
893 3964 1012 4000 cum
1043 3949 1188 4002 omni
1219 3951 1414 4004 virtute
1443 3951 1668 4004 nudatus
1697 3961 1870 4018 esset,
1898 3953 2113 4008 attende

531 4042 734 4102 animo,
751 4040 874 4109 quid
907 4040 1045 4093 dicat
1073 4039 1366 4109 Scriptura,
1389 4059 1506 4112 quzc
1535 4043 1728 4112 ubique
1744 4045 1968 4110 dixerat,
1992 4060 2111 4097 cum

529 4131 744 4201 aliquod
782 4131 983 4184 facinus
1011 4132 1421 4201 aggrederetur,
1469 4143 1522 4188 et
1551 4135 1829 4198 vinceret,
1887 4134 2113 4202 Spiritus

525 4233 730 4275 sanctus
756 4224 884 4274 venit
909 4223 962 4273 in
992 4222 1313 4276 Samsonem.
1346 4224 1632 4294 Postquam
1665 4235 1824 4293 caput
1862 4225 1982 4292 ejus
2011 4224 2108 4278 de-

537 4326 746 4367 lonsum
775 4324 876 4374 est,
909 4315 1116 4380 prodito
1141 4317 1324 4384 gratias
1355 4319 1575 4385 pignore
1595 4359 1608 4380 ,
1638 4319 1815 4370 statim
1849 4317 2062 4385 scripsit
2093 4353 2110 4382 ,

535 4403 605 4457 Et
637 4403 883 4457 Dominus
932 4405 1155 4458 discessit
1191 4423 1221 4457 a
1259 4406 1505 4460 Samsone
1535 4407 1681 4476 (Iud.
1716 4409 1801 4463 l6.
1830 4408 1946 4478 20).
1977 4407 2108 4461 Cum

531 4495 859 4568 Alienigena:
914 4506 1208 4563 venerunt,
1240 4497 1463 4568 Spiritus
1508 4499 1713 4553 Domini
1764 4498 2016 4553 descendit
2061 4501 2112 4551 in

1975 368 2348 428 SEVERIANI

3710 398 3822 453 516

2234 495 2401 563 ipsum
2425 511 2444 549 ς
2466 508 2584 549 cum
2609 504 2783 552 autem
2812 499 3048 564 recessit,
3081 498 3174 564 ait,
3207 497 3273 554 Et
3309 497 3558 555 Dominus
3583 497 3812 550 discessit

2231 583 2428 638 abillo.
2471 584 2538 639 Et
2575 585 2695 654 jure
2732 589 2946 658 quidem
2977 608 2990 643 ε
3019 605 3140 644 nam
3176 588 3424 644 Dominus
3473 589 3701 658 Spiritus
3742 594 3812 640 est

2232 672 2252 744 (
2281 673 2334 726 2.
2364 673 2482 727 Cor.
2502 677 2556 730 3.
2588 677 2654 730 l7
2680 677 2720 746 ).
2753 679 2861 734 Nec
2887 679 3058 733 solum
3100 680 3155 733 in
3182 678 3360 734 Veteri
3391 675 3810 733 Testamentoid

2229 767 2654 832 animadvertes,
2703 770 2795 825 sed
2844 771 3001 824 etiam
3031 770 3082 824 in
3113 771 3384 840 apostolis.
3416 767 3642 836 Quando
3693 782 3809 820 ma-

2229 871 2385 925 gnam
2408 858 2690 927 quamdam
2705 865 2758 912 et
2769 855 3166 927 praecellentem
3178 859 3430 917 virtutem
3445 861 3643 917 divina:
3659 861 3809 915 Lite-

2229 963 2301 1000 τω
2324 949 2628 1016 praedicant,
2659 951 2847 1018 ubique
2873 951 3101 1020 Spiritus
3116 955 3480 1008 auctoritatem
3507 953 3806 1023 praemittit.

2229 1039 2434 1094 lnducit
2461 1057 2647 1095 rursus
2685 1043 2901 1096 Paulum
2929 1045 2980 1098 in
3013 1045 3190 1116 Cypro
3235 1047 3622 1101 exsecrandum
3657 1045 3807 1098 illum

2227 1129 2470 1201 Elymani
2517 1147 2728 1202 magum
2759 1136 2923 1189 verbo
2951 1138 3258 1205 punientem
3289 1178 3302 1203 ,
3331 1138 3471 1206 quod
3499 1145 3686 1190 contra
3719 1150 3807 1188 ve.

2226 1221 2436 1275 ritatem
2463 1232 2752 1292 pugnaret;
2783 1235 2837 1278 et
2859 1226 2978 1294 quia
3007 1241 3118 1280 rem
3149 1229 3460 1295 stupendam
3491 1237 3806 1279 narraturus

2225 1319 2363 1376 erat,
2393 1313 2578 1365 oculos
2606 1328 2794 1383 nempe
2819 1315 2981 1368 verbo
3009 1317 3315 1380 exstinctos,
3335 1318 3440 1370 ait:
3470 1317 3599 1370 Ecce
3625 1331 3806 1367 πωπω

2227 1399 2430 1453 Domini
2455 1403 2508 1454 in
2534 1412 2599 1467 te,
2625 1412 2670 1456 et
2695 1406 2792 1458 eris
2817 1420 2996 1467 cacus,
3026 1422 3124 1459 non
3153 1407 3320 1459 videns
3347 1408 3505 1460 solem
3532 1406 3551 1476 (
3571 1408 3683 1459 Act.
3717 1405 3804 1458 15.

2226 1493 2285 1546 il
2319 1491 2360 1563 ).
2387 1493 2516 1548 Illud
2543 1505 2718 1552 autem
2741 1507 2793 1552 et
2819 1498 2965 1552 Pauli
2993 1510 3044 1554 et
3073 1501 3306 1554 omnium
3325 1501 3624 1554 mortalium
3651 1509 3804 1552 natu-

2223 1596 2338 1636 ram
2367 1586 2653 1654 superabat
2682 1628 2698 1650 ,
2731 1603 2924 1658 nempe
2963 1589 3147 1643 oculos
3183 1590 3482 1644 hominibus
3511 1590 3674 1644 verbo
3705 1604 3804 1643 ex-

2224 1675 2512 1745 stinguere.
2545 1678 2774 1733 Verbum
2797 1681 2941 1736 enim
2968 1683 3196 1737 hominis
3225 1699 3326 1738 non
3349 1693 3802 1748 mutatnaturam,

2225 1780 2324 1820 nec
2345 1766 2528 1822 oculos
2555 1781 2808 1825 excudit.
2857 1771 2935 1827 Ne
2970 1773 3087 1840 quis
3113 1788 3243 1843 ergo
3270 1773 3498 1827 humana
3529 1775 3689 1828 verba
3720 1788 3805 1827 re-

2222 1858 2478 1925 spiciens,
2503 1859 2568 1914 de
2594 1875 2650 1914 re
2671 1861 3068 1932 obstupesceret
3089 1905 3104 1931 ,
3134 1873 3190 1920 et
3207 1866 3624 1920 commentitium
3646 1865 3804 1934 quid-

2221 1950 2346 2004 dam
2371 1951 2472 2006 dici
2498 1962 2728 2022 putaret,
2761 1956 3032 2023 praemittit
3059 1957 3248 2011 iterum
3273 1957 3543 2026 Scriptura
3570 1956 3804 2023 Spiritus

2222 2042 2391 2095 sancti
2439 2045 2832 2099 auctoritatem.
2883 2044 3066 2111 Tune,
3113 2046 3301 2117 inquit,
3353 2047 3548 2101 Paulus
3594 2046 3801 2116 Spiritu

2219 2141 2394 2184 sancto
2420 2135 2639 2201 repletus
2659 2137 2729 2188 ait
2745 2137 2822 2190 illi
2852 2136 3011 2206 (Ibid.
3037 2155 3084 2192 υ.
3113 2138 3194 2208 9).
3225 2139 3397 2194 llabes
3417 2147 3472 2193 et
3499 2140 3655 2193 aliam
3688 2139 3796 2192 cir-

2218 2236 2281 2276 ca
2313 2225 2564 2292 Spiritum
2597 2236 2833 2280 sanctum
2861 2229 3363 2285 demonstrationem
3389 2231 3461 2284 :si
3493 2230 3611 2298 quis
3640 2228 3805 2284 homo

2221 2313 2368 2368 rudis
2408 2316 2597 2369 melius
2617 2357 2629 2379 ,
2662 2331 2818 2385 quam
2860 2317 3077 2373 facultas
3106 2318 3271 2382 ferat,
3301 2319 3544 2389 loquatur
3573 2331 3803 2372 :verum

2222 2402 2357 2458 hanc
2383 2420 2567 2460 rursus
2594 2409 2956 2474 operationem
2985 2408 3250 2480 Scriptura
3283 2409 3500 2479 Spiritui
3522 2409 3801 2463 adscribit.

2221 2492 2461 2562 Exempli
2485 2495 2650 2564 gratia
2685 2536 2699 2560 ,
2729 2497 2918 2553 Petrus
2947 2508 2999 2553 et
3019 2498 3250 2554 Joannes
3268 2500 3318 2553 in
3349 2499 3654 2554 Judaorum
3688 2500 3800 2553 fre-

2220 2586 2435 2651 quentia
2482 2587 2908 2642 concionantur:
2943 2587 3008 2641 Et
3052 2600 3168 2642 tunc
3199 2631 3214 2653 ,
3246 2591 3355 2654 ait,
3394 2589 3579 2642 Petrus
3622 2591 3804 2656 plenus

2222 2673 2420 2743 Spiritu
2449 2687 2624 2729 sancto
2649 2678 2776 2730 dixit
2802 2679 2869 2730 ad
2900 2680 3139 2749 populum
3156 2698 3173 2733 :
3194 2681 3272 2732 Αη
3284 2682 3478 2749 justum
3495 2691 3565 2732 est
3596 2681 3647 2731 in
3672 2695 3803 2732 cort-

2219 2776 2392 2833 spectu
2431 2764 2546 2831 Dei,
2575 2782 2660 2819 vos
2683 2769 2845 2834 potius
2865 2769 3058 2832 audire,
3089 2786 3238 2838 quam
3261 2767 3445 2834 Deum,
3475 2785 3557 2822 vos
3571 2769 3806 2838 judicate

2222 2854 2374 2926 (Act.
2400 2857 2452 2909 ι.
2483 2857 2536 2911 8.
2567 2865 2614 2910 et
2644 2857 2766 2928 i9).
2796 2858 2901 2912 Cur
2929 2875 3056 2929 ergo
3102 2859 3296 2914 dicitur
3324 2901 3339 2925 ,
3374 2857 3564 2912 Plenus
3600 2858 3805 2927 Spiritu

2219 2949 2438 3002 sancto?
2465 2947 2599 3014 Quia
2630 2949 2898 3004 indoctum
2920 2950 3207 3005 excedebat
3238 2951 3355 3004 [nec
3383 2950 3633 3020 loquendi
3659 2944 3796 3002 tiduo

2215 3040 2297 3092 cia
2324 3079 2338 3102 .
2372 3055 2438 3092 ne
2467 3040 2584 3108 quis
2616 3040 2933 3110 piscatorem
2954 3042 3243 3110 respiciens
3263 3082 3278 3106 ,
3302 3041 3529 3095 orationi
3574 3040 3647 3093 illi
3672 3054 3804 3092 san-

2219 3138 2317 3182 cta:
2338 3145 2457 3183 cum
2483 3131 2722 3184 libertate
2745 3131 2936 3184 habita:
2962 3131 3119 3185 fidem
3151 3147 3255 3184 nou
3287 3130 3522 3192 haberet,
3545 3129 3805 3199 prmmisit

2221 3219 2449 3288 Spiritus
2472 3221 2639 3273 sancti
2671 3221 2981 3290 sapientiam
3013 3263 3028 3285 ,
3059 3237 3125 3275 ne
3161 3221 3371 3275 mireris
3396 3218 3803 3274 abundantiam.

2219 3311 2374 3377 Quod
2403 3312 2446 3365 si
2477 3311 2685 3366 videtur
2709 3354 2724 3378 ,
2765 3313 2926 3366 alium
2964 3312 3364 3367 consideremus
3392 3353 3406 3376 ,
3441 3323 3498 3365 ut
3542 3311 3714 3378 magis
3743 3323 3805 3362 ac

2219 3402 2388 3471 magis
2431 3401 2568 3456 dicta
2613 3403 3013 3457 confirmentur.
3054 3402 3263 3456 Sanctis
3292 3403 3481 3456 cadum
3514 3401 3758 3469 aperitur
3789 3439 3804 3461 ,

2218 3494 2310 3548 sed
2359 3496 2474 3549 sine
2517 3495 2717 3564 Spiritu
2755 3504 2939 3549 sancto
2984 3512 3087 3549 non
3127 3496 3400 3564 aperitur;
3430 3508 3606 3561 neque
3664 3495 3804 3546 enim

2218 3584 2388 3638 oculis
2441 3587 2682 3652 corporis
2727 3585 2914 3638 caelum
2962 3595 3200 3653 apertum
3246 3583 3496 3645 videtur,
3534 3582 3631 3636 sed
3677 3581 3806 3649 Spi-

2219 3673 2353 3726 ritus
2388 3677 2554 3728 sancti
2586 3677 2915 3744 operatione.
2956 3675 3095 3730 Vidit
3120 3675 3423 3744 Stephanus
3465 3676 3630 3728 cazlos
3653 3689 3806 3742 aper-

2221 3773 2334 3829 tos;
2360 3781 2539 3820 verum
2567 3807 2580 3830 ,
2608 3776 2662 3819 ut
2694 3768 2765 3819 ait
2795 3766 3059 3835 Scriptura
3088 3809 3103 3830 ,
3132 3781 3252 3820 cum
3284 3776 3430 3821 esset
3458 3767 3654 3834 plenus
3682 3763 3804 3832 Spi-

2219 3857 2322 3910 ritu
2351 3866 2534 3912 sancto
2557 3857 2691 3930 (Act.
2724 3858 2777 3912 6.
2809 3855 2883 3929 5),
2917 3858 3063 3911 vidit.
3088 3857 3555 3926 anquamigitur,
3591 3855 3804 3916 fratres,

2217 3949 2405 4003 carlum
2436 3951 2559 4004 licet
2583 3959 2820 4018 apertum
2851 3949 3027 4003 videre
3050 3989 3064 4014 ,
3093 3949 3207 4003 sine
3235 3948 3436 4017 Spiritu
3461 3987 3478 4012 ,
3507 3962 3684 4014 neque
3709 3946 3806 3997 do-

2218 4044 2370 4097 cendi
2402 4045 2734 4098 autoritatem
2755 4058 2988 4108 sumere,
3019 4055 3117 4095 nec
3146 4040 3532 4094 miraculorum
3560 4039 3806 4090 virtutem

2219 4136 2473 4189 exhibere
2522 4135 2635 4188 sine
2657 4143 2840 4187 sancto
2857 4143 2909 4186 et
2927 4131 3196 4186 adorando
3213 4131 3438 4198 Spiritu.
3462 4127 3654 4182 Omnia
3678 4127 3806 4179 enim

2219 4235 2456 4294 operatur
2485 4242 2614 4279 unus
2641 4235 2686 4277 et
2714 4226 2845 4277 idem
2863 4223 3106 4294 Spiritus,
3130 4221 3359 4274 dividens
3385 4219 3602 4290 singulis
3627 4260 3641 4282 ,
3663 4226 3809 4287 prout

2219 4317 2324 4369 vult
2348 4318 2422 4386 (l.
2444 4318 2560 4372 Cor.
2591 4317 2679 4372 12.
2707 4316 2796 4388 ll)
2821 4333 2835 4369 :
2857 4316 2940 4372 cui
2958 4315 3125 4385 gloria
3169 4314 3220 4368 in
3244 4314 3442 4368 saecula
3466 4313 3803 4368 saeculorum.

2220 4408 2414 4463 Amen.
