3976 6218
173 347 280 403 515

174 458 342 527 τήσει
399 470 491 509 σε.
534 457 762 524 Ἐ’παρει
815 456 1029 524 Κύριος
1077 457 1142 509 τὸ
1193 457 1521 524 πρόσωπον
1566 455 1751 509 αὑτοῦ

173 539 267 593 ἐπὶ
295 537 389 597 σὲ,
413 538 509 590 καί
532 537 649 604 δῴη
679 555 773 591 σοι
798 539 1062 607 εἰρήνην.
1085 539 1224 606 Ὅρα
1245 539 1342 609 τὴν
1365 537 1525 605 ἁγίαν
1549 537 1752 607 Τριάδα

174 619 464 691 διαρρήδην
500 621 933 690 ἀνυμνουμένην.
967 621 1098 673 Ποία
1134 621 1291 691 χάρις
1318 621 1418 673 οὐκ
1448 621 1554 673 ἀπὸ
1587 618 1753 671 Πνεῦ-

178 720 342 772 ματος
390 702 581 770 ἀγίου;
634 706 783 756 ποῖον
835 705 1005 774 δῶρον
1053 706 1154 757 οὐκ
1203 704 1262 768 ἐξ
1304 705 1548 768 ἐκείνου,
1602 705 1753 755 ποῖον

173 787 372 854 ἀγαθὸν
416 787 543 840 ἀνευ
597 787 840 851 ἐκείνους
876 788 926 841 τί
974 788 1197 840 δύναται
1245 788 1340 840 καὶ
1386 785 1752 855 ὑπερκόσμιον

173 869 501 939 ἐπιφανῆναι
540 873 651 932 τοῖς
694 870 1000 940 ἀνθρώποις
1043 873 1169 926 ἄνευ
1213 871 1527 940 Πνεύματος
1558 870 1750 937 ἁγίου;

185 954 469 1024 Ἐρευνᾶτε
514 955 611 1017 τὰς
645 955 887 1025 Γραφάς,
918 956 1011 1008 καὶ
1045 957 1378 1026 σκοπήσατε,
1415 953 1510 1017 ὡς,
1555 954 1681 1006 ὅταν
1719 953 1752 1023 ή

172 1036 360 1105 Γραφὴ
412 1034 541 1108 θέλῃ
589 1037 822 1107 μηνῦσαί
858 1055 909 1090 τι
955 1038 988 1108 ἢ
1037 1038 1206 1104 δεῖξαι
1241 1037 1348 1090 τῶν
1405 1036 1544 1107 ὑπὲρ
1594 1034 1754 1104 φύσιν

171 1117 634 1188 ἀποτελουμένων,
683 1123 748 1190 τῇ
792 1120 885 1172 τοῦ
913 1121 1232 1192 Πνεῦματος
1271 1120 1525 1191 αὐθεντίᾳ
1557 1119 1617 1172 τὸ
1649 1120 1754 1172 πᾶν

169 1201 480 1272 ἐπιγράφει.
517 1199 660 1267 Οἷον,
696 1205 930 1276 Σαμψὼν
960 1207 1051 1258 τὸν
1083 1208 1329 1274 γενναῖον
1375 1206 1582 1257 ἐκεῖνον
1631 1205 1754 1274 ἀρι-

172 1285 320 1350 στέα,
357 1287 444 1339 ὅτε
474 1287 543 1338 τά
588 1289 798 1356 μεγάλα
839 1290 1018 1342 ἐκεῖνα
1055 1290 1148 1342 καὶ
1199 1288 1477 1359 παράδοξα
1522 1287 1620 1357 τῆς
1664 1288 1756 1340 ἀν-

167 1368 349 1437 δρείας
383 1369 716 1423 ἐνεδείκνυτο
759 1373 1210 1442 στρατηγήματα,
1247 1375 1278 1443 ἡ
1315 1371 1504 1443 Γραφὴ
1550 1388 1755 1424 παντα-

168 1455 262 1522 χοῦ
310 1455 646 1518 δεικνύουσα,
675 1456 736 1509 τὸ
770 1457 991 1527 Πνεῦμα
1021 1459 1079 1511 τὸ
1116 1459 1266 1526 ἅγιον
1291 1459 1400 1512 τῶν
1448 1475 1756 1529 στρατηγηο

171 1538 355 1604 μάτων
388 1539 736 1609 προέταττεν.
755 1535 979 1604 Ἦλθον,
1004 1559 1076 1612 φη
1088 1543 1188 1606 σὶν,
1217 1542 1528 1610 ’Λλλόφυλοι
1551 1541 1640 1592 ἐπὶ
1665 1541 1754 1593 τὸν

167 1623 404 1694 Σαμψὼν
459 1625 674 1692 πολλοὶ,
727 1628 820 1680 καὶ
882 1629 1283 1698 ἀναρίθμητοι·
1341 1629 1436 1680 καὶ
1488 1628 1650 1696 μόνος
1686 1622 1754 1696 ἦν

166 1707 396 1771 ἐκεῖνος·
427 1710 520 1762 καὶ
549 1713 609 1762 οὑ
639 1709 795 1763 τοῦτο
828 1712 1008 1781 μόνον,
1035 1712 1169 1765 ἀλλά
1199 1713 1290 1764 καί
1321 1712 1622 1782 δεδεμένος.
1650 1711 1746 1774 Τίς

164 1785 257 1843 οὖν
285 1791 439 1856 λύσις
473 1793 550 1862 τῷ
597 1794 892 1864 δεδεμένῳ;
939 1795 1023 1858 τίς
1073 1797 1316 1867 σωτηρία
1357 1795 1434 1866 τῷ
1477 1796 1749 1866 ἀπειλημ-

169 1873 343 1943 μένῳ;
397 1876 514 1938 πῶς
565 1872 645 1938 εἰς
701 1877 1038 1946 περιγίνεται
1084 1878 1190 1931 τῶν
1235 1878 1478 1942 πολλῶν;
1527 1879 1751 1948 Πνεῦμα

166 1955 367 2026 Κυρίου
412 1959 677 2027 κατῆλθεν
706 1961 797 2012 ἐπὶ
824 1960 1082 2032 Σαμψὼν,
1115 1963 1208 2015 καὶ
1241 1963 1479 2031 ἐφήλατο
1508 1964 1599 2015 ἐπὶ
1628 1963 1752 2024 τοὺς

178 2039 562 2108 Ἀλλοφύλους,
607 2046 697 2096 καὶ
740 2044 917 2114 εὑρὼν
959 2046 1082 2098 ὄνου
1121 2046 1366 2114 σιαγόνα,
1414 2046 1618 2115 χιλίους
1655 2046 1750 2099 ἀν-

163 2126 298 2194 δρας
331 2127 706 2198 διεχειρίσατο.
732 2130 841 2183 Καὶ
873 2131 975 2200 ὅρα
1007 2132 1104 2200 τῆς
1133 2131 1279 2194 θείας
1309 2131 1531 2201 Γραφῆς
1570 2130 1630 2182 τὸ
1664 2147 1752 2182 σο-

163 2210 286 2278 φόν.
327 2211 542 2282 Ἐπειδὴ
573 2215 684 2276 τοῖς
714 2214 960 2284 ἀπείροις
985 2215 1079 2267 τοῦ
1113 2215 1302 2286 ἀνδρὸς
1335 2216 1563 2268 ἄπιστον
1595 2211 1662 2286 ἦν
1693 2215 1752 2267 τὸ

165 2292 340 2362 ῥῆμα,
371 2294 450 2346 ὅτι
481 2295 508 2345 ό
545 2294 824 2364 δεδεμένος
852 2296 1102 2366 ἐνίκησεν
1132 2298 1256 2359 τοὺς
1283 2297 1627 2366 λελυμένους,
1658 2295 1752 2350 καὶ

163 2375 192 2425 ὁ
223 2374 383 2443 μόνος
418 2375 527 2427 τῶν
563 2376 771 2429 πολλῶν
819 2380 1187 2447 περιεγένετο,
1219 2381 1300 2433 διὸ
1335 2381 1599 2451 προέταξε
1653 2397 1751 2434 xa-

161 2455 302 2520 λῶς·
344 2458 452 2512 Καὶ
491 2460 733 2528 Πνεῦμα
768 2463 985 2530 Κυρίου
1035 2463 1302 2532 ἐπῆλθεν
1333 2465 1430 2517 ἐπὶ
1465 2464 1747 2533 Σαμψὼν,

161 2539 262 2592 καὶ
302 2542 478 2594 ἔλαϐε
517 2546 770 2613 σιαγόνα
799 2545 965 2610 ὄνου,
1003 2547 1101 2599 καὶ
1140 2547 1343 2600 ἀνεῖλε
1376 2550 1646 2616 χιλίους·
1682 2549 1748 2600 ἵν’

160 2622 292 2676 ὅταν
325 2625 598 2695 ἀπιστηθῇ
637 2626 725 2679 διὰ
759 2627 855 2698 τὴν
883 2629 1234 2700 ἀνθρωπίνην
1271 2631 1452 2697 φύσιν,
1484 2631 1746 2702 πιστευθῇ

158 2705 248 2758 διὰ
276 2705 374 2776 τὴν
407 2706 500 2759 τοῦ
535 2710 848 2780 Πνεῦματος
881 2711 1128 2782 δύναμιν.
1157 2713 1366 2765 Οὐκοῦν
1394 2713 1572 2777 καλῶς
1597 2713 1748 2781 ἔλεγε

160 2788 426 2857 Μωῦσῆς·
459 2788 590 2856 Πῶς
615 2791 880 2856 διώξεται
909 2789 995 2858 εἷς
1027 2796 1284 2862 χιλίους,
1316 2796 1411 2848 καὶ
1446 2795 1554 2848 δύο
1581 2812 1750 2863 μετα-

161 2870 491 2934 κινήσουσι
518 2874 830 2942 μυριάδας,
858 2878 909 2928 εὶ
935 2875 1021 2943 μὴ
1052 2875 1141 2929 ὅτι
1170 2878 1381 2944 Κύριος
1409 2877 1750 2944 παρέδωκεν

160 2954 409 3019 αὐτοὺς,
451 2956 550 3008 καὶ
583 2960 615 3010 ὀ
660 2959 803 3023 Θεὸς
856 2959 1113 3012 ἀπέδοτο
1160 2961 1415 3024 αὺτούς;
1453 2960 1748 3027 ’Λνάγνωθι

162 3035 262 3100 τάς
305 3037 554 3108 Γραφάς,
590 3042 683 3093 καὶ
731 3043 984 3113 εὑρήσεις
1031 3045 1115 3110 ἐφ’
1149 3044 1381 3096 ἑκάστου
1436 3046 1747 3114 στρατηγή-

163 3138 337 3189 ματος
371 3125 818 3194 προτεταγμένην
853 3126 946 3178 τοῦ
975 3126 1290 3196 Πνεῦματος
1319 3126 1417 3195 τὴν
1443 3126 1746 3182 αὑθεντίαν.

157 3199 367 3256 Ἦλθον
397 3207 443 3258 οἰ
481 3207 812 3274 Ἀλλόφυλοι,
843 3210 937 3260 καὶ
973 3209 1196 3278 Πνεῦμα
1237 3211 1441 3278 Κυρίου
1486 3211 1750 3280 κατῆλθεν

156 3289 256 3341 ἐπὶ
317 3289 575 3359 Σαμψών.
635 3291 839 3361 Ἐπήδα
895 3292 1061 3355 λέων,
1114 3293 1209 3345 καὶ
1271 3293 1596 3364 διεσπάραξε
1658 3295 1749 3348 τὸν

155 3369 354 3425 λέοντα
391 3373 465 3436 ὡς
507 3373 710 3444 ἔριφον.
767 3374 948 3444 Ἐδέθη
1000 3376 1241 3445 σιδηραῖς
1280 3375 1530 3436 ἁλύσεσι,
1578 3377 1671 3429 καὶ
1713 3379 1746 3448 ή

155 3456 304 3525 γυνὴ
354 3460 489 3528 πρὸς
525 3458 717 3510 αὐτόν·
752 3461 1103 3528 Ἀλλόερυλοι
1138 3460 1236 3513 ἐπὶ
1275 3461 1552 3528 Σαμψών.
1589 3461 1747 3513 Ἀλλά

156 3537 330 3590 πάλιν
371 3539 402 3606 ή
452 3540 490 3590 Γ
496 3541 676 3610 ραφή·
720 3543 826 3594 Καὶ
875 3543 1120 3611 Πνεῦμα
1168 3544 1386 3609 Κυρίου
1419 3539 1607 3612 ἦλθεν
1649 3544 1745 3597 ἐπὶ

157 3620 453 3687 Σαμψὼν,
484 3623 580 3674 καί
618 3623 861 3690 διελύθη
899 3626 972 3677 τὰ
1011 3625 1226 3694 δεσμὰ,
1256 3626 1336 3690 ὡς
1366 3625 1511 3679 ὅταν
1551 3641 1746 3679 στυπ-

154 3705 308 3755 πίον
341 3703 654 3772 ὀσφρανθῇ
696 3707 902 3774 πυρός.
945 3708 1190 3777 Οὑδαμοῦ
1223 3708 1480 3776 οὐδεμίαν
1526 3711 1743 3779 εἰσῆγεν

156 3782 320 3855 [5‘29]
367 3787 666 3855 ἀριστείαν,
705 3789 778 3858 μὴ
829 3789 1103 3858 προτάξας
1135 3789 1228 3841 τοῦ
1286 3791 1597 3859 Πνεύματος
1647 3793 1744 3861 τὴν

153 3869 463 3937 ἐνέργειαν.
494 3865 625 3923 Εἶτα
648 3871 769 3923 ἐπεὶ
793 3870 974 3924 λοιπὸν
1000 3873 1287 3942 ἐγυμνώθη
1318 3874 1415 3942 τῆς
1438 3873 1741 3944 δυνάμεως,

153 3951 400 4020 πρόσεχε
439 3953 714 4022 ἀκριϐῶς,
757 3955 811 4006 τί
857 3954 1238 4023 παραδέδωκεν
1274 3957 1306 4025 ή
1354 3955 1474 4008 θεία
1521 3956 1742 4026 Γραφὴ,

152 4034 440 4104 πανταχοῦ
488 4035 750 4102 λέγουσα,
785 4038 873 4090 ὅτε
919 4038 1266 4108 ἐστρατήγει,
1312 4041 1404 4092 καὶ
1449 4040 1630 4102 ἐνίκα,
1664 4041 1744 4091 ὅτι

151 4115 409 4184 Πνεῦμα
441 4119 661 4186 Κυρίου
701 4115 885 4186 ἦλθεν
911 4120 1010 4173 ἐπὶ
1038 4122 1319 4189 Σαμψών.
1351 4123 1480 4174 Ὅτε
1514 4121 1744 4193 ἐξυρᾶτο

149 4199 256 4270 τὴν
311 4200 569 4269 κεφαλήν,
611 4201 888 4271 προδιδοὺς
943 4204 1042 4274 τῆς
1097 4204 1316 4274 χάριτος
1365 4204 1426 4255 τὸ
1463 4204 1739 4274 ἐνέχυρον,

150 4282 361 4344 εὐθέως
393 4281 618 4352 ἔγραφε·
648 4283 758 4338 Καὶ
795 4286 1008 4352 Κύριος
1037 4287 1272 4353 ἀπέστη
1308 4287 1426 4340 ἀπὸ
1459 4289 1738 4354 Σαμψών.

151 4368 292 4421 Ὅτε
331 4366 380 4418 οἰ
413 4366 738 4436 Ἀλλόφυλοι,
771 4369 877 4422 Καὶ
911 4370 1157 4430 Πνεῦμα
1189 4371 1408 4426 Κυοίου
1442 4367 1743 4438 κατῆλθεν

491 5732 757 5792 ΡΑτιιοι.
791 5733 906 5792 Gn.
954 5731 1101 5791 LVI.

1403 340 1488 394 DE
1526 335 1890 395 SERPENTE
1934 339 2240 396 HOMILIA.

1856 456 1950 509 ἐπ’
1972 459 2158 510 αὐτόν
2177 473 2189 486 ·
2212 459 2298 510 ὅτε
2329 456 2609 527 ἀνεχώρει,
2637 458 2801 526 λέγει·
2837 461 2940 512 καί
2971 462 3183 528 Κύριος
3207 462 3442 534 ἀπέστη

1856 541 1958 593 ἀπ’
1979 541 2185 594 αὑτοῦ.
2219 541 2328 592 Καὶ
2367 541 2619 604 εἰκότως·
2652 544 2680 594 ό
2710 543 2818 613 γὰρ
2854 545 3066 612 Κύριος
3095 546 3161 599 τὸ
3203 548 3443 617 Πνεῦμά

1855 619 2042 677 ἐὸτιν.
2088 626 2160 678 Οὐ
2213 625 2370 694 μόνον
2402 625 2458 678 δὲ
2493 627 2550 676 ἐν
2582 628 2646 695 τῇ
2700 628 2908 697 Παλαιᾷ
2941 628 3142 700 ταύτην
3193 630 3442 702 εὑρήσεις

1856 708 1954 776 τὴν
1985 707 2235 778 θεωρίαν,
2262 707 2396 761 ἀλλὰ.
2427 711 2519 760 καὶ
2543 713 2599 760 ἐν
2629 712 2739 772 τοῖς
2770 711 3103 771 ἀποστόλοις.
3127 713 3293 765 Ὅταν
3322 717 3443 768 τινά

1861 790 2100 860 μεγάλην
2121 792 2214 843 καὶ
2243 790 2684 862 ὑπερϐάλλουσαν
2707 792 2934 862 δύναμιν
2962 795 3203 865 κηρύττῃ
3228 796 3296 848 τά
3323 797 3442 850 θεῖα

1856 871 2030 940 λόγια,
2066 875 2340 944 πανταχοῦ
2368 874 2460 927 τοῦ
2494 875 2808 944 Πνεύματος
2841 879 2938 945 τήν
2980 877 3268 932 αὐθεντίαν
3304 898 3442 951 προ-

1855 957 2059 1009 τάττει.
2103 958 2326 1026 Εἰσὰγει
2364 958 2454 1010 τὸν
2489 957 2698 1010 Παῦλον
2738 961 2795 1009 ἐν
2838 962 2902 1028 τῇ
2941 960 3149 1032 Κύπρῳ
3181 962 3325 1032 λόγῳ
3362 981 3442 1016 τι-

1859 1039 2212 1111 μωρούμενον
2252 1041 2343 1094 τὸν
2379 1043 2649 1112 ἐπάρατον
2682 1044 2885 1094 ἐκεῖνον
2923 1044 3161 1113 Ἐλύμαν
3196 1045 3284 1098 τὸν
3333 1047 3440 1115 μά-

1856 1141 1983 1191 γον,
2035 1124 2126 1177 τὸν
2173 1126 2314 1178 κατά
2364 1125 2462 1194 τῆς
2515 1125 2770 1195 ἀληθείας
2837 1128 3293 1196 στρατευόμενον,
3346 1129 3441 1181 καί⁵

1857 1207 2041 1277 ἐπειδὴ
2075 1207 2267 1278 ἔμελλε
2301 1211 2534 1278 πρᾶγμα
2565 1209 2869 1278 διηγεῖσθαι
2917 1208 3083 1273 ξένον,
3113 1211 3213 1281 ὅρα
3241 1211 3440 1278 ὀφθαλί

1861 1292 1994 1361 μοὺς
2027 1292 2170 1361 λόγῳ
2202 1290 2619 1361 σϐεννυμένους·
2659 1292 2814 1345 Ἰδοὺ
2842 1293 2968 1362 γάρ,
2999 1295 3148 1364 φησι,
3179 1295 3306 1363 χείρ
3332 1299 3441 1349 Κυ-

1849 1377 1988 1444 ρίου
2039 1376 2137 1428 ὲπί
2191 1375 2287 1437 σε,
2323 1377 2418 1428 καί
2459 1377 2572 1444 ἔσῃ
2625 1376 2871 1444 τυφλές,
2919 1376 3002 1445 μὴ
3048 1379 3298 1441 ,βλέπων
3335 1380 3440 1432 τὸν

1858 1459 2059 1526 ἣλιον.
2105 1458 2275 1511 Τοῦτο
2308 1459 2364 1512 δὲ
2412 1459 2742 1531 ὑπερέϐαινε
2779 1460 2876 1529 τὴν
2919 1460 3130 1512 Παύλου
3165 1462 3258 1514 καὶ
3307 1462 3440 1514 πάν·

1856 1557 1963 1593 των
1999 1540 2300 1611 ἀνθρώπων
2343 1541 2523 1608 φύσιν,
2577 1541 2716 1610 λέγω
2753 1541 2815 1611 δὴ
2847 1541 2906 1593 τὸ
2940 1544 3200 1610 ἀφανίσαι
3241 1543 3440 1612 ὀφθαλ-

1861 1624 1994 1692 μοὺς
2023 1623 2167 1693 λόγῳ
2195 1623 2503 1695 ἀνθρώπου,
2531 1624 2699 1691 Λόγος
2734 1620 2826 1677 οῦν
2857 1623 3143 1694 ἀνθρώπου
3178 1625 3237 1677 οὗ
3275 1643 3440 1695 μετα-

1856 1705 2040 1759 ϐάλλει
2084 1707 2264 1775 φύσιν,
2301 1706 2422 1761 οὔτε
2466 1707 2656 1776 τυφλοῖ
2682 1706 2777 1777 τὴν
2805 1707 2944 1775 ὄψιν.
2975 1708 3088 1760 Ἵνα
3117 1703 3209 1761 οῦν
3252 1709 3324 1778 μή
3357 1725 3438 1773 τις

1853 1789 2163 1859 ἀποϐλέψας
2195 1794 2271 1855 εἰς
2305 1792 2372 1844 τά
2417 1791 2731 1861 ἀνθρώπινα
2774 1791 3013 1862 ῥήματα,
3056 1791 3269 1860 ξενισθῇ
3312 1793 3438 1864 περὶ

1851 1874 1920 1926 τὰ
1972 1876 2292 1945 πράγματα,
2337 1875 2431 1928 καὶ
2480 1876 2706 1946 νομίσας
2753 1875 3170 1943 πεπλανημένον
3203 1870 3438 1929 εἶναιτὸ

1856 1958 2028 2030 ῥῆμα,
2063 1959 2350 2027 προτάττει
2387 1959 2548 2013 πάλιν
2580 1962 2612 2030 ἡ
2645 1960 2832 2031 Γραφὴ
2867 1959 2960 2012 τοῦ
2993 1958 3309 2028 Πνεῦματος
3339 1959 3437 2029 τὴν

1854 2041 2158 2094 αὑθεντίαν.
2199 2042 2334 2094 Τότε
2381 2041 2464 2111 δὴ.
2508 2043 2693 2112 φησὶν,
2741 2045 2772 2095 ὁ
2807 2042 3047 2106 Παῦλος
3094 2043 3439 2109 Πνεῦματος

1854 2123 2027 2191 ἁγίου
2063 2125 2359 2191 πλησθεὶς
2385 2121 2514 2179 εἶπε
2554 2125 2704 2193 πρὸς
2734 2126 2940 2180 αὐτόν.
2970 2126 3152 2194 Ἔχεις
3193 2124 3285 2178 καὶ
3322 2123 3438 2176 ἐτέ-

1857 2224 1957 2277 ραν
1986 2207 2260 2273 ἀπόδειξιν
2295 2207 2634 2278 Πνεῦματος·
2666 2209 2760 2262 ἐὰν
2794 2209 2932 2277 ὑπὲρ
2959 2207 3187 2278 δύναμιν
3225 2206 3437 2278 ἰδιώτης

1853 2294 2062 2368 λαλήσῃ
2087 2311 2099 2324 ·
2131 2295 2265 2348 ἀλλά
2293 2296 2452 2348 πάλιν
2479 2297 2512 2366 ή
2539 2296 2731 2367 Γραφὴ
2760 2295 2838 2365 τῷ
2869 2295 3145 2365 Πνεῦματι
3174 2294 3271 2364 τὴν
3296 2293 3437 2364 ἐνέρ·

1853 2397 2006 2448 γειαν
2038 2380 2350 2448 ἐπιγράφει.
2396 2373 2538 2444 Οἷον,
2569 2380 2872 2449 δημηγορεῖ
2900 2378 3100 2447 Πέτρος
3131 2377 3221 2430 καὶ
3255 2378 3436 2430 Ἰωάν-

1854 2479 1950 2532 νης
1989 2464 2046 2514 ἐν
2079 2461 2157 2532 τῷ
2201 2462 2393 2532 πλήθει
2429 2461 2534 2513 τῶν
2569 2460 2866 2514 Ἰουδαίων·
2904 2461 3013 2513 Καὶ
3055 2460 3207 2515 τότε.
3248 2458 3434 2528 φησὶν,

1854 2549 1888 2600 ό
1926 2545 2147 2612 Πέτρος
2183 2544 2478 2611 πλησθεὶς
2521 2544 2863 2612 Πνεύματος
2907 2543 3078 2610 ἁγίου
3111 2539 3240 2595 εἶπε
3285 2542 3436 2609 πρὸς

1854 2628 1960 2680 τὸν
1992 2629 2181 2680 λαόν·
2225 2630 2294 2680 Εἰ
2333 2626 2570 2680 δίκαιόν
2606 2628 2776 2679 ἐστιν
2815 2626 3073 2680 ἐνώπιον
3113 2626 3218 2680 τοῦ
3263 2626 3431 2689 Θεοῦ,

1851 2708 2019 2778 ὑμῶν
2049 2709 2294 2763 ἀκούειν
2327 2708 2588 2777 μᾶλλον.
2617 2710 2654 2775 ἢ
2685 2708 2791 2762 τοῦ
2832 2709 3001 2770 Θεοῦ,
3039 2709 3294 2776 κρίνατε.
3337 2709 3435 2760 Διὰ

1851 2793 1903 2844 τί
1923 2788 2038 2853 οῦν,
2059 2791 2360 2857 Πλησθεὶς
2382 2792 2724 2859 Πνεύματος
2752 2793 2952 2859 ἁγιόυ;
2979 2791 3193 2861 Ἐπειδὴ
3221 2791 3436 2859 ἰδιώτην

1853 2874 2207 2939 ὑπερέϐαινεν
2251 2875 2284 2943 ή
2321 2873 2632 2944 παρρησία,
2664 2874 2748 2925 ἵνα
2789 2875 2861 2943 μή
2908 2891 2990 2936 τις
3022 2877 3100 2936 εἰς
3147 2875 3236 2926 τὸν
3281 2873 3433 2925 ἁλιέα

1853 2955 2199 3025 ἀποϐλέψας,
2251 2956 2526 3027 ἀπιστήσῃ
2576 2958 2642 3024 τῇ
2681 2955 2962 3025 παρρησίᾳ
3010 2955 3101 3006 τοῦ
3153 2955 3308 3020 λόγου
3339 2955 3431 3008 τοῦ

1853 3038 2028 3106 ἁγίου,
2067 3037 2332 3109 προέταξε
2362 3038 2455 3090 τοῦ
2506 3037 2660 3105 ἁγίου
2706 3037 3020 3106 Πνεύματος
3065 3038 3158 3107 τὴν
3218 3039 3428 3106 σοψίαν,

1852 3122 1938 3174 ἵνα
1981 3120 2055 3190 μὴ
2091 3121 2376 3192 θαυμάσῃς
2406 3121 2504 3188 τὴν
2529 3120 2811 3190 χορηγίαν.
2847 3121 3236 3191 Σκοπήσωμεν,
3272 3123 3319 3173 εἰ
3349 3121 3432 3174 δο-

1851 3207 1956 3268 κεῖ,
1983 3207 2077 3258 καὶ
2105 3205 2310 3275 ἕτερον,
2347 3206 2432 3258 ἵνα
2456 3206 2549 3258 ἐπὶ
2574 3204 2753 3256 πλεῖον
2775 3206 2807 3274 ή
2840 3203 3124 3272 βεόαίωσις
3151 3204 3431 3276 ἐπιλάμψῃ

1848 3295 1960 3355 τοῖς
1986 3293 2312 3362 εἰρημένοις.
2352 3292 2646 3358 ’Δνοίγεται
2667 3291 2892 3360 οὐρανὸς
2921 3291 3113 3357 ἁγίοις,
3143 3291 3276 3343 ἀλλά
3299 3291 3427 3344 ἀνευ

1850 3373 2162 3444 Πνεῦματος
2188 3375 2281 3427 τοῦ
2319 3375 2475 3442 ἁγίου
2507 3374 2605 3426 οὐκ
2639 3373 2944 3440 ἀνοίγεται·
2978 3373 3037 3424 οὐ
3082 3372 3188 3443 γάρ
3231 3373 3428 3436 ὀφθαλ-

1852 3460 1972 3528 μοῖς
2021 3458 2220 3528 σαρκὸς
2266 3459 2457 3526 ὁρᾶται
2507 3455 2730 3528 οὐρανὸς
2765 3455 3135 3525 ἀνοιγόμενος,
3181 3455 3298 3510 ἀλλ’
3324 3455 3427 3507 ὑπὸ

1847 3543 1946 3611 τῆς
1989 3542 2081 3595 τοῦ
2121 3542 2276 3609 ἁγίου
2322 3540 2636 3611 Πνεύματος
2667 3541 2964 3610 ἐνεργείας.
3012 3533 3130 3592 Εἷδε
3159 3539 3427 3608 Στέφανος

1846 3627 1971 3689 τοὺς
2003 3625 2265 3695 οὐρανοὺς
2296 3625 2694 3695 ἀνεῳγμένους,
2739 3623 2873 3687 ἀλλ’,
2908 3623 2984 3685 ὡς
3013 3623 3046 3694 ή
3082 3623 3270 3692 Γραφὴ
3317 3639 3423 3691 φη-

1849 3726 1952 3773 σιν,
1996 3710 2254 3778 ὑπάρχων
2292 3709 2505 3778 πλήρης
2540 3707 2854 3775 Πνεύματος
2895 3706 3076 3774 ἁγίου,
3117 3701 3274 3758 εἶδεν.
3317 3708 3424 3758 Οὐ-

1845 3791 2016 3860 δαμοῦ
2044 3791 2242 3851 τοίνυν,
2268 3792 2506 3860 ἀδελφοὶ.
2534 3791 2759 3860 οὐρανὸν
2788 3789 2933 3841 ἔστιν
2962 3790 3089 3842 ἰδεῖν
3110 3789 3237 3843 ἄνευ
3265 3789 3425 3841 Πνεῦ-

1850 3891 2017 3943 ματος
2063 3873 2428 3942 ἀνοιγόμενον,
2473 3871 2594 3925 οὔτε
2628 3871 2911 3924 αὐθεντίαν
2945 3871 3288 3934 διδασκαλίας
3338 3875 3424 3924 ἐν-

1845 3957 2131 4022 δύσασθαι,
2153 3958 2214 4009 οὐ
2247 3957 2474 4026 δύναμιν
2505 3955 2797 4023 θαυμάτων
2820 3952 3150 4017 ἐνδείξασθαι
3178 3955 3302 4008 ἄνευ
3330 3954 3421 4008 τοῦ

1849 4041 2005 4108 ἁγίου
2067 4040 2162 4092 καὶ
2224 4037 2601 4110 προσκυνητοῦ
2661 4038 2996 4106 Πνεῦματος.
3057 4036 3257 4091 Πάντα
3314 4037 3423 4106 γὰρ

1847 4123 2070 4193 ἐνεργεῖ
2107 4122 2176 4175 ἐν
2219 4123 2315 4174 καί
2371 4122 2438 4174 τὸ
2485 4120 2629 4174 αὐτὸ
2675 4120 2949 4189 Πνεῦμα,
2993 4119 3262 4188 διαιροῦν
3304 4121 3417 4186 ἰδίᾳ

1848 4209 2102 4274 ἑκάστῳ,
2137 4207 2328 4274 καθὼς
2350 4207 2636 4271 βούλεται
2657 4223 2671 4237 ·
2716 4197 2761 4274 ᾧ
2804 4205 2837 4275 ἡ
2869 4204 2992 4272 δόξα
3023 4206 3101 4270 εἰς
3129 4206 3252 4270 τοὺς
3287 4205 3411 4258 αἰῶ-

1849 4309 1946 4354 νας
1993 4291 2101 4345 τῶν
2128 4291 2359 4347 αἰώνων.
2400 4292 2590 4362 ’Δμήν.

3002 5715 3082 5775 32
