3976 6218
598 300 712 359 517
1831 320 1940 374 SPi
1966 313 2098 375 lilA.
2131 352 2198 361 ——-

2260 321 2572 378 ilONlTl‘M.
3707 333 3821 390 518

599 490 3811 542 mw

735 734 1116 796 'MONI'I‘UM
1161 737 1240 797 IN
1289 739 1733 800 EPISTOLAM
1781 741 2256 814 SEQUENTEM
2305 747 2416 806 AD
2465 748 2956 810 THEODORUM
3002 751 3658 822 MOPSUESTENUM,

1452 924 1643 1004 Cujus
1684 925 1943 1002 antiqua
1979 925 2182 984 versio
2217 926 2446 990 Latina
2485 928 2584 990 hic
2617 933 2966 1010 profertur.

650 1124 798 1197 [530]
829 1125 1002 1196 llujus
1031 1128 1292 1198 epistolae,
1323 1146 1482 1200 quam
1514 1133 1697 1190 Graece
1727 1146 1777 1190 et
1822 1137 2009 1193 Latine
2052 1138 2300 1192 dedimus
2333 1137 2503 1192 Tomo
2550 1138 2730 1205 tertio,
2764 1153 2819 1207 p.
2851 1137 2974 1202 655,
3009 1138 3382 1207 interpretatio
3425 1147 3581 1192 vetns
3636 1139 3818 1195 Latina

581 1214 810 1270 habetur
836 1216 888 1269 in
923 1216 1287 1288 Manuscripto
1312 1223 1541 1288 quodam
1567 1223 1909 1280 Bibliothecae
1945 1237 2142 1281 nostra:
2175 1225 2673 1296 Sangermanensis;
2708 1237 2762 1281 et
2789 1227 2840 1280 in
2867 1228 3106 1297 catalogo
3132 1228 3614 1298 Manuseriptornm
3647 1247 3820 1284 enun-

580 1306 846 1369 tiabatur;
884 1307 978 1361 sed
1002 1306 1348 1378 Manuscripti
1379 1326 1638 1367 numerus
1671 1330 1955 1384 perperam
1992 1316 2201 1385 positus
2225 1331 2332 1371 non
2370 1331 2560 1384 parum
2593 1317 2790 1386 negotii
2827 1317 3132 1386 laborisque
3166 1319 3371 1381 attulit;
3432 1329 3652 1373 notatur
3677 1323 3818 1375 enim

576 1395 760 1450 Codex
783 1396 907 1461 727,
958 1397 1012 1450 in
1063 1415 1170 1467 quo
1202 1400 1364 1469 hujus
1391 1401 1631 1471 epistola:
1676 1421 1745 1459 ne
1788 1407 2076 1476 vestigium
2119 1406 2337 1476 quidem
2384 1408 2655 1472 occurrit;
2697 1408 2915 1462 demum
2952 1417 3132 1463 autem
3183 1409 3271 1462 illa
3301 1420 3420 1479 post
3448 1411 3668 1465 multam
3695 1429 3816 1481 per-

580 1487 928 1556 quisitionem
963 1489 1016 1542 in
1047 1489 1249 1546 Codice
1278 1493 1380 1548 526
1407 1505 1619 1564 reperta
1651 1496 1769 1551 fuit.
2697 1563 2706 1572 ,

649 1575 796 1631 Illam
828 1589 1009 1634 autem
1050 1581 1139 1635 hic
1167 1583 1327 1637 edere
1364 1584 1539 1638 visum
1569 1595 1672 1650 est,
1716 1589 1841 1657 quia
1891 1590 2031 1645 circa
2077 1591 2219 1644 illam
2263 1589 2545 1660 epistolam
2587 1590 2706 1644 dua:
2739 1590 3084 1645 difﬁcultates
3108 1600 3309 1645 exorta:
3334 1591 3568 1654 fuerant,
3618 1602 3677 1646 ut
3703 1609 3814 1646 mo-

579 1667 796 1722 nuimus
828 1670 880 1722 in
907 1671 1049 1725 notis
1078 1671 1144 1726 ad
1179 1675 1446 1737 eamdem,
1507 1676 1704 1744 quibus
1729 1680 1999 1734 solvendis
2040 1681 2448 1734 difﬁcultatibus
2477 1697 2730 1751 magnum
2759 1681 2917 1734 aﬁ‘ert
2950 1690 3282 1735 momentum
3315 1682 3430 1736 haec
3467 1691 3624 1735 vetus
3657 1682 3816 1735 inter-

581 1763 813 1828 pretatio
843 1762 1056 1819 Latina.
1089 1764 1241 1822 Prior
1265 1777 1446 1823 autem
1478 1770 1767 1826 difﬁcultas
1797 1774 1924 1829 hinc
1957 1775 2132 1828 oritur
2160 1774 2303 1844 quod
2336 1775 2497 1843 hujus
2543 1774 2806 1842 epistolae,
2857 1790 2976 1843 quae
3002 1774 3138 1828 CXll
3168 1785 3502 1836 numeratur,
3546 1774 3730 1828 titulus
3762 1774 3812 1824 in

579 1854 833 1911 omnibus
863 1854 989 1908 Mss.
1032 1867 1192 1926 atque
1241 1859 1411 1915 Editis
1451 1861 1531 1915 sic
1578 1863 1773 1918 habeat
1807 1883 1818 1917 :
1852 1866 2109 1937 Θεοδώρῳ
2166 1868 2469 1936 ὲπισκόπῳ,
2537 1866 2798 1919 Theodoro
2843 1866 3116 1933 episcopo;
3172 1864 3326 1932 cujus
3363 1873 3542 1916 autem
3587 1864 3813 1917 civitatis

579 1946 870 2017 episcopus
928 1961 1072 2005 esset
1101 1967 1209 2006 non
1268 1956 1598 2010 enuntiatur.
1634 1956 1777 2012 Pene
1819 1968 1998 2014 tamen
2031 1978 2258 2017 concors
2287 1961 2619 2015 eruditorum
2668 1959 2854 2029 opinio
2910 1967 3045 2020 erat,
3095 1958 3239 2011 hunc
3292 1955 3638 2009 Theodorum
3701 1969 3813 2007 esse

583 2037 1043 2107 Mopsuestenum.
1075 2044 1142 2098 At
1167 2045 1222 2098 in
1245 2045 1485 2102 Concilio
1510 2049 1574 2116 V,
1608 2051 1778 2106 Tomo
1803 2053 1844 2106 V
1876 2053 2108 2118 Labbwi,
2164 2069 2218 2122 p.
2251 2054 2372 2116 490,
2425 2061 2674 2122 negatur,
2716 2066 2838 2104 eum
2873 2051 2958 2105 cui
3005 2050 3117 2104 hare
3160 2049 3389 2102 mittitur
3425 2047 3651 2115 epistola
3702 2061 3814 2099 esse

581 2132 927 2189 Theodorum
975 2135 1435 2207 Mopsuestenum.
1480 2143 1538 2198 In
1595 2145 1957 2216 Manuseripto
2004 2158 2184 2201 autem
2230 2157 2417 2202 nostro
2451 2147 2640 2200 titulus
2693 2154 2775 2199 est
2827 2144 3086 2198 :Joannis
3133 2139 3700 2206 Constaminopolitani
3750 2139 3815 2188 ad

583 2223 906 2280 Theodorum
937 2227 1358 2297 Mopsuesteuum
1382 2235 1694 2304 episcopum.
1723 2238 1859 2294 Hine
1883 2240 2063 2294 videas
2087 2239 2198 2309 jam
2232 2239 2423 2308 priscis
2448 2238 2551 2291 illis
2585 2237 2917 2306 temporibus
2949 2233 3292 2288 Theodorum
3330 2232 3477 2285 illum
3510 2231 3813 2298 episemium

579 2332 680 2386 pro
711 2317 1088 2388 Mopsuesteno
1112 2323 1350 2378 habitum
1377 2326 1565 2389 fuisse,
1598 2329 1649 2383 id
1682 2333 1822 2399 quod
1852 2335 2012 2387 etiam
2043 2335 2394 2388 confirmatur
2423 2347 2487 2385 ex
2515 2333 2865 2385 annotatione
2896 2336 3174 2397 sequente.

653 2410 900 2465 Secunda
931 2411 1215 2469 dilIieultas
1252 2430 1315 2468 ex
1340 2417 1580 2486 epistola:
1605 2422 1710 2477 ﬁne
1733 2425 1990 2494 exsurgit,
2022 2426 2113 2478 tibi
2145 2426 2220 2479 sic

2260 2425 2448 2495 legitur
2479 2423 2532 2475 in
2560 2422 2718 2476 Edito
2757 2431 2943 2475 nostro
2982 2439 2993 2473 :
3042 2419 3101 2471 οὐ
3132 2417 3239 2488 γὰρ
3273 2417 3370 2485 τὴν
3403 2414 3688 2484 τυχοῦσαν,
3723 2414 3813 2463 καὶ

577 2500 638 2553 έν
674 2502 877 2572 ἐρημίᾳ
925 2504 1255 2574 καθήμενοι,
1305 2510 1660 2580 καρπύμεοα
1717 2515 1813 2584 τὴν
1867 2517 2233 2586 παράκλησιν,
2287 2518 2414 2568 ὅταν
2467 2512 2720 2566 τοσοῦτον
2778 2513 2836 2564 ὲν
2883 2511 3079 2581 καρδίᾳ
3127 2509 3400 2577 θησαυρὸν
3444 2507 3537 2558 καὶ
3591 2503 3815 2556 πλοῦτῡν

577 2597 941 2667 ἀποκείμενον
971 2597 1181 2669 ἔχωμεν
1204 2602 1303 2670 τῆς
1325 2604 1688 2676 ἐγρηγορυίας
1712 2611 1805 2661 καὶ
1833 2611 2085 2676 γενναίας
2122 2627 2213 2661 σου

2260 2609 2416 2678 μυχῆς
2444 2608 2541 2676 τὴν
2572 2607 2792 2675 ἀγάπην
2828 2624 2839 2658 :
2876 2606 2913 2658 i.
2946 2621 2994 2659 e.
3025 2604 3202 2673 Neque
3242 2604 3400 2663 enim,
3451 2603 3504 2653 in
3553 2603 3649 2652 hac
3704 2600 3818 2650 licet

583 2687 861 2742 solitudine
880 2690 1058 2756 positi,
1079 2691 1348 2759 vulgarem
1375 2698 1783 2764 consolationem
1806 2701 2060 2767 capimus,
2089 2715 2204 2752 cum
2243 2709 2449 2751 tantum
2484 2698 2538 2750 in
2567 2697 2718 2749 corde
2744 2696 3044 2748 thesaurum
3073 2702 3349 2760 tantasque
3379 2707 3497 2758 opes
3526 2689 3814 2741 reconditas

578 2779 847 2845 habemus,
891 2779 984 2831 hoc
1019 2789 1114 2842 est,
1150 2782 1419 2850 uigilantis
1451 2803 1514 2839 ac
1549 2790 1781 2857 generosi
1825 2791 1990 2842 animi
2039 2792 2115 2842 tui
2147 2789 2445 2841 caritatem.

650 2865 806 2920 llune
856 2882 1017 2935 porro
1047 2867 1223 2922 locum
1256 2871 1322 2924 ad
1350 2869 1640 2929 Frontonis
1683 2876 1862 2930 Ducaai
1911 2888 1965 2931 et
2013 2876 2193 2930 Savilii
2227 2876 2534 2930 Editionnm
2588 2874 2748 2929 ﬁdem
2797 2873 3081 2927 edidimus.
3117 2870 3191 2924 Ex
3227 2881 3461 2939 quatuor
3489 2879 3664 2922 autem
3713 2866 3820 2918 Ma-

582 2958 894 3028 nuseriptis,
926 2958 1080 3026 queis
1111 2961 1190 3013 usi
1218 2973 1426 3030 sumus,
1465 2966 1676 3021 duobus
1703 2983 1900 3036 nempe
1931 2969 2224 3029 Vaticanis,
2261 2984 2369 3021 uno
2400 2968 2566 3038 Regio
2595 2977 2650 3021 et
2682 2983 2790 3020 uno
2819 2964 3170 3025 Coisliniano,
3214 2962 3413 3030 Regius
3440 2970 3491 3014 et
3536 2959 3823 3013 Vaticanus

580 3070 723 3108 unus
758 3054 978 3113 habent,
1011 3052 1067 3102 ὲν
1112 3056 1306 3125 καρδίᾳ
1353 3056 1645 3127 θησαυρόν,
1681 3067 1740 3112 ut
1767 3075 1956 3128 supra;
1991 3060 2079 3113 alii
2111 3069 2224 3112 aute

2260 3075 2290 3111 n
2318 3059 2445 3123 duo,
2479 3060 2536 3109 ὲν
2575 3057 2795 3125 Κιλικίᾳ.
2842 3054 3132 3124 θησαυρόν.
3170 3052 3340 3116 Quam
3371 3052 3649 3104 lectionem
3687 3065 3822 3103 eon-

582 3145 761 3200 ﬁrmat
817 3145 990 3199 Codex
1047 3154 1231 3199 noster
1276 3147 1754 3217 Sangermanensis
1804 3151 1860 3204 iu
1893 3165 2001 3220 quo
2049 3150 2261 3219 legitur,
2314 3149 2471 3202 talem
2513 3149 2567 3200 in
2623 3147 2806 3202 Cicilia
2850 3147 3171 3198 thesaurum.
3229 3141 3368 3196 Huic
3421 3142 3634 3195 lectioni
3681 3141 3824 3196 favet

584 3238 747 3293 etiam
791 3234 1078 3288 Facundus
1123 3235 1527 3294 Hermianensis
1572 3241 1664 3294 lib.
1710 3242 1761 3305 7,
1802 3258 1919 3312 cap.
1961 3241 2012 3306 7,
2067 3257 2120 3310 p.
2173 3241 2309 3306 655,
2369 3241 2511 3294 Edit.
2564 3237 2857 3301 Sirmondi,
2897 3235 3143 3304 fol.;qui
3200 3233 3486 3287 Facundus
3515 3249 3720 3302 quoque
3767 3237 3825 3286 ἐν

585 3323 806 3397 Κιλικίᾳ
835 3326 1052 3395 legerat.
1092 3325 1272 3395 Itaque
1322 3330 1460 3384 hanc
1493 3328 1779 3385 lectionem
1828 3333 1884 3385 ὲν
1939 3331 2181 3401 Κιλικίᾳ,
2216 3350 2224 3382 ε

2260 3346 2375 3383 nam
2407 3329 2608 3383 ibidem
2644 3328 2698 3381 in
2736 3337 2862 3380 nota
2898 3341 3204 3395 germanam
3242 3339 3363 3376 esse
3397 3324 3821 3391 suspicabamur,

577 3415 689 3484 jam
722 3433 902 3471 veram
929 3435 1049 3473 esse
1079 3420 1510 3489 pronuntiamus,
1550 3422 1735 3488 sicque
1759 3435 1979 3489 prorsus
2004 3421 2288 3492 legendum
2319 3436 2439 3474 csse
2471 3434 2775 3473 censemus.
2806 3419 2861 3470 Si
2891 3433 3050 3486 porro
3074 3415 3391 3468 Theodorus
3425 3415 3512 3466 hic
3556 3415 3606 3465 in
3640 3413 3822 3465 Cilicia

583 3508 871 3578 episcopus
905 3511 1086 3576 fuerit,
1131 3512 1273 3564 haud
1327 3512 1489 3565 dubie
1523 3511 1934 3580 Mepsuesteuus
1964 3514 2084 3578 erit,
2123 3513 2266 3582 quod
2313 3515 2477 3566 etiam
2514 3513 2566 3564 in
2600 3511 2756 3563 titulo
2787 3510 2959 3562 fertur
3007 3507 3060 3560 in
3108 3506 3472 3572 Manuscripto
3513 3504 3823 3573 Sangerma-

583 3605 762 3669 nensi,
798 3606 869 3657 ad
910 3605 1225 3659 Theodorum
1266 3606 1676 3674 Mopsucstenum
1708 3609 2024 3676 episcopum,
2075 3623 2195 3662 cum
2236 3607 2469 3675 alioquin
2502 3606 2708 3659 nullum
2732 3604 2895 3656 alium
2926 3604 2977 3655 in
3009 3601 3195 3655 Cilicia
3240 3601 3553 3668 episc0puni
3594 3598 3820 3666 Chryso-

583 3700 744 3754 stomi
789 3702 1024 3755 amicum
1057 3701 1221 3755 fuisse
1247 3702 1497 3766 sciamus,
1530 3710 1888 3770 praeterquam
1924 3702 2268 3755 Theodorum
2306 3701 2764 3770 Mopsuestenum.

657 3794 784 3846 Haec
834 3792 1014 3862 itaque
1067 3794 1228 3848 lectio
1278 3809 1375 3863 pro
1405 3803 1608 3847 asserta
1632 3795 1742 3864 jam
1770 3803 1823 3847 et
1852 3795 2150 3848 indubitata
2184 3794 2368 3848 haberi
2399 3795 2578 3847 debet.
2623 3793 2805 3861 Neque
2841 3801 3018 3844 tamen
3070 3787 3426 3842 omittendum
3461 3794 3568 3847 est,
3600 3785 3652 3837 id
3686 3782 3822 3851 quod

582 3883 837 3939 observat
871 3882 1270 3944 Tillemontius,
1305 3881 1514 3936 etiamsi
1546 3885 1601 3934 ὲν
1636 3882 1832 3952 καρδίᾳ
1877 3883 2164 3951 legeretur,
2204 3881 2348 3935 hunc
2389 3892 2569 3935 tamen
2613 3881 2958 3934 Theodorum
2985 3892 3103 3932 esse
3136 3877 3576 3945 Mopsuestenum
3607 3876 3824 3926 omnino

581 3985 835 4044 Oportere
867 3993 878 4028 :
909 3990 1032 4028 nam
1087 3974 1221 4028 duos
1251 3973 1422 4026 solum
1453 3971 1767 4025 'I‘heodoros
1807 3973 2076 4034 novimus,
2122 3969 2189 4022 ad
2216 3985 2351 4037 quos
2396 3971 2510 4023 haec
2536 3969 2759 4037 epistola
2809 3968 2973 4020 missa
3007 3965 3173 4018 fuisse
3211 3963 3467 4032 potuerit,
3495 3961 3823 4028 lilopsueste-

583 4080 715 4118 num
745 4080 942 4134 nempe
971 4064 1026 4116 in
1054 4063 1259 4125 Cilicia,
1291 4072 1346 4115 et
1381 4061 1655 4131 Tyaneum
1687 4062 1743 4112 in
1771 4059 2127 4129 Cappadocia.
2154 4057 2370 4126 Tyaneo
2400 4068 2579 4110 autem
2611 4058 2756 4110 nulla
2791 4056 2956 4110 fuisse
2984 4051 3379 4107 consuetudine
3411 4050 3631 4118 junctus
3678 4049 3824 4103 vidc-

587 4166 674 4210 tur
703 4154 1151 4225 Chrysostomus;
1183 4151 1454 4205 Theodori
1483 4161 1663 4203 autem
1695 4147 2055 4216 Mopsuesteni
2083 4163 2111 4200 a
2139 4161 2308 4216 puero
2338 4148 2543 4201 amicus
2569 4148 2767 4201 fuerat.

3628 4388 3792 4401 -διᾷ

3225 4393 3619 4403 _-._..—-.——-—__.___.--

839 4405 1088 4417 .—-———_—

610 4407 832 4421 ῤ-

828 4514 908 4566 lt'x
928 4511 1096 4564 codice
1123 4511 1174 4562 Μ
1185 4512 1221 4565 S
1231 4549 1243 4562 .
1270 4528 1409 4564 num.
1443 4511 1546 4565 526
1573 4511 1893 4564 Bibliotheca:
1919 4513 2076 4564 sancti
2110 4510 2348 4564 Germani
2367 4529 2396 4561 ιι
2425 4509 2727 4578 Ριγιιίδνριμιὶ
2755 4527 2885 4564 nono
2913 4511 3096 4564 saeculo
3115 4510 3391 4577 descriptus
3417 4512 3529 4578 fuit.

1011 4647 1195 4712 incipit
1222 4645 1475 4699 Johannis
1501 4643 2067 4714 Constantinopolitani
2097 4644 2161 4698 ad
2187 4644 2522 4699 Theodorum
2555 4644 2976 4714 Mopsuestenum
3002 4643 3344 4714 Episcopum.

656 4781 710 4837 Si
738 4787 878 4835 esset
906 4777 1112 4847 quidem
1137 4776 1315 4830 venire
1342 4775 1609 4844 possibile,
1639 4785 1882 4842 tuamque
1909 4790 2158 4829 reveren-

587 4875 710 4929 tiam
741 4871 1116 4937 caritatemque
1145 4867 1444 4934 complecti,
1479 4867 1527 4917 in
1557 4866 1663 4932 ipsa
1690 4863 1964 4932 jucundari
1987 4903 2000 4926 ,
2032 4879 2152 4916 eum

586 4967 748 5019 multa
795 4963 894 5016 hoc
940 4959 1215 5013 velocitate
1251 4969 1303 5011 et
1345 4957 1517 5010 studio
1546 4957 1872 5009 faceremus:
1907 4956 2150 5023 quoniam

586 5065 763 5108 autem
797 5052 895 5105 hoc
920 5051 1069 5103 nobis
1095 5064 1198 5102 non
1227 5047 1451 5117 adjacet,
1483 5062 1621 5100 nunc
1650 5047 1814 5099 literis
1839 5046 1936 5099 hoc
1967 5046 2152 5114 imple-

586 5159 723 5198 mus.
751 5143 803 5197 Si
848 5141 986 5195 enim
1033 5139 1096 5191 ad
1146 5140 1292 5206 ipsos
1337 5139 1467 5192 ﬁnes
1511 5137 1690 5191 mundi
1730 5136 2018 5196 ducamur,
2052 5147 2153 5188 tua:

585 5232 882 5290 dilectionis
910 5229 1261 5299 integritatem
1288 5238 1339 5280 et
1363 5229 1641 5290 fervorem,
1672 5237 1725 5282 et
1752 5229 1866 5280 sine
1893 5227 2015 5279 dolo
2045 5227 2151 5278 sin-

583 5326 856 5379 ceritatem
884 5320 1119 5374 oblivisci
1151 5333 1256 5371 non
1285 5331 1577 5384 possumus,
1605 5333 1719 5384 quze
1748 5325 1828 5370 est
1855 5316 2064 5382 antiqua
2097 5322 2152 5366 et

584 5431 613 5466 a
654 5412 907 5482 principio
931 5452 945 5471 ,
972 5423 1234 5477 quamque
1267 5421 1404 5458 nunc
1435 5406 1754 5457 monstrasti.
1785 5405 1965 5473 Neque
2006 5404 2145 5455 enim

586 5517 679 5556 nos
707 5500 856 5554 latuit
883 5509 1077 5567 quanta
1111 5513 1204 5563 pro
1232 5496 1381 5547 nobis
1408 5505 1461 5546 et
1498 5494 1670 5546 dicere
1709 5505 1759 5545 et
1799 5496 1967 5547 facere
1999 5492 2148 5545 festi-

584 5593 740 5658 naui,
763 5605 912 5645 meus
937 5589 1048 5656 (sic)
1073 5586 1470 5640 liUlttll'aliSSitnC
1493 5595 1646 5652 atque
1673 5588 2019 5640 sanctissime.
2044 5584 2147 5640 Sed

2261 4776 2358 4828 etsi
2385 4774 2513 4829 nihil
2540 4777 2764 4844 amplius
2791 4776 2980 4829 factum
3008 4785 3121 4838 est,
3155 4775 3316 4828 Deum
3344 4785 3515 4829 tamen
3551 4775 3714 4830 habes
3737 4792 3824 4844 pro

2263 4871 2350 4917 tuo
2377 4865 2549 4918 studio
2574 4874 2627 4919 et
2651 4867 2920 4919 alacritate
2945 4865 3236 4919 debitorem
3259 4907 3272 4930 ,
3298 4867 3656 4935 integramque
3688 4883 3824 4920 mer-

2261 4955 2464 5009 cedem.
2490 4956 2593 5007 Nos
2621 4965 2791 5008 autem
2820 4971 2922 5008 non
2953 4955 3289 5023 quiescimus,
3321 4956 3548 5010 scientes
3581 4967 3682 5009 tua:
3712 4972 3812 5025 gra-

2261 5048 2387 5099 tiam
2427 5047 2718 5098 sanctitatis
2738 5085 2752 5108 ,
2780 5055 2832 5098 et
2861 5055 3001 5097 tuam
3043 5048 3387 5099 reverentiam
3417 5050 3661 5100 omnibus
3695 5062 3822 5115 pra:-

2260 5136 2494 5188 dieantes
2516 5177 2528 5196 ,
2558 5146 2714 5203 atque
2755 5144 3032 5204 poscentes
3073 5137 3311 5190 eamdem
3357 5138 3695 5191 dilectionem
3724 5138 3816 5190 ﬁn-

2259 5235 2459 5279 rentem
2493 5241 2584 5292 per
2609 5226 2783 5278 omnia
2828 5227 3151 5280 conservari.
3181 5225 3291 5280 Non
3336 5229 3478 5280 enim
3521 5227 3572 5279 in
3615 5227 3822 5280 deserto

2258 5317 2504 5369 sedentes
2559 5313 2784 5368 fortuita:
2835 5317 3227 5371 intercessionis
3280 5318 3484 5370 fructus
3532 5317 3819 5378 habemus,

2257 5405 2464 5471 quando
2484 5405 2636 5456 talem
2658 5405 2706 5457 in
2724 5405 2900 5458 Cilicia
2921 5406 3219 5458 thesaurum
3239 5416 3290 5458 et
3312 5406 3608 5459 reconditas
3623 5407 3822 5460 divitias

2260 5495 2615 5561 possidemus:
2639 5495 2747 5548 lucc
2765 5504 2843 5549 est
2865 5498 3000 5550 enim
3026 5496 3176 5550 fortis
3199 5504 3250 5548 et
3273 5495 3492 5562 vigilans
3518 5497 3706 5548 anim-.e
3727 5508 3820 5548 tua:

2255 5587 2486 5639 dilectio.
2525 5585 2768 5653 Explicit.
