3976 6218
228 374 342 427 517
1460 372 1728 428 SPURIA.
1762 404 1798 411 —

1904 365 2203 426 [ONITUSL
3360 374 3474 432 518

850 636 3428 675 ΝΜ

1474 1082 2183 1211 SPURIA.

1736 1405 1935 1419 _——‘

1628 1712 2003 1777 MONITUM

1137 1917 1216 1979 ΙΝ
1277 1919 1480 1979 DUAS
1545 1918 1936 1983 IIOMILIAS
1997 1918 2475 1993 SEQUENTES.

267 2150 419 2223 [552]
448 2151 616 2206 Hasce
652 2150 897 2207 liomilias
930 2152 1171 2222 ejusdem
1208 2154 1445 2209 auctoris
1490 2168 1611 2209 esse
1638 2168 1745 2209 non
1785 2163 1870 2209 est
1901 2154 2045 2225 quod
2070 2154 2401 2221 dubitemus,
2434 2153 2505 2209 ita
2530 2153 2665 2224 stylo
2696 2161 2750 2208 et
2782 2150 3017 2208 dictione
3045 2150 3249 2206 similes
3274 2158 3402 2207 sunt
3432 2165 3448 2204 :

198 2275 256 2320 et
297 2266 532 2335 alioquin
565 2266 616 2319 in
653 2266 889 2319 secunda
919 2275 1292 2335 argumentum
1343 2268 1530 2338 primae
1583 2269 1649 2322 ab
1698 2268 1851 2322 initio
1883 2269 2246 2337 prosequitur.
2302 2267 2419 2321 Non
2461 2282 2579 2321 esse
2615 2275 2794 2320 autem
2838 2262 3229 2334 Cltrysostomi,
3276 2263 3452 2332 quivis

194 2395 467 2440 emunctae
524 2385 667 2439 naris
721 2387 900 2440 statim
954 2388 1232 2457 percipiant.
1285 2386 1389 2443 Sed
1432 2386 1685 2441 libentius
1716 2388 1929 2441 credam
1965 2401 2083 2440 esse
2130 2385 2429 2455 cujuspiam
2471 2399 2535 2438 ex
2578 2382 2906 2453 presbyteris
2936 2379 3313 2443 Antiocltenis,
3356 2376 3449 2448 qui

192 2498 566 2569 Cltrysostomi
601 2512 840 2571 tempore
870 2504 1092 2557 alternis
1118 2505 1329 2559 vicibus
1358 2520 1537 2559 coram
1569 2505 1822 2559 Flaviano
1861 2505 2114 2575 episcopo
2140 2503 2443 2559 Antiochiae
2488 2502 2967 2559 concionabantur.
3006 2499 3143 2557 Hinc
3172 2508 3257 2555 est
3304 2498 3449 2569 quod

194 2622 251 2674 in
281 2619 440 2675 ﬁnem
469 2624 654 2690 primae
685 2620 1047 2690 lmmilimﬁoﬁ
1081 2625 1258 2679 κοινοῦ
1293 2627 1515 2696 πατρός,
1550 2629 1835 2680 communis
1886 2627 2075 2695 patris,
2116 2628 2321 2681 mentio
2350 2626 2601 2691 habetur,
2641 2636 2895 2695 tanquam
2943 2622 3245 2695 praesentis.
3296 2620 3452 2689 Quod

194 2738 340 2793 forte
366 2740 622 2810 judicium
654 2744 936 2799 ferendum
966 2756 1047 2799 est
1093 2745 1157 2802 de
1193 2748 1311 2801 aliis
1339 2747 1585 2817 plurimis
1612 2747 1945 2803 orationibus
2000 2747 2053 2801 in
2080 2746 2232 2816 queis
2260 2745 2347 2801 ille
2390 2745 2692 2800 communis
2729 2752 2883 2814 pater
2924 2755 3162 2814 prasens
3206 2752 3449 2793 comme-

196 2858 465 2907 moratur.
510 2853 660 2907 Hanc
711 2864 913 2919 autem,
948 2864 1003 2910 ut
1056 2867 1111 2910 et
1162 2856 1484 2912 innumeras
1502 2858 1632 2911 alias
1663 2856 2049 2927 Chrysrstomo
2099 2858 2400 2928 adscriptas
2427 2857 2745 2927 reperimus,
2783 2858 2895 2911 sive
2946 2854 3181 2910 librariis
3210 2862 3450 2923 quastus

193 2977 367 3016 causa
396 2964 514 3019 illas
542 2975 648 3021 tam
676 2969 871 3023 celebri
903 2971 1121 3025 nomine
1152 2972 1582 3042 insignientibus,
1621 2972 1671 3029 id
1724 2974 1867 3043 quod
1894 2973 2191 3044 saepissime
2235 2974 2448 3040 accidit,
2478 2973 2591 3027 sive
2630 2972 2752 3027 aliis
2782 2971 3136 3041 scriptoribus
3161 2968 3448 3025 temerario

194 3088 339 3128 ausu
362 3077 523 3133 [crtus
555 3094 681 3135 suos
704 3089 852 3137 tanto
886 3083 1090 3139 doctori
1122 3084 1575 3151 adseribentibus,
1602 3092 1660 3139 ut
1702 3086 2018 3145 melioribus
2058 3054 2315 3157 auspiciis
2347 3086 2399 3142 in
2432 3084 2705 3156 publicum
2737 3084 3033 3155 prodirent.
3068 3082 3449 3153 lnterpretatio

193 3192 484 3264 utriusque
515 3196 783 3253 sermonis
812 3206 895 3254 est
930 3196 1215 3256 Frontonis
1244 3200 1444 3257 Ducaei.
