3976 6218
533 394 647 449 519

2006 363 2273 422 ειΡυΒΙΛ.

3701 377 3804 432 520

520 616 740 663 ειςιιωυ
788 617 848 660 IN
900 617 1110 666 11.nov,
1163 616 1332 657 non
1379 615 1536 658 DEUS
1579 615 1821 658 conc“
1867 615 2010 668 om:
2053 615 2365 670 FECRRAT,
2423 619 2500 661 ET
2545 619 2701 663 ecce
2751 620 2952 664 VALDE
2995 621 3155 664 non
3203 605 3380 682 (Gen.
3442 606 3501 665 1.
3548 604 3686 690 3f);
3737 623 3800 665 tu

920 723 999 763 DE
1047 723 1146 775 Ιξυ,
1194 720 1362 772 QUOD
1409 720 1623 761 DIVINA
1675 719 1943 770 ELOQUIA
1987 720 2290 763 JUCUNDIS
2335 720 2691 774 QUIBUSQUE
2729 724 2927 767 REBUS
2972 725 3446 767 ANTECELLUN'I‘.

1986 831 2300 890 €>H<9

596 951 647 1004 1.
675 947 900 1004 Pulchra
928 961 1054 1000 sane
1085 954 1207 999 sunt
1235 945 1442 1013 pietatis
1472 951 1616 1013 prata
1643 983 1658 1008 ,
1689 958 1807 1010 qua:
1834 956 1938 1013 non
1966 955 2104 996 tem-

521 1021 747 1092 porariis
795 1018 1062 1092 coleribus
1118 1012 1343 1092 nitent,_
1379 1013 1472 1092 sed
1526 1012 1826 1092 caelestibus
1868 1012 2106 1092 ﬂoribus

523 1082 836 1146 redundant.
871 1088 1053 1141 Flores
1081 1100 1256 1140 autem
1298 1083 1502 1152 pietatis
1533 1092 1653 1136 sunt
1674 1124 1687 1146 ,
1719 1082 1972 1136 divinitus
2023 1082 2104 1135 in-

521 1163 734 1230 spiratce
774 1157 1202 1230 conversationis
1224 1157 1444 1230 fructus.
1472 1153 1721 1230 Virtutes
1745 1154 1885 1230 enim
1912 1153 1977 1205 ad
2008 1152 2110 1205 ad-

522 1223 821 1288 mirabilem
863 1230 1005 1282 illam
1047 1239 1100 1282 et
1129 1226 1492 1295 primigeniam
1521 1223 1967 1294 pulchritudinem
2012 1237 2108 1295 nos

521 1303 819 1365 reducunt,
859 1314 976 1365 qnte
1019 1299 1084 1351 ad
1130 1292 1416 1365 imaginem
1465 1292 1537 1348 et'
1563 1294 1960 1365 similitudinem
2015 1292 2106 1365 Dei

521 1315 819 1365 reducunt,
897 1315 976 1351 ΙΙζΒ
1019 1315 1084 1351 au
1138 1315 1416 1365 Imaginem
1465 1315 1518 1348 el
1563 1315 1960 1346 sumntuumem
2015 1315 2104 1347 UCI

520 1384 698 1427 creata
720 1315 1000 1426 eratfhaac
1023 1369 1197 1434 itaque
1219 1365 1508 1419 secundum
1527 1364 1773 1417 virtutem
1796 1363 2104 1434 similitudo,

520 1458 715 1510 equum
755 1456 852 1510 pro
895 1433 1394 1510 homine’dicinon
1443 1435 1586 1510 sinit.
1635 1434 1779 1488 llanc
1829 1433 2008 1510 utique
2057 1433 2102 1486 si

520 1503 804 1574 sectemur,
823 1526 924 1564 non
942 1510 1049 1578 jam
1068 1509 1238 1578 lupus,
1253 1506 1414 1559 draco
1428 1505 1509 1578 vel
1525 1519 1756 1578 serpens
1757 1519 1784 1556 a
1794 1503 2104 1578 ppellamur,

520 1585 585 1638 ad
619 1585 889 1637 brutorum
917 1574 1155 1632 naturam
1175 1577 1389 1646 deiecti,
1414 1575 1506 1630 sed
1530 1576 1700 1646 imago
1729 1574 1819 1627 Dei
1846 1574 2106 1646 stupenda

521 1662 680 1722 atque
708 1651 1006 1705 veneranda
1033 1664 1195 1722 ,una:
1225 1643 1588 1717 priinigeuiam
1635 1645 1779 1722 illam
1809 1643 2106 1712 pulchritu-

521 1714 698 1778 diiiem
749 1722 929 1775 forma:
976 1714 1169 1772 retinet
1193 1759 1205 1781 ,
1226 1714 1294 1772 ’et
1317 1714 1530 1780 sumus,
1560 1723 1613 1769 et
1652 1714 1878 1768 dicimur
1900 1755 1914 1778 ,
1947 1723 2106 1783 atque

521 1793 656 1847 adeo
704 1791 989 1846 credimur.
1026 1788 1215 1842 Factus
1255 1803 1313 1842 es
1354 1787 1602 1841 dominus
1642 1784 1968 1848 bestiarum;
1998 1785 2105 1839 noli

523 1878 798 1917 servorum
843 1873 1018 1914 mores
1061 1859 1253 1912 imitari
1281 1877 1292 1910 :
1319 1873 1422 1912 non
1465 1856 1602 1924 quod
1636 1856 1770 1908 mala
1802 1856 1907 1908 sint
1951 1855 2105 1908 bruta

518 1934 766 1988 animalia
792 1950 806 1986 ε
831 1930 959 1985 nihil
991 1930 1129 1983 enim
1159 1929 1282 1981 mali
1312 1942 1341 1980 a
1371 1927 1507 1980 bono
1533 1934 1770 1980 creatum
1798 1933 1898 1980 est.
1923 1924 2105 1994 Neque

519 2006 659 2059 enim
683 2004 947 2056 existimet
967 1999 1241 2068 quisquam
1268 1999 1319 2051 in
1351 1999 1460 2050 vitii
1485 1997 1602 2050 loco
1629 1995 1961 2068 reponendas
1982 2010 2103 2068 esse

518 2075 736 2138 bestias,
761 2073 896 2141 quod
930 2066 1193 2136 tamquam
1226 2069 1480 2141 imagines
1508 2066 1746 2135 quaedam
1779 2068 2025 2141 vitiorum
2051 2067 2103 2120 in

518 2145 753 2200 medium
779 2138 1116 2211 proferantur
1140 2180 1153 2201 ,
1177 2154 1294 2211 quae
1321 2139 1372 2191 in
1401 2139 1465 2192 iis
1492 2145 1756 2211 magnam,
1787 2138 1876 2206 qui
1902 2151 2006 2190 non
2032 2151 2103 2190 ex

516 2207 825 2291 przescripi'o
849 2212 1057 2291 virtutis
1081 2207 1235 2291 vitam
1253 2209 1469 2291 degunnt.
1498 2207 1626 2260 Nam
1651 2208 1694 2291 si
1722 2207 1790 2260 ita
1811 2215 1972 2291 esset,
2006 2221 2104 2261 cur

517 2278 751 2341 dixisset
768 2284 1036 2351 Scriptura
1059 2322 1072 2344 ,
1104 2280 1337 2347 Viditque
1367 2278 1503 2332 Deus
1529 2286 1848 2351 cunctaque
1879 2279 2099 2351 fecerat,

518 2368 569 2411 et
610 2373 718 2410 ecce
763 2348 1072 2422 bonalGen.
1117 2353 1166 2422 ι,
1197 2351 1318 2422 3i).
1352 2364 1523 2418 neque
1561 2348 1872 2422 simpliciter
1909 2349 2099 2422 Dona,

514 2427 612 2484 sed
639 2425 794 2479 Valde
806 2417 1204 2489 bona?Quando
1225 2417 1380 2490 igitur
1396 2417 1481 2475 res
1507 2427 1699 2474 creata:
1721 2419 1771 2471 in
1803 2417 2132 2490 similitudi--

519 2512 642 2554 item
672 2497 886 2551 malitia:
913 2489 1434 2559 adducunturlnam
1464 2499 1518 2546 et
1561 2489 1645 2544 leo
1675 2489 1884 2559 tyranni
1926 2489 2102 2558 imago

519 2576 621 2628 est,
638 2575 692 2620 et
710 2578 927 2634 serpens
956 2564 1152 2634 versuti
1181 2561 1429 2624 hominis,
1453 2560 1894 2634 quiquemoribus
1914 2559 2103 2634 sitne-

520 2628 814 2706 quissimis;
837 2645 890 2687 et
915 2633 1154 2706 scorpius
1176 2631 1503 2706 percussoris
1528 2670 1542 2691 ,
1568 2637 1622 2706 el_
1649 2630 1806 2706 lupus
1830 2628 2058 2696 rapacis)
2081 2667 2098 2692 ,

519 2699 786 2776 quomodo
813 2718 898 2759 res
922 2699 1112 2776 crea’ec
1136 2703 1295 2776 bonae
1319 2700 1580 2776 dicentur,
1612 2699 1779 2768 inquit
1799 2713 1960 2776 ,_qu-.e
1993 2706 2098 2776 tam

519 2768 703 2846 aperte
735 2786 998 2843 tamquam
1030 2771 1398 2846 similitudines
1437 2770 1703 2846 vitiorum_
1728 2768 2100 2846 proferuntur}

524 2837 715 2902 Verum
744 2837 920 2917 operae
964 2845 1188 2912 pretium
1225 2851 1306 2917 est
1335 2841 1626 2909 intelligant
1653 2837 1892 2917 discendi
1919 2839 2099 2906 cupidi

522 2922 667 2982 inec,
699 2919 740 2970 si
772 2909 1038 2986 spectetur
1066 2913 1276 2986 prepria
1305 2927 1488 2986 eorum
1522 2918 1728 2986 natura,
1762 2909 1896 2962 mala
1927 2923 2098 2977 neque

519 2980 662 3052 esse,
696 2980 869 3056 neque
897 2985 1000 3038 dici
1020 3026 1034 3047 ,
1063 2980 1156 3038 Sed
1169 2980 1297 3056 eam
1329 2982 1504 3050 potius
1529 2980 1887 3056 conditionem
1913 2988 1969 3056 et
1994 2989 2102 3033 sta-

522 3051 668 3124 tum,
693 3051 795 3128 (ιιιῖ
821 3056 1037 3112 rationis
1065 3052 1658 3128 expertibushconvenit
1703 3051 2057 3128 animantibus
2085 3063 2098 3100 :

521 3121 794 3199 postquam
821 3135 994 3182 autem
1019 3121 1219 3199 ratione
1240 3122 1510 3199 praeditam
1529 3131 1768 3199 naturam
1787 3121 2099 3199 invaserint,

520 3191 754 3267 Speciem
785 3199 899 3266 ejus
928 3195 1250 3267 contumelia
1273 3193 1507 3267 afficere,
1536 3201 1588 3246 et
1614 3191 1924 3267 rationalem
1954 3192 2104 3267 inge-

523 3260 780 3324 nuitatem
810 3260 1130 3323 obtusiorem
1163 3264 1405 3318 reddere.
1435 3261 1720 3331 Accepisti,
1753 3277 1784 3314 ο
1813 3260 1992 3324 homo,
2024 3261 2106 3314 di-

561 3341 772 3394 nitatem
805 3339 916 3392 heri
942 3354 955 3400 ;
985 3337 1089 3388 noli
1117 3335 1521 3402 ignominiosam
1548 3343 1600 3386 et
1624 3333 1792 3385 servis
1812 3345 2104 3402 congruam

561 3355 772 3394 nitatem
805 3355 916 3392 neri
942 3355 955 3400 ;
985 3355 1089 3388 non
1117 3355 1521 3402 Igttonttnlosatu
1548 3355 1600 3386 et
1624 3355 1792 3385 servm
1816 3355 2104 3400 congruam

519 3355 812 3468 gestiarum
841 3407 1198 3462 conditionem
1229 3404 1420 3456 sectari
1449 3421 1459 3453 :
1487 3404 1709 3470 teipsum
1737 3401 1877 3454 enim
1912 3401 2104 3468 probro

520 3480 691 3536 efficis
719 3520 730 3541 ,
763 3479 886 3531 dum
930 3476 1217 3529 bestiarum
1265 3473 1644 3524 immanitatem
1698 3471 1964 3541 imitaris:
1997 3485 2102 3523 non

521 3551 671 3619 quasi
707 3539 857 3601 malae
888 3547 1134 3619 sint,_aut
1163 3543 1404 3619 dicantur
1427 3541 1636 3619 bestias,
1670 3539 1761 3593 sed
1791 3539 2106 3619 quodnigno-

523 3609 749 3676 miniosa
778 3626 833 3671 et
857 3615 1065 3670 servilis
1095 3614 1267 3679 imago
1291 3611 1468 3664 liberis
1488 3627 1590 3664 non
1607 3609 2108 3674 conveniat.Qnem—

522 3689 808 3748 admodum
860 3687 1000 3740 enim
1051 3684 1093 3736 si
1145 3682 1222 3734 vir
1265 3681 1524 3750 quispiam
1568 3681 1785 3734 illustris
1814 3689 1879 3750 et
1911 3680 2105 3732 nobilis

525 3761 710 3814 servili
740 3769 857 3827 toga
884 3756 951 3810 sit
979 3755 1193 3808 indutus
1213 3749 1571 3827 autam_ictus,_
1591 3751 1785 3827 probro
1801 3749 2030 3827 afficitur
2055 3758 2109 3803 et

527 3820 821 3900 ignominia
861 3835 1071 3900 notatur
1096 3865 1109 3888 ,
1140 3837 1242 3876 non
1274 3823 1604 3900 quod‘vestis
1643 3821 1729 3874 illa
1770 3820 1840 3900 sit
1863 3821 1980 3874 vilis
2019 3829 2110 3873 aut

525 3890 760 3962 sordida,
789 3898 881 3952 sed
913 3897 1053 3964 quod
1083 3890 1526 3964 servnm’qnidem
1549 3893 1755 3955 deceat,
1788 3890 1968 3964 libero
1981 3906 2108 3944 vero

525 3987 635 4026 non
666 3961 947 4024 conveniat
976 3984 990 4024 ;
1020 3967 1088 4018 ita
1117 3965 1160 4016 si
1202 3961 1393 4032 scorpii
1426 3963 1638 4033 lupique
1673 3975 1850 4033 mores
1868 3961 2070 4033 induas
2092 4001 2105 4024 ,

529 4057 634 4096 non
689 4041 961 4092 brutorum
1010 4045 1287 4088 accusatur
1328 4030 1566 4098 natura,
1609 4032 1702 4085 sed
1747 4030 1980 4084 conditio
2021 4039 2107 4084 tua

529 4112 725 4180 probro
749 4108 997 4180 afficitur,
1016 4121 1130 4174 qua:
1155 4104 1577 4180 domini__sortem
1608 4116 1727 4155 cum
1756 4101 2019 4180 nacta-sit,
2046 4115 2109 4154 ea

530 4172 647 4250 quae
676 4187 797 4232 sunt
826 4172 1314 4250 serviliasectatur.
1350 4174 1474 4250 liam
1499 4186 1641 4250 alme
1663 4172 1964 4250 necessario
1992 4172 2106 4224 fue—

530 4242 655 4305 runt
681 4250 729 4301 in
762 4247 991 4301 medium
1015 4245 1190 4304 allata,
1217 4260 1282 4296 ne
1304 4245 1420 4310 quis
1441 4258 1500 4295 ea
1519 4242 1652 4295 forte
1672 4257 1788 4309 quae
1810 4242 1945 4292 dicta
1965 4249 2106 4303 sunt,

531 4321 597 4374 ad
629 4319 964 4379 ignominiam
993 4314 1262 4367 Creatoris
1289 4313 1560 4374 traducat,
1590 4312 1738 4379 quasi
1775 4311 1969 4379 malum
2014 4310 2109 4362 ali-

531 4359 674 4459 quod
715 4387 895 4442 fecerit
945 4386 1084 4438 Deus
1109 4403 1120 4437 :
1146 4400 1267 4459 vere
1305 4384 1445 4459 enim
1471 4359 1620 4459 _bo,nzi
1660 4387 1781 4432 sunt
1809 4378 1983 4431 omnia
2011 4419 2026 4443 ,
2057 4388 2110 4432 et

532 4452 687 4514 valde
721 4459 854 4512 bona
874 4499 887 4521 ,
923 4459 964 4508 si
997 4455 1258 4523 propriam
1287 4452 2025 4523 conditionemconservent,
2054 4458 2110 4502 et

533 4545 685 4584 suam
719 4519 886 4597 legem
916 4519 1198 4580 sectentur.
1229 4527 1401 4591 Atque
1424 4531 1480 4576 ut
1505 4520 1783 4597 intelligas,
1812 4519 2104 4582 carissime,

537 4602 665 4653 nihil
695 4615 723 4652 a
760 4592 865 4651 beo
895 4597 1016 4648 mali
1053 4604 1288 4650 creatum
1317 4608 1436 4647 esse
1464 4635 1476 4654 ,
1513 4592 1555 4645 si
1586 4603 1822 4642 naturam
1863 4597 2068 4656 spectes
2093 4628 2105 4651 ,

535 4671 712 4723 docuit
748 4684 845 4722 nos
878 4667 1018 4720 Dens
1045 4676 1096 4717 et
1128 4666 1423 4718 bclluarum
1453 4661 1856 4717 similitudinem
1886 4673 2110 4725 usurpa-

535 4755 613 4792 re.
638 4739 923 4791 Admonuit
942 4737 1080 4788 enim
1110 4744 1164 4788 ut
1184 4734 1440 4803 quasdam
1460 4737 1610 4786 dotes
1634 4731 2110 4803 prazrogativasque

537 4809 809 4861 brutarum
842 4806 1183 4859 animantium
1201 4800 1562 4864 imitaremur,
1589 4818 1653 4854 ne
1684 4809 1950 4867 tamquam
1975 4800 2110 4851 mala

537 4878 851 4930 damnemus
898 4888 949 4930 et
992 4877 1377 4930 calumnicmnr
1424 4888 1540 4940 qua:
1588 4879 1762 4925 creata
1803 4878 1969 4932 sunt,
2004 4883 2109 4922 non

537 4947 828 5015 generatim
862 4962 1045 4999 eorum
1073 4956 1315 4999 naturam
1343 4985 1357 5010 ,
1389 4943 1481 4997 sed
1508 4954 1853 5015 quaecumque
1879 4941 2112 5015 rationa-

535 5008 661 5071 liuin
707 5016 992 5069 conditioni
1047 5017 1312 5082 potuerint
1346 5008 1665 5066 tconve'nire.
1717 5014 1908 5082 Anno_n_
1956 5008 2112 5082 hodie

534 5085 944 5142 Proverbiorum
988 5077 1257 5139 auctorem
1291 5083 1479 5138 audisti
1530 5083 1826 5143 dicentem,
1869 5077 2006 5131 Vade
2045 5077 2112 5129 ad

535 5159 797 5284 ﬁrmicam
821 5195 835 5218 ,
864 5157 1033 5224 piger,
1069 5164 1114 5206 et
1155 5156 1395 5207 aemulare
1437 5154 1542 5206 vias
1583 5153 1692 5220 ejus
1722 5148 1902 5216 (Prov.
1934 5148 1986 5201 6.
2011 5147 2112 5216 6)?

585 5245 649 5281 on
679 5225 1055 5280 animadvertis
1089 5239 1192 5284 quo
1230 5236 1382 5284 pacto
1411 5223 1676 5284 proposita
1717 5219 1950 5272 formica!
1988 5217 2112 5271 dili-

585 5245 649 5281 on
679 5217 1055 5280 animadvertis
1089 5239 1192 5290 quo
1230 5236 1382 5290 pacto
1411 5217 2114 5292 propos’itaformicmdili:

571 5300 712 5352 entia
741 5309 838 5350 nos
868 5293 932 5347 ad
966 5288 1242 5360 impigrum
1272 5288 1538 5362 quod—dam
1565 5290 1796 5362 studium
1823 5288 2112 5362 erudierit?

571 5316 712 5352 eltlla
741 5316 838 5350 nos
868 5316 932 5347 au
967 5316 1242 5360 Illlptgrulu
1272 5316 1538 5362 quouualll
1565 5316 1796 5345 διυυιιιιιι
1823 5316 2105 5342 cruuscuu

533 5316 723 5422 gonne
753 5376 802 5419 te
827 5364 1024 5418 diserte
1053 5363 1329 5415 docuimus
1357 5379 1383 5414 a
1413 5363 1628 5416 formica
1657 5360 1980 5426 diligentiam
2003 5399 2016 5421 ,
2047 5358 2113 5412 ab

532 5455 632 5506 ape
663 5451 788 5495 vero
814 5433 1274 5506 artiliciiamorem
1299 5435 1321 5482 Υ
1349 5432 1492 5506 Licet
1518 5434 1660 5486 enim
1688 5430 1858 5494 nobis,
1893 5430 2028 5506 licet,
2056 5436 2114 5481 ut

535 5499 655 5564 ante
676 5507 804 5570 di"i,
824 5516 877 5558 et
904 5504 1187 5558 bestiarum
1217 5503 1588 5569 praerogativas
1614 5511 1668 5556 et
1695 5499 1971 5570 commoda
1994 5513 2113 5567 qua:

534 5569 824 5633 conditioni
875 5584 1068 5628 nostr:e
1097 5573 1448 5632 conveniunt,
1477 5571 1543 5622 ad
1582 5571 1890 5622 imitandum
1922 5569 2111 5622 decer-

537 5666 663 5718 perc
690 5667 701 5701 :
730 5643 1235 5718 verumtamen__ista
1278 5641 1342 5693 ad
1369 5639 1626 5718 pudorem
1659 5639 1820 5718 nobis
1848 5640 2110 5717 incutien-

532 5707 660 5772 ilum
694 5719 1046 5786 probrumque
1073 5714 1336 5786 dicuntur.
1363 5707 1585 5786 Quando
1613 5709 1752 5762 enim
1789 5709 1952 5762 Deum
1994 5707 2113 5760 imi-

538 5792 636 5841 tari
666 5779 899 5851 noluisti,
935 5779 1141 5839 imitare
1174 5784 1465 5838 formicam.
1497 5779 1864 5848 Numquamne
1909 5787 2111 5848 patrem

2215 941 2388 1023 vidisti
2417 943 2502 1023 qui
2534 943 2785 1023 dilectum
2817 943 2982 1023 filium
3004 945 3324 1023 objnArgaret,
3360 958 3412 1000 et
3444 958 3562 1014 post
3588 950 3798 1002 multum

2217 1013 2618 1067 instructionem
2648 1013 2711 1067 ad
2741 1013 3085 1068 imitationem
3115 1013 3580 1070 famulornmenm
3620 1021 3797 1072 tradu-

2214 1092 2381 1152 ceret,
2407 1094 2562 1152 atqne
2587 1085 2697 1136 Inec
2721 1086 2891 1152 palam
2915 1087 3116 1140 diceret
3139 1104 3153 1140 :
3179 1088 3389 1140 Imitare
3410 1089 3596 1141 saltcm
3629 1089 3796 1142 famu-

2214 1151 2320 1204 lum
2351 1195 2364 1215 ,
2393 1153 2648 1221 dignitate
2677 1151 2889 1222 quidem
2920 1157 3223 1211 inferiorem
3250 1199 3265 1221 ,
3297 1168 3349 1209 at
3379 1159 3600 1211 scientia
3631 1170 3796 1212 tamen

2217 1225 2676 1296 przestantiorem?
2707 1226 3067 1288 Quamobrem
3119 1226 3530 1296 benignissimus
3572 1230 3714 1282 Deus
3739 1231 3797 1283 ad

2212 1294 2606 1373 eoargnendum
2659 1305 2932 1373 stuporem
2977 1294 3262 1373 nostrum,
3287 1298 3554 1352 formicam
3603 1300 3797 1366 profert

2220 1364 2270 1415 in
2311 1364 2541 1417 medium
2571 1380 2598 1417 a
2627 1379 2728 1433 qua
2772 1366 3089 1434 negligentia
3132 1377 3311 1420 nostra
3350 1364 3683 1422 convincitur
3706 1412 3720 1431 ,
3750 1380 3798 1423 et

2209 1447 2363 1508 apem
2391 1450 2508 1503 qua:
2539 1435 2800 1508 pigritiam
2831 1447 3062 1508 nostram
3093 1438 3432 1491 condemnat.
3478 1441 3655 1508 Atque
3682 1440 3797 1493 hinc

2211 1506 2338 1584 satis
2363 1515 2606 1570 constat,
2637 1506 2763 1558 nihil
2789 1522 2816 1559 a
2847 1507 2954 1559 Deo
2977 1509 3176 1584 malum
3202 1509 3469 1584 conditum
3517 1506 3638 1564 esse
3660 1549 3674 1573 ,
3705 1511 3790 1579 qui

2212 1575 2306 1646 tibi
2346 1589 2562 1630 sensum
2607 1590 2670 1630 ac
2715 1588 2944 1630 mentem
2976 1577 3198 1641 indidit,
3227 1579 3378 1644 cujus
3405 1579 3452 1631 vi
3497 1582 3669 1646 possis
3697 1575 3791 1634 ista

2209 1643 2514 1724 discernere
2540 1688 2552 1707 ,
2582 1656 2639 1699 ut
2665 1647 2955 1724 belluarnm
2995 1649 3207 1717 quidem
3241 1643 3415 1702 mores
3438 1643 3674 1708 devites.
3709 1667 3796 1717 po-

2210 1717 2373 1769 tiores
2411 1727 2586 1770 autem
2627 1733 2810 1770 carum
2840 1717 2993 1772 dotes
3029 1727 3082 1771 et
3122 1721 3402 1772 commoda
3452 1723 3790 1774 consectcris.

2210 1783 2392 1839 Potest
2417 1788 2557 1840 enim
2590 1796 2642 1839 et
2675 1788 2757 1841 leo
2787 1789 2994 1840 virtutis
3024 1790 3196 1857 imago
3221 1805 3359 1853 esse,
3380 1806 3499 1842 cum
3529 1807 3632 1842 non
3667 1799 3794 1844 tam-

2210 1871 2367 1928 quam
2402 1857 2713 1928 tyrannidis,
2745 1859 2837 1912 sed
2865 1860 3011 1928 quasi
3041 1859 3366 1914 fortitudinis
3395 1861 3623 1914 indicem
3651 1865 3791 1915 simi-

2210 1924 2486 2000 litndinem
2503 1927 2656 2000 illam
2682 1924 2926 2000 accipis:
2957 1929 3095 2000 aliud
3127 1934 3319 2000 quippe
3345 1939 3427 1984 est
3455 1932 3715 2000 tyrannis,
3741 1943 3792 1986 ιιι

2207 1997 2352 2050 aliud
2393 1998 2666 2052 fortitudo.
2715 1997 2917 2052 idcirco
2971 1997 3267 2068 Scriptura
3301 2001 3409 2069 ipsa
3461 1997 3788 2056 Salvaturrm

2209 2070 2530 2140 annuntians
2553 2069 2879 2122 exoritnrum
2902 2085 2964 2124 ex
2988 2070 3144 2140 Juda,
3171 2071 3377 2123 Catulus
3395 2072 3572 2136 leonis,
3601 2074 3785 2140 inquit.

2206 2134 2349 2190 Iuda
2372 2155 2389 2191 :
2410 2155 2474 2192 ea:
2497 2141 2720 2208 germine
2740 2182 2754 2204 ,
2786 2141 2862 2207 ﬁli
2905 2141 3003 2204 nti,
3027 2134 3292 2194 ascendiin
3313 2158 3333 2192 .·
3353 2134 3647 2194 recumbens
3675 2134 3790 2195 dor-

2205 2209 2388 2280 mivisti
2415 2219 2478 2280 ut
2501 2209 2596 2268 leo.
2617 2220 2661 2261 et
2687 2212 2832 2279 quasi
2857 2212 3053 2263 catulus
3077 2211 3233 2264 leonis
3262 2210 3410 2280 (Gen.
3434 2213 3527 2266 49.
3559 2213 3636 2279 9).
3664 2211 3788 2266 Vide

2204 2278 2500 2356 cinjusmodi
2527 2278 2928 2356 similitudinem
2950 2296 3023 2356 ex
3050 2282 3252 2356 iisquae
3272 2278 3483 2356 belluis_
3501 2278 3681 2334 insunt
3699 2299 3788 2350 po-

2207 2349 2341 2428 ti_ora
2366 2392 2380 2414 ,
2408 2349 2620 2428 dux-erit
2645 2365 2822 2428 sermo
2855 2351 3085 2405 divinus.
3116 2349 3262 2405 Licet
3289 2353 3447 2420 igitur
3470 2349 3788 2428 leonem_s:i-

2205 2421 2411 2498 pienter
2431 2421 2622 2498 imitari
2648 2439 2660 2475 :
2680 2421 2802 2498 licet
2816 2431 2870 2476 ct
2881 2430 3183 2498 serpentem
3201 2437 3429 2498 quoque,
3458 2436 3562 2498 non
3580 2423 3786 2498 quidem

2207 2492 2259 2540 in
2279 2505 2483 2544 veneno
2500 2492 2783 2555 fundendo,
2801 2492 2892 2546 sed
2914 2494 2962 2544 in
2981 2494 3194 2546 solertia
3215 2493 3596 2561 ‘cotnparanda
3617 2511 3633 2546 :
3658 2496 3788 2547 sicut

2203 2568 2254 2632 et
2281 2563 2534 2628 apostolis
2555 2562 2805 2616 Servator
2829 2563 2919 2622 ait,
2945 2561 3116 2616 Estote
3142 2566 3404 2630 prudentes
3421 2563 3551 2617 sicut
3569 2580 3788 2632 serpens.

2201 2627 2576 2703 Quamobrem,
2593 2634 2636 2683 si
2658 2633 2790 2685 mala
2814 2641 2956 2703 esset
2974 2627 3235 2698 creatura,
3263 2636 3539 2703 imaginem
3561 2627 3708 2686 Suam
3725 2637 3788 2686 ad

2203 2704 2319 2773 ejus
2338 2701 2681 2754 imitationem
2707 2717 2808 2756 non
2826 2698 3214 2764 cohortaretur,
3240 2698 3441 2768 dicens,
3472 2703 3646 2757 Estote
3670 2722 3787 2773 pra-

2205 2768 2372 2824 dentes
2397 2773 2521 2824 sicut
2549 2789 2752 2840 serpens
2768 2773 2990 2844 (Matth.
3012 2773 3113 2844 710.
3137 2775 3224 2844 ib')
3255 2791 3268 2826 :
3297 2775 3503 2829 imitare
3531 2768 3788 2844 serpentis

2206 2856 2309 2893 non
2330 2857 2608 2906 venenum,
2635 2858 2737 2896 non
2763 2843 3020 2907 irant,sed
3052 2843 3552 2911 prudentiam.Nam
3571 2847 3612 2896 si
3637 2859 3788 2899 vene-

2205 2926 2329 2963 num
2357 2913 2596 2974 imiteris,
2625 2913 2818 2966 clamat
2846 2915 2895 2966 in
2921 2924 2972 2967 te
3001 2914 3184 2978 David,
3217 2930 3473 2968 accusans
3492 2928 3544 2970 et
3566 2914 3783 2969 dicens:

2206 2979 2376 3061 furor
2388 2985 2487 3036 illis
2501 2985 2774 3061 secundum
2789 2983 3163 3061 similitudinem
3176 2988 3434 3061 serpentis(
3449 2985 3587 3038 Psal.
3705 2985 3783 3061 .5);

2206 3054 2287 3132 sin
2312 3061 2486 3132 autem
2514 3054 2848 3132 prudentiam
2881 3055 2996 3132 ejus
3029 3057 3284 3121 imiteris,
3317 3058 3482 3109 factus
3511 3071 3570 3109 es
3591 3055 3785 3108 ChriSti

2205 3122 2527 3202 discipulus,
2555 3127 2642 3194 qui
2673 3122 2810 3178 diiit
2832 3166 2847 3188 ,
2877 3124 3052 3202 Estotc
3093 3129 3361 3202 prudentes
3401 3128 3529 3179 sicut
3559 3141 3782 3202 serpens.

2206 3192 2338 3260 Quia
2367 3196 2506 3248 enim
2536 3192 2755 3264 serpens
2781 3197 3027 3251 omnibus
3054 3192 3408 3250 animantibus
3435 3205 3518 3250 est
3551 3195 3786 3264 pruden-

2207 3267 2346 3330 tior,
2379 3274 2433 3317 ut
2465 3268 2621 3334 paulo
2648 3277 2771 3318 ante
2802 3267 2993 3319 lectum
3022 3275 3104 3320 est
3125 3307 3137 3328 ,
3165 3267 3495 3334 prudentiam
3544 3266 3787 3333 Opposuit

2209 3337 2522 3401 prudentia,
2546 3353 2647 3388 non
2669 3347 2723 3389 ut
2747 3335 2926 3388 dolum
2954 3345 3168 3390 neotere
3194 3336 3388 3398 discas,
3415 3335 3508 3389 sed
3533 3347 3585 3389 ut
3611 3338 3786 3388 dolum

2207 3404 2383 3456 discas
2407 3405 2698 3458 declinare.

2277 3474 2331 3526 2.
2358 3474 2619 3537 Quomodo
2639 3474 2872 3539 di/I‘eranl
2893 3475 3144 3528 calliditas
3165 3484 3210 3529 et
3234 3476 3545 3544 malignitas;
3579 3477 3791 3545 prudeno

2211 3546 2280 3597 tia
2329 3546 2577 3614 quomodo
2631 3546 2933 3598 adhibenda.
2952 3577 3020 3587 —
3041 3546 3158 3599 Vult
3186 3551 3326 3598 mini
3356 3547 3616 3614 benignus
3658 3549 3790 3597 Deus

2212 3631 2309 3670 nos
2340 3631 2456 3670 esse
2481 3631 2584 3668 non
2609 3616 2888 3685 malignos,
2922 3618 3013 3670 sed
3041 3617 3259 3669 callidos
3288 3635 3299 3668 :
3326 3617 3469 3668 aliud
3502 3625 3682 3669 autem
3714 3625 3792 3668 est

2211 3687 2489 3750 calliditas,
2542 3687 2684 3739 aliud
2719 3687 3040 3755 malignitas.
3079 3688 3315 3740 Callidus
3345 3688 3524 3754 itaque
3558 3696 3640 3738 est
3690 3702 3789 3739 non

2212 3760 2275 3810 ad
2308 3756 2708 3825 cxcogitandam
2742 3757 3020 3822 malitiam,
3061 3757 3152 3810 sed
3179 3757 3244 3809 ad
3285 3757 3543 3809 malitiam
3595 3760 3793 3809 evitan-

2213 3828 2333 3881 dam
2371 3845 2382 3879 :
2417 3828 2561 3880 ctuti
2591 3828 2729 3880 solet
2753 3828 3039 3880 calliditate
3080 3843 3183 3879 nou
3227 3828 3359 3879 utin
3405 3827 3542 3878 alios
3572 3836 3792 3880 consuat

2213 3898 2383 3960 dolos,
2425 3900 2517 3950 sed
2560 3907 2702 3950 utea
2734 3913 2849 3962 qiuc
2893 3913 2922 3949 a
2965 3899 3172 3952 caneris
3217 3899 3267 3949 in
3301 3897 3464 3964 ipsius
3507 3899 3792 3963 perniciem

2213 3978 2459 4022 contexta
2485 3977 2606 4021 sunt
2632 3967 2843 4034 effugiat
2881 3986 2892 4018 :
2926 3969 3188 4034 malignus
3227 3981 3401 4018 autem
3434 3977 3514 4017 est
3548 3966 3790 4026 sicarius,

2214 4039 2462 4106 deceptor
2486 4078 2500 4101 ,
2533 4039 2620 4106 qui
2663 4033 2780 4090 aliis
2811 4038 2946 4089 mala
2980 4033 3331 4089 titachiiiatiir.
3374 4033 3517 4086 Talis
3568 4039 3794 4100 prudens

2215 4108 2398 4167 Jacoh,
2432 4107 2662 4174 prudens
2706 4115 2762 4158 ut
2790 4121 3010 4173 serpens
3033 4147 3046 4166 .
3081 4121 3184 4157 nOn
3233 4119 3498 4158 venenum
3545 4117 3796 4172 Spargeus

2214 4188 2272 4232 ut
2315 4193 2559 4244 serpens.
2593 4177 2722 4230 Nam
2777 4192 2896 4228 cum
2932 4193 2980 4227 III
3019 4189 3297 4228 occursum
3346 4187 3796 4242 congress-nmque

2214 4265 2334 4303 cum
2367 4248 2527 4300 fratre
2557 4248 2696 4300 Esau
2737 4256 2987 4298 venturus
3036 4253 3207 4304 esset,
3255 4244 3472 4297 homine
3508 4245 3796 4298 sceleribus

2215 4329 2268 4371 et
2294 4317 2589 4386 parricidiis
2609 4327 2885 4383 cooperto,
2917 4316 3078 4386 Deum
3106 4316 3292 4386 orabat
3319 4315 3528 4386 dicens,
3568 4315 3793 4371 Uoniine.

2214 4383 2329 4440 erue
2353 4403 2428 4438 me
2448 4392 2509 4438 de
2536 4403 2687 4438 manu
2709 4387 2880 4454 fratris
2909 4387 3001 4436 mei
3026 4385 3176 4444 Esau,
3200 4385 3314 4448 quia
3343 4383 3490 4435 valde
3510 4401 3624 4434 eum
3655 4386 3796 4434 timeo

2217 4457 2365 4528 (Gen.
2398 4458 2486 4509 3‘2.
2521 4457 2645 4528 il):
2675 4456 2943 4522 Deumque
2984 4456 3059 4508 sic
3083 4455 3412 4528 precabatur,
3467 4465 3520 4504 ut
3542 4460 3796 4528 advenas

2215 4523 2409 4581 malum
2453 4523 2748 4579 orationem
2780 4533 3093 4594 opponeret.
3146 4525 3368 4591 Quando
3390 4538 3516 4577 vero
3536 4523 3683 4576 fratri
3713 4537 3798 4576 oo-

2215 4599 2401 4659 currit,
2438 4597 2789 4657 humanitate,
2825 4597 2967 4649 cuitu
2993 4604 3048 4648 et
3068 4595 3401 4648 observantia
3427 4594 3666 4646 furorem
3690 4596 3796 4660 ejus

2217 4667 2580 4730 lttnttSttefCCtl,
2617 4677 2669 4720 et
2703 4667 2957 4720 malitiam
2988 4667 3251 4720 restinxit.
3286 4665 3420 4731 Quid
3455 4664 3598 4716 enim
3637 4666 3711 4716 ait
3736 4661 3796 4714 ad

2216 4739 2392 4792 Esau?
2421 4739 2506 4790 Sic
2535 4739 2632 4789 vidi
2671 4739 2845 4804 faciem
2883 4748 3047 4800 luant,
3072 4746 3122 4788 ut
3165 4738 3208 4789 si
3248 4738 3355 4803 quis
3386 4734 3573 4786 rideret
3615 4737 3797 4786 vultum

2222 4810 2310 4859 Ι)ιὴ
2339 4807 2488 4877 (Gen.
2521 4809 2606 4861 55.
2633 4808 2744 4877 10).
2777 4811 2851 4860 Ac
2876 4809 2917 4859 si
2943 4807 3053 4859 haec
3080 4805 3440 4877 quidemdixit
3461 4805 3646 4864 Jacob,
3668 4814 3722 4856 ut
3741 4817 3796 4853 ea

2218 4876 2398 4931 fraude
2438 4881 2673 4931 vinceret
2699 4878 2946 4941 fratrem,
2977 4877 3113 4929 male
3143 4876 3454 4939 loquebatur
3480 4892 3492 4926 :
3516 4877 3599 4925 sin
3628 4884 3797 4925 autem

2217 4951 2365 5010 dixit,
2398 4958 2446 5002 ut
2480 4959 2735 5001 terrorem
2757 4948 3030 5015 effugeret,
3072 4945 3359 4998 calliditate
3381 4954 3525 4998 recte
3555 4960 3681 4996 usus
3703 4950 3796 5015 est.

2218 5018 2390 5071 Estote
2405 5035 2520 5087 ergo
2552 5019 2814 5085 prudentes
2844 5014 2897 5069 ut
2912 5032 3112 5084 serpens
3132 5014 3562 5087 (JIattltJDJG);
3585 5027 3688 5064 non
3715 5014 3801 5087 ira-

2217 5089 2397 5153 cundi,
2417 5081 2518 5141 non
2538 5081 2798 5141 venenum
2817 5081 3157 5153 ejaculantes,
3179 5086 3269 5139 sed
3290 5085 3600 5152 prudentes,
3616 5093 3662 5133 et
3687 5081 3801 5133 sim-

2219 5158 2370 5226 plices
2389 5159 2517 5210 sicut
2533 5159 2792 5210 coluinbaz.
2819 5156 2996 5226 Potest
3013 5164 3190 5208 autem
3213 5155 3452 5207 columba
3469 5163 3521 5205 et
3539 5155 3606 5203 ad
3621 5153 3799 5226 vitium

2217 5224 2351 5280 etad
2374 5229 2620 5280 virtutem
2649 5224 3051 5294 significandam
3079 5225 3396 5292 accipi:qua
3426 5237 3556 5294 vero
3577 5224 3800 5282 ratione,

2219 5299 2364 5350 audi.
2409 5299 2463 5351 Si
2484 5299 2558 5349 sis
2588 5292 3008 5350 ineoiisideratus
3038 5297 3359 5362 minimeque
3407 5292 3702 5351 discretus,
3752 5301 3802 5341 et

2221 5369 2386 5420 solius
2414 5367 2633 5418 malitia:
2663 5367 2886 5433 peritus,
2909 5374 3124 5420 accusat
3155 5375 3205 5418 te
3228 5365 3499 5433 Scriptura
3528 5370 3589 5433 ut
3613 5362 3805 5433 impru-

2219 5438 2451 5490 dentem.
2473 5429 2717 5502 Ephraiin
2739 5438 2900 5496 enim,
2920 5436 3106 5503 inquit,
3129 5435 3270 5499 quasi
3286 5431 3514 5503 columba
3534 5429 3802 5503 insipiens,

2218 5523 2329 5576 quw
2357 5523 2443 5560 cor
2471 5499 2570 5559 non
2592 5505 2738 5558 habet
2765 5508 2784 5575 (
2813 5504 2938 5559 Osee
2968 5499 3020 5556 τ.
3046 5506 3102 5558 Η
3137 5508 3176 5573 ).
3203 5504 3254 5557 Si
3285 5515 3411 5569 ergo
3447 5499 3805 5567 insipientiam

2227 5723 2236 5731 .
2284 5665 2298 5692 ί
2338 5669 2455 5731 “es:
2480 5661 2550 5708 sic
2571 5659 2741 5726 habet:
2759 5669 2854 5731 non.
2875 5655 3069 5731 quidem
3087 5655 3140 5731 in
3155 5651 3636 5731 E‘?T'_;‘2?-_(E‘_"df'_'td?:
3660 5664 3808 5731 [δεῖξ’

2218 5723 2268 5833 2t
2303 5713 2503 5780 malitia.
2530 5733 2679 5782 neque
2713 5720 2762 5768 in
2804 5713 3099 5782 plenitudine
3145 5713 3442 5772 acerbitatis,
3477 5714 3562 5762 sed
3591 5713 3638 5761 in
3663 5717 3807 5762 solar-

2259 5797 2308 5842 tt,
2337 5794 2430 5832 etc.
