3976 6218
572 395 687 453 523

568 492 836 561 Scriptura
876 489 1015 561 enim
1058 502 1162 542 non
1186 486 1486 561 necessitati
1530 487 2006 561 transgressionem
2045 485 2143 540 ad-

570 556 804 630 scripsit,
837 559 929 630 sed
961 558 1128 611 libero
1149 557 1369 611 arbitrio
1394 558 1528 626 ejus.
1562 556 1905 630 qtii__bonore_
1927 556 2147 630 allectus

571 625 829 695 fuerat,et
857 629 1110 682 honorem
1139 641 1243 680 non
1269 625 1594 694 agnoverati
1632 625 1798 680 Homo
1821 627 2037 694 quippe,
2067 627 2146 678 iii-

566 703 702 772 quit,
727 715 839 753 cum
862 700 916 752 in
941 699 1130 750 honore
1145 706 1294 772 esset,
1318 714 1416 772 non
1443 696 1686 750 intellexit
1705 695 1885 772 _(_Psal.
1913 697 2000 750 48.
2033 695 2142 765 15).

566 766 686 841 Age,
712 783 857 841 vero,
880 781 1084 841 rursus,
1114 767 1158 820 si
1199 768 1268 841 ita
1319 766 1540 828 videtur,
1571 767 1968 841 consideremus
2012 780 2145 841 quo-

569 835 728 897 modo
747 839 878 893 alios
902 837 1061 892 etiam
1090 836 1344 904 quosdam
1377 846 1590 905 pr0pter
1618 837 1925 890 varietatem
1953 843 2007 888 et
2030 835 2143 889 cal-

569 913 844 972 liditatem,
871 907 1152 976 multaeque
1187 907 1550 976 simulationis
1575 905 1787 974 plenam
1804 905 1974 976 animi
2021 919 2145 972 pro-

567 981 846 1036 fessionem
875 1018 891 1043 ,
950 973 1131 1043 vulpes
1179 973 1448 1043 Scriptum
1495 976 1749 1029 nominet.
1801 975 1874 1029 Ea
1930 984 2144 1043 propter

568 1049 830 1106 Herodem
854 1047 1032 1116 utique
1053 1046 1251 1116 varium
1274 1046 1326 1098 in
1351 1046 1606 1109 consiliis,
1637 1056 1690 1099 et
1726 1045 1778 1098 in
1807 1045 2140 1116 cogitationi-

567 1123 668 1175 lius
695 1114 959 1182 astutum,
983 1116 1033 1168 iii
1073 1115 1343 1183 impietate
1373 1116 1658 1178 viventem,
1688 1129 1750 1168 ac
1790 1115 1996 1182 pietatis
2023 1114 2141 1167 velo

567 1198 905 1260 personatum
927 1227 941 1251 ,
993 1186 1234 1260 Salvator
1287 1185 1510 1260 vulpem
1545 1186 1791 1260 appellat.
1819 1184 1951 1237 Cum
1978 1185 2137 1260 enim

565 1254 903 1314 advenissent
933 1255 1189 1316 nonnulli,
1220 1263 1377 1322 atque
1416 1255 1512 1322 ipsi
1559 1255 1947 1308 renuntiassent
1976 1254 2134 1307 llero-

563 1331 684 1385 dem
709 1330 877 1398 ipsum
901 1325 1254 1398 viderc_vel_le,
1287 1325 1720 1398 tum_saii_eta__illa
1751 1334 1802 1376 et
1828 1338 2134 1398 magnavox

563 1392 893 1468 respondens
916 1398 991 1468 ait
1019 1393 1242 1468 {Dicite
1270 1394 1406 1462 vulpi
1433 1394 1560 1468 isti,_
1582 1392 1749 1468 Hodie
1779 1402 1965 1468 etcras
1985 1394 2137 1468 signa

562 1462 715 1540 facio,
747 1478 807 1540 et
835 1465 1102 1540 tei°tia_di_e
1142 1480 1460 1540 consummor
1507 1463 1655 1540 (Luc.
1688 1465 1773 1518 15.
1807 1462 2137 1540 '52__)_.__Dicite

560 1532 708 1609 vulpi
726 1539 827 1609 isti,
861 1535 1199 1609 quasidicat,
1227 1535 1416 1609 animae
1550 1548 1760 1609 onmem
1791 1532 2134 1609 calliditatem

563 1602 736 1674 factm,
757 1602 923 1676 plenae
943 1605 1086 1668 dolo,
1106 1615 1158 1658 et
1178 1603 1322 1658 omni
1345 1603 1542 1676 malitia
1565 1613 1618 1656 et
1639 1602 1862 1676 fallacia.
1885 1603 2128 1676 Animad-

560 1673 772 1740 venis,—
802 1676 984 1734 frater,
1013 1689 1119 1744 quo
1165 1684 1317 1742 pacto
1367 1674 1585 1725 callidos
1629 1673 1898 1744 Scriptura
1949 1675 2132 1744 vulpes

558 1747 822 1817 appellet?
851 1742 1292 1817 Quotiescumque
1323 1744 1477 1812 igitur
1516 1757 1634 1795 cuin
1676 1743 1945 1817 psalmista
1977 1742 2132 1796 dixe-

559 1812 656 1882 ris,
689 1815 976 1871 Introibnnt
1005 1817 1058 1866 in
1087 1814 1328 1882 inferiora
1355 1823 1518 1876 terrae,
1550 1821 1714 1879 partes
1735 1812 1959 1880 vulpium
1987 1821 2132 1864 erunt

557 1887 728 1955 (Psal.
764 1886 852 1940 62.
887 1884 972 1939 10.
993 1885 1102 2004 ll),
1133 1883 1363 1951 intcllige
1392 1882 1637 1948 aenigma,
1666 1897 1837 1950 neque
1857 1882 2129 1935 existimes

557 1959 802 2004 miiimiia-
837 1955 974 2004 haud
1018 1968 1047 2004 a
1075 1956 1172 2004 iter
1204 1967 1358 2004 auaui
1391 1965 1486 2004 uer
1515 1951 1908 2004 intelligentiam
1939 1952 2125 2004 aceani.

557 1951 802 2027 aenigma,
837 1955 982 2027 haud
1018 1951 1172 2027 aliter
1197 1967 1358 2027 quam
1391 1965 1486 2027 per
1515 1951 1908 2027 intelligentiam
1939 1952 2125 2027 accmi.

557 1966 802 2027 aenigma,
837 1966 974 2008 haud
1018 1966 1172 2006 aliter
1204 1967 1358 2020 quam
1391 1966 1486 2019 per
1515 1966 1908 2020 intelligentiam
1939 1966 2043 2005 acc:
2092 1969 2125 2004 i.

556 2028 622 2082 Et
648 2040 830 2081 rursus
863 2024 984 2077 alibi
1015 2023 1167 2083 dicit,
1197 2021 1378 2075 Partes
1407 2023 1793 2092 liypocritaruni
1823 2031 1996 2092 erunt.
2027 1966 2126 2088 (fui

557 2099 698 2152 enim
722 2096 996 2149 veritatem
1024 2094 1282 2161 ignorant.
1310 2107 1414 2144 non
1444 2089 1564 2161 eum
1596 2089 1858 2161 fidelibus,
1879 2090 1972 2144 sed
1994 2106 2123 2161 cum

555 2167 845 2238 hypocrilis
885 2160 1086 2238 partem
1117 2161 1400 2238 accipiunt.
1446 2160 1595 2238 Unde
1623 2169 1684 2238 et_
1703 2160 1944 2238 salvator
1989 2160 2126 2238 hanc

554 2229 868 2291 sententiam
886 2229 1176 2300 obsignans
1197 2234 1268 2300 ait
1289 2231 1354 2284 de
1380 2244 1443 2283 eo
1468 2231 1554 2297 qui
1583 2229 1722 2283 male
1743 2229 2124 2300 dispensatoris

554 2320 777 2361 munere
804 2298 1154 2358 functus—erat
1178 2317 1191 2351 :
1226 2299 1441 2352 Intrabit
1471 2300 1705 2352 dominus
1733 2301 1859 2351 servi
1894 2298 2052 2361 illius,
2078 2307 2125 2350 et

551 2376 737 2428 dividet
785 2389 932 2430 eum.
992 2381 1277 2437 partemque
1302 2371 1432 2438 ejus
1482 2377 1632 2438 ponet
1679 2384 1790 2420 cum
1848 2368 2122 2436 Iiypocritis

553 2446 767 2512 (Matth.
799 2443 890 2496 24.
936 2438 1046 2512 5i).
1091 2437 1601 2512 Itaquehypocritas
1645 2438 1927 2512 appellavit
1976 2438 2119 2491 Scri-

553 2507 704 2592 ptura
735 2514 939 2592 vulpes.
971 2507 1023 2562 lii
1053 2521 1158 2592 tam
1186 2507 1377 2592 multas
1398 2522 1545 2592 ergo,
1571 2508 1780 2592 fratres,
1810 2507 2123 2592 disjectaest

552 2576 1052 2649 iiidecoras'liguras
1099 2587 1152 2631 ct
1199 2577 1568 2630 similitudines
1612 2576 1785 2649 imago
1825 2577 1934 2640 Dei,
1962 2580 2123 2649 sicut

552 2670 656 2707 nou
687 2653 802 2705 aliis
832 2646 1128 2703 nominibus
1150 2662 1363 2701 omnem
1399 2657 1659 2700 terrarum
1679 2647 1859 2700 orbem
1890 2646 2122 2714 appellet

553 2723 852 2791 Scriptura,
887 2717 1315 2791 prinsquamista
1348 2716 1578 2784 cognitio
1609 2715 2118 2791 pietatisillucescc-

552 2783 854 2859 rct,'quani
887 2783 1180 2859 briitoruiii,
1200 2783 1578 2859 iumentorum,
1591 2795 1642 2838 et
1670 2783 2119 2859 reptiliumatque

551 2853 858 2934 immanium
890 2853 1205 2934 bestiarum.
1243 2855 1527 2934 Enimvero
1570 2857 1739 2934 ipsum
1774 2853 2116 2934 coryphieum

548 2930 908 2999 apostolorum
952 2927 1187 2988 Petrum,
1230 2941 1362 2999 cum
1398 2923 1804 2999 benignissimus
1837 2923 1988 2999 _De_us
2019 2923 2115 2978 ad-

549 2991 767 3055 monere
811 2998 987 3059 vellet,
1019 3005 1072 3048 iit
1112 3010 1179 3048 ex
1208 2991 1746 3060 alienigeiiis’omnes
1787 2991 2112 3057 admitteret,

546 3072 636 3138 qui
663 3083 720 3123 se
746 3066 1013 3129 offerrent,
1043 3064 1408 3138 admirabilem
1430 3063 1570 3115 illam
1596 3073 1644 3138 et
1675 3063 1978 3138 inusitatam
2005 3065 2116 3118 sin-

547 3132 740 3194 donem
795 3134 1229 3190 commonstravit
1281 3133 1378 3196 illi,
1431 3149 1548 3200 quae
1601 3133 1668 3186 de
1712 3132 1844 3185 caelo
1885 3143 2113 3201 quatuor

546 3210 708 3263 initiis
733 3205 1158 3267 submittebatur,
1182 3204 1231 3254 in
1260 3217 1359 3271 qua
1381 3212 1533 3254 erant
1552 3203 1725 3254 omnia
1748 3202 2109 3270 quadrupedia

546 3288 724 3340 terrae,
747 3287 799 3328 et
839 3275 1066 3326 volatilia
1105 3272 1242 3338 ca-li,
1273 3270 1328 3324 et
1365 3270 1547 3324 bestia.-
1577 3281 1629 3324 et
1650 3271 1912 3340 rreptilia:
1944 3282 1999 3324 et
2036 3273 2112 3326 ait

547 3349 610 3400 ad
646 3339 789 3407 eum,
820 3344 1003 3412 Surge,
1032 3340 1197 3412 Petre,
1229 3341 1398 3393 occide
1433 3350 1478 3392 et
1507 3339 1772 3412 manduca.
1803 3341 1891 3393 Ait
1931 3351 2106 3412 autem

546 3417 810 3484 apostolus
835 3431 847 3466 :
876 3410 1032 3471 Absit,
1064 3410 1316 3484 Domine;
1343 3424 1613 3484 numquam
1634 3411 1784 3484 enim
1813 3410 2110 3484 litanducam'

545 3477 689 3539 omne
715 3497 973 3538 commune
1011 3491 1056 3534 et
1082 3480 1392 3532 immundum
1430 3479 1560 3546 (Act.
1593 3477 1678 3532 10.
1707 3480 1793 3533 15.
1828 3481 1937 3547 14).
1957 3480 2109 3548 Igno-

543 3572 668 3609 rans
717 3555 856 3606 enim
906 3552 1130 3618 aenigma
1171 3548 1529 3602 similitudinis
1573 3548 1780 3613 Petrus,
1814 3560 2105 3616 putatisque

541 3624 758 3678 sensilia
789 3637 904 3674 esse
940 3636 1059 3688 quae
1105 3618 1333 3688 videbat,
1354 3618 1798 3688 iiiauducaturuin
1831 3632 1889 3688 se
1918 3630 2102 3688 negat,

540 3685 977 3748 consuetudinem
1014 3701 1233 3742 servans
1265 3685 1555 3750 .Iudaicam,
1587 3696 1640 3739 et
1665 3689 1766 3750 ait,
1807 3687 1969 3752 Absit,
2002 3685 2106 3740 Do-

544 3765 712 3816 mine:
742 3773 1010 3827 numquam
1050 3758 1181 3809 enim
1227 3754 1522 3827 manducavi
1563 3772 1708 3827 omne
1734 3772 2007 3827 commune
2059 3768 2104 3809 et

541 3824 882 3885 immundum.
903 3828 1152 3881 Dominus
1179 3836 1354 3880 autem
1384 3825 1447 3876 ad
1476 3840 1595 3878 eum
1635 3824 1788 3889 dixit,
1818 3824 1943 3889 Quae
1969 3825 2105 3880 Deus

539 3901 844 3970 puriﬁcavit,
874 3909 926 3948 tu
954 3896 1237 3949 communia
1270 3896 1538 3970 nedireris
1568 3893 1800 3970 (lbid._v.
1831 3896 1942 3970 15).
1981 3896 2103 3951 Haec

539 3965 718 4038 itaque
740 3968 989 4038 Salvator!
1004 3981 1123 4038 cum
1147 3966 1387 4038 apostolo
1404 3965 1784 4038 disserebatde
1808 3967 2104 4038 quadrupes

538 4033 694 4094 dibus
723 4036 1095 4106 apparentibus
1124 4045 1176 4087 et
1207 4034 1386 4087 bestiis
1423 4049 1486 4086 ac
1529 4035 1861 4106 volatilibus;
1907 4033 2102 4089 Christi

539 4124 665 4162 vero
696 4104 964 4174 apostolus
1014 4105 1199 4157 Petrus
1245 4106 1499 4157 intellexit
1539 4112 1742 4174 postea,
1774 4104 2100 4158 Salvatorem

541 4195 642 4230 non
671 4171 903 4230 volatilia
947 4186 996 4228 et
1027 4175 1228 4241 belluas
1260 4171 1583 4241 significasse
1615 4188 1708 4241 per
1737 4174 1975 4236 linteum,
2007 4176 2100 4228 sed

537 4257 718 4315 gentes
748 4259 956 4303 omnes,
983 4245 1156 4315 aitque
1183 4240 1446 4308 Cririielio,
1471 4258 1591 4294 cum
1617 4240 1714 4315 illo
1753 4244 2095 4315 colloquens:

553 4311 648 4369 νος
674 4315 809 4368 scitis
846 4313 1093 4380 quomodo
1131 4315 1469 4362 abominatum
1519 4315 1581 4362 sit
1618 4313 1722 4362 viro
1755 4311 1938 4364 Juda'o
1978 4331 2098 4365 ron-

536 4387 682 4459 jnngi
706 4384 858 4436 alicui
896 4384 1223 4459 alienigente:
1250 4381 1336 4434 sed
1355 4381 1744 4459 miihi-ostendit
1774 4380 1908 4459 Deus
1938 4384 2098 4459 nenii-

539 4449 653 4510 iieni
680 4468 988 4507 communem
1026 4461 1112 4504 aut
1140 4451 1452 4504 immundum
1477 4449 1640 4503 dicere
1665 4451 1913 4503 hontinem
1960 4451 2096 4521 (Act.

606 4530 898 4647 1333mm
925 4591 1065 4643 nulla
1092 4590 1340 4644 distinctio
1369 4590 1533 4644 divitis
1563 4600 1608 4642 cl
1638 4591 1887 4658 pauperis.
1912 4620 1981 4628 —
2006 4591 2091 4644 Di-

537 4664 735 4729 dicisti,
768 4665 836 4715 mi
869 4663 1057 4724 frater,
1088 4662 1349 4729 quoniode
1375 4662 1518 4714 varie
1548 4661 1838 4713 belluarum
1868 4661 2100 4728 appella-

535 4734 764 4787 tionibus
813 4731 1064 4785 fuerimus
1101 4731 1446 4787 ignominiose
1488 4730 1692 4783 notati?
1736 4729 1937 4782 Rursus
1977 4745 2095 4784 cuin

533 4802 725 4871 legeris
747 4803 797 4855 in
832 4800 1081 4868 propheta
1118 4771 1270 4864 fsaia,
1289 4870 1294 4871 ν
1315 4800 1452 4871 Tunc
1477 4799 1625 4871 lupus
1651 4799 1801 4852 simul
1830 4815 1941 4871 cum
1968 4816 2097 4867 agno

531 4867 780 4940 priuetur,
817 4867 860 4922 et
883 4871 1104 4938 pardalis
1127 4886 1238 4920 cum
1277 4869 1724 4940 hwdoaccubabit,
1762 4879 1805 4940 et
1833 4867 1908 4920 leo
1937 4879 1983 4921 et
2010 4871 2098 4923 bos

532 4937 680 4993 simul
707 4937 992 5008 pascentur,
1022 4948 1066 4991 et
1088 4940 1235 4991 simul
1259 4939 1514 4992 comedent
1539 4940 1710 5005 paleas
1741 4937 1894 5006 (lsai.
1927 4941 2011 4991 11.
2042 4943 2093 4992 6.

533 5010 586 5064 7.
612 5021 655 5062 et
684 5012 769 5063 (55.
799 5009 888 5078 25)
919 5027 930 5061 :
961 5009 1190 5077 intellige
1219 5011 1437 5077 aiiiigma
1458 5048 1471 5071 ,
1504 5018 1556 5061 et
1576 5010 1718 5061 clare
1750 5008 1959 5076 percipe
1984 5010 2096 5076 ejus

534 5081 964 5148 intelligentiam,
1005 5081 1146 5146 quod
1186 5095 1289 5131 non
1322 5083 1591 5132 [ιιίιιυι-ιιιιι
1636 5079 1938 5130 animalium
1966 5092 2096 5132 con-

538 5163 745 5202 ventuin
778 5150 1054 5216 significat,
1092 5149 1184 5201 sed
1217 5150 1486 5201 hominum
1516 5148 1687 5215 potius
1726 5151 2096 5216 congregatio-

530 5232 670 5280 nem,
707 5219 960 5286 planeque
992 5217 1199 5282 pietatis
1227 5219 1650 5271 communionem
1697 5217 2092 5285 interpretatur,

524 5297 582 5342 et
610 5288 828 5340 salutem
858 5302 951 5355 per
973 5288 1195 5353 gratiam
1224 5289 1469 5340 omnibus
1501 5286 1806 5339 mortalibus
1837 5287 2092 5353 all'ulgen-

530 5369 655 5409 teni.
685 5356 812 5409 Cum
843 5359 980 5407 enim
1015 5373 1062 5406 iu
1096 5357 1314 5408 ecclesia
1345 5372 1626 5424 pauperem
1658 5356 1847 5409 videris
1869 5371 1987 5408 cum
2015 5357 2088 5408 di-

528 5428 634 5479 vile
654 5430 982 5488 adstantem,
1035 5440 1152 5476 eum
1194 5427 1499 5492 magistratu
1546 5428 1838 5493 priVatum,
1884 5435 2071 5476 teiiucii

529 5512 646 5548 cum
677 5496 880 5560 illustri,
911 5510 1134 5561 cumque
1157 5495 1242 5562 qui
1267 5498 1496 5548 exterius
1520 5505 1833 5564 potestatem
1859 5505 2086 5559 veretur,

528 5566 800 5619 Considera
829 5565 948 5634 quid
979 5565 1075 5618 sibi
1104 5566 1226 5616 Velit
1259 5565 1400 5626 illud;
1428 5565 1601 5632 Lupus
1626 5581 1734 5616 cum
1757 5580 1886 5632 agno
1918 5580 2090 5632 pasce-

527 5647 624 5688 tiii'.
675 5636 875 5704 Lupum
909 5635 1152 5686 nimirum
1181 5637 1404 5700 appellat
1445 5636 1693 5698 divitem,
1741 5650 1930 5700 agnum
1970 5648 2092 5686 \cro

528 5721 826 5775 panpereni.
855 5705 1004 5760 Unde
1026 5714 1200 5757 autem
1225 5706 1272 5755 id
1301 5706 1549 5775 constat?
1569 5707 1825 5769 Quoniam
1852 5718 2090 5756 COIllillU-

527 5774 720 5832 uacabit
755 5776 1055 5843 inpatrum
1086 5793 1252 5845 agito,
1287 5791 1386 5844 quo
1431 5774 1589 5828 modo
1617 5775 1764 5829 dives
1806 5789 1924 5828 cuiu
1965 5789 2091 5843 pau-

2075 369 2341 426 SPURIA.

3720 389 3815 446 521

2253 502 2398 563 pere.
2450 487 2622 558 Atque
2655 489 2872 563 attende
2908 491 3208 563 diligenter.
3255 489 3472 563 Adstitit
3497 490 3808 563 plerumque

2251 556 2401 611 dives
2429 568 2483 613 et
2513 556 2713 628 pauper
2759 562 2810 615 in
2856 556 3122 616 ecclesia:
3155 556 3556 629 comprehendit
3599 571 3650 614 te
3692 556 3805 615 hora

2250 630 2623 698 mysteriorum
2652 648 2665 683 :
2694 631 2976 698 expellitur
3007 632 3158 686 dives
3181 672 3196 696 ,
3237 642 3293 684 ut
3330 632 3550 685 minime
3590 632 3807 684 initiatus

2251 697 2538 766 mysteriis,
2571 697 2843 767 permanet
2861 713 3036 754 autem
3069 705 3201 753 intra
3221 701 3452 755 celestis
3479 701 3806 755 tabernacula

2249 768 2528 840 adsintque
2558 785 2771 840 pauper
2812 787 2826 823 :
2876 785 3044 840 neque
3086 779 3262 825 tamen
3307 771 3612 838 indignatur
3637 772 3805 832 dives,

2288 835 2455 910 uippe
2482 835 2584 905 qui
2613 841 2821 910 noverit
2863 854 2922 895 se
2961 835 2990 893 ξι
3029 840 3220 894 divinis
3273 835 3540 910 mysteriis
3567 841 3803 910 alienum.

2288 851 2444 904 uippe
2482 853 2569 905 qui
2613 851 2821 892 noverit
2863 854 2922 895 se
2961 855 2990 893 a
3029 851 3220 894 divmis
3273 851 3540 910 mysteriis
3567 851 3803 893 alienum.

2247 851 2568 971 Quinetiam,
2598 923 2630 959 ο
2656 908 2891 962 divinum
2919 910 3252 971 beneﬁcium,
3281 924 3386 963 non
3417 908 3581 964 modo
3605 909 3807 975 aequali.

2247 983 2328 1027 tas
2357 975 2572 1029 honoris
2597 986 2678 1032 est
2703 980 2754 1030 in
2781 980 3024 1046 ecclesia,
3053 995 3171 1047 quae
3199 993 3226 1032 a
3259 979 3366 1033 Deo
3393 991 3476 1034 est
3504 981 3695 1047 gratia,
3722 976 3804 1033 sed

2250 1052 2306 1118 et
2334 1059 2454 1118 cum
2487 1055 2708 1118 uterque
2745 1049 3016 1114 substitit,
3053 1049 3358 1118 plerumque
3395 1064 3597 1118 pauper
3627 1049 3804 1117 pietate

2245 1112 2460 1187 divitem
2506 1112 2773 1187 aiiteCellit
2803 1135 2816 1171 :
2847 1112 3016 1187 neque
3055 1112 3340 1187 quidquam
3378 1112 3527 1171 diviti
3572 1112 3800 1187 romule:

2244 1193 2367 1257 runt
2391 1186 2455 1237 ad
2473 1185 2725 1257 pietatem
2751 1202 2879 1255 opes
2902 1185 3133 1257 [neque
3156 1185 3439 1257 paupertas
3467 1188 3611 1240 lideli
3642 1186 3802 1241 fraudi

2243 1251 2362 1316 fuit,
2393 1251 2491 1307 sed
2514 1270 2634 1308 eum
2657 1251 2988 1310 cum'liducia
3016 1251 3196 1310 c'orai'n
3222 1251 3404 1311 sancto
3429 1258 3618 1310 statuit
3643 1257 3800 1309 altari.

2311 1323 2365 1375 2.
2400 1323 2525 1378 Hec
2552 1335 2749 1393 autem,
2777 1325 3125 1391 dilectissimi,
3156 1328 3223 1381 de
3245 1326 3645 1380 catechumenis
3671 1341 3700 1379 a
3724 1341 3801 1380 uie

2241 1391 2509 1457 dicuntur,
2540 1409 2644 1448 non
2671 1391 2741 1449 de
2769 1395 3038 1464 quibusvis
3061 1397 3342 1464 epulentis.
3372 1397 3630 1459 Δάνα-ιθ,
3665 1412 3801 1464 qua:-

2241 1476 2322 1524 so,
2350 1464 2607 1530 animum,
2638 1466 2708 1518 iui
2741 1465 2918 1529 frater,
2949 1482 3011 1518 ac
3037 1467 3154 1520 vide
3178 1481 3290 1535 quo,
3305 1475 3459 1533 pacto
3485 1480 3630 1534 saepe
3645 1466 3804 1519 domi-

2241 1547 2340 1585 nus
2364 1535 2585 1588 excedat
2613 1551 2676 1589 ex
2705 1536 2951 1600 ecclesia,
2981 1545 3034 1589 et
3058 1534 3241 1589 servus
3267 1534 3437 1589 ﬁdelis
3477 1539 3646 1588 sacris
3673 1538 3799 1588 assi-

2239 1602 2358 1673 deat
2376 1605 2640 1673 mysteriis
2665 1623 2677 1656 :
2699 1606 2998 1673 egrediatur
3017 1607 3248 1664 domina.
3269 1613 3321 1658 et
3345 1613 3564 1657 maneat
3583 1605 3798 1660 ancilla:

2238 1669 2359 1744 [Yon
2395 1669 2535 1726 enim
2585 1669 2770 1742 accipit
2811 1675 3025 1726 hominis
3067 1675 3243 1744 faciem
3291 1673 3424 1726 Deus
3447 1673 3591 1743 (Gal.
3624 1674 3678 1728 2.
3711 1676 3796 1742 ti).

2235 1741 2348 1794 Non
2375 1751 2456 1796 est
2487 1759 2614 1812 ergo
2641 1745 2689 1796 in
2720 1744 2954 1798 Ecclesia
2993 1741 3176 1798 servus
3204 1752 3258 1797 et
3295 1744 3427 1797 liber
3456 1741 3470 1806 ζ
3517 1744 3615 1796 sed
3661 1741 3798 1796 illum

2235 1812 2671 1882 novitSci‘iptura
2694 1830 2923 1878 servum,
2955 1814 3042 1882 qui
3068 1815 3304 1868 servituti
3337 1814 3536 1882 peccati
3568 1813 3801 1867 addictus

2233 1891 2334 1953 est.
2360 1881 2464 1953 Qui
2495 1881 2636 1953 enim
2660 1924 2672 1947 ,
2710 1884 2896 1953 inquit,
2933 1885 3055 1953 facit
3083 1881 3364 1951 peccatum,
3397 1899 3567 1936 servus
3594 1893 3666 1935 est
3694 1898 3799 1951 pec-

2233 1952 2332 2002 cati
2360 1949 2550 2022 (Joan.
2585 1952 2635 2007 8.
2668 1954 2736 2007 54
2754 1949 2798 2022 )ζ
2847 1949 3000 2006 Illum
3048 1949 3206 2006 etiam
3247 1954 3467 2005 liberum
3521 1949 3795 2022 agnoscit,

2233 2022 2320 2092 qui
2365 2038 2393 2072 a
2431 2021 2605 2075 divina
2634 2021 2802 2092 gratia
2843 2024 2894 2076 iii
2937 2023 3232 2092 libertatem
3270 2032 3506 2076 asseritis
3535 2031 3636 2074 est.
3671 2021 3797 2074 Nam

2231 2087 2358 2154 Lex,
2389 2093 2576 2157 inquit,
2605 2087 2813 2157 spiritus
2833 2093 2945 2145 vita:
2969 2094 3023 2145 in
3045 2091 3170 2145 Jesu
3193 2092 3388 2144 Christo
3413 2092 3637 2144 liberavit
3671 2108 3748 2142 me
3769 2106 3798 2142 a

2230 2159 2551 2233 legepeccuti
2576 2159 2749 2233 (Rom.
2778 2163 2830 2216 8.
2858 2164 2938 2229 2).
2961 2162 3092 2233 Cum
3120 2163 3277 2233 igitur
3306 2163 3416 2233 haec
3443 2165 3614 2233 imago
3642 2163 3798 2214 variis

2229 2231 2402 2282 modis
2426 2271 2439 2290 ,
2472 2243 2528 2283 ut
2550 2231 2673 2285 ante
2701 2232 2959 2294 diximus,
2993 2231 3244 2284 labefacm
3268 2241 3320 2284 et
3348 2231 3605 2284 dissoluta
3633 2242 3794 2292 esset,

2229 2301 2371 2351 venit
2400 2299 2658 2365 Salvator,
2691 2311 2743 2355 et
2769 2303 3031 2368 propriam
3061 2302 3337 2369 imaginem
3368 2300 3714 2363 restauravit;
3745 2313 3794 2353 et

2226 2382 2381 2440 quam
2413 2370 2657 2424 diabolus
2685 2372 2989 2440 dissiparat,
3017 2385 3134 2424 eam
3164 2368 3340 2440 ipsam,
3359 2371 3475 2422 tulit
3494 2369 3681 2436 Opifex
3704 2368 3798 2422 bo-

2229 2452 2322 2508 iiio
2342 2436 2512 2491 laetus
2531 2451 2734 2493 amator
2757 2436 3027 2494 hiiiiiiiiiim
3053 2480 3068 2505 ,
3107 2436 3210 2493 non
3233 2449 3289 2492 ut
3312 2439 3618 2508 dignitatem
3643 2453 3794 2492 suam

2226 2506 2485 2578 dedecore
2509 2508 2773 2573 alliceret,
2820 2515 2909 2563 sed
2939 2524 3086 2563 suam
3121 2524 3244 2578 erga
3283 2506 3392 2561 nos
3419 2508 3794 2578 benignitatem

2225 2574 2633 2632 demonstraret.
2669 2579 2817 2634 Unde
2845 2580 2946 2633 hoc
2975 2574 3206 2633 divinum
3232 2589 3284 2632 et
3306 2574 3614 2631 admirabile
3639 2578 3795 2630 indu-

2224 2656 2461 2700 mentum
2509 2647 2695 2702 beatus
2735 2649 2895 2702 David
2939 2652 3298 2717 prainuntians
3337 2648 3509 2701 dixit:
3543 2646 3794 2717 Dominus

2223 2716 2446 2787 regnauit
2470 2756 2486 2781 ,
2535 2718 2763 2771 decorent
2805 2716 3009 2771 indutus
3045 2730 3117 2771 est
3139 2719 3155 2787 (
3178 2717 3322 2771 Psal.
3350 2719 3437 2772 9i.
3474 2719 3531 2783 1)
3558 2719 3581 2768 ‘i
3606 2716 3794 2785 Neque

2223 2799 2348 2856 vero
2379 2786 2640 2840 Divinitati
2673 2789 2925 2856 principio
2951 2786 3154 2842 carenti
3189 2799 3243 2842 et
3280 2789 3605 2854 imorporeze
3632 2787 3794 2840 datur

2223 2853 2586 2926 indumentum
2623 2853 2784 2926 (nihil
2811 2853 2952 2912 enim
2983 2869 3063 2912 est
3092 2859 3328 2910 ornatius
3375 2853 3480 2910 Deo
3518 2856 3794 2924 magisque

2220 2921 2470 2996 decorum
2498 2965 2513 2990 ,
2551 2921 2707 2994 quam
2736 2937 2792 2981 ut
2819 2929 2930 2996 ipse
2953 2927 3200 2981 decorem
3229 2926 3449 2996 induat)
3475 2964 3489 2988 ,
3527 2921 3653 2992 quin
3690 2921 3793 2979 hoc

2221 2994 2466 3048 humanae
2494 3005 2693 3049 natura:
2712 2994 2977 3051 convenit.
3007 2996 3216 3050 Etenim
3246 3013 3341 3049 nos
3364 2994 3606 3048 homines
3627 3009 3791 3047 mem-

2218 3061 2431 3117 brorum
2463 3065 2852 3120 deformitatem
2879 3066 3305 3120 iestimeiitorum
3331 3066 3524 3118 deCore
3549 3067 3791 3133 contegi-

2217 3146 2336 3186 iiius
2373 3150 2387 3186 :
2416 3149 2594 3188 verum
2625 3149 2744 3187 cum
2787 3136 2926 3188 Deus
2965 3135 3186 3203 simplex
3227 3135 3327 3196 sit,
3359 3144 3410 3186 et
3437 3136 3552 3187 sine
3579 3133 3748 3202 ﬁgura
3771 3175 3790 3200 ,

2215 3203 2360 3272 solus
2383 3203 2580 3257 habens
2609 3205 3070 3272 immortalitatem,
3100 3205 3268 3257 lucem
3288 3204 3529 3257 habitans
3552 3204 3791 3256 inacces-

2215 3270 2421 3342 sibilem
2452 3275 2501 3341 (l
2521 3311 2533 3324 .
2567 3271 2697 3326 Tim.
2724 3276 2776 3326 6.
2803 3277 2912 3342 l6),
2940 3270 3262 3342 quo'decore
3287 3285 3423 3341 eget,
3453 3283 3544 3325 aut
3574 3288 3682 3338 quo
3712 3274 3790 3326 in-

2213 3339 2749 3396 diimcnto'ornatur‘!
2792 3339 2940 3398 Unde
2957 3339 3300 3409 'persiiiciium
3324 3339 3420 3396 'est
3470 3344 3786 3410 prophetam

2213 3412 2562 3479 appellavisse
2589 3411 2858 3477 decorem,
2889 3413 3126 3480 corporis
3147 3415 3584 3480 assumptionem.
3616 3415 3787 3477 Quin-

2212 3481 2371 3533 etiam
2415 3493 2566 3534 vocat
2609 3481 2940 3546 decentiam,
2971 3483 3235 3549 propriam
3270 3496 3486 3534 eat-ueni
3513 3521 3527 3545 ,
3579 3497 3686 3533 non
3720 3483 3788 3534 ob

2211 3551 2450 3619 corporis
2479 3559 2755 3614 naturam,
2788 3550 2882 3604 sed
2903 3552 2970 3604 ob
2992 3552 3239 3605 virtutum
3272 3550 3674 3620 perfectionem.
3708 3550 3787 3603 ld-

2209 3618 2352 3672 circ’o
2372 3620 2622 3673 decorum
2644 3635 2834 3688 corpus
2860 3619 3084 3685 Domini,
3113 3635 3216 3673 non
3239 3618 3378 3688 quod
3399 3634 3595 3687 corpus
3625 3618 3788 3673 fuerit

2208 3689 2400 3751 solum,
2433 3689 2526 3742 sed
2557 3689 2703 3752 Quod
2730 3701 2983 3758 peccatum
3010 3706 3108 3742 non
3134 3690 3325 3758 fecerit,
3356 3704 3512 3756 neque
3538 3688 3688 3740 dolus
3709 3691 3786 3740 in-

2210 3769 2380 3811 ventus
2408 3760 2472 3830 sit
2494 3759 2547 3811 in
2566 3775 2651 3812 ore
2670 3760 2796 3828 ejus.
2825 3757 3072 3830 Dominus
3097 3757 3338 3830 regnavit,
3369 3760 3599 3830 decorem
3627 3760 3786 3810 indu-

2210 3835 2288 3898 tus
2312 3839 2380 3880 est
2413 3826 2561 3898 (Isai.
2585 3826 2783 3898 55(9).
2816 3829 2902 3882 Sic
2930 3832 3088 3882 etiam
3113 3826 3185 3881 ait
3216 3829 3397 3891 Isaias,
3429 3827 3572 3897 quod
3595 3842 3786 3882 omnes

2210 3896 2452 3951 homines
2501 3896 2818 3960 induct,'et
2869 3898 3214 3953 circumdabit
3265 3899 3413 3966 quasi
3455 3896 3785 3950 ornamento

2207 3981 2416 4034 sponsa:
2446 3966 2601 4036 (lsai.
2628 3968 2718 4022 49.
2749 3969 2870 4037 18).
2903 3967 3119 4020 lndutus
3144 3977 3214 4020 est
3242 3967 3491 4018 Dominus
3518 3967 3786 4034 fortitudi-

2208 4053 2338 4100 nem,
2367 4047 2412 4089 et
2439 4038 2698 4107 prwcinxit
2721 4052 2810 4098 se;
2833 4048 2904 4107 ct,
2935 4037 3200 4107 Accingere
3227 4037 3396 4107 gladio
3422 4047 3507 4086 tuo
3525 4039 3680 4104 super
3709 4039 3784 4104 fe-

2206 4123 2318 4158 mur
2345 4116 2501 4171 tuum,
2531 4116 2701 4176 potens
2728 4106 2904 4176 (Psal.
2928 4106 3015 4160 92.
3048 4107 3102 4160 1.
3128 4116 3173 4158 et
3200 4108 3288 4160 44.
3317 4106 3385 4173 4)
3413 4144 3427 4168 ,
3467 4113 3523 4158 ct
3552 4121 3672 4172 qua:
3703 4121 3787 4159 se-

2207 4186 2456 4247 quuntur.
2506 4184 2674 4244 Atque
2717 4180 2828 4247 inec
2859 4187 3123 4245 tamquam
3169 4187 3427 4229 armatum
3473 4176 3783 4247 quempiam

2207 4246 2382 4313 regem
2409 4247 2673 4299 Christum
2705 4246 3102 4308 demonstrant,
3135 4260 3279 4298 arma
3307 4247 3550 4312 quedam
3586 4246 3787 4298 teri-eui

2206 4316 2444 4384 corporis
2475 4317 2710 4368 indutum
2743 4333 2755 4368 :
2787 4325 2840 4369 ct
2859 4316 3048 4369 merito
3079 4315 3294 4384 terreni.
3319 4313 3432 4367 Non
3465 4315 3612 4367 enim
3637 4315 3787 4366 simi-

2206 4383 2326 4454 liter
2355 4395 2508 4454 atque
2539 4385 2779 4438 homines
2803 4398 3036 4437 armatur
3060 4424 3072 4447 ,
3100 4393 3154 4438 et
3175 4383 3319 4448 audi,
3351 4388 3646 4450 quomodo.
3677 4384 3788 4436 Nos

2206 4453 2445 4506 homines
2465 4469 2582 4508 cuni
2602 4457 2907 4522 plerumque
2927 4468 3213 4521 armamur,
3240 4458 3379 4522 quod
3402 4456 3674 4506 infirmum
3705 4463 3790 4506 est

2207 4532 2436 4575 tutamur
2465 4538 2529 4576 eo
2555 4523 2692 4591 quod
2720 4524 2856 4577 forte
2879 4524 3000 4576 est?
3045 4523 3136 4577 sed
3177 4526 3312 4577 Deus
3341 4523 3429 4590 qui
3463 4522 3619 4576 fortis
3663 4535 3749 4575 est
3771 4564 3784 4582 ,

2203 4601 2256 4645 et
2281 4593 2482 4645 validus
2504 4632 2518 4658 ,
2561 4603 2613 4645 et
2640 4603 2823 4660 potens
2844 4633 2859 4658 ,
2895 4603 3163 4647 terrenum
3185 4601 3239 4646 et
3263 4592 3550 4645 inValidum
3589 4606 3789 4663 corpus

2204 4663 2391 4723 induit,
2421 4677 2522 4715 non
2547 4663 2870 4716 dedecorans
2900 4663 3204 4731 dignitatem
3233 4677 3418 4726 suam,
3462 4677 3651 4714 verum
3683 4678 3788 4730 po-

2206 4732 2408 4784 testatis
2447 4747 2555 4786 suae
2598 4733 2950 4801 praestantiam
2992 4746 3085 4800 per
3126 4732 3393 4784 infirmum
3443 4731 3784 4784 ostendens:

2203 4803 2340 4853 sicut
2365 4802 2496 4854 dixit
2534 4802 2726 4866 Paulo,
2775 4802 2861 4870 qui
2907 4802 3230 4869 supplicabat
3270 4801 3405 4868 ipsi:
3456 4801 3658 4868 Sufﬁcit
3700 4802 3790 4852 tibi

2202 4872 2366 4940 gratia
2406 4887 2552 4923 mea:
2583 4889 2698 4923 nam
2739 4873 2891 4924 virtus
2936 4887 3044 4923 mea
3086 4871 3136 4921 in
3172 4871 3470 4938 inﬁrmitate
3519 4871 3790 4937 perﬁcitur

2203 4945 2291 5009 t2.
2324 4943 2439 4993 Cor.
2467 4940 2550 4994 l2.
2584 4941 2616 4994 9
2638 4941 2675 5010 )-
2709 4941 2855 4995 Unde
2875 4956 2993 4993 cum
3017 4941 3208 4994 nobilis
3239 4942 3323 4992 hic
3353 4940 3636 5010 apostolus
3660 4955 3788 5007 prte-

2202 5008 2346 5063 clare
2377 5008 2695 5078 percepisset
2734 5025 2794 5063 ea
2837 5026 2951 5076 quae
2982 5012 3079 5061 sibi
3105 5010 3241 5062 dicta
3269 5019 3424 5062 erant
3445 5047 3462 5073 ,
3489 5008 3558 5060 ad
3586 5008 3786 5061 Corin-

2203 5080 2341 5132 thios
2367 5082 2602 5133 scribens
2631 5081 2730 5139 ait,
2762 5080 2906 5143 Quod
2932 5079 3185 5145 inﬁrmum
3229 5089 3299 5130 est
3327 5078 3422 5130 Dei
3447 5118 3461 5143 ,
3498 5080 3686 5146 fortius
3717 5087 3784 5130 est

2205 5149 2500 5200 hominibus.
2536 5149 2763 5218 [inlutus
2786 5158 2856 5200 est
2887 5147 3128 5200 Dominus
3157 5150 3505 5218 fortitudinem
3535 5150 3630 5217 ti.
3662 5149 3784 5200 Cor.

2205 5221 2251 5270 l.
2284 5219 2389 5287 ‘25)
2421 5235 2431 5266 :
2468 5219 2565 5271 hoc
2595 5229 2703 5282 est,
2736 5216 3182 5285 dispensationem
3209 5219 3511 5271 elucentem
3539 5216 3642 5286 per
3664 5232 3784 5270 car-

2201 5303 2343 5339 nem.
2387 5289 2520 5354 Quid
2552 5289 2694 5340 enim
2720 5287 2806 5339 illa
2844 5288 3067 5355 pretiosa
3096 5297 3148 5339 et
3177 5298 3360 5340 sancta
3394 5302 3560 5340 carne
3596 5297 3784 5354 poten-

2203 5357 2346 5410 tius?
2372 5357 2493 5424 quid
2519 5369 2674 5424 μοι·νο
2703 5357 2928 5409 fortius?
2965 5357 3171 5409 Etenim
3207 5373 3297 5423 per
3316 5371 3509 5425 corpus
3533 5357 3785 5424 corporis

2199 5435 2443 5491 expertes
2469 5437 2520 5478 et
2548 5430 2802 5491 malignos
2822 5427 3087 5478 daunones
3109 5427 3392 5479 debellavit
3416 5442 3428 5486 ;
3459 5435 3515 5479 et
3538 5441 3642 5494 per
3668 5441 3787 5480 cru-

2199 5509 2313 5546 cem
2346 5496 2410 5546 de
2436 5497 2752 5547 adversariis
2773 5495 3112 5562 potestatibus
3143 5497 3508 5562 triumphavit.
3541 5499 3786 5549 Attende

2199 5565 2494 5631 diligenter.
2525 5565 2762 5616 lndutum
2795 5574 2845 5618 et
2875 5565 3324 5618 circuinaniictuin
3356 5580 3479 5618 esse
3513 5568 3786 5633 signiﬁcat

2198 5635 2650 5702 circumscriptum
2678 5650 2813 5687 esse.
2838 5635 2965 5686 Cum
2999 5638 3152 5701 igitur
3177 5644 3357 5686 sancta
3393 5644 3446 5686 et
3485 5639 3783 5688 lllCll‘CUltl-

2199 5703 2392 5768 sei'ipta
2419 5713 2604 5756 natura
2631 5704 2892 5757 videretur
2919 5706 2970 5757 iii
2997 5718 3217 5772 corpore
3242 5707 3636 5763 circumscribi,
3672 5719 3782 5754 non

2202 5775 2593 5844 eit'cniuSciipta
2629 5775 2840 5843 quidem
2872 5773 3155 5830 secundou
3187 5776 3460 5843 prOpi‘iam
3488 5788 3739 5829 naturam
3763 5809 3778 5836 .
