3976 6218
609 403 721 458 527

593 497 752 567 copit,
787 497 1079 567 dignusque
1105 496 1314 552 lsraelis
1341 498 1446 552 dux
1483 495 1782 554 declaratus
1819 503 1920 551 est.
1954 495 2165 567 .lcjunio

593 566 864 622 custodito
883 566 1059 622 Helias
1088 583 1246 622 curru
1275 569 1428 638 igneo
1454 569 1504 621 in
1535 569 1722 622 caelum
1749 574 1831 621 est
1860 566 2163 638 translatus,

595 651 689 703 per
717 652 876 707 quem
905 638 1060 691 ovina
1091 637 1243 705 pellis
1273 637 1414 706 regia
1460 654 1694 707 purpura
1738 637 2020 706 pretiosior
2045 651 2168 707 cva-

593 707 681 775 sit.
717 706 848 760 Cum
873 707 1131 775 jejunium
1163 708 1213 760 in
1242 708 1358 762 lacu
1389 706 1569 761 Daniel
1599 709 1827 769 coleret,
1857 706 2166 775 immanium

592 773 823 829 ferarum
849 773 942 829 ora
969 778 1272 841 obturavit,
1313 787 1367 832 et
1393 779 1460 831 ab
1500 779 1562 830 iis
1607 777 1802 831 illiesus
1830 776 1974 830 exiit.
2016 773 2167 843 Jeju-

592 845 738 916 nium
768 847 1051 914 amplexati
1083 854 1193 900 tres
1222 848 1390 915 pueri,
1422 849 1665 915 septuplo
1695 848 1860 916 magis
1888 859 2164 916 accensam

593 913 867 988 fornacem
907 913 1314 988 existinseruut,
1357 927 1425 988 et,
1461 913 1634 988 ignem
1683 913 1974 972 ellecerunt
2007 915 2166 988 quasi

591 984 840 1056 spiritum,
869 987 1007 1039 roris
1046 987 1368 1040 sibilantem.
1401 984 1668 1056 Jejuuinm
1699 989 1971 1056 amplexus
1999 984 2164 1039 Joan-

593 1066 720 1124 nes,
740 1055 910 1122 major
936 1059 986 1108 in
1027 1056 1296 1124 prophetis
1321 1055 1620 1112 declaratus
1646 1067 1759 1118 est,
1791 1055 1852 1109 et
1887 1056 2165 1108 Dominum

593 1123 854 1195 gloritein
885 1123 1419 1195 Jordane’baptizare
1461 1129 1670 1182 meruit.
1707 1126 1906 1194 Ecquid
1938 1123 2169 1193 prophe—

596 1201 673 1266 tas
698 1201 754 1247 et
772 1193 940 1266 justos
969 1196 1019 1248 in
1053 1193 1282 1250 medium
1316 1198 1573 1266 profero?
1615 1197 1878 1264 Jejunium
1921 1195 2164 1248 Christus

593 1261 707 1335 ipse
736 1265 1012 1332 amplexus
1031 1306 1045 1329 ,
1077 1267 1281 1319 hostem
1311 1261 1501 1335 dejecit
1523 1309 1537 1332 ,
1567 1277 1618 1321 et
1650 1261 1744 1320 tios
1782 1269 1896 1329 ejus
1924 1273 2163 1319 conteru-

589 1330 967 1405 platores'esse
995 1336 1239 1404 dignatus
1261 1330 1736 1405 esthua'pt-Opter
1761 1336 2017 1405 jejunium
2049 1348 2166 1388 sus-

587 1401 844 1475 cipiamus
867 1447 880 1463 .
927 1401 1123 1458 donum
1193 1401 1478 1475 pretiosum
1501 1401 1535 1470 ,⁷
1563 1401 1827 1459 επὶιριιιίιί
1847 1405 2112 1475 citnelium
2145 1443 2160 1465 ,

590 1473 826 1545 veritatis
855 1473 1235 1538 simulacrum,
1284 1478 1492 1544 pietatis
1521 1485 1697 1542 caput,
1743 1476 2028 1545 spiritualis
2067 1474 2161 1528 do-

589 1544 772 1615 ctrinm
802 1545 1135 1605 advocatum,
1176 1547 1334 1598 animi
1367 1547 1735 1615 mgrittidintim
1764 1544 2002 1606 exitium,
2037 1560 2162 1612 pec-

587 1612 689 1683 cati
709 1613 1148 1683 destructionem.
1181 1612 1437 1683 nequitia?
1456 1617 1842 1677 adversarium,
1875 1615 2159 1682 virginitati

586 1681 752 1752 gloria
775 1685 999 1752 aequale,
1025 1681 1325 1738 dtemonum
1357 1688 1652 1748 excidium,
1682 1687 1876 1739 diaboli
1916 1681 2159 1752 increpa-

591 1750 786 1804 tionem
807 1750 1114 1814 ,‘idolorum
1145 1755 1584 1820 destructionem,
1619 1757 1971 1810 Ecclesiarnm
2003 1750 2161 1807 deco-

587 1834 725 1884 rem,
756 1821 1131 1889 Imperatorum
1164 1827 1324 1879 robur
1347 1868 1359 1885 ,
1394 1829 1732 1880 sacerdotum
1762 1835 2157 1886 ornamentum,

589 1890 822 1969 virorum
850 1894 1202 1969 prudentiam,
1227 1897 1507 1950 mulierum
1540 1898 1964 1969 temperantiam,
1990 1894 2160 1946 infan-

585 1961 713 2013 tium
756 1961 1138 2017 institutionem
1163 2005 1178 2028 ,
1211 1981 1484 2018 servorum
1518 1961 1916 2026 liberationem,
1961 1978 2160 2032 paupe-

585 2043 710 2102 rum
753 2033 1189 2102 consolationem.
1240 2035 1368 2098 Quis
1414 2036 1679 2102 jejunium
1737 2035 2010 2102 amplexus
2052 2047 2157 2086 non

581 2100 802 2174 gloriam
830 2101 1050 2174 adeptus
1082 2104 1207 2156 est?
1252 2105 1368 2172 quis
1401 2100 1517 2174 ipso
1547 2116 1757 2159 servato
1803 2100 1904 2157 non
1938 2117 2158 2170 magnus

581 2180 751 2241 evﬁasrt
771 2172 793 2220 ἰν
837 2172 954 2239 quis
979 2174 1095 2240 ejus
1123 2173 1324 2241 legibus
1349 2172 1588 2229 addictus
1630 2192 1737 2229 non
1774 2175 1957 2229 beatus
1983 2176 2156 2228 dictus

581 2237 724 2313 fuit?
753 2237 871 2313 quis
901 2237 1021 2294 illud
1050 2237 1324 2310 amplexus
1361 2248 1680 2298 tentationes
1715 2261 1817 2298 non
1843 2243 2156 2313 superavit?

581 2309 701 2382 quis
726 2311 841 2382 ejus
870 2313 1061 2364 auditis
1100 2309 1540 2382 promissionibus
1567 2331 1671 2368 non
1703 2315 1860 2367 modo
1889 2309 2025 2382 apud
2054 2313 2151 2366 ho-

580 2379 752 2431 mines
779 2379 1210 2452 honoratus,'sed
1233 2385 1390 2436 etiam
1417 2400 1446 2436 a
1473 2385 1560 2437 Dei
1589 2386 1663 2438 ira
1691 2379 2155 2452 indignationeque

577 2458 792 2516 ereptus
831 2452 950 2502 est?
994 2451 1180 2506 Nonne
1214 2453 1399 2506 Achab
1441 2454 1534 2506 illo
1579 2451 1871 2506 armatusa
1903 2453 2155 2506 divinitus

578 2516 814 2592 inmissa
843 2520 917 2572 ira
945 2531 1159 2588 ereptus
1192 2524 1315 2576 est?
1357 2522 1469 2592 Ille,
1498 2524 1710 2590 inquam
1729 2564 1741 2586 ,
1773 2524 1863 2592 qui
1889 2524 2074 2575 avibus
2099 2529 2155 2575 et

576 2585 700 2660 feris
729 2589 778 2660 in
807 2605 980 2643 escam
1012 2585 1166 2644 datus
1196 2602 1298 2658 est,
1332 2602 1385 2645 et
1421 2585 1485 2644 lit
1535 2585 1678 2656 cujus
1720 2585 1962 2660 sanguine
1989 2609 2152 2645 mere-

575 2659 722 2710 trices
747 2659 1046 2731 lavabantur
1073 2664 1159 2731 (3.
1188 2663 1313 2731 Reg.
1337 2663 1425 2715 22.
1453 2664 1520 2716 '58
1542 2664 1586 2731 ),
1619 2679 1712 2731 per
1736 2659 1992 2730 jejunium
2029 2673 2153 2717 tunc

574 2742 604 2779 a
638 2729 823 2800 mortis
853 2729 1090 2797 periculo
1129 2729 1344 2799 ereptus
1377 2742 1489 2794 est,
1534 2729 1676 2800 quad
1724 2729 1850 2786 sane
1889 2734 2148 2800 jejunium

575 2805 686 2850 tum
724 2799 845 2872 ipso
877 2802 1129 2872 propheta
1158 2803 1380 2856 validius
1407 2799 1669 2872 apparuit.
1703 2799 2010 2856 Nonnehoc
2040 2818 2150 2855 ser-

575 2877 696 2920 vato
722 2869 984 2942 Nitiiviue.
1033 2879 1138 2924 tam
1180 2869 1616 2942 hominesquam
1638 2873 1900 2942 jumeuL't.
1932 2890 1959 2923 a
1993 2873 2146 2925 tridtti

572 2939 986 2995 comminatione
1013 2944 1180 3009 erepti
1205 2952 1348 3005 sunt,
1372 2958 1433 2996 ac
1458 2939 1605 2996 Iona:
1636 2939 1907 3011 prOphetae
1934 2943 2145 2995 verbum

571 3021 732 3079 opere
758 3024 980 3062 vacuum
1009 3011 1219 3064 evasit?
1262 3013 1449 3065 Nonne
1489 3012 1590 3065 hoc
1636 3021 1849 3066 servato
1879 3011 2148 3079 prophetat

571 3076 667 3150 l_)_ci
702 3081 1092 3150 omnipotentis
1151 3082 1686 3150 contemplationibus
1747 3092 1800 3136 et
1854 3076 2146 3134 visionibus

569 3144 728 3220 digni
755 3148 922 3220 habiti
960 3149 1106 3204 fuere
1130 3191 1144 3214 ,
1189 3163 1346 3220 atque
1369 3144 1564 3204 'lutura
1589 3193 1602 3213 ,
1653 3153 1796 3206 velut
1841 3152 2142 3219 przesettlia,

569 3217 930 3288 praviderunt
959 3229 1117 3288 atque
1144 3217 1408 3276 vaticinati
1453 3223 1618 3275 sunt?
1665 3217 1855 3275 Nonne
1892 3221 2146 3288 apostolis

568 3285 660 3338 illo
688 3290 905 3342 armatis
925 3331 940 3354 ,
977 3285 1045 3342 lii
1073 3307 1268 3344 omnem
1298 3302 1480 3344 terram
1508 3291 1658 3344 exivit
1684 3309 1836 3345 sonus
1861 3285 2032 3345 eorum
2053 3330 2067 3354 ,
2100 3299 2146 3344 et

567 3356 621 3408 in
649 3357 776 3424 ﬁnes
802 3359 1111 3432 orbisterrte
1132 3363 1279 3414 verba
1307 3378 1481 3432 eorum
1507 3361 1674 3432 (Psal.
1703 3363 1787 3416 18.
1818 3361 1916 3432 ψ
1957 3361 2146 3432 Nonne

567 3435 621 3501 et
651 3437 912 3501 martyres
940 3431 1028 3484 illo
1057 3432 1265 3494 muniti,
1298 3431 1491 3501 templa
1512 3471 1527 3495 ,
1564 3445 1682 3486 aras
1704 3473 1719 3494 ,
1751 3431 1992 3485 nidorem
2024 3431 2144 3484 ido-

566 3497 738 3572 lorum
764 3497 1090 3572 d’cjecerunt,
1119 3511 1174 3555 et
1198 3497 1543 3572 tyrannorum
1568 3501 1800 3557 furorem
1827 3501 1972 3554 nihili
2005 3501 2144 3554 fece-

566 3567 733 3639 runt?
775 3568 962 3623 Nonne
999 3572 1166 3624 sancti
1211 3567 1326 3639 ejus
1370 3586 1552 3624 amore
1579 3572 1762 3625 ducti.
1808 3572 2061 3624 mundum
2088 3579 2141 3625 et

567 3637 831 3709 mundana
855 3640 1032 3692 omnia
1056 3637 1401 3709 reliquerunt,
1427 3650 1481 3695 et
1501 3642 1551 3694 in
1578 3641 1825 3705 desertis,
1849 3640 2135 3704 montibus,

564 3708 835 3778 speluncis
883 3718 932 3762 et
984 3708 1234 3763 cavernis
1290 3720 1445 3764 terra:
1501 3712 1792 3765 secundum
1839 3710 2140 3778 apostolum

565 3775 783 3829 Paulum
808 3777 1125 3842 habit-mles,
1155 3780 1425 3833 diabolum
1451 3789 1506 3834 et
1531 3781 1644 3842 ejus
1669 3775 1934 3834 exercitus
1960 3794 2139 3833 coram

565 3797 783 3829 rauium
809 3797 1125 3842 nauwtntes,
1155 3797 1425 3833 (Itanonnn
1451 3797 1506 3834 et
1531 3799 1560 3831 e
1585 3798 1644 3833 us
1669 3797 1934 3834 exercitus
1960 3797 2139 3833 coram

565 3849 767 3914 positos
795 3848 1138 3916 profligarunt
1166 3848 1349 3915 (Hebr.
1377 3851 1463 3902 ll.
1491 3797 1625 3918 38)?
1656 3851 1800 3904 Hanc
1824 3860 1878 3903 et
1907 3864 2003 3901 nos
2030 3864 2141 3901 ser-

563 3929 750 3969 vemus
779 3919 1076 3988 animarum
1107 3918 1539 3986 tranquillitatem
1562 3961 1576 3982 ,
1605 3934 1886 3988 corporum
1919 3918 2140 3971 medici-

565 4001 687 4056 nam
713 4025 728 4048 ,
769 3987 1147 4055 cogitationum
1194 4003 1374 4056 pacem
1401 4031 1414 4054 ,
1451 3987 2001 4056 concupisCentiarum
2043 4004 2140 4041 ex-

565 4054 925 4128 stinctionem,
955 4072 1073 4128 qua:
1093 4057 1168 4128 (ab
1192 4054 1378 4111 alienis
1403 4059 1602 4112 divitiis
1631 4054 1898 4128 rapiendis
1926 4060 2136 4118 avertit.

563 4139 682 4246 ante
707 4125 982 4193 orpltanos
1009 4126 1125 4180 laedi
1144 4142 1246 4180 non
1267 4130 1480 4197 patitur,
1510 4144 1628 4197 quze
1649 4125 1818 4182 viduis
1846 4129 2044 4180 luctum
2070 4129 2140 4181 ob

602 4208 755 4246 amna
789 4209 892 4246 non
922 4196 1108 4246 aﬂ'ert.
1143 4213 1260 4246 (tum
1297 4213 1394 4246 nos
1431 4199 1773 4246 saecularibus
1813 4198 1956 4246 curis
1983 4197 2138 4246 disti-

602 4208 755 4266 ainna
789 4209 892 4246 non
922 4196 1108 4262 aﬂ'ert,
1143 4196 1394 4266 quzenos
1431 4196 1773 4252 saecularibus
1813 4198 1956 4252 curis
1983 4197 2138 4250 disti-

567 4264 680 4317 neri
711 4279 814 4317 nou
841 4267 985 4330 sinit,
1014 4281 1133 4337 quae
1160 4264 1474 4321 mortalibus
1499 4269 1804 4337 angelorum
1837 4276 2138 4322 convictum

566 4343 834 4414 procurat,
878 4350 994 4414 qua:
1025 4336 1194 4414 legem
1224 4338 1445 4414 Domini
1477 4336 1586 4414 die
1606 4353 1668 4391 ac
1695 4349 1848 4414 nocte
1893 4337 2138 4414 meditari

560 4402 730 4476 jubet.
783 4403 854 4476 De
882 4406 971 4456 illo
995 4402 1188 4474 quippe
1220 4409 1294 4460 ait
1324 4407 1610 4462 Zacharias
1639 4408 1916 4476 propheta,
1945 4416 1993 4458 cl
2023 4406 2138 4473 ejus

564 4472 786 4538 gloriam
812 4472 1276 4530 clarius'revelans
1306 4479 1410 4529 alta
1447 4492 1576 4530 voce
1601 4472 1793 4530 clamat
1821 4496 1833 4527 :
1863 4475 1988 4528 ch
2014 4472 2136 4526 dicit

563 4542 812 4615 Dominus
858 4546 1168 4612 omnipotens
1203 4561 1221 4599 :
1258 4546 1522 4615 Jejunium
1565 4560 1843 4610 quartum,
1887 4546 2137 4613 jejunium

562 4612 791 4684 quintum
835 4623 880 4666 et
915 4615 1167 4684 jejunium
1208 4612 1475 4683 septimum
1518 4625 1662 4668 erunt
1702 4612 2057 4684 domuiJuda
2085 4617 2137 4667 in

600 4681 803 4754 (rudium
829 4694 871 4734 et
899 4681 948 4734 in
968 4681 1200 4737 ’ltelt'tt'am
1235 4681 1279 4738 el
1308 4689 1359 4738 in
1391 4690 1516 4754 festa
1545 4688 1674 4738 bona
1705 4685 1893 4752 (Zuch.
1925 4685 1975 4738 8.
2008 4683 2132 4751 19).

618 4751 788 4803 idistis
815 4768 998 4805 omnes
1027 4756 1291 4820 quomodo
1319 4751 1572 4808 festorum
1602 4766 1970 4822 argumentum
1996 4755 2135 4820 jeju-

565 4822 708 4872 nium
748 4823 988 4888 aperiat?
1021 4825 1280 4878 Didicistis
1317 4826 1584 4893 quomodo
1635 4826 1828 4877 ctarius
1869 4825 1982 4892 ejus
2035 4823 2137 4875 vir-

565 4899 812 4964 tutemet
842 4894 1060 4959 gloriam
1084 4897 1402 4948 annuntiet?
1429 4896 1743 4964 (logtioscite
1773 4910 1876 4963 quo
1904 4903 2057 4964 pacto
2079 4907 2136 4946 se

563 4961 914 5034 suscipientes
948 4964 1011 5016 ad
1047 4980 1279 5017 amorem
1318 4961 1645 5034 spiritualem
1678 4961 1863 5030 erigat.
1901 4963 2137 5016 Vultisne

563 5031 678 5097 ejus
707 5032 1019 5101 bypothesin
1051 5031 1382 5088 manifestius
1411 5035 1693 5088 ediscere?
1737 5035 1954 5102 Aperite
1981 5045 2137 5084 aures

567 5102 758 5173 tuentis
789 5112 992 5163 vestrae,
1019 5115 1071 5157 et
1098 5106 1508 5173 cogitationibus
1533 5105 1723 5157 vestris
1753 5104 2006 5170 suscipite
2030 5103 2138 5173 spi-

565 5171 770 5242 ritualia
792 5173 1021 5238 cantica,
1056 5171 1305 5242 perennia
1353 5176 1568 5233 llueuta.
1613 5190 1675 5226 ex
1727 5172 2136 5242 immortalitatis

565 5240 708 5312 [urite
735 5244 1016 5294 manantia.
1058 5240 1191 5309 Quid
1224 5245 1375 5311 dicis,
1426 5243 1725 5312 propheta?
1764 5244 1933 5306 Quem
1966 5241 2135 5293 Israe-

570 5310 670 5361 lent
715 5311 952 5364 inducis?
995 5310 1369 5378 carnalemne,
1401 5310 1464 5366 an
1498 5310 1728 5367 mentem
1758 5313 1922 5365 Deum
1953 5312 2136 5363 viden-

571 5381 716 5431 tem?
749 5382 1074 5447 pollutumne
1119 5400 1211 5449 per
1243 5385 1420 5437 illicita
1449 5385 1702 5436 sacriﬁcia
1730 5424 1742 5441 .
1788 5399 1853 5434 an
1883 5397 2003 5435 eum
2046 5380 2134 5446 qui

568 5464 661 5516 per
688 5453 1044 5518 apostolorum
1074 5454 1364 5506 doctrinam
1393 5455 1638 5507 inductus
1667 5454 1790 5505 cst?
1821 5466 2013 5504 eumne
2045 5450 2135 5517 qui

566 5533 660 5586 per
699 5523 1002 5586 sanguinem
1047 5523 1312 5576 hircorum
1344 5535 1397 5578 et
1440 5535 1708 5576 taurorum
1741 5523 2035 5580 sacrilirat,
2067 5534 2134 5571 an

566 5603 685 5642 eum
715 5591 802 5658 qui
836 5592 1110 5644 incruente
1139 5593 1432 5656 sacriﬁcat,
1466 5594 1635 5654 illum,
1665 5598 1750 5660 qui
1785 5591 1918 5642 tollit
1944 5604 2134 5657 pecca-

565 5666 674 5733 tum
707 5662 926 5714 mundi?
951 5677 1144 5715 eumne
1171 5664 1257 5730 qui
1291 5663 1620 5731 sculptilibns
1647 5672 1703 5714 ut
1735 5661 1840 5713 Deo
1870 5660 2136 5733 sacrilica-

567 5730 670 5793 vit,
700 5746 764 5783 an
793 5748 912 5783 eum
943 5734 1030 5800 qui
1065 5748 1128 5783 cx
1160 5736 1262 5784 aris
1303 5744 1353 5785 et
1393 5730 1689 5785 simulacris
1718 5739 1930 5796 ereptus
1952 5769 1964 5789 ,
1999 5739 2050 5780 et
2083 5730 2132 5778 in

564 5799 896 5871 adoptionem
926 5799 1251 5871 spit'ilualcm
1279 5811 1493 5856 vocatus
1523 5801 1641 5856 cst?
1671 5801 1848 5855 l’ulutn
1877 5808 2021 5854 certe
2054 5807 2132 5852 est

2105 378 2302 437 SPURI
2310 379 2347 434 Α
2358 418 2372 433 .

3779 403 3883 461 528

2271 508 2467 566 novum
2496 501 2550 566 et
2595 508 2689 566 per
2731 494 3050 563 baptlsmum
3099 497 3417 566 peculiarem
3449 496 3654 552 factum
3686 511 3863 565 popu-

2271 564 2380 636 lum
2406 564 2507 617 dici
2528 605 2542 624 .
2575 565 2662 636 qui
2703 566 2757 620 in
2794 581 2932 635 aqua
2974 575 3028 636 ct
3056 564 3173 636 igne
3202 577 3474 636 purgatur.
3512 564 3740 622 Etenim
3772 582 3861 634 per

2271 633 2458 687 Isaiam
2501 635 2810 702 prophetam
2841 633 3118 692 manifeste
3145 633 3338 691 clamat
3365 656 3379 693 :
3419 637 3746 692 Numenius
3774 633 3860 689 ee-

2270 715 2411 778 strns
2424 712 2468 756 et
2489 703 2695 778 sabbata
2718 715 2766 759 ct
2789 705 2920 758 diem
2947 723 3179 778 ninguitur
3205 724 3304 760 non
3327 709 3567 778 sustineo,
3588 707 3860 778 jejunium

2270 783 2317 844 et
2342 775 2496 844 otium
2518 785 2566 828 et
2590 775 2718 839 festa
2748 783 2908 844 vestra
2931 776 3036 828 odit
3059 777 3226 829 anima
3246 794 3353 830 mea
3373 776 3527 844 (lsat.
3550 775 3601 832 l.
3623 775 3720 831 f5.
3747 776 3856 843 l4).

2270 841 2833 916 Considerate_,_quod
2865 860 3058 899 novum
3100 841 3485 916 populumper
3530 841 3855 916 prophetam

2270 923 2456 985 evocet
2498 913 2563 967 ad
2606 913 2815 985 jejunii,
2841 929 3032 969 munus
3074 913 3468 985 exsequendum
3498 913 3656 972 {non
3707 915 3852 985 quod

2273 981 2414 1052 Deus
2442 981 2624 1037 eorum
2651 981 2934 1052 jejunium,
2976 981 3415 1048 obsecrationem.
3449 981 3773 1042 neomenias
3795 995 3850 1040 et

2271 1051 2766 1124 sabbata_respuat,
2805 1054 2899 1108 sed
2941 1054 3083 1124 quod
3117 1052 3226 1110 illis
3263 1056 3332 1110 sit
3367 1055 3574 1124 plenus.
3607 1058 3689 1112 Illi
3725 1070 3852 1110 vero

2272 1135 2367 1188 per
2397 1121 2621 1193 profana
2652 1139 2814 1192 opera
2848 1121 3011 1178 Deum
3041 1121 3438 1193 dereliquerunt
3460 1127 3501 1190 ί,
3531 1136 3588 1182 et
3616 1128 3848 1180 electum

2270 1192 2659 1265 populum,qni
2685 1193 2970 1265 adventum
3000 1192 3253 1262 unigenit’i
3283 1195 3402 1248 Filii
3442 1198 3560 1261 ejus
3592 1212 3847 1265 praenun-

2270 1261 3047 1334 tiabatatiuiqueocciderunt,
3079 1261 3242 1317 alium
3267 1279 3412 1318 serra
3443 1261 3618 1334 lignea
3641 1308 3656 1330 ,
3684 1268 3847 1320 alium

2269 1329 2320 1402 in
2353 1331 2450 1402 luti
2478 1329 2647 1385 lacum
2674 1333 2981 1388 deductum.
3011 1333 3076 1388 Et
3100 1349 3195 1388 cur
3220 1334 3286 1388 de
3317 1329 3594 1402 prophétis
3621 1334 3849 1402 loquor?

2269 1398 2370 1469 Ipsi
2404 1415 2630 1467 namque
2663 1403 2938 1456 Dominum
2979 1420 3133 1457 suum
3171 1398 3329 1469 quasi
3365 1398 3515 1458 reum
3563 1398 3845 1459 crucitixe-

2267 1478 2388 1522 runt
2431 1479 2485 1523 et
2512 1472 2820 1526 occiderunt
2865 1474 3102 1528 dicentes
3133 1487 3147 1528 :
3183 1472 3281 1527 Hic
3324 1484 3396 1527 est
3441 1475 3587 1528 heres
3617 1491 3637 1526 :
3666 1476 3844 1536 venite,

2266 1540 2556 1612 occidantus
2581 1558 2693 1593 eum
2725 1542 2946 1610 (Matth.
2973 1543 3062 1597 21.
3091 1543 3219 1612 38).
3252 1542 3410 1597 Vides
3451 1559 3562 1612 quo
3590 1554 3749 1612 pacto
3787 1558 3845 1597 se

2268 1623 2361 1676 per
2408 1610 2616 1673 indigna
2664 1627 2821 1679 opera
2866 1613 3066 1668 alienos
3114 1610 3378 1668 fecerint?
3420 1610 3540 1666 Non
3590 1610 3844 1666 Dominus

2266 1679 2440 1749 itaque
2485 1681 2601 1733 illos
2641 1683 2865 1749 repulit;
2913 1684 3003 1736 sed
3053 1683 3122 1736 illi
3165 1699 3223 1737 se
3260 1701 3287 1732 ει
3318 1682 3589 1747 majorum
3631 1698 3842 1736 suorum

2264 1748 2453 1802 ﬁducia
2483 1748 2764 1805 extraneOs
2808 1751 3066 1806 fecerunt.
3099 1753 3222 1806 Hmc
3264 1753 3354 1806 lilii
3402 1752 3569 1806 Israel
3611 1753 3842 1804 meditati

2263 1829 2386 1891 sunt
2420 1820 2541 1891 :_sic
2569 1821 2771 1891 electus
2802 1821 3004 1875 Domini
3037 1825 3258 1891 populus
3283 1823 3521 1883 fremuit,
3551 1822 3840 1875 secundum

2264 1889 2422 1939 verba
2457 1889 2664 1960 Davidis
2685 1889 2881 1944 Christi
2911 1889 3071 1958 patris
3101 1889 3120 1943 Ξ
3143 1893 3309 1957 Quare
3335 1893 3656 1960 fremuerunt
3681 1900 3844 1959 gentes

2263 1966 2310 2027 et
2345 1959 2516 2024 populi
2544 1961 2768 2012 meditati
2793 1971 2906 2012 sunt
2929 1962 3234 2027 inania,etc.
3267 1959 3437 2026 (Psal.
3468 1961 3520 2013 2.
3553 1963 3608 2026 1)
3637 1962 3659 2012 ?
3693 1961 3843 2012 Vide-

2266 2025 2351 2098 tis.
2384 2028 2590 2092 lideles,
2613 2030 2795 2097 jejunii
2825 2032 3044 2098 gratiam
3067 2025 3451 2097 ?'re5piCitisne
3480 2032 3700 2097 prmmia
3727 2046 3841 2096 quze

2261 2095 2432 2164 ipsum
2479 2095 2626 2151 ﬁrma
2655 2095 3528 2166 nienteﬁservantibus'procurat?
3570 2116 3640 2153 an
3671 2095 3828 2152 cousi-

2261 2167 2456 2239 duratis
2485 2183 2640 2239 quam
2667 2170 2796 2224 dura
2827 2179 2877 2222 ct
2899 2187 3084 2239 aspera
3118 2171 3286 2239 pariat
3312 2170 3393 2233 iis,
3423 2172 3513 2239 qui
3552 2171 3725 2236 ipsum
3754 2169 3842 2221 de-

2261 2236 2534 2306 spiciunt?
2561 2238 2777 2292 Framea
2806 2236 3072 2294 destrueta
3095 2236 3195 2303 est,
3224 2249 3371 2293 stans
3398 2236 3456 2292 in
3483 2240 3672 2293 limine
3695 2239 3839 2306 regni

2261 2305 2396 2370 Dei,
2432 2321 2494 2360 ac
2526 2309 2961 2378 perterrefacicns
3004 2326 3095 2364 eos
3132 2311 3220 2378 qui
3247 2310 3375 2362 illud
3418 2324 3544 2362 cum
3590 2309 3841 2377 aequitate

2257 2386 2311 2428 et
2352 2377 2756 2432 mansuetudine
2797 2395 2900 2432 non
2941 2377 3237 2447 recipiunt;
3286 2393 3610 2446 rursumque
3640 2377 3841 2446 placide

2257 2452 2401 2516 terga
2433 2449 2592 2499 vertit
2633 2447 2696 2500 iis
2733 2450 2821 2514 qui
2861 2463 2981 2503 cum
3019 2466 3144 2516 pura
3183 2449 3510 2502 conscientia
3540 2449 3720 2516 ipsum
3747 2447 3840 2500 ad-

2256 2515 2503 2577 mittunt,
2537 2525 2693 2582 atque
2723 2517 2787 2570 ad
2815 2517 2972 2569 vitam
3004 2515 3289 2585 perennem
3311 2558 3325 2581 ,
3357 2517 3598 2569 lmtitiam
3628 2532 3836 2583 puram,

2257 2585 2576 2650 voluptatem
2605 2585 2790 2640 dolore
2819 2597 3086 2639 carentem
3117 2587 3348 2649 deducit,
3381 2595 3436 2638 et
3464 2585 3670 2638 inﬁnita
3704 2585 3838 2636 bona

2255 2655 2576 2720 suppeditat.
2612 2658 2688 2709 Ac
2715 2656 2758 2708 si
2789 2657 2866 2708 vis
2898 2668 2954 2708 ttt
2983 2672 3050 2710 ex
3081 2657 3259 2710 multis
3302 2669 3468 2723 pauca
3497 2655 3836 2722 colligamus,

2254 2724 2373 2790 quis
2397 2725 2654 2792 jejunium
2699 2725 2986 2779 observans
3025 2726 3368 2780 saecularibus
3408 2739 3666 2793 umquam
3699 2725 3842 2775 curis

2253 2793 2493 2864 addictus
2522 2793 2660 2846 fuit?
2701 2797 2820 2861 quis
2864 2796 3034 2864 ipsum
3065 2796 3373 2864 complexus
3402 2809 3509 2847 non
3549 2803 3704 2847 recte
3731 2794 3842 2844 vias

2256 2862 2478 2936 Domini
2513 2865 2753 2932 peregit?
2803 2862 2921 2932 quis
2967 2866 3135 2936 ipsum
3183 2862 3490 2936 custodiens
3539 2878 3649 2936 non
3691 2871 3842 2936 recte

2254 2933 2640 3002 navigationem
2675 2943 2937 2987 terrenam
2963 2932 3210 2988 emensus
3235 2935 3361 2987 est?
3403 2933 3525 3002 quis
3571 2932 3704 3002 illud
3749 2947 3839 2985 co-

2250 3001 2366 3054 lens
2399 3003 2652 3069 pupillum
2680 3014 2770 3056 aut
2801 3004 3009 3057 viduam
3055 3003 3234 3057 laesit?
3263 3006 3384 3072 quis
3414 3003 3591 3110 ipsum
3637 3001 3842 3054 docens

2251 3072 2572 3110 Vulnntnlam
2603 3075 2741 3110 naria
2780 3089 2884 3110 nnn
2919 3073 3199 3110 Irannnilln
3243 3073 3400 3110 mihi“
3493 3072 3620 3110 ηηῖς
3665 3073 3838 3110 incum

2251 3072 2573 3138 voluptatem
2601 3075 2741 3126 aeris
2780 3089 2884 3126 non
2919 3073 3199 3142 tranquille
3243 3072 3448 3126 subiit?
3493 3072 3622 3142 quis
3665 3073 3841 3142 ipsum

2249 3141 2526 3206 amplexus
2571 3157 2675 3196 non
2717 3142 3009 3197 visionibus
3053 3140 3108 3197 et
3151 3141 3701 3210 contemplationibus
3737 3140 3840 3192 Do-

2251 3211 2376 3262 mini
2405 3211 2648 3280 dignatus
2677 3215 2794 3265 est?
2823 3213 2942 3281 quis
2965 3213 3079 3280 ejus
3103 3213 3240 3266 dulci
3273 3212 3446 3265 lructu
3480 3210 3841 3281 gaudensdie

2249 3292 2313 3349 ac
2353 3291 2507 3333 nocte
2537 3281 2707 3349 legem
2739 3280 2945 3336 Domini
2984 3282 3224 3336 meditari
3253 3281 3527 3336 cessavit?
3560 3280 3841 3333 Videtisne

2249 3348 2365 3415 ejus
2409 3348 2698 3403 ﬁduciam?
2742 3351 2930 3406 videtis
2979 3351 3233 3406 honorem
3278 3367 3385 3417 quo
3425 3349 3842 3403 circumdatur?

2247 3420 2518 3487 quomodo
2545 3435 2575 3472 a
2608 3419 2787 3490 mundi
2817 3422 3038 3475 exordio
3069 3422 3167 3490 piis
3193 3419 3540 3474 dominetur?
3565 3418 3840 3490 quomoda

2246 3502 2551 3542 mensuram
2581 3489 2696 3556 ejus
2735 3504 2766 3542 a
2803 3487 3183 3545 constitutione
3227 3490 3409 3543 mundi
3455 3487 3838 3542 servaverint?

2245 3557 2516 3629 quomodo
2527 3559 2608 3611 sui
2626 3559 2855 3629 cultores
2881 3560 3071 3629 gloria,
3100 3566 3502 3628 contemptores
3525 3573 3660 3611 vero
3693 3558 3840 3629 igno-

2246 3627 2405 3680 minia
2435 3627 2673 3698 alliciat?
2697 3626 3152 3698 Quemadmodum
3178 3626 3335 3698 supra
3361 3629 3566 3682 dictum
3595 3636 3704 3689 est,
3738 3626 3838 3695 pri-

2245 3711 2389 3750 mum
2435 3697 2739 3763 hominem,
2786 3697 2928 3766 quod
2972 3697 3255 3766 jejunium
3283 3712 3390 3751 non
3437 3697 3837 3766 servasset,iin

2244 3765 2498 3819 aerumnis
2541 3774 2596 3819 et
2644 3767 2695 3819 in
2741 3765 2981 3820 extrema
3027 3765 3417 3832 mendicitate,
3474 3774 3531 3819 et
3581 3765 3837 3832 procula

2247 3835 2491 3911 paradiso
2521 3837 2872 3889 constitutum
2903 3837 2973 3890 ob
3001 3835 3117 3905 ejus
3142 3846 3512 3905 contemptum
3544 3833 3719 3888 fuisse
3748 3848 3837 3887 no-

2245 3918 2438 3957 vunus.

2314 3972 2684 4045 2.7Audiamus
2703 3974 2859 4045 igitur
2873 3989 2902 4028 a
2925 3974 3182 4045 principio
3200 3973 3480 4045 historiam
3504 3972 3655 4027 illam
3680 3987 3835 4042 quan

2246 4041 2339 4095 Dei
2375 4044 2640 4110 inspector
2669 4041 2877 4114 MOyses
2907 4041 3112 4097 futuris'
3131 4044 3577 4114 generationibus
3617 4059 3834 4097 enarra-

2244 4115 2361 4184 vit,
2383 4114 2490 4166 imo
2520 4114 2693 4184 potius
2720 4111 2914 4184 Moysis
2947 4111 3232 4178 Dominus,
3265 4125 3320 4167 ut
3350 4111 3629 4184 benignus
3657 4123 3832 4179 pater,

2243 4182 2398 4236 nobis
2424 4183 2696 4236 revelavit.
2726 4182 3050 4237 At‘animutn
3072 4225 3087 4248 ,
3114 4199 3296 4251 quaso
3314 4223 3328 4244 .
3355 4184 3515 4236 dictis
3543 4183 3833 4235 adhibete:

2242 4267 2364 4305 nam
2405 4253 2584 4319 paucis
2627 4253 2748 4306 volo
2790 4267 2899 4306 rem
2949 4253 3281 4320 persolvere.
3321 4251 3387 4304 In
3431 4253 3697 4320 principio
3728 4251 3836 4319 {erit

2243 4321 2381 4374 Deus
2404 4324 2581 4374 celum
2605 4331 2651 4375 et
2674 4333 2856 4374 (errant
2881 4338 2898 4374 :
2925 4333 3057 4375 terra
3082 4335 3250 4376 autent
3271 4331 3380 4375 erat
3407 4323 3681 4374 invisibilis
3703 4332 3749 4374 et
3767 4325 3832 4371 in-

2241 4395 2520 4457 composita
2541 4434 2557 4455 ,
2589 4402 2636 4444 et
2675 4394 2888 4444 tenebrae
2914 4409 3069 4460 supra
3096 4392 3334 4460 abyssum
3359 4407 3378 4442 :
3399 4401 3452 4460 et
3499 4393 3720 4456 spiritus
3754 4389 3837 4441 Dei

2243 4463 2492 4527 ferebatur
2515 4477 2665 4530 super
2688 4477 2890 4529 aquam.
2920 4462 2986 4514 Et
3010 4461 3136 4514 dixit
3161 4459 3301 4514 Deus
3321 4477 3340 4512 :
3363 4459 3487 4512 Fiat
3512 4462 3617 4530 lux
3637 4478 3654 4523 ;
3684 4471 3749 4530 et_
3767 4463 3836 4529 fa-

2239 4541 2321 4582 cta
2349 4541 2422 4584 est
2450 4534 2539 4583 tua:
2561 4527 2587 4583 ε’
2599 4540 2645 4582 et
2672 4527 2792 4583 vidit
2819 4530 2960 4584 Deus
2987 4532 3168 4596 lucem,
3187 4530 3321 4600 quod
3341 4539 3470 4582 esset
3501 4529 3640 4600 bona
3669 4529 3688 4598 (
3710 4527 3830 4581 ea.

2243 4603 2294 4652 t.
2343 4601 2496 4668 1-4).
2532 4600 2749 4663 Vidisti,
2797 4601 3021 4662 dilecte,
3053 4599 3211 4667 quam
3240 4601 3438 4652 claram
3474 4599 3642 4668 nobis
3672 4600 3836 4668 explif

2239 4667 2501 4722 cationem
2552 4669 2822 4736 Scriptura
2877 4669 3148 4737 praebeat?
3206 4668 3268 4721 Et
3316 4669 3438 4721 vidit
3479 4667 3667 4731 Deus,
3712 4667 3838 4735 quod

2241 4751 2364 4791 esset
2396 4742 2544 4791 bona.
2576 4741 2874 4806 Antequam
2902 4741 3044 4792 enim
3075 4741 3161 4791 lnx
3195 4738 3398 4792 veniret
3438 4739 3492 4790 in
3537 4737 3834 4795 mundum,

2242 4821 2480 4860 naturam
2498 4808 2613 4876 ejus
2630 4808 2821 4860 bonam
2839 4823 2956 4862 esse
2969 4817 3216 4872 noverat;
3234 4809 3327 4862 sed
3344 4811 3445 4876 hoc
3473 4806 3618 4862 dicit
3630 4818 3689 4860 ut
3707 4823 3838 4860 men-

2244 4889 2347 4930 tem
2380 4890 2613 4930 nostram
2643 4880 2873 4946 concitet
2901 4878 2964 4930 ad
3007 4879 3293 4946 potentiam
3343 4875 3665 4930 Conditoris
3714 4893 3837 4928 con-

2243 4947 2620 5013 tcmplandam.
2651 4945 2762 4998 Nisi
2790 4949 2930 5000 enim
2958 4945 3091 5000 bona
3123 4957 3300 5010 esset,
3329 4963 3436 5000 non
3468 4948 3621 4999 illam
3655 4947 3837 5000 condi-

2242 5017 2409 5069 disset
2430 5056 2444 5078 ,
2472 5031 2644 5084 neque
2673 5017 2923 5070 tenebras
2947 5018 3012 5070 ab
3041 5019 3127 5070 illa
3172 5025 3480 5083 separasset
3507 5036 3520 5068 :
3558 5017 3669 5070 nisi
3696 5033 3836 5068 ania-

2240 5087 2364 5140 bilis
2392 5097 2532 5140 esset
2553 5126 2566 5147 ,
2597 5101 2702 5138 non
2736 5085 2878 5138 illam
2914 5087 3080 5140 lucem
3125 5094 3406 5149 vocasset,
3455 5101 3561 5140 nec
3592 5090 3837 5140 tenebras

2244 5165 2488 5218 noctem,
2523 5166 2578 5208 ut
2623 5157 2674 5206 in
2717 5155 2918 5209 lumine
2962 5156 3076 5223 ejus
3120 5170 3336 5224 semper
3380 5157 3764 5219 ambulemus,
3794 5165 3836 5207 et

2242 5225 2413 5277 studia
2442 5239 2708 5296 operaque
2749 5226 2862 5296 ejus
2905 5226 3239 5296 meditemur.
3272 5225 3495 5279 Poterat
3522 5229 3673 5280 enim
3714 5230 3835 5296 Deos

2244 5310 2347 5346 uno
2377 5295 2538 5346 verbo
2563 5332 2578 5357 ,
2612 5294 2838 5360 simplici
2871 5304 2998 5346 nutu
3018 5335 3031 5356 ,
3061 5306 3114 5346 et
3142 5294 3194 5346 in
3229 5296 3334 5347 ictu
3363 5295 3542 5357 oculi,
3578 5295 3728 5364 quod
3755 5310 3835 5346 sex

2242 5364 2429 5417 diebus
2482 5364 2603 5416 l'ecit
2659 5364 2970 5429 producere.
3020 5365 3089 5416 At
3139 5364 3315 5417 locum
3361 5380 3470 5417 non
3522 5365 3680 5419 dedit
3732 5375 3836 5430 post

2242 5435 2430 5486 futuris
2486 5432 2824 5496 hominibus,
2885 5433 3081 5487 Graecis
3139 5448 3334 5501 nempe
3391 5444 3447 5488 et
3507 5436 3575 5488 iis
3634 5437 3832 5503 sapien-

2244 5503 2413 5561 tibus,
2455 5504 2541 5566 qui
2596 5507 2643 5552 in
2699 5505 2958 5568 sapientia
3015 5516 3106 5553 sua
3165 5504 3311 5556 stulti
3367 5503 3491 5557 lacti
3541 5516 3718 5558 sunt:
3773 5506 3830 5556 lc-

2241 5588 2358 5640 gem
2391 5586 2618 5638 namque
2666 5571 2782 5637 ejus
2822 5586 2925 5624 non
2954 5571 3348 5639 observarunt;
3380 5578 3736 5643 quamobrem
3767 5589 3836 5626 sa-

2310 5745 2338 5811 “
2356 5742 2416 5811 .In
2440 5741 2578 5790 Savd.
2605 5743 2673 5811 sic
2696 5741 2896 5811 legitur,
2919 5744 3006 5792 sed
3028 5746 3154 5806 quod
3195 5742 3271 5797 illi
3293 5744 3482 5805 expleri
3505 5734 3733 5811 operibus
3759 5750 3844 5801 sui:

2242 5802 2386 5855 malis
2411 5812 2557 5852 Deum
2583 5802 2962 5864 dev'elt'tjueruut.
