3976 6218
131 346 252 401 529

149 463 351 531 pii-mia
382 477 564 514 eorum
601 459 900 531 insipientia
942 460 1270 531 deprehensa
1303 472 1405 515 est.
1436 461 1564 524 Qua:
1590 460 1732 531 enim

153 527 253 585 Sex
300 531 484 584 diebus
533 527 718 584 creata
758 527 1146 596 fuerant,’nou
1203 530 1509 584 dubitarunt
1557 531 1590 582 ii
1643 527 1732 596 qui

153 602 361 654 fabulas
406 601 471 653 de
509 600 720 652 conditu
767 599 946 652 mundi
988 600 1271 652 commenti
1302 610 1444 664 sunt,
1491 615 1551 652 ea
1593 599 1735 652 diee-

154 686 220 724 re
245 687 306 723 ex
329 684 385 724 se
411 676 464 722 et
485 677 671 737 sponte
696 683 789 721 sua
821 670 951 722 facta
975 684 1112 730 esse,
1137 669 1326 722 caelum
1373 684 1563 737 nempe
1582 711 1596 733 ,
1627 676 1735 722 ter-

153 755 294 799 ram,
315 739 500 802 solem,
533 739 706 791 lunam
729 747 781 791 et
794 739 968 792 omnia
991 753 1106 805 qua:
1125 739 1500 805 subaspectum
1516 738 1730 791 cadunt.

155 807 216 862 Si
273 823 372 878 una
424 807 550 862 hora
592 808 847 878 sapientia
895 807 985 860 Dei
1020 809 1130 861 haec
1181 808 1408 871 fecisset,
1441 823 1595 878 quem
1629 824 1731 862 non

157 877 504 945 impudentiae
551 877 825 930 obtentum
862 891 1130 944 opponere
1177 877 1506 944 potuissent?
1538 879 1731 932 Verum

153 949 298 1017 ipse,
323 957 500 1014 utpote
521 949 606 1015 qui
639 948 752 1017 haec
781 947 1071 1014 pra-sciret,
1109 947 1313 1017 iniquas
1338 959 1732 1014 veneuatasque

154 1016 345 1071 eorum
372 1017 573 1084 linguas
604 1016 888 1084 prohibuit,
922 1032 1038 1084 qua}
1070 1025 1250 1069 contra
1281 1016 1537 1083 Opiﬁcem
1561 1018 1732 1084 erige-

156 1087 375 1150 bantur,
402 1096 454 1138 et
479 1087 772 1139 creaturam
815 1100 912 1154 pro
960 1086 1210 1138 Creatore
1244 1086 1508 1139 colebant.
1534 1086 1729 1140 Verum

157 1157 228 1210 ad
288 1157 613 1224 praposilum
668 1166 1012 1218 revertamur,
1071 1158 1368 1221 seriemque
1418 1157 1733 1210 narrationis

155 1223 384 1280 ulterius
420 1228 787 1293 producamus.
823 1242 840 1274 ι
872 1224 1010 1278 Dixit
1037 1223 1193 1289 Deus,
1224 1224 1338 1277 Fiat
1365 1226 1474 1288 lux,
1505 1235 1559 1278 et
1599 1225 1733 1278 facta

155 1305 246 1350 est
267 1296 355 1348 lux
386 1313 398 1348 :
426 1303 479 1348 et
505 1295 711 1347 vocavit
735 1295 871 1346 Deus
900 1294 1068 1348 lucem
1097 1294 1256 1357 diem,
1281 1303 1333 1347 et
1362 1295 1604 1349 tenebras
1635 1309 1731 1348 no-

157 1376 303 1418 ctem
334 1381 345 1416 :
377 1375 428 1417 et
460 1363 589 1415 facta
621 1373 702 1416 est
746 1378 986 1429 vespera,
1018 1373 1069 1416 et
1095 1365 1282 1416 factum
1316 1373 1398 1418 est
1419 1379 1592 1426 mane,
1621 1365 1734 1418 d'es

159 1450 289 1486 una.
352 1433 412 1487 Et
467 1434 598 1485 dixit
645 1433 818 1484 Deus:
857 1432 969 1484 Fiat
1016 1434 1401 1487 firmamentum
1454 1436 1504 1486 in
1561 1435 1735 1488 medio

159 1519 336 1572 aqu-.2.
365 1513 416 1556 et
443 1505 514 1573 sit
535 1503 774 1555 dividens
805 1503 942 1555 inter
976 1517 1166 1573 aquam
1195 1512 1261 1573 et”
1285 1519 1494 1573 aquam.
1548 1504 1612 1556 Et
1639 1521 1730 1556 vo-

159 1571 304 1627 cavit
329 1573 470 1644 Deus
493 1572 1088 1644 firinamentumca‘lum
1127 1591 1144 1622 ι
1197 1571 1348 1640 (σενι.
1383 1577 1433 1627 1.
1460 1573 1600 1644 3-7).
1650 1575 1736 1626 Vi-

160 1642 341 1696 distiu‘
361 1657 491 1711 opus
517 1641 655 1710 quod
703 1642 1003 1694 mortalium
1050 1651 1256 1712 mentes
1311 1641 1571 1711 percellit,
1593 1644 1731 1712 quod

161 1714 364 1781 absque
399 1712 677 1775 columnis,
710 1712 904 1779 absque
929 1711 1162 1764 vectibus
1196 1713 1293 1765 hoc
1319 1713 1584 1778 opificimn
1607 1711 1734 1767 eou-

161 1782 348 1835 stitnat
375 1797 534 1849 usque
565 1782 627 1832 ad
659 1782 1166 1833 consummationem
1197 1783 1412 1835 saeculi?
1438 1783 1603 1847 Quam
1632 1785 1733 1836 mi-

164 1851 353 1904 rabilia
382 1861 503 1903 sunt
531 1866 688 1918 opera
716 1851 942 1921 Domini,
971 1858 1025 1902 et
1049 1851 1166 1918 quis
1205 1854 1368 1918 possit
1422 1853 1735 1921 investigare

164 1921 294 1974 illa?
326 1940 342 1970 ι
370 1922 433 1974 Ει
454 1921 580 1972 vidit
607 1921 762 1983 Deus,
790 1919 928 1984 quod
956 1921 1325 1973 essetbonum.
1360 1922 1420 1975 Et
1441 1919 1631 1976 factum
1654 1934 1736 1976 est

165 2005 390 2057 vespera
417 2032 431 2052 ,
455 1999 503 2043 et
534 1990 721 2041 factum
746 2001 824 2042 est
855 2004 1010 2042 mane
1030 2030 1043 2049 ,
1068 1989 1180 2041 dies
1207 1993 1487 2044 secundus.
1517 1993 1578 2044 Et
1604 1992 1736 2045 dixit

165 2061 311 2130 Deus
336 2077 348 2110 :
381 2061 737 2127 Congregetur
758 2073 888 2125 aqua
917 2074 1033 2126 quae
1063 2059 1160 2130 sub
1181 2060 1312 2112 czelo
1343 2071 1423 2114 est
1447 2063 1494 2114 in
1513 2077 1736 2130 congre-

163 2129 434 2198 gationem
459 2143 637 2200 uuam,
662 2136 994 2200 etappareat
1020 2127 1162 2181 arida
1192 2148 1201 2180 :
1233 2140 1285 2182 et
1313 2127 1640 2200 congregata
1656 2141 1736 2185 est

164 2197 310 2267 aqua
348 2213 464 2266 qua:
505 2197 603 2267 sub
631 2197 773 2250 cadis
822 2207 903 2249 est
946 2199 994 2250 iu
1027 2197 1466 2266 cougregatioues
1514 2197 1652 2263 suas,
1683 2212 1737 2254 et

164 2266 408 2334 apparuit
439 2266 583 2320 arida
614 2284 626 2318 :
667 2275 718 2318 et
745 2270 949 2319 vocavit
999 2268 1137 2320 Deus
1182 2269 1402 2330 aridam,
1439 2280 1654 2332 terram,
1683 2280 1737 2324 et

166 2338 606 2405 congregationcs
629 2351 878 2404 aquarum
902 2338 1108 2390 vocavit
1125 2339 1304 2391 maria.
1325 2339 1389 2391 Et
1409 2339 1538 2392 dixit
1561 2340 1730 2393 Dens:

167 2406 447 2459 Gertninet
481 2415 616 2458 terra
647 2406 861 2458 herbam
894 2407 1039 2469 fami,
1065 2410 1413 2461 seminantcm
1440 2424 1618 2461 semen
1651 2425 1734 2461 se-

166 2477 402 2528 cundum
433 2491 596 2544 genus
617 2486 669 2526 et
699 2476 987 2528 secundum
1015 2477 1431 2539 similittulinem,
1459 2490 1512 2528 et
1539 2478 1733 2544 lignum

167 2544 500 2617 fructiferum
544 2543 736 2597 faciens
783 2545 1009 2617 fructum
1045 2565 1063 2597 ι
1119 2545 1266 2617 (Gen.
1302 2548 1352 2599 1.
1384 2547 1538 2612 8-H)
1567 2584 1583 2600 .
1615 2547 1735 2601 Haec

166 2617 335 2668 verbo
361 2615 592 2680 jubentis
614 2618 789 2667 statim
818 2615 1048 2667 exhibita
1079 2615 1234 2678 sunt,
1267 2619 1381 2670 sine
1409 2617 1560 2670 obice
1581 2657 1593 2680 ,
1623 2621 1736 2670 sine

169 2683 662 2766 impedimentoz‘Et
693 2689 917 2766 [pateﬁat
938 2696 1233 2766 uespero.net
1259 2689 1448 2766 factum
1475 2697 1544 2738 est
1572 2703 1734 2749 omne,

167 2754 276 2806 dies
308 2755 480 2806 tertius
530 2752 678 2823 (Gen.
716 2755 762 2806 l.
800 2755 918 2823 15).
947 2755 1128 2806 Viden‘
1155 2752 1482 2820 Scripturam
1501 2765 1734 2808 nostrain

168 2823 380 2892 aperire
411 2822 658 2893 (mentem
701 2823 763 2875 ad
803 2822 1149 2893 perfectiora?
1186 2824 1410 2878 Ubinam
1441 2836 1562 2879 sunt
1589 2826 1621 2877 li
1651 2827 1739 2893 qui

167 2893 373 2956 dicunt,
406 2892 499 2944 -‘.lic
531 2895 728 2946 fructus
771 2907 1003 2950 amarus,
1038 2892 1150 2946 ha'c
1199 2894 1360 2946 herba
1398 2897 1615 2948 exitium
1648 2892 1738 2961 pa-

169 2962 260 3024 rit,
289 2963 398 3015 ha:c
439 2963 554 3014 avis
581 2963 853 3015 carnivora
888 2961 1011 3030 quid
1042 2964 1192 3016 nobis
1228 2964 1348 3016 boni
1402 2964 1592 3016 affert?
1623 2966 1738 3019 Alia

170 3034 408 3085 clamans
459 3042 680 3085 mortem
729 3035 1115 3095 comminatur;
1146 3035 1243 3086 alia
1272 3032 1566 3085 vociferans
1607 3033 1733 3095 hye-

169 3117 313 3155 mem
340 3104 626 3170 significat;
659 3102 760 3154 alia
789 3103 969 3154 volans
991 3102 1342 3154 calamitatem
1373 3103 1588 3155 inducit.
1611 3102 1740 3158 Miil-

168 3181 254 3224 tos
292 3174 430 3225 enim
462 3173 633 3224 audivi
664 3171 784 3224 talia
814 3182 1090 3224 causantes
1120 3182 1170 3224 et
1196 3171 1515 3224 efl‘iitientes.
1549 3175 1736 3225 Annon

168 3241 297 3293 illud
328 3251 408 3294 est
435 3240 574 3308 apud
621 3241 949 3294 Christianos
999 3255 1191 3308 pravus
1240 3242 1527 3309 Scriptura:
1579 3244 1738 3296 ttsus?

169 3309 381 3363 Etenim
425 3327 541 3380 qum
580 3312 714 3364 Deus
744 3327 862 3365 cum
895 3310 1055 3372 vidit,
1101 3311 1232 3363 bona
1272 3326 1390 3364 esse
1413 3312 1562 3375 dixit,
1593 3323 1646 3364 ιιι
1674 3328 1740 3365 ne

167 3383 489 3434 contumelia
513 3381 732 3434 afficias.
761 3400 779 3431 ι
813 3381 878 3432 Εῑ
915 3380 1046 3432 dixit
1076 3381 1212 3433 Deus
1238 3399 1248 3433 :
1277 3380 1429 3434 Fiant
1461 3381 1739 3435 luminaria

168 3450 221 3502 in
254 3452 585 3503 firmamento
602 3452 715 3504 creli
747 3452 797 3504 in
823 3451 1257 3504 illuminatiouem
1279 3451 1403 3514 diei,
1423 3460 1473 3504 et
1501 3453 1549 3504 in
1574 3451 1737 3505 facem

169 3523 362 3590 noctis.
406 3522 467 3573 Et
497 3521 617 3572 fecit
651 3522 788 3573 Deus
812 3521 1072 3590 luminare
1092 3536 1337 3587 magnum
1361 3539 1404 3582 ι,
1435 3536 1624 3590 nempe
1653 3537 1740 3574 so-

167 3588 296 3653 lem,
328 3607 344 3638 t
368 3591 430 3642 ad
464 3592 789 3642 dominatum
813 3591 938 3652 diei,
973 3600 1025 3642 et
1065 3589 1324 3643 luminare
1350 3592 1521 3644 minus
1547 3588 1610 3643 ad
1642 3593 1737 3643 do-

166 3660 423 3710 minatqu
457 3661 643 3722 noctis,
677 3668 729 3711 et
755 3661 951 3711 stellas.
985 3659 1045 3710 Et
1071 3661 1171 3710 sint
1197 3661 1245 3712 iu
1274 3661 1420 3727 signa
1450 3670 1500 3712 et
1531 3661 1579 3712 in
1606 3671 1740 3714 tent—

169 3743 322 3796 pora,
357 3738 410 3780 et
437 3729 484 3779 iu
508 3730 619 3781 dies
651 3739 702 3781 et
733 3730 783 3781 itt
823 3742 990 3780 annos
1021 3746 1038 3777 ι
1069 3727 1219 3796 (Gen.
1263 3731 1310 3781 l.
1351 3730 1554 3794 14-16).
1604 3730 1737 3794 Quid

169 3800 317 3866 prius
346 3798 653 3850 mirabimur
685 3814 781 3852 nos
835 3797 1109 3850 homines?
1165 3799 1362 3851 solisne
1409 3799 1736 3852 altitudinem

167 3867 506 3930 immensam,
531 3884 595 3920 an
631 3869 1064 3936 magnitudinem,
1095 3884 1160 3920 an
1194 3867 1622 3921 vehementiam?
1655 3870 1735 3920 lu-

165 3953 356 3990 ccmne
377 3939 490 4006 ejus
514 3939 627 3990 sine
657 3938 882 3990 termino
907 3948 1204 4002 extensam,
1228 3953 1293 3989 an
1317 3947 1504 3990 aestum
1523 3939 1736 4004 insupe-

164 4008 390 4061 rabilem
414 4014 434 4066 ?
455 4007 730 4073 Quomodo
761 4021 821 4060 ex
849 4022 948 4058 una
973 4007 1185 4060 lucerna
1212 4015 1267 4059 et
1286 4023 1350 4060 ex
1373 4022 1476 4060 una
1500 4007 1736 4062 substan-

165 4078 239 4130 tia
267 4079 379 4130 liaec
405 4079 580 4129 omnia
603 4077 876 4143 splendida
906 4077 1062 4138 fiunt;
1095 4078 1221 4128 dum
1244 4077 1353 4143 ipse
1375 4091 1584 4129 cursum
1611 4092 1739 4130 con-

165 4145 299 4210 ﬁcit,
326 4156 547 4209 tantum,
595 4157 651 4200 ut
689 4157 917 4199 tuentem
973 4161 1186 4199 omnem
1236 4144 1648 4213 obstupefaciat;
1684 4157 1740 4200 ut

163 4233 275 4269 uno
305 4217 390 4269 die
416 4218 481 4268 ab
508 4229 624 4269 ortu
649 4216 710 4268 ad
754 4230 997 4269 occasum
1040 4217 1350 4284 perveniens
1370 4254 1384 4278 ,
1415 4216 1614 4267 nullutu
1650 4230 1736 4268 re-

165 4287 370 4354 linquat
396 4287 588 4349 locum,
624 4287 710 4354 qui
738 4301 796 4338 se
826 4285 1116 4337 abscondat
1142 4286 1364 4336 acalore
1396 4285 1594 4354 ipsius?
1617 4285 1738 4336 Ubi-

163 4353 292 4408 nam
322 4364 445 4408 sunt
476 4353 651 4408 l’ersee
673 4357 759 4422 qui
784 4355 1126 4408 coluntillmn
1150 4363 1205 4407 ut
1225 4355 1388 4423 deum
1410 4395 1422 4413 ,
1459 4363 1512 4406 et
1538 4353 1736 4423 Opifice

165 4426 386 4487 relicto,
437 4426 645 4493 epifieio
690 4426 805 4492 ejus
856 4425 1109 4476 honorem
1140 4422 1424 4476 deferunt?
1451 4422 1636 4477 Nonne
1659 4426 1735 4478 sol

164 4495 283 4561 ipse
307 4511 590 4562 perennem
611 4496 1081 4563 quotidianumque
1103 4508 1314 4548 cursum
1347 4508 1498 4546 suum
1526 4497 1738 4548 conficit

163 4580 288 4616 cum
321 4566 507 4617 timore
549 4573 601 4617 et
643 4564 903 4617 conciuno
949 4563 1151 4624 Ordine,
1206 4574 1258 4615 et
1305 4565 1462 4615 modo
1513 4565 1737 4615 nubibus

164 4634 463 4692 obvelatur,
491 4635 646 4688 modo
677 4635 910 4702 spirante
942 4641 1029 4684 uot
1098 4633 1228 4702 radii
1258 4633 1371 4698 ejus
1395 4633 1737 4684 tnimtuntur?

165 4704 267 4757 Hic
302 4712 382 4756 est
411 4704 488 4755 sol
520 4704 608 4756 ille
639 4701 833 4766 vester,
866 4703 947 4756 cui
979 4717 1073 4753 vos
1104 4701 1326 4754 fidentes
1359 4702 1559 4752 cultum
1589 4702 1737 4754 exhi-

164 4773 325 4826 betis.
358 4774 540 4824 Umnia
579 4775 665 4826 Dei
697 4787 853 4838 Opera
886 4770 1165 4823 admodum
1198 4771 1333 4823 bona
1356 4810 1368 4832 ,
1402 4771 1648 4822 terribilia
1686 4781 1738 4824 et

165 4842 458 4909 stupenda;
492 4842 581 4894 sed
611 4843 673 4893 ad
702 4842 1046 4894 ministerium
1072 4850 1306 4892 nostrum
1335 4848 1456 4891 stitit
1487 4841 1738 4892 constitu-

168 4924 248 4974 ta,
277 4928 378 4964 non
401 4912 464 4964 ad
487 4911 829 4963 dominatum.
861 4909 1135 4973 Quomodo
1162 4911 1317 4961 etiam
1346 4909 1465 4960 luna
1490 4910 1538 4960 iu
1572 4911 1735 4962 facem

168 4982 508 5048 noctisjussu
539 4979 750 5047 Opificis
774 4981 1019 5046 producta
1045 4987 1143 5043 est,
1171 4989 1222 5031 et
1257 4979 1410 5030 tnodo
1440 4979 1735 5031 incremen-

167 5064 304 5114 tuut,
339 5051 490 5105 modo
520 5051 930 5102 imminutionem
955 5051 1165 5117 patitur,
1188 5048 1532 5115 etaliquando
1563 5050 1738 5114 splen-

168 5125 307 5175 dens
337 5121 511 5173 radios
535 5121 662 5171 lucis
691 5121 898 5177 emittit,
929 5118 1084 5170 modo
1111 5133 1393 5170 senescens
1434 5133 1733 5169 mensuram

168 5194 288 5245 sine
317 5192 417 5243 ulla
445 5189 730 5240 mutatione
761 5197 955 5250 servat,
986 5202 1104 5239 cum
1137 5188 1404 5240 stellarum
1435 5188 1735 5238 innumera—

170 5276 290 5314 rum
322 5258 538 5312 choris?
561 5257 753 5311 Verum
784 5258 1041 5309 sermunis
1069 5259 1255 5308 seriem
1278 5269 1594 5322 repetamus.
1621 5272 1637 5302 ι
1672 5257 1735 5306 lit

171 5331 313 5383 facta
342 5337 423 5381 est
464 5342 709 5394 vespera,
745 5335 796 5378 et
826 5326 1016 5378 factum
1046 5336 1124 5377 est
1155 5342 1322 5383 mane,
1356 5326 1466 5376 dies
1497 5334 1730 5391 quartus.

173 5402 240 5455 lit
265 5401 396 5451 dixit
439 5396 610 5449 Deus:
647 5396 940 5448 Producant
982 5410 1128 5461 aqua:
1186 5397 1386 5461 reptilia
1443 5398 1732 5446 animarum

170 5470 461 5522 viventium
503 5465 787 5519 secundum
839 5477 1025 5532 genus,
1050 5474 1103 5516 et
1142 5465 1365 5516 volatilia
1412 5465 1633 5532 volantia
1684 5465 1732 5514 in

170 5542 505 5593 firmamento
521 5537 652 5589 celi.
685 5535 748 5586 Et
775 5531 891 5586 fecit
916 5535 1047 5585 Deus
1077 5543 1190 5586 cete
1217 5534 1426 5600 grandia
1447 5552 1462 5582 ι
1500 5531 1644 5602 (Gen.
1685 5534 1729 5584 l.

172 5611 382 5678 19-21).
426 5605 795 5678 Animadverte
821 5604 1095 5678 diligenter
1112 5604 1306 5678 dictum
1322 5604 1729 5678 VUtnuipotentis.

169 5679 308 5743 Quot
344 5673 548 5746 genera
599 5675 812 5741 piscium
858 5674 908 5724 in
945 5675 1072 5725 mari
1121 5673 1375 5734 exhibuit,
1401 5680 1454 5725 et
1479 5681 1729 5746 quantum

171 5743 485 5810 vtilatiliutii,
510 5755 618 5800 tum
646 5746 972 5813 exiguarum,
992 5750 1100 5796 tum
1126 5757 1452 5812 magnorum,
1477 5743 1726 5812 pepulum

1384 343 1448 398 IN
1487 337 1780 399 GENESIM
1818 338 2043 402 SERMO
2083 347 2167 406 lli.

3303 374 3417 429 530

1842 474 1896 539 in
1923 475 2045 515 aere
2092 465 2296 539 paravit
2320 483 2332 528 ;
2377 480 2436 519 ac
2466 466 2658 539 mirare
2706 467 2976 533 sapientim
3003 467 3116 536 ejus
3147 473 3411 539 magnitu-

1834 529 2038 606 dinem,
2071 529 2336 599 quomodo
2387 538 2559 588 omnia
2606 553 2720 606 uno
2761 529 2924 591 verbo
2979 529 3260 606 productav
3286 542 3412 595 sint.

1844 616 1863 648 ε
1891 597 1955 651 Et
1978 597 2221 676 ﬁctaest
2249 618 2492 676 vespera,
2516 615 2567 658 et
2593 605 2787 659 factum
2813 618 2892 659 cst
2919 597 3094 667 mane,
3122 608 3236 660 dies
3261 610 3415 676 quin-

1841 675 1942 720 tus.
1976 670 2040 722 Et
2078 671 2208 726 dixit
2249 670 2424 727 Deus:
2460 674 2660 728 Edueat
2707 685 2842 728 terra
2874 679 3102 728 animam
3148 670 3412 732 viventem

1838 739 2125 812 secundum
2171 757 2355 810 genus,
2390 744 2776 812 quadrupedes,
2822 746 3025 812 reptilia
3065 754 3118 798 et
3152 747 3289 799 feras
3317 787 3330 808 ,
3362 757 3415 800 et

1840 822 1995 881 omne
2016 809 2308 877 jumentum
2341 809 2628 866 secundum
2660 828 2845 881 genus,
2875 809 2927 866 et
2951 816 3235 867 secutidum
3269 816 3416 868 simr-

1843 876 2116 957 litudiuem
2155 900 2172 932 ι
2194 881 2355 960 (Gen.
2386 876 2698 1004 13253253:
2729 883 2771 936 Ο
2795 876 3033 964 magnam
3053 886 3359 950 sapientiam
3393 887 3408 938 l

1843 959 1872 997 υ
1909 949 2312 1004 inenarrabilem
2339 951 2623 1003 bonitatem
2703 955 2889 1004 Omnia
2920 962 3147 1004 iumenta
3178 963 3231 1004 et
3269 954 3404 1004 feras

1840 959 1872 1017 ο
1909 948 2312 1004 inenarrabilem
2339 951 2623 1003 bonitatem
2656 948 2670 1004 ἰ
2703 948 3147 1017 υητηίιίῇυηιειιιὶι
3178 963 3231 1006 et
3269 954 3404 1007 fcras

1840 1016 1890 1068 in
1922 1017 2025 1069 ictu
2051 1021 2185 1072 oculi
2215 1021 2355 1084 fecit,
2388 1021 2613 1083 leonem,
2643 1035 2839 1081 ursum.
2867 1016 3171 1084 draconem,
3197 1023 3408 1087 bovem,

1841 1100 2051 1156 equum,
2083 1102 2133 1140 et
2163 1098 2420 1156 quotquot
2441 1090 2505 1142 ad
2535 1090 2883 1143 ministerium
2915 1092 3182 1143 hominum
3202 1094 3410 1144 deside-

1841 1154 2025 1227 rabilia
2059 1154 2320 1227 miliaque
2340 1169 2482 1211 sunt.
2515 1160 2697 1213 Videu‘
2726 1159 2993 1213 Creatoris
3040 1161 3409 1227 prudentiam?

1839 1222 2023 1295 omnia
2054 1224 2176 1280 fecit
2197 1222 2287 1281 sex
2313 1227 2518 1292 diebus,
2544 1229 2733 1295 lucem,
2765 1229 2975 1292 cadum,
2995 1222 3207 1292 terram,
3241 1247 3406 1291 mare,

1839 1294 2024 1365 solem,
2056 1297 2251 1359 lunam,
2278 1299 2474 1362 stellas,
2507 1309 2733 1361 montes,
2764 1299 2944 1360 colles,
2968 1298 3226 1365 planities,
3248 1302 3406 1362 feras,

1834 1363 2090 1436 jumenta,
2123 1368 2315 1432 pisces,
2349 1378 2495 1426 cete;
2525 1383 2640 1436 qua:
2695 1369 2747 1420 in
2790 1368 2941 1430 mari,
2970 1363 3090 1436 qua:
3139 1369 3188 1420 in
3237 1369 3404 1422 arida.

1840 1433 2012 1506 Quare
2062 1436 2317 1503 insignius
2346 1433 2622 1490 consilium
2675 1433 3020 1499 iniens,cum
3066 1438 3222 1491 vellet
3279 1453 3410 1506 opus

1840 1504 2122 1556 niaximum
2152 1506 2403 1572 perlicere
2425 1507 2579 1560 Pater
2611 1506 2697 1559 ille
2724 1506 3000 1569 luminum,
3021 1508 3107 1574 qui
3135 1517 3210 1560 est
3241 1518 3294 1559 et
3317 1504 3407 1575 qui

1839 1581 1970 1645 erat,
2006 1589 2152 1627 mens
2179 1576 2292 1628 sine
2324 1576 2596 1645 principio,
2628 1576 2716 1645 qui
2736 1577 2994 1644 ingenitus
3019 1588 3098 1629 est
3124 1577 3188 1629 ad
3221 1576 3410 1644 Uuige-

1840 1643 2003 1714 uitum
2038 1661 2050 1692 :
2080 1645 2166 1710 qui
2190 1647 2368 1714 genuit
2396 1645 2459 1698 ad
2501 1643 2692 1700 Filium
2719 1643 2806 1714 qui
2852 1661 2915 1699 ex
2959 1646 3072 1713 ipso
3102 1647 3214 1698 siue
3266 1643 3407 1699 fluxu

1839 1713 2043 1784 genitus
2067 1723 2165 1784 est,
2188 1713 2418 1784 Verbum
2438 1729 2647 1784 nempe,
2665 1716 2971 1779 sapientiam
2998 1715 3407 1782 incomprehen-

1839 1781 2203 1854 _si_hilem_,_Deo
2232 1783 2448 1854 dignum
2493 1795 2544 1854 et
2563 1781 2852 1854 mysticum
2897 1781 3406 1838 consilium’inducit

1842 1849 1921 1902 his
1949 1852 2121 1904 verbis
2150 1870 2162 1904 :
2186 1872 2201 1903 ι
2233 1849 2509 1906 Faciamus
2528 1849 2792 1906 hominem
2815 1854 3099 1907 secundum
3125 1854 3405 1922 imaginem

1839 1929 2091 1992 nostram,
2146 1933 2197 1975 et
2249 1923 2533 1975 secundum
2582 1924 3018 1977 similitudinem:
3051 1932 3103 1976 et
3150 1926 3409 1992 imperent

1839 1990 2067 2061 piscibus
2122 1994 2300 2055 maris,
2350 2002 2403 2045 et
2451 1994 2749 2046 volatilibus
2776 1994 2910 2054 cazli,
2957 2002 3010 2047 et
3051 1990 3325 2061 jumentis,
3357 2003 3411 2046 et

1842 2060 2102 2113 universa:
2157 2071 2333 2124 terrm,
2383 2071 2435 2115 et
2481 2063 2724 2115 omnibus
2778 2060 3060 2130 reptilibus
3104 2063 3407 2131 repentibus

1840 2141 1999 2201 super
2018 2139 2229 2201 terram.
2265 2131 2329 2183 Et
2350 2131 2469 2201 fecit
2501 2133 2635 2184 Deus
2666 2131 2950 2193 hominem,
2983 2133 3248 2201 pulverem
3272 2133 3410 2186 acci-

1841 2200 1989 2318 tsiieos
2024 2198 2092 2251 de
2136 2209 2275 2252 terra
2302 2219 2319 2250 ι
2352 2200 2501 2268 (Gen.
2533 2201 2700 2282 1.36.
2730 2201 2841 2269 2'7).
2899 2202 2962 2254 Et
2986 2198 3070 2282 ’.ιιι
3107 2201 3410 2282 ostenderet

1884 2278 2091 2318 mrtlttttt
2121 2281 2358 2318 sanetum
2390 2286 2491 2318 non
2533 2271 2762 2318 alienum
2792 2289 2818 2318 :t
2849 2281 3138 2318 creatione-
3175 2270 3409 2318 [mmm-

1884 2269 2358 2340 piritutusanctuui
2390 2286 2491 2322 non
2533 2271 2762 2323 alienum
2792 2289 2818 2322 a
2849 2272 3138 2333 creatione,
3175 2270 3409 2340 Inspira-

1840 2338 1904 2408 uit
1929 2339 1978 2389 iu
2009 2339 2184 2406 faciem
2225 2341 2332 2407 ejus
2361 2341 2665 2404 spiraculum
2704 2341 2818 2393 vim:
2838 2381 2850 2401 ,
2880 2350 2925 2392 et
2967 2344 3126 2408 [nctus
3154 2353 3224 2394 est
3255 2338 3402 2392 homo

1839 2407 1888 2457 in
1919 2408 2136 2458 animam
2189 2410 2425 2461 viventem
2477 2408 2625 2476 (Gen.
2680 2410 2732 2460 2.
2790 2407 3128 2471 '7).Vidistiu‘
3158 2411 3407 2463 eximium

1841 2478 2104 2542 opificium
2136 2478 2418 2530 creatiouis
2449 2479 2572 2530 Dei?
2603 2479 2828 2532 vidistin’
2857 2494 2974 2532 eum
3005 2480 3410 2532 constituentetn

1844 2547 2102 2598 Adamuiu
2134 2547 2183 2598 iit
2226 2558 2587 2600 creaturarum
2634 2549 2850 2615 regem?
2894 2548 3120 2599 vidistin‘
3154 2549 3409 2601 honorem

1840 2627 2242 2682 exsuperantem
2288 2632 2406 2669 eum
2457 2619 2539 2684 qui
2585 2619 2697 2684 tjus
2753 2634 2911 2670 manu
2941 2629 3149 2670 creatus
3205 2617 3411 2669 fuerat?

1845 2685 1994 2738 Disce
2017 2687 2173 2739 etiam
2202 2685 2337 2738 dona
2371 2703 2484 2753 qua:
2518 2689 2611 2753 ipsi
2643 2689 2778 2739 Deus
2809 2696 2928 2754 post
2960 2689 3280 2739 creationem
3311 2687 3414 2738 lar-

1842 2754 1978 2821 gitus
1999 2765 2098 2807 est.
2130 2756 2233 2809 «Et
2275 2756 2526 2822 plantavit
2556 2757 2690 2808 Deus
2725 2755 3021 2824 paradisum
3073 2757 3125 2808 in
3154 2757 3315 2808 Edent
3345 2756 3410 2809 ad

1841 2828 2058 2877 oriente.
2088 2841 2121 2886 κ,
2152 2835 2200 2877 et
2233 2827 2408 2892 posuit
2434 2826 2503 2878 ibi
2537 2825 2824 2887 hominem,
2855 2841 3006 2891 quem
3038 2824 3282 2879 formavit
3313 2842 3323 2877 :
3358 2832 3413 2879 et

1843 2894 2088 2960 produxit
2112 2909 2174 2946 ex
2209 2906 2342 2946 terra
2373 2910 2530 2947 omne
2551 2897 2742 2962 lignum
2774 2895 3046 2960 pulrhrunt
3075 2906 3286 2962 aspectu
3314 2934 3326 2954 ,
3360 2902 3414 2944 et

1842 2961 2036 3015 bonurn
2067 2963 2130 3014 ad
2161 2964 2566 3026 comedendum,
2591 2961 2643 3016 et
2675 2965 2867 3031 lignum
2886 2965 3003 3015 vita:
3034 2965 3085 3014 in
3119 2961 3291 3014 medio
3320 2977 3415 3031 pa-

1842 3033 2023 3096 radisi,
2047 3033 2309 3100 etlignum
2339 3034 2570 3085 scientia:
2590 3034 2708 3085 boni
2734 3043 2785 3084 et
2812 3034 2932 3086 tnali
2959 3053 2975 3082 ι
3004 3032 3214 3099 (ϐείω.
3246 3032 3296 3084 8.
3331 3033 3411 3099 9).

1844 3101 2019 3168 Papaa,
2055 3113 2308 3170 quantum
2341 3103 2477 3155 Deus
2521 3103 2671 3156 nobis
2704 3103 2954 3157 honorem
2987 3102 3168 3154 tribuit
3197 3102 3209 3152 ι
3241 3117 3409 3169 μῆρα),

1842 3181 2087 3238 quantam
2126 3173 2458 3225 clementiam
2487 3173 2664 3241 generi
2694 3171 2962 3224 hominum
3008 3171 3276 3225 exhibuit!
3312 3187 3409 3239 pa-

1842 3254 1943 3308 p:e,
1968 3256 2123 3309 quam
2166 3241 2504 3294 ineil'abilium
2529 3242 2780 3294 bonorum
2815 3257 3033 3294 consors
3065 3243 3159 3293 f'uit
3193 3241 3359 3293 Adam
3394 3241 3408 3292 ε

1844 3310 1955 3361 Non
1985 3312 2124 3362 enim
2152 3311 2278 3362 satis
2313 3312 2409 3364 fuit
2448 3311 2695 3364 ineffabili
2728 3311 2841 3377 ejus
2876 3311 3246 3377 providentia),
3275 3310 3413 3377 quod

1845 3377 1993 3431 illum
2025 3395 2086 3432 ex
2115 3380 2279 3432 nihilo
2306 3380 2609 3445 produxerit
2647 3398 2658 3433 :
2691 3396 2753 3432 ex
2786 3381 3001 3447 pulvere
3044 3394 3220 3446 regem
3255 3389 3408 3431 uatu—

1843 3450 2240 3518 raeconstituit;
2275 3464 2337 3502 ex
2387 3457 2524 3501 terra
2556 3451 2698 3501 illum
2727 3451 2926 3518 angelis
2952 3449 3400 3502 honorabiliorem

1843 3517 2114 3579 exhibuit;
2144 3534 2209 3571 ex
2242 3518 2528 3571 inanimato
2574 3517 2856 3572 animatum
2885 3519 3226 3570 simulacrum
3258 3518 3410 3572 indu-

1843 3589 1938 3641 xit.
1986 3587 2152 3654 Quam
2183 3592 2425 3641 virtutem
2457 3588 2765 3641 exhibuerat
2793 3589 2982 3649 Adam,
3017 3597 3071 3639 ut
3103 3596 3246 3640 tanto
3277 3603 3415 3649 prae-

1844 3659 1951 3710 mio
1997 3659 2062 3710 ab
2093 3671 2156 3710 eo
2181 3657 2503 3710 donaretur?
2533 3673 2646 3720 qua:
2672 3659 2980 3720 certamina,
3018 3671 3152 3726 quos
3191 3657 3414 3711 sudores

1845 3728 2118 3788 subierat,
2177 3738 2233 3778 ut
2284 3726 2579 3791 lmjnsmodi
2635 3741 2856 3779 coronas
2905 3729 2974 3779 sit
3019 3727 3412 3793 consequutus?

1843 3812 1996 3862 quam
2023 3796 2243 3863 gloriam
2272 3797 2454 3863 Opifici
2489 3796 2686 3858 retulit,
2720 3807 2773 3847 ut
2805 3797 2872 3847 illi
2903 3797 2954 3847 iu
2984 3796 3157 3848 medio
3188 3796 3414 3860 paradisi

1844 3863 2198 3918 habitaculum
2231 3865 2616 3918 eoostituerct?
2643 3865 2779 3932 quod
2818 3865 3102 3932 gloriosum
3133 3878 3266 3931 opus
3293 3879 3415 3932 per-

1845 3935 1986 3996 fecit,
2015 3945 2069 3986 ut
2098 3940 2251 3987 vitam
2275 3935 2389 3987 sine
2413 3935 2588 3987 labore
2619 3934 2716 3986 sibi
2744 3938 3081 4002 procuraret?
3106 3934 3272 3998 Quam
3307 3936 3413 3986 Deo

1841 4005 2088 4072 placitam
2115 4006 2420 4057 servitutem
2451 4005 2778 4066 exhibuerat,
2809 4004 2948 4072 quod
2980 4004 3082 4054 tale
3122 4007 3189 4054 sit
3213 4002 3411 4055 donqu

1843 4073 2240 4138 consequutus?
2262 4077 2502 4125 Attamen
2536 4074 2622 4126 ille
2646 4074 2912 4126 hominum
2936 4086 3119 4124 amans
3143 4072 3410 4138 opificium

1844 4158 1995 4195 suum
2029 4152 2104 4194 tot
2131 4142 2281 4194 donis
2313 4144 2606 4204 exornavit,
2640 4144 2775 4196 unde
2823 4144 2886 4196 ad
2939 4143 3109 4206 tnajus
3165 4142 3413 4210 gaudiuut

1841 4213 2354 4280 exsultatimtemque
2372 4212 2510 4264 aliud
2529 4228 2733 4280 quoque
2762 4228 2892 4281 opus
2923 4212 3179 4265 exhibuit.
3206 4210 3408 4279 Injecit,

1844 4283 2033 4350 inquit,
2066 4283 2115 4332 in
2141 4283 2389 4333 Atlautum
2427 4281 2556 4333 Deus
2597 4285 2770 4334 utentis
2798 4291 3133 4344 excessum,et
3160 4281 3409 4350 dormivit,

1842 4364 1888 4404 et
1920 4349 2115 4415 occepit
2165 4368 2313 4402 unam
2345 4352 2407 4402 de
2452 4352 2598 4402 costis
2647 4353 2774 4419 ejus,
2805 4363 2849 4403 et
2876 4352 3105 4417 formavit
3157 4349 3415 4401 mulierem

1843 4420 2203 4490 (Gen.‘2.2l).
2243 4420 2375 4473 Vere
2407 4421 2661 4490 mirabilia
2697 4435 2852 4490 opera
2889 4421 3122 4490 Domini;
3151 4433 3276 4490 vere
3309 4419 3409 4470 im-

1843 4488 2272 4558 pervestigabiles
2302 4490 2399 4541 via:
2430 4488 2575 4555 ejus;
2617 4503 2737 4540 vere
2791 4489 3152 4558 inenarrabilis
3206 4489 3414 4542 bonitas

1841 4555 1973 4628 ejus.
2019 4555 2132 4612 Non
2166 4560 2303 4611 enim
2347 4559 2475 4610 satis
2519 4558 2610 4610 f'uit
2656 4559 2750 4625 ipsi
2780 4555 3057 4628 AAdamum
3090 4557 3154 4610 de
3202 4559 3415 4625 pulvere

1845 4626 2035 4681 factum
2063 4669 2077 4690 ,
2110 4638 2161 4680 et
2193 4628 2436 4695 paradiso
2463 4628 2743 4694 voluptatis
2771 4626 2869 4678 frui
2897 4629 3100 4691 jussqu
3148 4643 3285 4690 esse,
3315 4628 3414 4695 ipsi

1842 4714 2050 4766 quoque
2075 4698 2390 4766 adjmorium
2423 4697 2564 4749 fecit.
2595 4697 2856 4760 Quantum
2881 4695 3126 4764 gaudium
3157 4697 3249 4748 fuit
3275 4698 3414 4748 Ada-

1843 4765 2097 4831 mo,’cum
2140 4765 2256 4834 post
2289 4782 2532 4820 somnum
2560 4768 2685 4819 vidit
2714 4766 2810 4818 sibi
2859 4765 3178 4818 assidentem
3226 4767 3411 4818 mulie-

1842 4854 1952 4891 rem
1981 4841 1992 4889 Ξ
2019 4847 2214 4905 quanta
2243 4837 2421 4888 laetitia
2449 4837 2560 4903 ejus
2587 4837 2792 4888 animus
2822 4835 3005 4902 plenus
3032 4835 3142 4898 fuit,
3178 4849 3295 4887 cum
3315 4837 3415 4889 sibi

1843 4919 2140 4959 consortem
2194 4906 2468 4958 mulierem
2502 4906 2657 4968 vidit,
2692 4915 2743 4956 et
2775 4905 3010 4956 moribus
3057 4915 3110 4956 et
3151 4906 3410 4957 sententia

1843 4977 1938 5029 sibi
1967 4985 2346 5028 consonantem
2379 4983 2390 5032 ε
2424 4986 2611 5041 quanta
2635 4975 3014 5037 consolatione,
3045 4983 3238 5042 quanto
3287 4989 3412 5040 pro-

1845 5045 2034 5113 phetiae
2063 5060 2278 5096 munere
2303 5043 2545 5111 dignatus
2574 5056 2652 5095 est
2687 5044 2872 5105 Adam,
2900 5060 3016 5095 eum
3042 5045 3206 5096 oculis
3227 5058 3412 5109 corpo-

1842 5116 1915 5165 ris
1948 5114 2147 5166 videret
2193 5115 2354 5166 Evam
2402 5128 2492 5165 sna
2532 5113 2695 5164 forma
2735 5123 2789 5165 et
2818 5117 2978 5180 figura
3013 5113 3283 5180 prmditam
3312 5113 3412 5164 sibi

1842 5183 2135 5235 adstantem
2163 5180 2175 5234 Ι
2212 5184 2504 5250 rlapropter
2533 5184 2708 5234 animo
2762 5184 3034 5235 exsultans
3066 5184 3234 5251 palam
3265 5198 3414 5234 vere-

1842 5268 1942 5319 que
1968 5255 2299 5320 prophetavit
2329 5253 2409 5305 his
2432 5253 2603 5304 verbis
2629 5269 2639 5302 :
2677 5271 2693 5300 ι
2719 5252 2827 5304 lloe
2854 5267 2990 5304 nunc
3029 5268 3085 5302 os
3115 5267 3174 5303 ex
3208 5252 3414 5302 ossibus

1843 5323 1996 5385 meis,
2020 5333 2072 5374 et
2100 5336 2226 5374 caro
2274 5337 2335 5374 ex
2369 5337 2527 5373 carne
2559 5337 2695 5372 mea.
2728 5323 2849 5374 llzrc
2887 5320 3160 5372 vocabitur
3205 5321 3410 5379 mulier,

1843 5394 1960 5456 quia
1986 5406 2049 5444 ex
2078 5392 2294 5458 proprio
2325 5391 2437 5442 viro
2482 5399 2686 5459 sumpta
2719 5400 2792 5443 es.‘
2830 5410 2846 5441 ι
2887 5389 3040 5458 (Gen.
3067 5389 3118 5440 2.
3168 5390 3277 5455 25).
3320 5389 3408 5440 \‘i-

1841 5460 2016 5511 distiu‘
2038 5461 2345 5528 prophetam
2369 5460 2658 5512 clarissime
2683 5461 3053 5527 pra-dicentem
3077 5473 3136 5510 ea
3155 5472 3271 5524 qua:
3296 5469 3411 5528 post

1843 5529 2017 5581 futura
2041 5526 2235 5582 erant?
2284 5529 2512 5580 vidistin‘
2539 5526 2706 5581 Adam
2751 5530 2976 5596 Spiritus
3003 5527 3168 5578 sancti
3201 5526 3407 5594 partici-

1844 5614 1984 5665 pem,
2017 5615 2116 5666 qua
2139 5599 2302 5667 gratia
2328 5598 2636 5666 dignatum?
2663 5598 2887 5650 vidistin‘
2917 5596 3162 5648 eximium
3191 5596 3406 5660 dictum,

1849 5669 2191 5790 post?ntullas
2215 5669 2574 5739 generationes
2605 5677 2658 5722 et
2685 5681 2846 5735 usque
2873 5666 2925 5719 in
2956 5667 3041 5718 lino
3072 5708 3093 5717 -
3137 5668 3410 5720 confirmas

1850 5751 1960 5790 tum

1850 5751 1960 5792 tum
