3976 6218
580 360 689 415 531

645 450 699 503 3.
735 447 928 501 Verum
961 461 1062 499 non
1097 445 1214 497 tttlit
1254 441 1669 494 tortuosissimus
1714 439 1801 493 ille
1843 439 2006 491 draco
2036 454 2147 489 ma-

573 533 729 585 gnam
762 516 1056 580 huiusmodi
1081 514 1321 585 liiluciam
1347 521 1397 564 et
1420 511 1647 576 Spiritus
1667 509 1883 585 donum.
1915 507 2039 585 Non
2059 521 2150 585 po-

576 577 676 640 tuit
717 577 884 640 oculis
925 585 1222 651 perspicere
1255 582 1523 651 honorem
1553 581 1879 651 gratiamque
1920 577 2146 651 opiticii,

573 672 730 724 quam
760 657 826 708 ab
850 648 1389 724 Opitice’aceeperat:
1435 649 1526 702 sed
1557 665 1673 724 qua;
1699 648 2002 724 _n;icditat_n_s
2030 649 2148 700 f'ne-

573 717 688 789 rat,
726 727 834 778 hac
866 717 1106 792 perfecit.
1139 717 1267 774 Nam
1299 729 1508 792 reperto
1539 717 2146 792 vafritieinequitiaeque

574 786 685 848 suze
716 786 1062 848 instrumento
1094 786 1378 858 serpente,
1413 789 1582 855 ipsum
1623 787 1833 839 malitia:
1866 802 1981 858 sua;
2003 786 2145 858 adju:

574 873 743 918 torem
775 865 947 916 eflecit
976 880 986 913 :
1023 877 1118 913 nec
1147 855 1304 911 ausus
1346 867 1427 912 est
1471 858 1724 910 Adamum
1771 855 2020 922 aggredi,
2054 855 2145 908 sed

574 934 918 986 infirmiorem
989 932 1400 996 dcbilioremque
1454 936 1562 980 tum
1609 942 1766 979 sensu
1823 936 1931 979 tum
1986 939 2148 996 opere

574 1004 792 1056 adortus
817 1014 917 1057 est.
941 1004 1008 1054 At
1031 1016 1187 1052 nemo
1207 1000 1293 1050 Dei
1311 997 1634 1050 creationem
1663 1006 1865 1063 arguat.
1889 995 2149 1060 Quemad-

575 1073 788 1125 modum
829 1073 968 1125 enim
1015 1071 1274 1123 Adamum
1322 1067 1443 1121 fecit
1498 1067 1667 1129 Deus,
1715 1066 1783 1119 ita
1810 1074 1864 1117 et
1895 1065 2054 1116 Evam
2085 1080 2150 1118 ex

577 1142 762 1195 eadem
809 1141 1214 1198 commixtione,
1263 1154 1326 1190 ex
1372 1135 1554 1190 eadem
1605 1150 1814 1197 massa,
1859 1134 2151 1202 eodemque

578 1212 783 1265 ordine.
809 1211 911 1264 Sed
939 1208 1222 1262 adversarii
1249 1207 1526 1258 consilium
1553 1215 1605 1258 et
1625 1220 1816 1270 corpus
1839 1214 1890 1257 et
1918 1217 2149 1256 mentem

583 1281 705 1334 Eva:
735 1296 890 1349 prava
914 1281 1105 1333 effecit.
1138 1278 1264 1330 Nam
1295 1275 1380 1344 qui
1422 1291 1485 1329 cx
1529 1284 1668 1349 terra
1714 1284 1953 1328 terrenus
1975 1273 2150 1349 factus

579 1342 924 1408 immortalis,
951 1363 1071 1401 cum
1099 1342 1326 1415 gratiam
1364 1346 1654 1415 accepisset
1683 1353 1738 1396 ιιι
1768 1359 1922 1415 manu
1967 1342 2149 1396 Omni-

581 1421 810 1487 potentis
841 1413 1156 1472 formaretur
1177 1457 1190 1476 .
1235 1415 1488 1487 etdivina
1514 1414 1832 1487 dignatione
1863 1413 2147 1466 humanmn

575 1484 766 1543 nomen
794 1489 1010 1542 sortitus
1040 1496 1209 1550 esset,
1235 1485 1320 1537 ttbi
1351 1484 1550 1537 audivit
1576 1485 1979 1550 appellationem
2004 1525 2018 1544 ,
2045 1499 2146 1549 qua

585 1560 766 1626 .lignus
798 1575 899 1611 non
926 1567 1068 1619 erat,
1101 1555 1214 1626 ejus
1239 1569 1399 1626 opere
1429 1566 1727 1620 assumpto,
1752 1553 1834 1626 _ad
1856 1553 2144 1626 divinitatis

589 1623 880 1696 lignitatem
912 1635 1084 1680 mente
1112 1624 1407 1696 advolavit,
1440 1634 1488 1677 et
1530 1634 1711 1696 contra
1743 1623 2003 1696 Opificcni
2036 1623 2148 1674 cal—

579 1692 794 1752 caiieum
829 1699 989 1751 miser
1030 1695 1237 1748 sustulit
1264 1710 1276 1745 :
1319 1692 1583 1760 quomodo
1608 1705 1782 1745 autem
1811 1694 1949 1744 audi.
1980 1694 2148 1744 Acce-

577 1767 711 1820 dens
752 1767 973 1820 callidus
999 1781 1217 1832 serpens
1261 1763 1385 1831 quid
1415 1764 1487 1814 ait
1516 1763 1758 1816 mulieri?
1787 1761 1890 1814 Cur
1917 1765 2150 1829 prwcepit

573 1838 709 1889 vobis
742 1836 874 1888 Deus
915 1853 975 1888 ne
1001 1835 1318 1888 comederetis
1360 1835 1422 1884 de
1463 1833 1629 1899 fructu
1671 1833 1892 1884 sriemiw
1937 1833 2050 1883 boui
2104 1840 2150 1884 et

577 1907 738 1958 mali?
766 1906 1088 1972 Quacumque
1108 1905 1187 1955 die
1208 1902 1516 1955 comederitis
1537 1919 1598 1954 ex
1619 1919 1675 1954 co
1689 1943 1703 1966 ,
1727 1902 2012 1967 aperientur
2032 1917 2151 1953 ocu-

578 1976 616 2028 li
645 1980 790 2028 vestri
813 2015 826 2036 .
869 1985 916 2028 et
953 1976 1092 2028 eritis
1135 1975 1259 2025 sicut
1289 1972 1358 2024 dii
1384 2014 1398 2034 ,
1429 1973 1636 2025 scientes
1668 1974 1849 2023 bonum
1877 1983 1923 2021 et
1963 1972 2150 2022 malum

575 2045 737 2112 (Gen.
769 2047 906 2114 3.71.
949 2046 1036 2114 5).
1089 2043 1280 2114 Vides.
1335 2043 1576 2114 auditor,
1627 2041 1823 2093 inimici
1872 2040 2142 2114 menteni?

576 2110 723 2170 vides
751 2110 1043 2168 scductoris
1072 2111 1424 2166 offendicula?
1477 2110 1632 2164 Vides
1673 2125 1828 2177 quam
1858 2110 2151 2178 versipellis

576 2185 684 2246 sit,
729 2185 916 2252 quibus
963 2182 1137 2236 verbis
1187 2183 1346 2235 Evam
1397 2180 1679 2252 inescarit?
1724 2180 2046 2252 Quacumque
2071 2180 2152 2232 die

575 2249 888 2307 camederitis
914 2255 976 2306 de
1005 2255 1139 2322 ligno
1172 2253 1330 2322 vetito
1349 2291 1363 2313 ,
1409 2251 1695 2322 aperientur
1726 2249 1857 2322 oculi
1894 2250 2040 2322 vestri
2059 2291 2071 2310 ,
2105 2258 2150 2301 et

577 2323 720 2376 eritis
742 2325 870 2376 sicut
893 2325 965 2375 dii
985 2365 997 2382 .
1025 2318 1230 2376 {cientes
1255 2320 1438 2373 bonum
1463 2332 1506 2372 et
1530 2321 1734 2372 malum.
1765 2318 1808 2371 Ο
1837 2321 2028 2371 malum
2059 2333 2147 2371 se—

577 2393 814 2446 ductoris
839 2393 1149 2446 consilium!
1180 2406 1212 2444 o
1239 2391 1505 2442 infamiam
1531 2429 1545 2451 ,
1573 2405 1728 2458 quam
1751 2389 1951 2458 dolosis
1977 2389 2151 2458 verbis

575 2462 788 2516 mulieri
819 2462 1154 2516 conciliavit!
1187 2476 1220 2513 o
1247 2459 1464 2512 insidias
1486 2499 1500 2522 ,
1534 2457 1724 2527 quibus
1753 2459 1802 2510 in
1833 2457 2148 2525 profundmn

577 2531 771 2585 inferni
807 2532 986 2598 dejicit
1009 2546 1130 2584 eum
1151 2570 1166 2587 ,
1195 2531 1280 2597 (ιιιί
1316 2544 1408 2596 per
1435 2528 1523 2582 Dei
1546 2528 1880 2598 clementiam
1910 2529 1959 2579 in
1987 2528 2150 2580 subli-

577 2615 666 2655 me
689 2597 948 2656 deductus
988 2600 1194 2655 fuerat!
1227 2597 1341 2652 Non
1371 2599 1542 2650 nudus
1570 2597 1679 2650 adit
1726 2597 1887 2650 Evam
1937 2598 2151 2651 dolosus

581 2671 710 2734 ille,
755 2672 847 2724 sed
888 2671 1149 2739 serpentis
1192 2669 1370 2739 habitu
1417 2669 1688 2739 mulierem
1731 2667 2053 2734 alloquitur.
2096 2676 2153 2720 ut

580 2741 782 2794 inescet
808 2757 923 2794 eam
942 2781 956 2802 ,
980 2736 1052 2793 'et
1080 2738 1233 2790 dictis
1261 2737 1368 2789 suis
1394 2736 1772 2803 obsequentem
1803 2745 1986 2801 paret;
2029 2747 2149 2787 nam

581 2810 628 2863 si
658 2824 752 2863 sua
783 2811 1095 2864 accessisset
1143 2805 1346 2867 forma,
1394 2806 1496 2858 Eva
1541 2807 1716 2857 statim
1759 2805 2067 2867 rcsiliisset,
2100 2815 2154 2858 et

581 2879 650 2932 ad
665 2881 830 2932 virum
844 2894 993 2932 suum
1013 2877 1316 2942 aufugisset.
1348 2875 1532 2927 Verum
1555 2874 1761 2926 indutus
1781 2875 2155 2940 serpentisf'or-

588 2963 673 3000 ma
722 2951 1014 3018 versipellis
1067 2948 1184 3007 ille,
1220 2945 1516 3018 hujusmodi
1560 2943 1734 3018 verbis
1780 2944 1919 2995 illam
1964 2943 2152 3018 affatus

584 3026 704 3072 est:
737 3012 1004 3071 Accedens
1033 3018 1094 3068 ad
1127 3015 1531 3083 Contingendutn
1566 3014 1759 3081 lignum
1781 3051 1796 3075 ,
1838 3012 1976 3080 quod
2005 3014 2152 3064 vobis

584 3088 865 3142 comedere
887 3089 1048 3141 vetuit
1073 3087 1236 3148 Deus,
1261 3085 1386 3136 illud
1410 3085 1641 3152 inspice;
1667 3084 1963 3151 speciosum
1987 3083 2152 3136 oculis

584 3158 690 3209 tuis
713 3158 931 3209 offertur
951 3196 966 3220 ,
995 3166 1048 3208 et
1071 3155 1134 3206 ad
1163 3153 1544 3206 comedendum
1574 3154 1650 3204 ori
1681 3163 1769 3204 tuo
1795 3162 1998 3219 gratum
2031 3155 2149 3204 crit.

583 3225 701 3279 Jam
730 3226 1072 3279 formidabilis
1095 3240 1153 3277 es
1175 3225 1296 3277 feris
1325 3233 1378 3276 et
1407 3223 1706 3275 volatilibus
1727 3262 1740 3279 .
1772 3221 2154 3275 formidabilior

585 3295 713 3363 ipsis
741 3304 859 3363 post
882 3295 1215 3362 degustatum
1243 3293 1466 3345 fructum
1494 3291 1789 3344 videberis:
1817 3292 2069 3363 hactenus
2100 3301 2151 3345 te

581 3361 755 3418 forma
799 3361 1023 3418 humana
1066 3363 1439 3417 circumdatam
1480 3363 1843 3427 conspiciunt,
1880 3361 1987 3427 jam
2031 3377 2154 3414 vero

585 3444 703 3502 post
745 3435 1079 3502 degustatum
1120 3435 1341 3485 fructum
1381 3432 1555 3502 divina
1596 3431 1763 3483 forma
1797 3431 2028 3502 indueris
2054 3473 2068 3495 ,
2101 3443 2154 3484 et

582 3501 873 3572 cognosces
896 3506 1085 3556 bonum
1109 3511 1161 3555 et
1182 3502 1398 3555 malum.
1423 3501 1558 3572 Nihil
1582 3502 1676 3554 erit
1700 3501 1866 3553 oculis
1890 3502 2152 3572 occultum

584 3570 774 3625 vestris
798 3614 812 3636 ,
843 3574 969 3626 nihil
1001 3572 1198 3624 audilui
1227 3581 1402 3623 vestro
1426 3571 1787 3622 absconditum
1815 3589 1827 3629 ;
1858 3570 1948 3622 sed
1979 3572 2152 3622 omnia

583 3644 808 3695 visibilia
854 3653 905 3695 et
952 3641 1228 3693 invisibilia
1271 3640 1419 3693 vobis
1449 3648 1604 3691 erunt
1632 3639 1905 3691 manifesta
1935 3648 1988 3692 et
2025 3653 2153 3692 con-

584 3713 784 3780 spicua.
839 3711 1152 3777 lllaqueatur
1195 3723 1320 3777 ergo
1351 3709 1657 3780 rscductoris
1699 3709 1873 3780 verbis
1920 3709 2150 3780 mulier:

585 3779 862 3848 primoque
902 3781 1164 3845 Serpentis
1197 3779 1450 3845 promissa
1479 3780 1528 3830 in
1562 3789 1774 3845 pectore
1797 3779 2074 3842 describit,
2103 3787 2157 3832 et

583 3847 1138 3905 contraConditorem
1167 3863 1317 3902 suum
1345 3852 1648 3902 calcaneum
1692 3847 1921 3900 extollit.
1956 3848 2154 3902 Deinde

584 3922 755 3973 virum
783 3921 923 3981 adit,
955 3935 1183 3986 eumque
1209 3920 1288 3973 his
1335 3918 1508 3971 verbis
1557 3919 1673 3971 felle
1703 3918 2049 3970 amarioribus
2075 3919 2152 3970 al-

585 3990 818 4058 loquitur
845 4009 856 4041 :
887 3990 992 4043 Cur
1021 3989 1173 4042 nobis
1217 3989 1463 4056 prrccepit
1500 3989 1636 4040 Deus
1665 4002 1730 4041 ne
1756 3988 2155 4042 comedcrcnms

585 4059 655 4113 de
682 4062 780 4114 hoc
810 4060 986 4128 ligno?
1027 4062 1366 4124 Quacumque
1395 4059 1481 4111 die
1509 4058 1848 4111 comedemus
1868 4096 1881 4119 ,
1915 4058 2155 4125 aperien-

587 4137 671 4182 tur
697 4131 830 4181 oculi
860 4128 1046 4191 nostri,
1074 4138 1125 4180 et
1159 4142 1532 4194 cogito-cenios
1562 4129 1756 4179 bonum
1788 4135 1839 4179 et
1867 4131 2079 4180 malum.
2112 4128 2155 4181 Ο

589 4199 874 4266 pessimum
907 4197 1222 4251 consilium!
1256 4215 1287 4248 υ
1331 4197 1487 4248 verba
1539 4197 1658 4249 felle
1700 4197 1994 4248 amarior-al
2044 4197 2154 4249 Non

595 4268 727 4320 vidit
755 4269 922 4320 oculis
951 4270 1058 4319 suis
1091 4267 1266 4318 lumen
1296 4266 1549 4327 veritatis,
1581 4282 1681 4316 non
1712 4267 1915 4330 excepit
1941 4267 2154 4319 auribus

587 4338 752 4404 ipsius
785 4340 904 4389 vitae
934 4351 1232 4389 sermonem
1254 4375 1268 4396 ,
1303 4351 1404 4387 non
1436 4336 1661 4401 gustavit
1703 4348 1794 4385 ore
1822 4335 2153 4386 dulcedinem

587 4409 864 4461 cleuientis
911 4407 1152 4465 Domini,
1203 4421 1304 4457 non
1351 4406 1571 4472 contigit
1602 4404 1841 4455 manibus
1889 4404 1996 4454 suis
2029 4405 2155 4454 lucis

583 4477 816 4544 januam.
843 4481 978 4528 Ante
998 4476 1238 4544 copulam
1260 4475 1429 4526 virum
1451 4488 1603 4544 suum
1625 4474 1730 4524 Deo
1749 4473 1976 4524 alienum
1999 4472 2113 4524 fecit
2139 4488 2152 4533 ;

589 4543 708 4598 ante
751 4543 1192 4598 cohabitatioiiem
1246 4559 1418 4612 regem
1459 4543 1633 4596 effecit
1676 4556 1994 4610 pauperem;
2033 4551 2156 4594 ante

587 4625 883 4682 susceptam
935 4616 1133 4680 prolem
1177 4613 1294 4666 filiis
1338 4612 1760 4666 maledictionem
1815 4613 2152 4682 procuravit;

587 4680 868 4750 antequam
901 4685 1033 4736 ﬁlios
1060 4684 1293 4749 filiasque
1323 4693 1527 4748 pareret
1547 4724 1558 4743 .
1589 4682 1836 4735 exsilium
1871 4680 2154 4750 nepotibus

589 4749 842 4814 adduxit;
873 4765 1152 4820 antequam
1196 4767 1312 4805 cum
1343 4755 1455 4804 viro
1486 4753 1772 4812 habitaret,
1801 4765 1865 4802 ex
1910 4749 2153 4817 paradiso

588 4823 736 4876 illum
759 4823 1075 4875 deturbavnt.
1107 4821 1149 4874 Ο
1181 4821 1498 4888 nequitiam!
1530 4839 1561 4872 υ
1589 4821 1972 4888 insipientiam!
2004 4835 2034 4868 o
2059 4820 2152 4871 fal—

590 4892 807 4945 faciant!
845 4892 1026 4945 Verbis
1069 4893 1180 4944 suis
1213 4891 1262 4943 id
1311 4905 1436 4944 vero
1465 4891 1682 4955 suadet,
1733 4891 1802 4942 illi
1845 4890 2150 4954 decerptum

589 4960 813 5014 fructum
865 4961 1051 5023 offert,
1098 4976 1325 5028 eumque
1369 4961 1421 5012 in
1465 4960 1775 5026 profundum
1826 4957 2017 5028 inferni
2060 4959 2151 5010 de-

587 5029 718 5101 jicit,
773 5033 858 5098 qui
910 5031 1030 5084 feris
1084 5041 1136 5083 et
1187 5031 1486 5082 volatilibus
1539 5031 1775 5101 sublimis
1826 5027 2149 5101 videbatur:

589 5098 764 5166 dejicit
815 5109 1042 5152 mentem
1069 5102 1302 5152 omnium
1328 5113 1445 5167 qua:
1475 5099 1571 5151 sub
1599 5099 1728 5149 c.elo
1758 5108 1878 5149 sunt
1906 5098 2152 5149 sinceris-

590 5171 823 5230 simam;
869 5168 1155 5236 exstinguit
1195 5170 1367 5221 lumen
1397 5168 1666 5221 oculorum
1714 5168 1871 5217 Deum
1915 5167 2152 5236 quotidie

589 5234 1094 5305 contemplandum:
1119 5251 1361 5304 pavorem
1382 5239 1544 5302 injicit
1571 5238 1620 5289 in
1646 5251 1766 5289 eum
1793 5236 1892 5305 qui
1909 5234 2153 5301 frequen-

589 5318 671 5361 ter
701 5304 865 5360 Deum
905 5307 1265 5374 alloquebatur
1296 5323 1308 5358 :
1343 5307 1581 5360 dissolvit
1623 5318 1809 5358 manus
1847 5304 1962 5357 illas
1987 5345 2001 5367 ,
2032 5319 2150 5371 qua:

589 5377 969 5431 benedixcrant
995 5378 1177 5428 avibus
1213 5376 1324 5427 czcli
1352 5387 1403 5429 et
1433 5377 1611 5430 besnis
1638 5387 1791 5427 teme
1815 5415 1828 5435 ,
1864 5383 2020 5441 atque
2048 5375 2149 5426 Illis

589 5448 798 5500 nomina
825 5445 1138 5499 indiderant.
1171 5445 1278 5497 Rex
1306 5445 1528 5498 efficitur
1556 5460 1752 5512 pauper
1772 5486 1785 5505 ,
1816 5444 1962 5495 dives
1983 5483 1995 5501 .
2027 5457 2150 5511 cge-

591 5531 726 5576 nus;
766 5516 851 5580 qui
898 5517 1063 5567 amica
1108 5514 1488 5568 consuetudine
1533 5514 1696 5567 Deum
1747 5515 2143 5580 alloquebatur,

591 5586 738 5651 quasi
769 5583 849 5636 fur
875 5585 972 5637 sub
999 5585 1188 5636 arbore
1217 5583 1544 5647 occultatur;
1572 5585 1811 5649 princeps
1834 5623 1846 5642 ,
1878 5583 2100 5635 famulus
2128 5624 2143 5647 ,

591 5667 750 5721 purus
775 5653 951 5711 corde,
984 5662 1120 5705 totus
1149 5651 1412 5716 sordidus,
1443 5654 1616 5705 animo
1645 5652 1967 5721 splendidus,
2003 5662 2147 5704 tene-

595 5720 784 5776 brosus
809 5725 1157 5778 constituitur.
1173 5721 1356 5777 Videre
1372 5731 1483 5776 erat
1509 5735 1650 5788 eum,
1674 5720 1759 5789 qui
1791 5732 1844 5774 ut
1869 5722 1946 5775 sol
1971 5721 2148 5790 splen-

2055 324 2318 380 SI‘URH.

3728 341 3832 396 532

2261 437 2419 490 debat
2446 481 2460 502 ,
2497 438 2546 492 in
2579 439 2802 505 Caligiuc
2842 451 3058 508 repente
3091 443 3315 510 positum
3342 460 3355 504 ;
3388 443 3475 509 qui
3509 444 3836 500 drcmonibus

2263 511 2566 560 tremendus
2594 522 2726 573 erat,
2762 513 2810 562 in
2845 512 3122 582 ludibrium
3157 516 3379 580 pmitum
3412 532 3426 577 ;
3454 516 3543 582 qui
3575 515 3717 567 liber
3743 515 3836 568 for~

2261 589 2432 652 matus
2466 591 2576 652 erat
2601 591 2708 652 ,ﬂut
2742 596 2949 633 servum
2997 581 3362 636 absconditum
3394 600 3406 646 ;
3439 581 3526 650 qui
3572 585 3835 652 gloriosus

2259 656 2314 698 ct
2356 649 2679 721 honorabilis
2724 660 2836 702 erat
2862 691 2876 713 ,
2922 659 2977 703 ιιι
3023 651 3299 719 inglorium
3341 649 3725 718 sordidumque
3761 656 3830 721 ja-

2257 726 2482 794 ccntem.
2521 719 2871 794 Quapropter,
2909 721 3448 794 auditoresbenevoli
3470 765 3483 787 ,
3511 723 3652 775 hanc
3680 719 3833 775 histo-

2258 789 2390 864 riam
2423 798 2720 864 repeteutes
2745 831 2757 850 ,
2789 790 3060 864 videamus
3088 789 3372 860 Scriptura:
3393 793 3652 864 abyssum
3679 835 3692 855 ,
3724 809 3834 846 nar-

2258 858 2477 928 rationis
2521 859 2712 910 seriem
2757 860 3086 914 exhibentes.
3140 879 3158 910 ι
3195 858 3257 914 Et
3299 861 3430 914 vidit
3465 858 3663 914 mulier
3702 864 3831 928 quod

2258 923 2452 998 bonum
2482 937 2623 980 esset
2655 928 2848 994 lignum
2876 930 2939 982 ad
2967 930 3349 983 eomedendntn
3376 973 3390 992 ,
3421 942 3470 984 ct
3499 932 3646 998 quod
3674 923 3829 984 oculis

2259 993 2536 1060 placidmn,
2562 1008 2614 1066 et
2636 993 2931 1063 speciosum
2952 999 3012 1050 ad
3039 1001 3451 1066 intelligendum.
3475 993 3540 1054 Et
3568 1002 3832 1066 accipiens

2258 1065 2736 1136 untiierdefructu
2760 1108 2774 1129 ,
2805 1069 3054 1132 comedit,
3085 1080 3138 1123 et
3167 1065 3310 1122 detlit
3339 1071 3449 1123 viro
3478 1086 3575 1122 suo
3610 1091 3628 1121 ι
3669 1065 3827 1136 (Gen.

2256 1132 2307 1205 5_.
2341 1133 2432 1205 (ξ).
2463 1135 2645 1188 Viden’
2678 1140 3013 1203 voluptatem,
3049 1156 3164 1205 quin
3193 1149 3412 1193 mortem
3447 1132 3737 1205 procurat?
3764 1143 3832 1191 vi-

2256 1201 2373 1282 den:
2408 1205 2724 1273 voluptatem
2767 1201 2884 1273 qua:
2913 1208 2962 1259 in
2994 1201 3252 1261 infernum
3281 1201 3500 1282 dejicitii'?
3535 1210 3714 1282 videti‘
3740 1226 3829 1282 gn:

2255 1280 2534 1350 stationem
2561 1316 2583 1350 ,_
2617 1285 3058 1350 qurcgustantcm
3089 1281 3385 1350 aparadiso
3414 1280 3648 1350 alienum
3683 1280 3829 1332 facit!

2255 1341 2420 1415 Nemo
2460 1341 2704 1396 cordatus
2743 1341 2937 1412 lignum
2976 1349 3023 1398 in
3052 1341 3259 1415 culpam
3319 1358 3507 1412 vocet,
3549 1349 3646 1400 sed
3689 1364 3828 1402 com-

2254 1414 2988 1490 edentcm.Quemadmodum
3017 1414 3156 1490 enim
3187 1420 3225 1470 si
3254 1419 3367 1486 quis
3392 1433 3481 1490 rex
3513 1419 3669 1490 militi
3699 1433 3828 1490 prae-

2254 1483 2454 1561 cipiat_,_
2497 1501 2562 1561 ne
2601 1500 2757 1552 quem
2796 1487 3090 1552 principum
3133 1483 3494 1561 intra—regium
3528 1483 3826 1542 cubiculum

2256 1552 2454 1624 ingredi
2500 1555 2676 1624 sinat,
2713 1565 2799 1607 aut
2843 1570 3092 1609 arcanum
3141 1555 3235 1624 ipsi
3285 1552 3562 1619 revelatis,
3595 1568 3742 1610 vetet
3771 1571 3829 1610 ne

2253 1622 2526 1694 quisalius
2546 1623 2748 1694 ediscat.
2771 1642 2783 1676 :
2808 1624 2895 1694 ille
2921 1641 3047 1678 vero
3072 1622 3314 1694 egressus
3342 1627 3388 1678 id
3420 1629 3692 1680 renuntiet
3720 1628 3827 1678 aliis

2258 1706 2359 1766 pro
2380 1692 2579 1753 lubito;
2609 1693 2694 1745 dic
2726 1693 2880 1766 mihi,
2905 1709 2982 1766 an
3013 1692 3124 1746 non
3158 1711 3338 1762 pmnas
3366 1696 3508 1750 dabit
3539 1697 3664 1766 ille,
3695 1696 3826 1766 quod

2255 1761 2469 1833 regioni
2505 1764 2761 1830 spreverit
2803 1764 3121 1830 imperium?
3152 1761 3376 1833 ldipsum
3418 1767 3466 1818 in
3508 1761 3726 1820 Adamo'
3763 1766 3831 1818 [a-

2255 1839 2418 1903 ctum.
2439 1829 2622 1903 Omnia
2645 1833 2739 1898 ipsi
2764 1829 2904 1887 Deus
2926 1833 3142 1887 dederat
3161 1835 3209 1888 in
3228 1829 3400 1888 cibum
3421 1847 3469 1888 et
3484 1837 3822 1903 voluptatem,

2255 1900 2493 1971 arbores,
2522 1901 2739 1964 fructus,
2760 1917 2944 1970 aquas,
2970 1905 3192 1970 paradisi
3214 1900 3628 1971 jucunditatem,
3645 1907 3824 1968 solem,

2255 1967 2506 2042 lunamct
2532 1971 2711 2042 stellas
2737 1990 2748 2023 :
2780 1967 2932 2024 unius
2959 1967 3083 2025 vero
3109 1967 3230 2042 ligni
3258 1975 3481 2028 fructum
3510 1967 3824 2029 servandum

2219 2103 2223 2114 Α
2258 2040 2491 2099 tradidit.
2523 2041 2743 2114 dominii
2774 2040 3222 2114 argumentum'et
3254 2044 3533 2112 imaginem
3565 2046 3824 2112 pra-beas,

2254 2118 2682 2178 pneceptumquc
2709 2111 2842 2164 dans
2867 2112 2931 2163 ad
2959 2111 3576 2180 obsequentiant’Opificii
3604 2117 3713 2166 sui.
3745 2114 3828 2167 llle

2255 2180 2640 2252 veroinondnm
2673 2181 2950 2252 intrahatc
2985 2184 3165 2252 gratim
3200 2183 3336 2252 dona
3368 2183 3668 2236 consiStens
3694 2225 3708 2244 .
3738 2198 3828 2236 nec

2255 2245 2524 2320 dignitatis
2554 2251 2964 2316 magnitudinem
2988 2245 3046 2303 in
3078 2252 3242 2319 pretio
3270 2251 3498 2310 habens.
3529 2268 3704 2320 neque
3732 2254 3826 2305 im-

2256 2318 2388 2390 perii
2417 2319 2496 2370 sui
2526 2320 2818 2373 libertatem
2849 2318 3172 2380 custodiens.
3209 2323 3441 2390 iniquum
3472 2318 3632 2376 illum
3653 2333 3708 2376 et
3737 2323 3828 2375 ini-

2255 2387 2449 2472 uticum
2478 2389 2714 2472 veritatis
2741 2390 2937 2470 audivit
2960 2430 2974 2452 ,
3002 2400 3061 2472 et.
3085 2387 3496 2472 inobseq‘tientize
3523 2409 3582 2446 se
3606 2393 3825 2453 dedidit.

2257 2454 2530 2530 factusque
2557 2467 2646 2530 est
2681 2475 2740 2512 ev
2784 2461 3062 2514 immortali
3099 2454 3374 2525 mortalis;
3403 2463 3655 2530 princeps
3683 2477 3825 2530 para-

2254 2525 2354 2578 disi
2376 2531 2528 2598 ejus
2557 2527 2878 2584 habitatione
2918 2530 3180 2596 privatus;
3209 2531 3295 2598 qtti
3335 2525 3828 2584 veritatis'seiniuis

2257 2597 2476 2668 terebat,
2503 2597 2800 2651 daemonum
2821 2600 3099 2653 ludibrium
3121 2597 3371 2662 effectus;
3395 2602 3480 2668 qui
3502 2603 3696 2667 plenus
3717 2601 3828 2667 Spi-

2255 2666 2358 2739 ritu
2385 2678 2567 2739 sancto
2593 2677 2724 2739 erui.
2756 2669 3028 2739 spiritibus
3055 2670 3294 2738 malignis
3311 2666 3573 2739 repletus;
3597 2671 3688 2736 qui
3716 2666 3828 2737 pro-

2258 2734 2448 2808 plietia;
2478 2736 2618 2808 dono
2651 2736 2913 2804 fulgebat,
2945 2753 3009 2791 ne
3042 2739 3125 2808 sui
3151 2734 3384 2805 quidem'
3409 2740 3572 2808 ipsius
3610 2734 3826 2807 gnarus.

2257 2803 2524 2876 completa
2551 2803 2778 2873 denique
2821 2808 2905 2860 illa
2945 2803 3214 2861 mortifera
3246 2803 3639 2876 inobsequentia
3667 2851 3682 2871 ,
3713 2825 3825 2862 cmn

2257 2872 2608 2952 advertissent
2637 2872 2802 2952 Adam
2832 2888 2881 2930 et
2902 2878 3110 2952 _Eva__se
3138 2878 3305 2952 nudos
3332 2872 3546 2952 esseab
3569 2880 3825 2952 prie-vari-

2255 2945 2519 2997 cationem
2547 2963 2558 2996 :
2592 2945 2802 3012 quando
2831 2949 2968 2999 enim
2997 2947 3174 3000 divino
3204 2947 3609 3000 inunortalitatis
3641 2951 3826 3001 vestitu

2255 3023 2550 3082 ornatuque
2586 3017 2763 3068 amicti
2794 3027 2980 3079 erant,
3024 3017 3310 3070 nuditatem
3355 3032 3500 3070 suam
3549 3033 3652 3069 non
3689 3018 3827 3068 vidc-

2258 3081 2384 3134 bant
2410 3081 2574 3155 ._Cum
2613 3094 2786 3138 autem
2829 3086 3050 3140 accessit
3089 3087 3451 3155 prrevaricatio
3476 3127 3489 3147 ,
3521 3095 3574 3138 et
3610 3088 3827 3140 inobse-

2255 3153 2485 3223 qncntire
2512 3169 2643 3221 opus
2670 3157 2955 3223 perfectum
2987 3153 3239 3218 est,’tunc
3265 3157 3643 3223 turpitudinem
3681 3171 3826 3207 suam

2258 3220 2519 3292 viderunt.
2551 3220 2749 3276 Deinde
2775 3226 3068 3289 Audierant,
3097 3226 3279 3292 inquit,
3305 3220 3466 3276 tto—cem
3496 3224 3706 3276 Domini
3727 3243 3827 3275 ant-

2259 3291 2475 3362 bulantis
2504 3293 2554 3345 in
2585 3294 2824 3362 paradiso
2863 3297 2996 3346 circa
3035 3291 3289 3346 meridiem
3315 3334 3328 3354 ,
3360 3305 3403 3345 et
3434 3311 3484 3345 se
3512 3297 3827 3346 occultarent

2259 3361 2421 3433 Adam
2448 3371 2492 3413 et
2521 3361 2647 3414 uror
2675 3366 2782 3432 ejus
2807 3381 2837 3414 η
2866 3365 2994 3433 [acie
3027 3363 3224 3415 Domini
3253 3363 3346 3414 Dei
3374 3362 3518 3432 (Gen.
3549 3364 3599 3416 5.
3630 3364 3713 3432 8).
3752 3365 3828 3417 Fi-

2258 3430 2424 3482 ducia:
2453 3446 2608 3483 causa
2642 3430 2971 3498 prfecisa’est
2999 3449 3014 3485 :
3043 3435 3184 3485 venit
3204 3430 3561 3501 praevaricatio
3585 3475 3598 3495 ,
3623 3430 3682 3485 et
3714 3450 3826 3486 sese

2259 3501 2526 3552 occultant
2555 3503 2620 3553 ab
2647 3501 3035 3569 Omnipotente.
3059 3502 3211 3555 Tales
3241 3513 3361 3556 sunt
3392 3503 3444 3566 ii,
3477 3505 3562 3570 qui
3597 3505 3826 3569 peccatis

2261 3581 2384 3639 sunt
2409 3571 2580 3622 onusti
2610 3579 2663 3624 ct
2691 3572 2882 3624 obruti.
2918 3572 3046 3624 Cum
3079 3574 3218 3626 enim
3247 3573 3362 3639 quis
3403 3583 3669 3624 scortatns
3701 3590 3827 3627 mce-

2259 3637 2512 3692 chatusvc
2530 3641 2714 3710 fuerit,
2745 3656 3090 3710 egressusque
3117 3658 3176 3695 ex
3209 3637 3496 3695 meretricis
3521 3643 3684 3707 janua
3711 3685 3725 3704 ,
3753 3647 3824 3695 in-

2261 3717 2464 3760 venerit
2492 3709 2660 3780 v_irum
2694 3712 3034 3764 tnulicrcmve
3057 3752 3069 3771 ,
3097 3713 3183 3780 qui
3216 3726 3492 3764 occursum
3524 3712 3825 3778 hujusmodi

2259 3787 2493 3841 narrent,
2519 3778 2563 3832 is
2592 3780 2676 3848 qui
2696 3791 2966 3848 peccatum
2990 3778 3480 3834 admisitexistimat
3503 3784 3823 3848 colloquium

2259 3848 2398 3899 circa
2423 3849 2590 3916 ipsum
2625 3851 2818 3902 versari
2843 3890 2859 3913 ,
2892 3861 3013 3902 tunc
3037 3851 3231 3918 pudore
3257 3852 3550 3918 ruboreque
3576 3850 3822 3913 aflicitur,

2258 3927 2510 3987 arguentc
2555 3921 2749 3984 peccati
2793 3921 3132 3973 conscientia.
3171 3920 3400 3987 ldipsum
3445 3921 3581 3987 passi
3619 3931 3746 3971 sunt
3775 3933 3822 3973 rt

2259 3987 2427 4040 Adam
2455 3996 2506 4041 et
2530 3989 2654 4042 Eva.
2687 3989 2815 4041 Nam
2846 4005 2987 4056 serpe
3017 3991 3122 4043 Deo
3151 3990 3200 4042 in
3230 3989 3471 4056 paradiso
3498 3989 3822 4048 ambulante.

2262 4071 2544 4125 nmnquam
2577 4058 2838 4127 pudefacti
2878 4061 2942 4111 ad
2978 4060 3090 4126 ejus
3129 4073 3405 4111 occursum
3449 4057 3700 4127 fuerant:
3737 4061 3822 4110 scd

2260 4136 2372 4194 post
2417 4126 2686 4194 peceatum
2727 4137 2779 4180 et
2807 4129 3258 4194 inobsequentiam
3296 4141 3411 4180 sese
3441 4126 3774 4180 abscmndunt
3799 4145 3823 4179 a

2258 4197 2390 4249 facie
2422 4196 2510 4249 Dei
2541 4207 2727 4250 cuncta
2759 4197 3141 4263 perspicientis,
3171 4197 3290 4248 hinc
3320 4211 3377 4249 se
3400 4195 3526 4248 lucri
3557 4197 3822 4263 quidpzaiu

2259 4277 2618 4331 reportaturus
2658 4276 2931 4335 sperantes
2965 4283 2976 4316 :
3016 4265 3106 4318 sed
3150 4264 3360 4335 frustra,
3387 4267 3546 4318 cessit
3592 4267 3822 4333 ipsorum

2260 4335 2555 4400 prudentia.
2583 4334 2914 4402 Qnapmpter
2944 4337 3089 4402 quasi
3129 4336 3321 4387 nullam
3355 4334 3609 4388 haberent
3638 4335 3821 4389 defen-

2261 4404 2423 4456 sionis
2451 4419 2632 4456 ansam
2672 4415 2763 4456 aut
2805 4405 3044 4456 fiduciam
3085 4420 3204 4471 erga
3237 4406 3559 4457 occultorum
3590 4407 3824 4473 cognito-

2261 4486 2372 4523 rem
2397 4514 2411 4536 ,
2446 4475 2556 4540 ipse
2585 4474 2759 4527 cordis
2790 4482 2841 4526 et
2882 4488 3065 4526 renum
3110 4482 3369 4527 scrutator
3410 4473 3535 4526 dicit
3582 4476 3818 4526 Adamn:

2260 4541 2460 4605 Adam,
2491 4544 2571 4595 ubi
2602 4561 2651 4595 es
2682 4541 2840 4611 (Gen.
2874 4543 2924 4596 5.
2957 4543 2989 4595 9
3015 4543 3073 4607 )?
3114 4543 3434 4596 defensionis
3472 4557 3654 4596 ansam
3703 4545 3822 4611 ipsis

2259 4611 2499 4676 prazbens
2529 4631 2540 4663 :
2574 4613 2667 4666 Ubi
2692 4629 2743 4664 es
2765 4612 2789 4664 P
2812 4612 2926 4665 Jam
2959 4612 3022 4664 de
3045 4613 3182 4680 ligno
3208 4615 3479 4666 comedisti
3503 4653 3516 4675 ,
3548 4629 3643 4665 nec
3673 4625 3818 4683 opta-

2259 4690 2367 4732 tum
2399 4695 2456 4732 es
2484 4693 2797 4748 assequntus
2827 4700 2838 4732 :
2868 4683 2977 4749 jam
3019 4683 3071 4734 in
3112 4683 3596 4749 pr:cvaricationent
3647 4683 3818 4751 lapsus

2255 4765 2313 4803 es
2334 4791 2348 4814 ,
2382 4760 2433 4803 ct
2457 4765 2484 4800 a
2519 4751 2788 4805 divinitate
2814 4751 3070 4804 excidisti.
3101 4753 3281 4810 Adam.
3310 4752 3391 4802 ubi
3411 4752 3508 4803 es?
3536 4751 3631 4805 llle
3661 4768 3817 4806 vero:

2267 4819 2443 4872 Vocem
2462 4829 2597 4872 luant
2613 4822 3089 4874 audiviambulantis
3110 4823 3161 4872 in
3181 4821 3432 4886 paradiso,
3457 4831 3503 4872 et
3525 4823 3692 4886 timui,
3713 4824 3818 4882 quia

2255 4891 2419 4941 nudus
2448 4907 2595 4952 sum,
2629 4901 2672 4943 et
2701 4907 2778 4943 me
2805 4892 3045 4943 occultavi
3075 4889 3245 4958 (Ibid.
3278 4906 3321 4942 υ.
3355 4890 3474 4956 10).
3507 4890 3695 4943 Viden'
3728 4905 3812 4958 pa.

2255 4958 2437 5012 dorem
2475 4961 2721 5028 peccati?
2755 4961 2924 5013 viden’
2971 4960 3167 5025 peccati
3207 4960 3624 5026 turpitudinem?
3654 4959 3819 5012 videu'

2256 5029 2478 5081 tribunal
2525 5029 2657 5080 itttra
2707 5029 2961 5081 Adamunt
3010 5034 3276 5096 positum,
3323 5030 3490 5096 ipsum
3532 5030 3817 5087 incusans.

2254 5097 2394 5162 quod
2416 5112 2446 5149 a
2476 5097 2582 5150 Deo
2602 5113 2658 5149 se
2679 5097 3093 5150 abalienaverit?
3126 5099 3364 5166 Dixitque
3394 5099 3565 5150 Deus:
3598 5099 3724 5163 Quis
3745 5101 3818 5149 tibi

2254 5165 2489 5236 indicavit
2513 5205 2527 5227 ,
2556 5167 2687 5233 quod
2717 5166 2879 5236 nudus
2904 5181 3029 5219 esses
3050 5208 3062 5225 .
3095 5169 3190 5218 nisi
3219 5165 3333 5236 quia
3357 5183 3417 5219 ex
3437 5168 3576 5235 ligno
3598 5208 3612 5230 ,
3643 5183 3710 5219 ea:
3733 5184 3817 5234 qua

2253 5235 2360 5285 solo
2401 5250 2728 5299 pra'cepermn
2773 5235 2858 5286 tibi
2899 5252 2959 5287 ne
2986 5237 3261 5290 comederes
3285 5279 3299 5300 ,
3339 5253 3400 5289 ex
3438 5238 3526 5288 illo
3569 5238 3818 5288 contulisti

2257 5301 2429 5371 (Ibid.
2463 5319 2507 5354 υ.
2541 5306 2598 5358 Η
2634 5311 2684 5371 )?
2708 5304 2952 5356 DimisiSti
2981 5319 3065 5358 me
3089 5305 3446 5366 Conditorem,
3475 5313 3529 5358 ct
3559 5305 3625 5356 ad
3655 5306 3818 5357 inimi-

2254 5389 2373 5424 cum
2402 5373 2638 5426 defecisti
2672 5392 2683 5425 :
2715 5373 2969 5441 reliquisti
3011 5389 3093 5426 me
3120 5375 3420 5428 Creatorem
3449 5414 3463 5436 ,
3497 5386 3549 5427 et
3580 5388 3702 5426 cum
3739 5391 3792 5428 se

2255 5441 2470 5495 ductore
2496 5443 2828 5512 consensisti.
2855 5443 2959 5511 Ego
2982 5443 3069 5497 tibi
3094 5458 3444 5512 princeperam
3470 5452 3525 5495 ιιι
3550 5459 3617 5496 ne
3637 5459 3702 5497 ex
3729 5445 3814 5495 hoc

2259 5460 2470 5495 uucmre
2496 5460 2828 5496 consensusu.
2855 5460 2959 5511 ego
2982 5460 3069 5497 ιιυι
3131 5460 3444 5512 rmceperam
3470 5460 3525 5495 ιιι
3550 5460 3617 5496 ne
3637 5460 3702 5497 ex
3729 5460 3813 5495 noc

2259 5512 2373 5563 Solo
2401 5511 2706 5565 comederes
2727 5552 2740 5570 .
2768 5523 2821 5564 et
2854 5523 2905 5564 tu
2932 5528 3048 5565 cum
3075 5460 3285 5567 diabolo
3313 5512 3591 5564 consilium
3622 5513 3813 5566 inlisu?

2258 5580 2548 5647 lleSpondtt
2587 5582 2794 5633 Adam:
2837 5580 3040 5645 Mulier,
3088 5599 3237 5650 quant
3282 5581 3456 5632 dedisti
3508 5584 3667 5642 mihi,
3714 5587 3811 5650 ipsa

2257 5651 2377 5700 milii
2405 5651 2537 5702 dedit
2559 5651 2618 5701 de
2634 5652 2787 5718 ligno,
2815 5662 2859 5704 et
2886 5652 3072 5704 comedi
3095 5651 3244 5719 (Gen.
3269 5652 3318 5703 3.
3355 5651 3459 5711 l2).
3480 5651 3522 5705 0
3549 5654 3809 5705 obtentum

2261 5722 2466 5775 ratione
2490 5735 2704 5774 vacuum
2733 5721 2745 5772 !
2777 5738 2807 5777 ο
2834 5721 3188 5777 defensionem
3217 5720 3449 5790 loquenti
3481 5720 3544 5775 ad
3573 5722 3698 5776 nihil
3723 5723 3809 5774 uti-
