3976 6218
275 420 389 479 533

273 512 376 568 lem
402 513 416 564 !
439 510 691 577 qdictnm
719 523 954 561 amarum
971 507 1164 560 dicenti
1193 522 1295 560 non
1317 510 1579 563 salutare!
1610 509 1838 565 Uxorem

272 584 391 636 dedi
424 583 514 634 tibi
536 579 864 646 adjutriccm,
890 593 994 629 non
1026 578 1202 630 heram
1228 594 1242 639 ;
1274 590 1594 639 consortem,
1624 595 1725 631 non
1747 578 1840 630 do.

274 655 467 704 minam
494 666 507 712 ;
537 659 591 701 ut
615 647 937 701 consentiret
961 686 974 705 ,
1006 662 1108 697 non
1142 656 1195 697 ttt
1230 648 1440 699 doceret
1469 666 1482 708 ;
1520 650 1795 715 conjugcm
1820 686 1836 710 ,

273 736 376 773 non
397 721 767 787 imperantem;
790 716 1072 787 subditam,
1095 732 1195 767 non
1216 716 1572 787 sublimiorem
1594 734 1608 778 ;
1634 718 1723 769 tibi
1744 717 1835 769 ob-

272 785 579 857 sequentem
608 829 618 850 ,
655 794 839 857 non__te
867 785 1249 857 subjicientein.
1279 786 1629 849 Quamobrem
1659 796 1839 857 utpote

272 854 363 924 qui
390 858 654 910 inimicum
682 855 910 907 audieris
931 894 946 918 ,
979 854 1208 920 mihique
1236 869 1338 906 non
1367 856 1834 921 obtemperaveris,

272 923 453 993 accipe
478 925 887 993 correptionem,
916 937 1070 991 quam
1102 923 1345 975 diuturna
1372 924 1560 977 sa:cula
1594 940 1696 978 non
1721 940 1833 993 mue

274 992 493 1057 tabunt,
538 995 689 1062 cujus
728 992 1176 1062 terminosncmo
1216 993 1653 1061 transgrctlietur,
1695 992 1835 1062 quod

272 1066 485 1133 pelagus
514 1061 616 1117 non
654 1062 893 1133 trajiciet
915 1061 1151 1133 quisquis
1192 1073 1462 1133 assumpto
1488 1061 1723 1133 corpore
1742 1078 1835 1115 ve-

273 1129 463 1188 niet'in
495 1129 768 1187 mundum.
800 1129 951 1193 Vide,
980 1129 1145 1182 Adam
1171 1170 1185 1189 ,
1227 1147 1245 1180 ι
1276 1129 1407 1197 Quia
1436 1129 1624 1184 audisti
1652 1148 1835 1185 vocem

272 1205 450 1256 uxoris
477 1213 598 1268 tu:c,
630 1210 684 1255 ct
711 1199 984 1253 comedisti
1011 1200 1078 1253 de
1109 1200 1246 1266 ligno
1271 1201 1338 1253 de
1365 1217 1469 1265 quo
1490 1202 1604 1255 solo
1636 1216 1835 1269 prmce-

272 1288 451 1341 peram
483 1274 570 1325 tibi
599 1286 663 1325 ne
688 1269 1013 1341 comederes,
1043 1268 1318 1341 maledicta
1343 1278 1483 1341 terra
1512 1272 1561 1341 in
1590 1268 1836 1341 operibus

272 1338 374 1394 tuis
399 1358 412 1394 :
444 1344 493 1394 in
519 1342 789 1393 doloribus
810 1338 1056 1392 comedes
1078 1339 1215 1391 illam
1239 1340 1481 1393 omnibus
1507 1338 1690 1393 diebus
1713 1340 1837 1393 vita:

274 1423 395 1463 tum.
428 1411 616 1479 Spinas
641 1419 694 1463 et
723 1408 941 1479 tribulos
979 1408 1295 1479 germinabit
1326 1410 1457 1473 tibi,
1499 1420 1553 1463 et
1591 1408 1837 1463 comedes

270 1478 625 1548 ftemnniagri.
656 1480 708 1531 ln
752 1478 941 1532 sudore
978 1478 1149 1548 vultus
1182 1479 1255 1531 ttti
1284 1480 1512 1532 vesceris
1542 1492 1677 1546 pane
1704 1488 1793 1531 tuo
1817 1518 1833 1543 ,

270 1550 440 1603 donec
470 1547 747 1603 revertaris
779 1549 828 1599 in
856 1556 1069 1608 terram,
1097 1547 1164 1599 de
1192 1562 1290 1613 qua
1322 1556 1565 1615 sumptus
1588 1564 1643 1602 es
1673 1565 1685 1598 :
1714 1548 1833 1615 quia

271 1627 410 1672 terra
439 1634 497 1671 es
520 1658 535 1681 ,
583 1627 635 1670 et
680 1619 729 1670 in
775 1627 965 1669 terram
996 1607 1164 1668 abibis
1188 1607 1264 1683 ι’(
1296 1616 1418 1668 Gen.
1445 1607 1501 1669 3.
1535 1607 1694 1671 {7-19
1791 1614 1835 1669 Ο

272 1688 695 1741 maledictionem
722 1728 736 1750 ,
784 1701 900 1753 quze
944 1686 1234 1738 visibililms
1260 1694 1313 1738 et
1343 1686 1685 1739 invisibilibus
1730 1694 1835 1740 tre-

270 1772 471 1810 morem
514 1758 733 1809 incutitl
762 1768 794 1807 ο
820 1754 1052 1818 dictum,
1090 1755 1227 1821 quod
1258 1754 1455 1807 infinita
1494 1754 1683 1808 saecula
1730 1770 1833 1809 non

271 1828 547 1880 mutabunt
578 1827 589 1878 !
621 1841 652 1874 o
679 1826 1064 1891 corruptionem
1090 1864 1104 1884 ,
1134 1838 1287 1891 quam
1317 1825 1495 1877 mundi
1522 1824 1835 1879 diuturnitas

270 1910 375 1949 non
404 1896 693 1963 antiquavit
721 1894 733 1946 !
765 1908 798 1945 o
836 1894 1028 1963 dicttnu
1071 1893 1209 1959 quod
1252 1908 1401 1961 rcges
1440 1902 1493 1947 et
1534 1895 1831 1963 principes,

270 1963 463 2017 divites
488 1961 543 2017 et
570 1977 825 2033 pauperes
854 1961 1164 2033 horrescunt
1192 1971 1246 2015 et
1272 1964 1458 2016 timent
1485 1965 1497 2017 !
1536 1961 1555 2012 ἡ
1584 1963 1650 2017 Ει
1675 1961 1834 2031 ejecit

272 2033 526 2087 Dominus
552 2031 715 2085 Adam
733 2043 785 2085 et
806 2046 1019 2101 uxorem
1043 2031 1154 2098 ejus
1176 2048 1238 2084 ex
1271 2035 1510 2097 paradiso
1532 2033 1831 2101 voluptatis,

271 2111 328 2154 ut
352 2114 660 2171 operaretur
687 2114 897 2161 terram,
930 2100 994 2153 de
1018 2115 1118 2171 qua
1145 2112 1385 2168 sumptus
1414 2112 1523 2166 est;
1554 2112 1605 2155 et
1634 2116 1834 2170 praece-

272 2174 345 2238 pit
378 2169 624 2225 Dominus
651 2171 933 2224 Cherubim
960 2179 1012 2221 et
1039 2169 1338 2223 flammeum
1365 2172 1595 2235 gladium
1615 2169 1718 2236 ,Vut
1737 2186 1831 2224 cu-

270 2242 530 2295 stodircnt
574 2242 871 2309 paradisum
915 2240 1076 2291 Edent
1112 2257 1129 2288 ›
1178 2238 1343 2309 (Gen.
1373 2243 1424 2295 5.
1455 2241 1594 2309 24),
1634 2249 1687 2294 et
1718 2240 1835 2309 ejus

270 2311 468 2362 aditum
499 2312 821 2363 inaccessum
852 2319 1141 2369 servarent,
1176 2324 1241 2362 ne
1267 2311 1384 2378 quis
1413 2326 1572 2363 carne
1599 2310 1830 2376 indutus,

271 2392 323 2431 et
352 2382 588 2448 corporis
617 2380 751 2433 mole
779 2379 1151 2448 circumdatus,
1182 2393 1273 2445 per
1299 2380 1412 2446 ejus
1438 2381 1628 2431 ostium
1661 2388 1834 2432 trans-

273 2448 391 2501 iret.
412 2449 732 2501 Dominicnm
752 2463 875 2499 vero
890 2447 1083 2498 dictum
1105 2456 1355 2499 :eternum
1372 2448 1551 2500 halmit
1566 2448 1830 2512 effectum,

272 2517 484 2584 ha'cque
513 2520 767 2570 sententia
796 2527 1014 2567 mortem
1046 2518 1094 2567 in
1120 2517 1367 2569 mundum
1396 2518 1629 2570 induxit:
1660 2532 1835 2585 reges-

269 2601 369 2654 que
399 2588 493 2652 ipsi
527 2588 659 2638 lianc
679 2600 857 2637 vocem
888 2584 1188 2646 formidant,
1220 2600 1280 2639 ac
1304 2584 1829 2654 principestremultt;

269 2657 456 2725 divites
487 2656 535 2707 in
564 2655 660 2708 hac
688 2656 870 2707 int-lusi
894 2657 1309 2719 suntsententia,
1340 2670 1593 2725 pauperes
1617 2660 1716 2709 hoc
1735 2672 1832 2711 ceu

270 2723 504 2777 debitum
537 2732 840 2790 exspectant
870 2741 881 2774 :
916 2733 1222 2791 exspectant
1253 2723 1653 2792 utique—obitum
1687 2741 1831 2779 mor-

270 2796 399 2845 tales
421 2808 603 2845 onmes
624 2834 637 2855 ,
670 2802 844 2860 utpote
872 2801 1066 2845 natura:
1088 2802 1376 2847 consortes.
1398 2794 1529 2859 Quid
1552 2797 1690 2847 enim
1714 2794 1836 2849 fecit

270 2864 437 2914 Adam
460 2872 605 2915 extra
634 2863 927 2929 paradisum
954 2863 1265 2915 Conditutus
1290 2867 1312 2915 Υ
1336 2863 1549 2916 Terram
1579 2862 1829 2929 fodiebat,

268 2947 388 2983 cum
421 2931 543 2985 fletu
569 2932 903 2998 operabatur,
936 2946 1053 2981 cum
1081 2933 1297 2996 gemitu,
1327 2933 1517 2985 sudore
1550 2933 1790 2999 perfusus
1815 2974 1830 2997 ,

269 3014 429 3053 ooera
458 3002 713 3067 bajulans,
743 3010 871 3051 ωειιι
903 2999 1029 3069 solis
1056 3000 1389 3061 intolerabili,
1420 3003 1691 3067 noctisque
1714 3004 1832 3069 gelu

270 3070 566 3137 frigoreque
590 3069 867 3137 cruciatus,
896 3067 1050 3121 flendi
1082 3070 1234 3122 linem
1260 3085 1361 3123 non
1389 3072 1633 3133 faciebat;
1658 3067 1832 3126 mente

271 3136 543 3192 revolvens
565 3136 854 3209 cujnsmodi
879 3138 1140 3209 voluptate
1163 3140 1389 3205 privatus
1427 3149 1583 3203 esset,
1609 3142 1714 3193 imo
1744 3156 1833 3209 pe.

268 3219 416 3262 ctore
441 3210 665 3277 gemitus
694 3206 1213 3277 ῳιμὶιιθιιιιινντεηηε
1239 3211 1395 3261 verba
1424 3209 1606 3262 dolore
1639 3206 1787 3276 plena
1813 3228 1826 3263 :

268 3276 464 3343 apertis
492 3291 673 3330 versus
702 3276 862 3328 Edent
892 3276 1059 3327 oculis
1086 3317 1099 3340 ,
1133 3288 1287 3342 caput
1318 3279 1437 3331 hinc
1469 3290 1521 3331 et
1554 3280 1675 3332 inde
1713 3295 1827 3333 mo-

269 3360 422 3412 veos,
450 3346 814 3401 nuserabiiiter
837 3343 1083 3411 ejulabat,
1116 3346 1359 3413 luctuque
1382 3362 1481 3399 n0u
1501 3348 1826 3414 consolabili,

270 3414 386 3471 hinc
422 3432 548 3470 voce
591 3431 771 3483 magna
806 3414 1105 3467 claniabat:
1142 3414 1252 3467 Heu
1294 3416 1501 3482 quantis
1542 3416 1692 3469 bonis
1727 3420 1830 3470 tuis

269 3487 463 3551 excidi,
490 3485 785 3538 felicissime
810 3484 1089 3551 paradise?
1121 3484 1219 3536 beu
1245 3492 1440 3551 quanto
1468 3484 1655 3553 gaudio
1683 3500 1829 3540 meus

271 3556 575 3621 replebatur
600 3555 837 3622 animus,
868 3567 986 3605 cum
1018 3553 1457 3620 pulchritudinem
1488 3564 1627 3606 tuam
1658 3556 1828 3622 respi-

268 3639 445 3677 cerein
470 3626 480 3675 !
515 3640 546 3677 ο
573 3632 762 3689 quanta
788 3621 993 3672 fruebar
1019 3622 1366 3676 exsultatione
1399 3623 1533 3675 intra
1560 3632 1608 3676 te
1634 3621 1829 3677 conSti-

271 3703 413 3744 tutus
441 3693 451 3743 !
480 3692 644 3757 Quam
692 3690 904 3741 lzrtabar
937 3705 1000 3760 ex
1032 3689 1192 3743 odore
1224 3690 1409 3743 florum
1451 3700 1655 3745 tuorum
1682 3694 1694 3745 l
1724 3708 1828 3760 quo

269 3772 424 3826 pacto
456 3760 580 3812 nnhi
622 3772 797 3811 mensa
835 3759 948 3811 sine
975 3758 1153 3812 labore
1182 3761 1459 3825 parabatur
1487 3763 1499 3812 !
1532 3775 1635 3827 quo
1678 3758 1827 3827 pacto

271 3830 397 3881 mibi
428 3840 599 3883 crater
631 3827 842 3895 perenni
876 3828 1074 3893 liquore
1105 3829 1385 3879 manabat!
1423 3830 1686 3894 quomodo
1713 3832 1826 3882 ani-

272 3914 413 3950 mum
458 3900 726 3976 recreabat
766 3897 1066 3976 angelormn
1104 3898 1470 3976 consortium,“
1496 3899 1826 3976 inquomodo

268 3969 451 4020 oeulos
474 3968 799 4020 illuminabat
824 3967 907 4016 lnx
935 3965 1387 4031 splendidissima!
1412 3965 1623 4033 Opilicia
1652 3968 1826 4021 omnia

272 4047 537 4103 tamquam
577 4050 752 4103 regem
796 4049 880 4087 me
921 4050 970 4086 m
1010 4035 1209 4087 honore
1255 4035 1533 4087 habebant.
1573 4034 1827 4089 Omnibus

268 4104 399 4158 feris
427 4107 729 4159 tremendus
758 4117 902 4156 eram
935 4121 947 4156 :
979 4103 1182 4155 cunctis
1207 4105 1505 4157 volucribus
1530 4118 1626 4171 pro
1665 4106 1826 4158 tubito

268 4175 589 4240 imperabant
622 4191 634 4224 :
666 4182 903 4225 creatura
930 4172 1101 4225 omnis
1144 4187 1227 4225 me
1254 4181 1515 4240 tamquam
1554 4173 1823 4227 dominum

268 4243 600 4309 respiciebat.
634 4242 723 4294 llis
750 4241 901 4294 bon'is
927 4240 1092 4293 excidi
1125 4255 1219 4309 per
1250 4242 1726 4306 prmvaricationem
1752 4259 1766 4306 ;
1796 4258 1825 4297 e

270 4314 538 4377 \‘ulttplale
580 4312 815 4377 di'jCClllS
857 4323 974 4361 sum
1009 4312 1156 4375 quasi
1197 4311 1545 4378 mancipium;
1576 4326 1607 4364 a
1634 4311 1823 4379 gaudio

270 4391 363 4432 tuo
390 4380 693 4432 deturbatus
729 4383 873 4445 quasi
906 4380 1212 4444 improbus;
1257 4394 1286 4433 e
1322 4380 1589 4432 domicilio
1616 4390 1703 4432 tuo
1733 4382 1824 4433 de-

267 4458 446 4501 trusus
471 4450 615 4516 quasi
643 4450 903 4515 fugitivos.
934 4447 1066 4511 Quid
1100 4450 1319 4513 primum
1346 4448 1569 4516 lugeam,
1592 4449 1713 4516 quid
1737 4463 1821 4502 se-

264 4518 538 4569 cundum?
585 4533 705 4567 num
752 4516 1150 4581 pulchritudinis
1197 4528 1297 4570 tuae
1345 4517 1727 4583 privationem?
1756 4532 1821 4571 an

264 4586 515 4652 gaudium
543 4599 770 4651 perenne
790 4624 802 4644 ,
838 4586 993 4635 vitam
1018 4586 1157 4637 curis
1187 4600 1400 4637 vacuam
1426 4625 1440 4648 ,
1470 4585 1687 4651 gloriam
1719 4601 1821 4639 non

266 4657 461 4707 fluxam
484 4655 506 4705 ’ἐ
542 4654 916 4719 angelorumne
953 4655 1269 4704 consortimn
1310 4653 1600 4705 amissum?
1626 4669 1690 4705 an
1734 4669 1821 4706 ar-

263 4723 643 4790 changelornm
681 4722 935 4773 sublatum
962 4721 1316 4790 colloquium?
1341 4724 1497 4790 regni
1536 4723 1778 4775 decorem
1803 4763 1817 4786 ,

264 4788 514 4843 arborum
537 4793 909 4849 atmenitatem,
942 4789 1150 4840 luminis
1171 4790 1242 4841 tui
1275 4788 1626 4855 splendorem,
1658 4791 1823 4858 fulgo-

265 4876 379 4913 rem
410 4863 727 4925 perennom‘!
768 4860 1050 4910 nuditatem
1095 4872 1303 4919 meam,
1338 4859 1669 4925 turpitudinis
1696 4860 1821 4912 reli-

263 4932 451 4995 quias,
488 4931 943 4994 exprobrationem
986 4926 1341 4993 angelorum?
1382 4925 1608 4978 ferarum
1650 4929 1822 4980 rebel-

262 5000 483 5056 lionem,
508 4998 863 5064 jntnenlorunt
894 4995 1384 5063 inobsequentiam?
1418 4997 1507 5048 Dei
1538 4996 1818 5048 amicitiam

263 5068 554 5131 perditam.
597 5066 817 5130 Spiritus
864 5064 1172 5116 recessum?
1220 5065 1590 5117 beatitudinem
1632 5080 1823 5132 perpe-

263 5134 448 5187 tuam?
478 5136 589 5197 Quo
622 5136 760 5184 luctu
786 5171 801 5195 ,
841 5147 943 5198 quo
986 5134 1107 5185 fletu
1156 5134 1265 5185 haec
1302 5133 1629 5199 prosequar?
1665 5149 1821 5201 quam

264 5202 681 5256 lmniiliationem
727 5202 1113 5266 amplexabor?
1149 5216 1303 5267 quam
1347 5202 1651 5267 tragoadiam
1697 5204 1823 5255 inci-

260 5272 451 5340 piam?
489 5286 642 5339 quem
685 5270 930 5336 ejulatum
976 5270 1247 5321 emittam?
1282 5285 1435 5337 quem
1465 5270 1698 5323 dolorem
1742 5287 1825 5323 sc-

260 5343 402 5391 nabo
422 5381 436 5403 ,
469 5354 532 5390 an
564 5351 879 5409 praesentem
904 5376 917 5399 ,
944 5350 1010 5409 an
1042 5348 1345 5404 sequentem
1367 5376 1381 5400 ,
1410 5352 1475 5390 an
1506 5354 1625 5390 eum
1657 5341 1741 5406 qui
1772 5341 1823 5392 in

261 5409 485 5462 inferis?
509 5405 583 5460 aii
602 5406 847 5459 sudorem
875 5405 1065 5466 vultus,
1093 5409 1359 5472 Spinarum
1392 5409 1642 5473 germina,
1671 5405 1822 5460 terrae

258 5477 715 5541 increpationem?
754 5476 861 5526 Non
894 5475 1002 5524 fero
1031 5473 1230 5526 doloris
1256 5476 1502 5541 reliquias
1523 5516 1537 5539 ,
1570 5492 1674 5527 non
1711 5475 1823 5528 fero

254 5558 549 5615 gu-ninum,
590 5560 692 5596 non
739 5543 850 5595 fero
881 5545 1158 5608 voluptatis
1190 5553 1292 5595 tuae.
1332 5554 1705 5611 conspectum,
1735 5558 1823 5597 c0-

328 5700 661 5807 lwqitl.!llltus,
704 5701 936 5760 quomodo
980 5699 1297 5748 oblectabatur
1329 5699 1515 5749 animus
1548 5700 1824 5761 angelorum

328 5775 336 5805 .'
386 5774 469 5807 uta
495 5793 508 5807 .

257 5774 469 5810 υωωυῐα
495 5774 508 5809 ἐ

1469 394 1533 449 ΙΝ
1569 394 1861 451 GENESIM
1899 394 2128 452 SERMO
2167 395 2250 449 lll.

3398 423 3512 481 534

1945 524 2059 563 ram
2078 520 2126 563 te
2152 510 2481 583 constitutus.
2504 512 2794 567 Extraneus
2813 512 2902 568 tibi
2931 513 3298 583 domicilioque
3320 522 3410 569 tuo
3434 519 3511 570 fa-

1944 588 2061 653 ctus
2090 594 2204 632 sum
2230 622 2241 640 ,
2274 581 2577 653 alienusque
2605 598 2632 635 a
2663 585 2876 650 perenni
2906 599 3002 636 usu
3045 585 3150 644 tui.
3186 581 3392 653 propria
3419 600 3509 638 vo-

1944 647 2144 701 luntate
2172 664 2256 702 me
2285 647 2512 704 alienum
2541 666 2568 703 a
2602 647 2709 705 Deo
2747 653 3013 706 constitui.
3060 647 3507 708 Alienus-dehinc

1944 732 2037 788 ero
2078 732 2107 771 a
2150 727 2238 770 tuo
2274 730 2555 785 conspectu
2604 732 2656 774 et
2693 723 3156 788 contemplatione.
3212 723 3322 776 Non
3374 725 3508 779 ultra

1945 786 2088 839 fruar
2112 789 2374 860 voluptate
2400 798 2517 851 tua;
2548 804 2648 842 non
2678 790 2810 844 ultra
2837 786 3157 845 beatitudine
3186 801 3270 845 tua
3300 795 3504 860 potiar;

1943 872 2047 909 non
2081 856 2214 909 ultra
2245 856 2385 909 fruar
2409 870 2621 924 aspectu
2653 869 2739 912 tuo
2766 877 2779 921 ;
2813 877 2913 913 non
2950 863 3083 914 ultra
3122 861 3281 915 radiis
3303 856 3411 915 tuis
3439 856 3504 915 il;

1943 924 2240 986 lustrabor;
2274 940 2376 979 non
2407 928 2539 979 ultra
2570 930 2618 980 in
2655 939 2703 982 te
2734 928 2995 984 habitabo.
3028 930 3211 984 Omnia
3243 931 3368 984 mihi
3402 930 3509 985 fru-

1942 1002 2049 1047 stra
2093 1008 2334 1058 cessere;
2376 998 2551 1049 omnia
2599 1008 2653 1049 ut
2696 1000 2876 1051 umbra
2921 1003 3283 1060 transierunt,
3331 1003 3506 1055 omnia

1943 1065 2088 1117 velut
2126 1066 2387 1117 somnium
2417 1068 2815 1132 prteterierunt,
2856 1072 3030 1121 omnia
3074 1070 3141 1121 ab
3169 1070 3333 1122 oculis
3374 1070 3505 1123 meis

1940 1134 2496 1207 abscesserunttquasi
2520 1152 2800 1203 numquam
2823 1140 3164 1191 exsdtissent.
3198 1139 3326 1192 Num
3356 1149 3506 1207 potes

1940 1203 2097 1271 etiam
2127 1213 2179 1254 tu
2218 1203 2469 1271 Opificem
2512 1219 2696 1271 rogare
2720 1246 2735 1266 ,
2779 1216 2835 1259 ut
2873 1223 2940 1261 ne
2978 1209 3044 1260 ab
3084 1203 3381 1262 habitaculo
3416 1219 3506 1262 tuo

1940 1270 2225 1324 detrudar?
2257 1270 2434 1344 Flecte
2458 1270 2679 1344 arbores
2703 1284 2840 1341 tuas,
2866 1288 2919 1331 et
2947 1279 3231 1344 procumbc
3258 1288 3378 1329 ante
3402 1279 3504 1330 mi-

1940 1350 2226 1393 SLratorem
2262 1342 2429 1404 illmn,
2463 1343 2633 1395 sonitu
2662 1343 2901 1399 foliorum
2933 1342 3137 1399 litorum
3166 1347 3370 1399 fortiter
3396 1347 3505 1400 cla-

1942 1425 2045 1482 ma.
2079 1410 2435 1464 Felicissimns
2466 1412 2629 1464 factus
2652 1429 2709 1467 es
2734 1414 2881 1482 jussu
2913 1416 3137 1481 Domini,
3170 1430 3232 1469 ac
3260 1416 3502 1470 fiduciam

1941 1478 2104 1554 babes
2126 1519 2139 1539 .
2165 1487 2344 1547 utpote
2370 1482 2556 1535 domus
2588 1483 2676 1554 Dei
2706 1478 2889 1537 nostri.
2924 1478 3293 1554 Attolle'qnasi
3322 1487 3504 1539 oculos

1940 1547 2203 1601 fructuum
2234 1559 2444 1622 tuorum
2468 1552 2696 1619 speciem
2734 1562 2787 1606 et
2824 1555 2969 1621 quasi
2994 1570 3053 1607 os
3080 1547 3332 1622 eloquens
3360 1556 3506 1621 plan-

1940 1624 2349 1689 t_arumtuarum
2379 1618 2615 1679 odorem.
2647 1630 2701 1674 ut
2722 1618 2933 1689 apertus
2965 1618 3397 1677 maneas'aman'ti
3431 1634 3498 1679 te.

1943 1686 2078 1760 Ecce
2117 1688 2222 1753 jam
2263 1702 2322 1760 os
2352 1704 2523 1760 meum
2555 1686 2826 1743 clamando
2853 1692 3187 1760 defatigatum
3226 1703 3340 1755 est;
3376 1708 3501 1746 ecce

1940 1755 2113 1823 lingua
2137 1772 2249 1810 mea
2274 1758 2519 1824 loquendi
2549 1760 2703 1812 finem
2732 1760 2888 1823 fecit;
2922 1755 3045 1815 ecce
3071 1762 3244 1814 fauces
3271 1777 3400 1814 mea:
3427 1762 3502 1815 si-

1940 1825 2101 1878 lentio
2130 1826 2460 1896 colligantur.
2496 1826 2564 1882 Ut
2593 1830 2735 1896 pravi
2765 1832 2967 1883 consilii
2993 1831 3291 1890 damnatus,
3326 1843 3379 1882 ut
3408 1831 3504 1884 mi-

1938 1909 2025 1948 ser
2046 1894 2289 1957 nudatus,
2319 1904 2375 1949 ut
2397 1894 2808 1965 impiusrejectus
2834 1914 2969 1964 sum,
2998 1908 3053 1953 ut
3079 1911 3316 1954 terrenus
3349 1909 3502 1953 terra:

1939 1976 2053 2016 sum
2083 1964 2302 2035 traditus
2326 2006 2341 2029 ,
2372 1980 2435 2018 ex
2462 1981 2561 2034 qua
2593 1968 2727 2019 exivi
2754 1984 2768 2030 ;
2802 1969 2851 2021 in
2880 1984 2994 2021 eam
3023 1983 3086 2022 ex
3116 1984 3216 2035 qua
3245 1967 3502 2023 formatus

1938 2047 2054 2104 sum
2082 2033 2261 2104 redeo,
2290 2049 2387 2087 nec
2410 2033 2540 2087 ultra
2564 2038 2892 2104 contemplor
2912 2037 3117 2091 decoris
3138 2033 3214 2089 tui
3248 2038 3499 2104 speciem.

1941 2102 2142 2175 Deinde
2170 2104 2551 2175 conversusad
2584 2102 2854 2175 mulierem
2878 2148 2892 2170 ,
2926 2108 3132 2175 probris
3156 2117 3234 2159 est
3266 2102 3418 2165 usus.
3447 2117 3502 2161 et

1938 2171 1989 2224 in
2018 2172 2365 2227 amaritudine
2391 2174 2579 2225 animai
2600 2174 2760 2228 dixit‘:
2781 2175 2885 2229 Cur
2903 2171 3027 2229 mihi
3052 2177 3497 2229 immortalitatem

1937 2239 2244 2306 decerpsisti
2275 2282 2290 2306 ,
2330 2243 2562 2295 mulier?
2600 2257 2694 2297 cur
2719 2246 2951 2297 omnium
2982 2246 3251 2298 dominum
3284 2245 3499 2299 cliecisti

1937 2310 2278 2380 mendicum?
2306 2326 2402 2365 cur
2423 2327 2597 2380 regem
2626 2314 2806 2367 mundi
2831 2329 3038 2368 servum
3066 2315 3343 2368 exhibuisti
3362 2315 3385 2366 ἲ
3407 2329 3503 2367 cur

1937 2379 2121 2433 oculos
2161 2395 2307 2433 meos
2345 2379 2542 2435 lumine
2580 2381 2812 2436 fruentes
2837 2384 3148 2437 excaecasti?
3174 2400 3267 2437 cur
3296 2399 3377 2436 ine
3409 2398 3499 2436 ve-

1937 2449 2061 2501 stitu
2093 2450 2280 2503 exnisti
2305 2490 2319 2509 ,
2351 2466 2504 2517 quem
2548 2464 2650 2503 non
2685 2453 2969 2505 texueras?
3016 2467 3109 2505 cur
3154 2452 3338 2505 honori
3381 2464 3499 2504 meo

1938 2518 2200 2572 invidisti?
2222 2534 2314 2573 cur
2336 2521 2676 2588 archetypum
2698 2521 2939 2574 decorem
2970 2536 3143 2575 meum
3170 2521 3501 2574 obscurastii

1936 2601 2031 2639 cur
2058 2588 2175 2641 vitze
2198 2588 2407 2642 nomine
2430 2590 2639 2646 donata.
2664 2604 2804 2643 mors
2830 2591 2954 2643 mihi
2982 2590 3154 2643 fuiSIi?
3180 2605 3274 2643 cur
3296 2604 3379 2643 me
3406 2605 3500 2642 an-

1937 2657 2303 2723 gelisalienum
2324 2657 2515 2712 faciens
2530 2674 2650 2713 cum
2667 2659 2989 2713 daemonibus
3004 2661 3235 2713 habitare
3252 2658 3502 2726 coegisti?

1937 2740 2031 2798 cur
2053 2741 2135 2798 me
2152 2741 2312 2795 regno
2329 2730 2581 2795 privatunt
2597 2729 2655 2798 in
2679 2743 2937 2782 summam
2966 2737 3337 2798 paupertatem
3374 2728 3496 2783 red-

1937 2796 2113 2866 egisti?
2135 2811 2229 2848 cur
2249 2812 2401 2849 aures
2422 2812 2565 2850 meas
2588 2796 2886 2866 frequenter
2904 2796 2991 2854 Dei
3023 2796 3203 2853 vocem
3228 2798 3501 2854 audientes

1937 2866 2193 2918 obturasti
2216 2905 2229 2924 ,
2259 2868 2390 2917 sicut
2416 2867 2556 2931 asnis
2583 2870 2761 2931 surda,
2792 2884 2908 2931 quae
2940 2884 3042 2922 non
3071 2869 3311 2923 exaudiet
3341 2883 3500 2922 voces

1938 2934 2247 2987 incantantis
2268 2932 2433 3055 SPsal.
2453 2937 2537 2989 57.
2558 2936 2651 3005 5)?
2673 2936 2781 2990 Non
2801 2932 2910 2992 fero
2925 2938 3354 3005 increpationcm,
3378 2948 3500 2991 ante

1938 3003 2177 3055 connlam
2210 3018 2267 3055 so
2296 3005 2522 3055 ulionem
2553 3007 2798 3055 renuiro:
2833 3017 3109 3055 antequam
3144 3006 3494 3055 habitaculum

1935 3003 2177 3068 copulam
2210 3003 2522 3057 solutionem
2553 3003 2798 3074 requiro;
2833 3003 3109 3075 antequam
3144 3006 3494 3060 habitaculum

1937 3082 2481 3143 Statuam,secessum
2510 3075 2765 3137 meditor;
2795 3086 2917 3129 ante
2944 3077 3184 3143 copulam
3210 3077 3498 3141 separatio-

1936 3154 2054 3211 nem
2083 3142 2298 3211 molior;
2326 3151 2447 3211 ante
2472 3143 2892 3211 conjunctionem
2917 3142 3023 3198 abs
3037 3154 3086 3198 te
3113 3145 3383 3198 discedere
3410 3161 3493 3197 int.-

1937 3210 2113 3278 pudet.
2157 3210 2394 3265 Abscede
2439 3226 2467 3263 a
2512 3210 2632 3277 me,
2677 3216 2883 3268 mulier.
2926 3214 3265 3278 Quandonam
3299 3224 3490 3267 terram

1934 3279 2228 3345 operabor?
2254 3280 2462 3351 quando
2492 3283 2712 3336 tribulos
2749 3284 3005 3338 evellam?
3031 3287 3359 3351 quandonam
3386 3281 3493 3334 frti-

1934 3357 2166 3421 mentum
2184 3359 2387 3403 mature
2403 3350 2663 3404 demetam
2686 3350 3055 3421 ?quandonam
3072 3353 3159 3405 illo
3190 3354 3239 3404 in
3274 3351 3490 3421 farinam

1933 3416 2150 3489 reducto
2173 3456 2187 3480 ,
2218 3431 2405 3484 panem
2426 3420 2700 3489 coquam?
2725 3416 3056 3489 quandonam
3093 3421 3206 3474 sine
3242 3420 3383 3473 curis
3406 3434 3489 3472 se-

1928 3485 2063 3558 dens
2084 3485 2228 3558 illum
2250 3485 2556 3558 comedam?
2572 3485 2904 3558 quandbnam
2922 3492 3036 3544 sine
3052 3490 3232 3542 dolore
3246 3503 3488 3542 somnmn

1930 3555 2176 3623 capiam?
2214 3557 2546 3626 quandonam
2576 3555 2641 3613 ex
2685 3558 2821 3613 foliis
2849 3560 2977 3613 ﬁcus
3004 3560 3226 3613 vestiar?
3254 3558 3491 3626 quando-

1932 3638 2051 3696 nagm
2079 3625 2476 3696 turpitudinem
2517 3629 2692 3682 carnis
2732 3644 2862 3682 tuezc
2899 3627 3128 3683 velabo?
3160 3625 3488 3696 quandonant

1930 3694 2120 3765 calceis
2152 3695 2308 3765 pedes
2336 3696 2579 3764 obtegam
2602 3738 2617 3761 ,
2660 3706 2713 3750 ut
2742 3712 2809 3751 ne
2837 3713 3036 3765 pungar
3068 3694 3214 3763 spina
3240 3696 3490 3749 divinitus

1932 3764 2215 3834 pullulante
2237 3762 2258 3815 ?
2278 3762 2605 3831 quandonam
2633 3767 2803 3819 velmn
2826 3762 3173 3829 consitam,ut
3191 3765 3487 3834 abstergam

1931 3831 2177 3902 sudorem
2200 3870 2213 3891 ,
2249 3848 2405 3902 quem
2438 3835 2603 3902 mihi,
2646 3836 2850 3897 nmlier,
2880 3851 2941 3889 ex
2976 3835 3267 3902 insipientia
3300 3831 3488 3901 procn-

1930 3900 2189 3970 rasti‘t'l‘u
2219 3900 2331 3954 sine
2358 3901 2538 3955 labore
2558 3901 2753 3970 degens
2777 3900 3125 3956 calamitatem
3156 3918 3257 3954 non
3288 3900 3491 3970 perspi-

1929 3968 2006 4039 cis
2028 3986 2039 4019 :
2062 3969 2145 4039 ubi
2178 3983 2301 4021 vero
2330 3970 2576 4025 infantem
2606 3968 2793 4039 paries,
2824 3982 2947 4025 tunc
2972 3972 3242 4025 sententia:
3270 3968 3485 4023 damna-

1930 4036 2003 4088 tio
2040 4036 2129 4089 tibi
2155 4038 2436 4108 exorietur.
2469 4036 2811 4108 Cum'proles
2845 4056 2907 4095 ex
2950 4050 3099 4094 utero
3128 4050 3216 4094 tuo
3243 4040 3483 4108 egredie-

1930 4113 2033 4168 tur,
2051 4116 2172 4159 tunc
2192 4107 2468 4159 verborum
2494 4107 2725 4162 meorum
2746 4110 3103 4164 recordaberis
3122 4127 3135 4171 ;
3156 4107 3485 4162 cum’dolore

1928 4175 2265 4246 cruciaberis,
2291 4186 2411 4229 tunc
2436 4180 2707 4230 sententia:
2734 4179 2851 4233 latre
2878 4189 3081 4246 tempus
3105 4179 3337 4241 orietur;
3366 4194 3483 4232 cum

1932 4252 1983 4294 te
2013 4243 2226 4297 dolores
2257 4254 2433 4312 partus
2461 4246 2872 4312 apprehendent,
2903 4243 3024 4301 tunc
3050 4247 3138 4301 Dei
3168 4246 3335 4301 maled
3360 4250 3490 4301 ctio-

1930 4312 2012 4363 nis
2047 4312 2426 4366 recordaberis.
2467 4312 2557 4367 His
2585 4325 2637 4368 et
2679 4318 2935 4369 similibus
2966 4332 3181 4369 uxorein
3214 4318 3263 4367 in
3296 4317 3487 4368 amari-

1929 4379 2123 4453 tudine
2147 4382 2335 4453 anima:
2374 4383 2539 4436 Adam
2570 4384 2936 4453 alloquebatur
2966 4401 2978 4436 :
3010 4385 3088 4436 his
3116 4385 3290 4437 verbis
3323 4384 3483 4437 Evam

1928 4449 2159 4514 quotidie
2189 4452 2467 4519 increpans
2502 4453 2639 4506 nulla
2682 4449 2895 4505 mixtam
2934 4453 3292 4506 consolatione
3321 4453 3487 4505 canti-

1928 4519 2100 4598 lenam
2128 4521 2323 4598 tragice
2353 4523 2751 4598 emittebatain
2800 4520 3092 4598 lmjusmodi
3131 4535 3481 4598 azrumnarum

1928 4588 2110 4653 pelago
2149 4588 2349 4655 primus
2386 4588 2543 4641 homo
2581 4590 2830 4642 divinitus
2874 4591 3159 4643 immissam
3203 4591 3330 4641 iram
3363 4604 3483 4643 cum

1927 4655 2091 4707 multo
2118 4656 2297 4709 labore
2322 4658 2634 4723 excipiebat.
2670 4658 2919 4724 Audistis,
2949 4672 2981 4710 o
3009 4658 3097 4711 filii
3124 4698 3139 4719 ,
3167 4658 3350 4711 Adami
3381 4659 3459 4711 lor

1926 4724 2242 4796 mationem;
2273 4725 2440 4796 nostis
2460 4726 2763 4793 dignitatem
2794 4728 2889 4796 ipsi
2920 4727 3198 4788 collatam;
3228 4727 3483 4780 didicistis

1926 4793 2063 4845 dona
2090 4808 2119 4845 a
2153 4794 2255 4846 Deo
2285 4794 2380 4860 ipsi
2413 4797 2599 4847 eollata
2625 4813 2638 4858 ;
2668 4793 2874 4849 vidistis
2911 4796 3024 4863 ejus
3052 4796 3483 4858 transgressionis

1927 4862 2127 4932 exitum
2149 4878 2161 4923 ;
2186 4863 2299 4928 ejus
2322 4877 2421 4915 non
2441 4865 2813 4917 consolabilem
2838 4862 3142 4932 tragcediam
3164 4864 3478 4921 deflevistis;

1927 4931 2128 5000 vidistis
2150 4946 2266 4983 cum
2286 4947 2315 4984 e
2336 4931 2547 4999 regione
2573 4934 2797 5000 paradisi
2826 4931 3065 4986 intestino
3084 4947 3146 4984 ac
3167 4933 3448 4984 demissmn
3464 4970 3476 4984 .

1927 4998 2181 5052 Finemne
2211 4998 2681 5054 orandi’facieinus
2703 5042 2717 5064 ,
2754 5015 2821 5053 an
2854 5003 3180 5053 narrabimus
3208 5001 3483 5053 odiosissi-

1926 5083 2065 5118 mam
2112 5068 2251 5120 illam
2292 5068 2673 5137 hereditatem,
2718 5084 2874 5135 quam
2907 5070 3010 5121 Eva
3046 5069 3235 5121 futuris
3273 5069 3481 5137 reliquit

1926 5136 2391 5202 generationibus?
2416 5135 2639 5189 Necesse
2664 5146 2745 5189 est
2772 5152 3015 5190 sermone
3040 5140 3172 5189 ultra
3200 5135 3438 5204 progredi
3463 5177 3476 5198 ,

1929 5214 1984 5275 ut
2009 5205 2250 5275 omnibus
2274 5218 2576 5275 enarremus
2603 5204 2744 5275 illam
2776 5206 3153 5259 maledictionis
3181 5208 3381 5275 plagam
3403 5206 3482 5258 di-

1928 5274 2123 5325 vinitus
2154 5273 2437 5341 immissam
2464 5291 2474 5323 :
2507 5274 2769 5341 quomodo
2809 5276 2957 5327 nobis
2985 5276 3252 5328 damnatio
3273 5273 3481 5341 conspi-

1928 5355 2022 5395 cua
2059 5340 2325 5403 evaserit,
2372 5343 2731 5408 terminosque
2773 5357 2896 5396 suos
2938 5360 3099 5411 usque
3142 5345 3189 5394 in
3230 5340 3474 5395 sacculum

1928 5417 2239 5480 conservet,
2268 5419 2321 5461 et
2345 5424 2497 5480 quam
2526 5412 2695 5463 veraci
2722 5426 2814 5464 ore
2844 5412 2976 5465 Deus
3004 5413 3276 5480 protulerit
3304 5411 3427 5461 illud
3462 5427 3475 5462 :

1930 5478 2280 5548 Illuftt‘ph'cans
2299 5478 2633 5548 multiplicabo
2658 5480 2852 5532 dolores
2880 5491 2985 5532 tuos
3006 5478 3057 5532 ἐι
3086 5480 3316 5548 gemitum
3339 5488 3475 5531 tuum

1929 5546 2081 5615 (Gen.
2108 5547 2291 5615 5.716)
2322 5563 2333 5597 :
2365 5548 2513 5614 cujus
2536 5547 2659 5599 dicti
2690 5549 2983 5600 lirmitatem
3018 5546 3101 5601 bis
3120 5550 3476 5613 generationi-

1932 5614 2027 5666 bus
2074 5614 2320 5668 declarat.
2364 5615 2809 5679 Quemadmodum
2850 5620 2984 5668 eniin
3031 5618 3212 5668 matris
3257 5616 3476 5669 formam

1928 5684 2031 5733 tilia
2063 5684 2236 5748 refert,
2265 5684 2372 5736 sive
2402 5699 2494 5751 per
2522 5688 2719 5747 oculos,
2748 5686 2857 5736 sive
2888 5700 2977 5751 per
3007 5686 3210 5744 faciem,
3243 5684 3351 5736 sive
3383 5698 3473 5751 per

1927 5760 2178 5803 staturam
2212 5770 2222 5801 :
2259 5754 2324 5805 ita
2352 5762 2404 5805 et
2441 5769 2575 5808 nunc
2607 5768 2769 5821 usque
2811 5754 2856 5804 in
2892 5755 3135 5805 sa-cnlum
3168 5752 3474 5811 universalis
