3976 6218
559 380 672 437 535

557 474 644 529 Illa
672 473 942 528 damnatio
970 475 1224 544 procedit,
1254 482 1308 528 et
1335 488 1580 528 mensura
1610 474 1724 542 ejus
1751 487 1917 543 usque
1948 473 1998 526 in
2026 489 2126 528 sae-

557 544 732 598 culum
761 559 864 598 non
893 545 1330 601 commovebitur.

625 614 681 668 4.
736 614 926 668 Verum
980 624 1160 682 aperta
1207 623 1384 667 mente
1426 613 1490 667 ad
1541 613 1857 666 narrationis
1905 627 2126 682 examen

556 683 823 748 accedite,
867 692 921 737 et
962 681 1138 736 animo
1182 683 1441 750 perceptis
1480 683 1718 737 veritatis
1757 683 2010 751 eloquiis,
2044 681 2125 736 his

558 752 761 818 placide
789 769 944 806 aures
987 755 1249 807 adhibete.
1301 753 1414 806 Non
1445 755 1587 808 enim
1615 753 1681 807 de
1712 753 2125 820 temperantibus

556 829 608 874 et
635 822 768 889 frugi
799 825 1105 876 mulieribus
1146 824 1286 875 verbi
1332 824 1596 876 theatrum
1627 838 1815 890 purum
1846 822 2124 877 exhibebi-

560 905 673 943 mus
694 934 708 956 ,
740 892 830 944 red
861 892 926 946 de
970 893 1222 959 improbis
1245 933 1260 955 ,
1307 893 1514 945 lascivis
1545 902 1597 946 et
1628 891 1858 959 profanis
1884 905 2120 959 agemus.

556 960 722 1024 Quem
768 976 947 1014 earum
1002 961 1239 1014 ordinem
1289 963 1457 1014 oratio
1502 960 1897 1028 prosequetur?
1950 961 2121 1030 Virgi-

557 1045 771 1091 nmnuc,
800 1043 915 1097 qua:
942 1031 1083 1086 viros
1122 1046 1225 1084 non
1263 1042 1386 1084 sunt
1414 1031 1678 1098 expertae?
1699 1047 1765 1084 an
1795 1046 1974 1084 earum
2006 1045 2124 1099 quae

560 1099 611 1151 iu
658 1101 877 1167 nuptiali
924 1111 1039 1153 toro
1088 1100 1265 1154 liberis
1295 1115 1508 1167 operam
1537 1101 1724 1154 dantes
1765 1110 1960 1154 matres
2001 1109 2124 1153 sunt

556 1168 793 1220 effectae?
818 1183 883 1221 an
913 1184 1092 1222 earum
1115 1211 1128 1232 ,
1164 1185 1282 1238 quire
1313 1172 1364 1222 in
1396 1171 1649 1224 viduitate
1678 1170 1893 1228 reiictm,
1931 1171 2019 1222 Dei
2058 1170 2122 1222 ti-

556 1253 703 1291 more
736 1253 838 1289 non
870 1249 990 1291 sunt
1022 1240 1260 1293 ornatze?
1304 1240 1494 1292 Verum
1547 1255 1724 1309 opera:
1769 1241 1989 1307 pretium
2041 1250 2122 1309 est

556 1311 700 1373 prius
729 1309 795 1361 de
826 1310 990 1376 prima
1018 1317 1174 1362 :ctate
1201 1309 1484 1370 disserere,
1513 1319 1566 1363 et
1585 1308 1655 1362 ad
1683 1319 1904 1362 cinteros
1933 1308 2122 1361 deinde

554 1377 752 1447 gradus
792 1379 1131 1442 pertransire.
1178 1379 1837 1447 Agedum,juvencularum
1883 1380 2120 1430 ordinem

555 1448 607 1498 in
639 1445 870 1498 medium
898 1445 1265 1514 producamus,
1293 1463 1412 1514 qum
1437 1445 1668 1516 virgines
1696 1463 1816 1501 esse
1845 1448 2118 1512 videntur,

554 1525 604 1566 et
633 1516 698 1567 de
724 1518 962 1569 castitate
987 1532 1080 1570 sua
1109 1518 1399 1585 gloriantur
1420 1558 1434 1579 ,
1465 1517 1636 1624 deque
1680 1518 1743 1570 iis
1770 1519 1926 1569 verba
1960 1517 2120 1570 facia-

556 1599 687 1624 tunc,
723 1585 854 1624 Πιιίίί
899 1601 1077 1624 parum
1123 1601 1532 1624 nnrnmmnnrnrn
1602 1587 1842 1624 Iloliihnn
1904 1600 2078 1624 mnu-nc

556 1599 689 1637 mus.
723 1585 856 1650 Quid
899 1601 1077 1639 earum
1123 1585 1570 1640 commemorem?
1601 1587 1874 1650 llabitum,
1904 1600 2078 1639 mores
2105 1628 2117 1643 .

554 1654 842 1724 solertiam,
865 1657 1125 1722 quomodo
1149 1657 1364 1722 iuvenes
1386 1656 1651 1709 illecebris
1663 1659 1771 1708 suis
1787 1658 1989 1724 capiant
2018 1656 2115 1724 (ιι),

555 1722 604 1774 in
632 1737 812 1776 eorum
839 1721 979 1792 saepe
1004 1721 1244 1780 cubiCula
1285 1739 1343 1778 se
1381 1725 1695 1792 ingerentes.
1737 1735 1788 1778 et
1830 1721 1890 1779 ex
1933 1726 2037 1778 alio
2068 1721 2118 1776 in

551 1793 713 1864 alium
753 1792 924 1864 locum
968 1793 1362 1858 discurrentes,
1411 1796 1616 1848 incessu
1662 1798 1936 1864 strepitum
1962 1835 1974 1852 .
2010 1796 2117 1846 risu

555 1862 831 1915 tumultum
857 1863 1075 1917 edentes
1094 1905 1107 1926 ,
1137 1867 1318 1933 sicque
1344 1868 1396 1916 in
1424 1865 1629 1918 illorum
1655 1862 1812 1917 aures
1841 1879 1960 1917 sese
1990 1864 2086 1917 insi

554 1941 715 1982 nuaut
739 1971 753 1992 ,
792 1942 948 2000 atque
983 1949 1044 1985 ex
1077 1934 1304 1988 fenestra
1347 1936 1398 1986 in
1448 1934 1730 1987 fenestram
1773 1934 2118 2002 procedentes

554 2015 844 2070 manusque
871 2004 1229 2069 cxpandentes
1253 2045 1267 2067 ,
1300 2019 1470 2070 usque
1495 2006 1560 2055 ad
1594 2013 1774 2067 pectus
1802 2004 1917 2058 illas
1944 2004 2114 2070 impu-

551 2067 742 2123 denter
789 2067 1135 2137 proteiidunt;
1188 2067 1437 2126 satanir'is
1487 2073 1700 2126 nutibus
1749 2088 1846 2127 ceu
1889 2067 2116 2127 telis'la-

551 2140 812 2210 seivorum
859 2143 1043 2194 oculos
1089 2143 1350 2210 impetunt
1378 2159 1391 2194 :
1422 2157 1552 2196 auro
1591 2152 1774 2210 peetus
1824 2152 2114 2210 exornant,

550 2209 758 2280 annulis
804 2225 1020 2270 manus,
1067 2209 1222 2265 aures
1250 2212 1521 2264 inauribus
1547 2209 1872 2280 gemmarum
1901 2223 1951 2265 ct
1984 2209 2114 2280 hya-

548 2276 881 2348 cinthorum;
931 2281 1152 2333 naturali
1197 2282 1366 2334 vultus
1398 2276 1773 2348 pulchritudini
1818 2276 2113 2334 locumad-

547 2347 696 2404 dunt.
727 2361 912 2418 cerusa
940 2357 995 2402 et
1020 2352 1309 2403 vermiculo
1336 2347 1499 2418 genas
1529 2351 1735 2412 liniunt,
1766 2361 1821 2404 et
1849 2352 1986 2404 collo
2015 2351 2115 2403 ful-

546 2424 729 2489 gentes
759 2417 905 2489 velut
930 2427 1099 2471 statua
1132 2417 1432 2479 inanimata,
1463 2421 1684 2489 singulis
1705 2421 1868 2483 horis,
1897 2419 2115 2489 singulis

546 2483 732 2556 diebus
756 2487 1028 2540 cincinnos
1056 2490 1288 2556 plectunt
1314 2499 1365 2542 et
1393 2483 1645 2556 crispaut,
1679 2506 1842 2555 usque
1871 2490 1935 2542 ad
1964 2483 2111 2542 fron-

548 2562 652 2638 tem
684 2555 885 2620 nitent,
914 2555 1194 2638 supercilia
1226 2561 1376 2638 nigro
1399 2555 1582 2638 colore
1608 2569 1930 2638 perungunt;
1964 2558 2113 2638 malle

545 2633 689 2678 certe
713 2628 1110 2680 consuetudinis
1133 2643 1284 2695 opus.
1318 2629 1398 2681 An
1441 2642 1542 2680 non
1572 2628 1793 2690 improbi
1822 2628 2112 2680 istiusmodi

544 2707 721 2762 mores
749 2695 904 2746 sunt?
931 2709 996 2749 an
1025 2711 1130 2750 non
1160 2699 1271 2750 haec
1294 2697 1520 2751 absurda
1559 2710 1718 2762 opera
1745 2705 1890 2758 sunt,
1923 2711 2112 2762 resque

546 2759 793 2815 inutiles?
820 2779 996 2817 nonne
1025 2777 1147 2832 apes
1176 2781 1356 2821 earum
1405 2759 1624 2821 insana"!
1651 2766 1899 2834 Quosque
1939 2759 2110 2832 palam

545 2844 648 2883 non
681 2843 896 2898 possunt
927 2835 1200 2900 inescare,
1249 2837 1300 2888 in
1340 2837 1437 2887 hos
1463 2835 1594 2886 clam
1622 2848 1776 2888 arcus
1810 2843 1864 2888 et
1903 2837 2004 2888 tela
2035 2836 2111 2887 iii-

543 2900 790 2970 tendunt:
806 2904 1247 2970 quemadmodum
1271 2906 1374 2957 Eva
1403 2905 1657 2956 Adamum
1678 2904 1814 2956 clam
1835 2904 2106 2957 inescavit.

545 2969 729 3041 Audivi
778 2969 972 3041 quippe
1025 2987 1206 3026 carum
1258 2975 1447 3026 multas
1489 2987 1582 3041 per
1627 2973 1818 3025 tabulae
1871 2972 2108 3027 foramen

539 3038 819 3105 dispicere,
847 3038 1020 3095 et_eos
1042 3044 1129 3109 qui
1162 3059 1254 3110 per
1280 3038 1781 3110 plateas'ambulant
1808 3044 2106 3107 eXplorare,

541 3121 730 3178 parvos
765 3120 817 3162 et
857 3125 1102 3178 magnos;
1149 3121 1202 3163 ct
1240 3113 1394 3177 hujus
1437 3111 1646 3177 quidem
1688 3112 1822 3162 viam
1852 3111 2068 3165 irridere
2092 3153 2105 3176 ,

539 3175 679 3247 illius
709 3175 965 3231 staturam
989 3181 1132 3247 parvi
1160 3175 1355 3244 facere,
1387 3175 1524 3232 illius
1553 3179 1804 3246 capillitio
1832 3180 1912 3231 vel
1945 3175 2107 3237 vesti;

539 3245 613 3320 tui
641 3245 973 3320 illudere.ac
990 3245 1119 3320 sese
1138 3249 1326 3302 mimos
1351 3259 1601 3320 praestare
1620 3245 1729 3304 non
1759 3247 1892 3320 frugi
1919 3255 2107 3306 mulie-

536 3315 713 3378 ribus;
743 3315 857 3370 dies
885 3319 1046 3391 festos
1085 3315 1483 3391 dominicasque
1528 3318 1580 3374 in
1626 3323 1735 3375 otio
1781 3315 2104 3387 transigere,

538 3398 709 3461 neque
736 3400 766 3438 a
808 3388 1082 3455 torpedine
1111 3403 1360 3461 umquam
1401 3388 1621 3459 surgere
1647 3433 1658 3453 ,
1690 3391 1768 3443 vel
1799 3391 1863 3443 ad
1893 3393 2101 3461 cilium,

537 3453 619 3507 vel
644 3453 938 3526 adpotum,
967 3462 1048 3514 vel
1075 3461 1140 3513 ad
1171 3453 1412 3515 somnum
1440 3453 1538 3515 sibi
1565 3461 1948 3514 conciliandum
1972 3476 1984 3519 ;
2013 3460 2104 3512 sed

537 3523 898 3593 qumidianum
943 3531 1176 3582 laborem
1227 3540 1281 3583 et
1318 3546 1498 3582 curam
1539 3530 1694 3582 unius
1720 3530 1822 3582 diei
1855 3529 2107 3582 limitibus

536 3595 971 3651 circumscribere
996 3617 1006 3648 :
1034 3599 1177 3650 nulla
1207 3599 1343 3665 apud
1372 3608 1577 3666 patrem
1608 3607 1662 3650 et
1687 3608 1907 3650 matrem
1953 3613 2104 3650 reve-

538 3668 707 3716 rentia
728 3704 743 3727 ,
763 3667 921 3735 nullo
946 3668 1080 3734 apud
1110 3666 1297 3721 fratres
1324 3669 1523 3735 pudore
1545 3708 1560 3732 ,
1593 3667 1732 3718 nulla
1761 3666 1895 3734 apud
1919 3681 2106 3735 servos

537 3740 589 3784 et
613 3734 836 3786 ancillas
862 3736 1173 3788 verecundia
1202 3739 1274 3788 uti
1297 3734 1432 3801 {sed
1461 3737 1703 3788 omnibus
1729 3736 1880 3788 ludos
1906 3734 2100 3797 ficere,

538 3815 585 3853 et
614 3802 678 3855 ad
702 3805 874 3855 omnia
901 3807 1014 3857 navi
1045 3806 1286 3859 fluctibus
1311 3807 1519 3871 agitatae
1541 3805 1739 3857 similes
1759 3819 1895 3858 esse.
1921 3804 2106 3871 Respi-

537 3871 641 3923 cite
669 3873 911 3938 sepulcra
934 3916 948 3937 ,
995 3875 1112 3927 tiliae
1149 3874 1275 3927 Sion
1299 3917 1313 3940 ,
1347 3885 1400 3927 et
1439 3890 1603 3926 sacra:
1648 3874 1860 3941 piscinze
1891 3874 2063 3941 proles
2087 3916 2100 3936 ,

537 3950 590 3992 et
625 3945 1053 4010 contemplamini
1098 3945 1374 4011 imaginem
1410 3945 1548 3996 illam
1569 3984 1583 4006 ,
1612 3959 1766 4010 quam
1797 3945 2099 4007 exornatis,

536 4025 741 4080 necnon
775 4013 980 4065 inanem
1011 4015 1542 4080 intempestivumque
1565 4022 1794 4065 vestrum
1823 4014 2020 4064 cultum
2051 4023 2104 4065 et

535 4078 796 4141 habitum,
830 4083 1093 4147 quomodo
1111 4078 1285 4134 omnia
1309 4078 1474 4150 pulvis
1495 4083 1619 4145 sint,
1643 4081 1906 4150 quomodo
1928 4083 2101 4134 omnia

536 4161 636 4219 per
648 4158 870 4200 mortem
888 4152 1268 4202 amarissimam
1287 4159 1629 4211 marcescant,
1648 4151 1910 4219 quomodo
1928 4152 2101 4202 omnia

535 4216 671 4286 cinis
690 4256 702 4278 ,
733 4219 998 4283 quomodo
1024 4221 1198 4271 omnia
1227 4219 1414 4272 faetore
1440 4220 1614 4286 plena.
1645 4216 1712 4270 At
1740 4235 1805 4272 ne
1830 4219 1954 4270 mihi
1984 4234 2099 4272 mu-

536 4285 723 4355 lierum
750 4294 924 4355 castus
949 4287 1119 4340 dicam
1151 4288 1402 4355 impingat
1420 4285 1526 4350 ,iac
1553 4289 1596 4339 si
1624 4289 1763 4354 ipsas
1786 4288 2098 4352 vitupercm.

535 4352 650 4425 lam
675 4354 816 4425 enim
843 4365 965 4408 ante
990 4357 1189 4417 monui,
1217 4352 1302 4410 me
1320 4352 1424 4409 non
1446 4356 1512 4409 de
1533 4352 1875 4425 prudentibus
1896 4365 1955 4425 et_
1972 4355 2102 4422 frugi

537 4423 847 4492 mulieribus
889 4425 1044 4477 verba
1081 4425 1274 4490 facere,
1303 4425 1394 4478 sed
1425 4426 1492 4478 de
1524 4423 1717 4492 pravis,
1753 4423 2100 4489 imprudenti-

535 4491 635 4543 bus
675 4500 729 4544 et
765 4495 993 4547 vesanis.
1040 4494 1169 4547 Nam
1211 4495 1400 4546 multas
1445 4491 1566 4545 novi
1611 4494 1858 4545 mulieres
1906 4499 2100 4560 tempe-

533 4568 809 4630 rantesgetr
825 4563 1014 4628 probas
1035 4604 1048 4624 ,
1078 4579 1297 4630 quarum
1327 4561 1863 4630 meminitApostolus
1890 4562 1941 4613 in
1969 4561 2103 4614 libro

534 4629 676 4681 vitae.
710 4628 814 4682 Sed
844 4645 939 4697 age
969 4628 1190 4684 aliorum
1218 4633 1460 4685 ordinum
1506 4628 1714 4686 turbam
1742 4629 2097 4697 exploremus.

535 4697 665 4769 Tres
694 4701 887 4769 quippe
917 4699 1129 4753 ordines
1155 4717 1238 4755 me
1267 4710 1454 4754 vestrze
1493 4699 1897 4769 magnificentiae
1941 4699 2099 4751 exhi-

533 4766 766 4837 biturum
802 4768 1062 4835 pollicitus
1090 4785 1204 4822 sum
1232 4810 1245 4829 ,
1276 4772 1537 4837 virginum
1583 4766 1802 4836 nempe,
1835 4769 2102 4822 connubio

529 4836 870 4901 junctarum,
915 4847 968 4891 et
1011 4839 1307 4891 viduarum.
1339 4836 1469 4902 Quia
1496 4854 1624 4892 vero
1659 4839 1767 4906 jam
1813 4837 1880 4890 de
1924 4837 2102 4889 multis

534 4919 697 4972 pauca
731 4907 868 4958 circa
900 4908 1126 4975 virgines
1154 4919 1341 4961 vestrae
1371 4907 1574 4960 caritati
1601 4907 1863 4970 recensui,
1898 4907 2006 4972 jam
2036 4907 2101 4959 de

532 4974 845 5045 mulieribus
885 4974 1001 5042 quae
1027 4979 1092 5030 de
1123 4977 1366 5045 conjugio
1391 4977 1680 5044 gloriantur
1707 4991 1952 5044 agamus;
1983 4991 2102 5042 qua:

531 5058 660 5095 sane
687 5043 812 5095 viris
834 5046 940 5096 suis
965 5047 1127 5098 instar
1147 5043 1341 5113 aspidis
1363 5043 1505 5098 sunt.
1530 5045 1668 5111 Quot
1688 5043 1828 5097 enim
1852 5045 2101 5097 mulieres

529 5113 634 5164 vidi
663 5128 783 5184 (pne
814 5114 922 5164 suis
953 5116 1260 5182 conjugibus
1291 5117 1619 5184 repentinam
1653 5122 1877 5166 mortem
1913 5127 2104 5181 procu-

531 5182 752 5234 rarunt?
779 5191 908 5249 quot
937 5184 1078 5245 novi,
1101 5200 1215 5251 qua:
1237 5182 1362 5238 cum
1380 5187 1505 5237 viris
1527 5182 1724 5237 inferre
1749 5193 1970 5234 mortem
1997 5197 2098 5232 non

531 5262 768 5320 possent,
802 5267 892 5304 eos
916 5267 1009 5320 per
1033 5253 1310 5320 nequitiam
1333 5271 1483 5306 suam
1509 5257 1559 5306 in
1581 5255 1778 5320 gemitu
1801 5263 1852 5305 et
1871 5261 2102 5304 tremore

529 5322 723 5387 degere
749 5331 964 5388 cogunt,
998 5337 1165 5389 neque
1195 5332 1392 5374 tantum
1426 5324 1553 5390 ipsis
1583 5321 1802 5373 honoris
1829 5320 2098 5382 exhibent,

529 5401 778 5455 quantum
809 5391 956 5443 bruta
980 5392 1259 5442 animalia?
1287 5393 1491 5444 Sane'si
1518 5393 1579 5444 sit
1604 5391 1774 5453 dives,
1803 5405 1924 5440 suas
1949 5397 2100 5440 nocte

532 5461 722 5525 dieque
745 5459 951 5526 jactans
976 5461 1206 5525 divitias,
1236 5461 1512 5530 conjugem
1546 5461 1596 5512 in
1624 5474 1754 5528 pace
1785 5460 1962 5510 vivere
1991 5473 2094 5509 non

590 5612 664 5673 (α)
700 5612 836 5660 Multa
855 5613 932 5661 hic
955 5615 1189 5662 adduntur
1216 5613 1338 5675 apud
1354 5611 1494 5660 savii.
1513 5623 1621 5671 quae
1645 5612 1693 5656 in
1717 5617 1794 5656 Ms.
1821 5617 1983 5675 nostro
1999 5621 2100 5675 non

526 5667 747 5733 exstant,
773 5686 978 5735 quzeque
999 5677 1216 5725 consulto
1238 5667 1498 5731 mittimus,
1523 5667 1587 5718 ne
1610 5677 1680 5718 tot
1696 5683 1847 5731 nugas
1876 5667 2101 5729 multipli-

524 5747 706 5783 scmus.

2067 363 2302 421 SPUlllA
2314 402 2327 418 .

3686 383 3795 438 536

2237 476 2380 528 sinit.
2416 475 2470 530 Si
2499 475 2568 529 sit
2597 476 2768 545 inops,
2799 494 2860 530 ev
2893 478 3009 531 loco
3041 477 3089 527 in
3120 476 3310 540 locum,
3343 489 3403 528 ex
3437 474 3598 528 domo
3625 478 3677 528 in
3709 488 3794 527 do-

2237 560 2379 599 mum
2425 547 2748 613 pervadens,
2797 550 2914 600 lites
2958 549 3151 599 exciuit
3179 547 3459 613 ctjurgia,
3511 549 3794 611 turbasque

2233 615 2466 681 quocidie
2514 626 2720 678 movet;
2772 633 2873 669 non
2918 617 3110 683 patitur
3152 617 3320 667 virum
3370 629 3519 666 suum
3560 616 3643 667 vel
3677 630 3792 666 cum

2234 683 2408 737 vicino
2438 686 2515 737 vel
2543 701 2662 737 cum
2709 695 2832 738 noto
2862 700 3041 751 pacem
3075 685 3293 746 habere,
3325 684 3414 736 scd
3445 698 3631 735 omnes
3666 699 3790 735 eon-

2234 754 2446 806 tunielia
2474 754 2654 816 afﬁcit,
2678 771 2797 808 cum
2831 756 3074 808 omnibus
3101 755 3284 822 litigat,
3315 755 3364 806 in
3390 767 3577 806 omnes
3609 754 3783 809 insilit.

2232 836 2417 892 omnes
2444 827 2751 888 conturbat;
2792 824 2856 876 ad
2899 824 3232 892 magistratus
3271 837 3328 875 se
3367 832 3557 890 sponte.
3586 823 3790 875 confert

2232 891 2595 954 impudenter,
2641 895 2703 946 ad
2739 891 3014 947 tribunalia
3046 903 3099 944 ut
3132 894 3251 945 iresa
3277 901 3568 957 comparet,
3601 893 3652 944 in
3687 893 3789 943 hal-

2231 961 2344 1032 neis
2373 963 2530 1016 verba
2576 963 2881 1032 profundit,
2931 963 2983 1016 in
3030 963 3268 1032 ecclesiis
3313 963 3570 1032 colloquia
3609 963 3788 1014 mis-cet

2231 1030 2552 1097 importuna,
2577 1030 2632 1086 et
2657 1033 2768 1086 lucc
2796 1033 2960 1085 futilia
2989 1032 3124 1084 fatur
3148 1049 3161 1083 :
3189 1031 3298 1100 Ego
3320 1030 3439 1083 vita:
3464 1030 3786 1095 fortunisque

2229 1101 2364 1153 meis
2405 1103 2762 1156 accessionem
2811 1102 2943 1156 facio
2964 1143 2977 1165 ,
3025 1116 3123 1165 ego
3151 1102 3351 1154 famulis
3381 1100 3648 1169 pmdagogi
3678 1101 3786 1152 iero

2229 1181 2374 1232 sum,
2418 1186 2534 1239 quas
2578 1171 2642 1224 ad
2685 1173 2876 1225 victum
2921 1180 3162 1240 spectant
3187 1169 3569 1224 curozfrustra
3599 1171 3784 1235 conjux

2229 1252 2378 1309 meus
2401 1242 2595 1309 primas
2619 1252 2780 1307 tenet,
2810 1241 3010 1294 milium
3034 1242 3118 1294 ille
3140 1242 3402 1309 negotium
3425 1250 3602 1303 curat;
3627 1243 3786 1293 nescit

2231 1308 2354 1374 quid
2385 1308 2524 1362 domi
2555 1325 2734 1378 agam;
2767 1327 2926 1363 unum
2961 1312 3104 1362 novit
3132 1308 3338 1377 partem,
3365 1325 3520 1376 quem
3549 1326 3581 1362 e
3609 1324 3783 1361 mensa

2227 1379 2492 1448 comedit;
2523 1395 2588 1434 ne
2617 1382 2794 1434 vinum
2821 1381 3028 1448 quidem
3053 1382 3214 1437 novit.
3244 1379 3380 1447 quod
3408 1380 3592 1432 cbiliit.
3618 1379 3659 1431 Ο
3681 1394 3782 1431 ma-

2229 1446 2469 1502 nifestam
2521 1446 2939 1518 impudentiam!
2977 1450 3100 1502 .lure
3147 1446 3336 1502 clamat
3377 1450 3634 1517 sapientia
3667 1473 3675 1498 .
3711 1449 3785 1499 Ne

2225 1517 2455 1586 attendas
2489 1517 2728 1586 improbi:
2763 1521 2957 1572 mulieri
2980 1535 2998 1572 :
3018 1518 3117 1570 mel
3151 1520 3280 1570 enim
3322 1520 3528 1581 proﬂuit
3559 1534 3621 1569 ea:
3647 1518 3782 1569 labiis

2225 1585 2353 1657 eius,
2382 1588 2514 1655 quod
2541 1585 2608 1640 ad
2637 1599 2829 1656 tempus
2859 1590 3006 1640 dulce
3027 1591 3116 1640 erit
3137 1589 3326 1657 gutturi
3346 1597 3454 1647 tuo,
3481 1598 3780 1657 postmivcro

2226 1656 2343 1728 [cile
2369 1659 2592 1728 anterius
2618 1661 2850 1728 reperies,
2885 1669 2929 1711 el
2957 1656 3151 1728 acutius
3176 1658 3346 1728 gladio
3374 1657 3586 1728 ancipiti
3607 1656 3774 1728 (Proin.

2225 1723 2275 1776 5.
2307 1723 2358 1777 2.
2388 1727 2460 1793 4).
2489 1728 2636 1792 Quod
2672 1723 2718 1781 'si
2762 1728 2928 1782 literis
2961 1723 3394 1786 imbuta'fuerit,
3440 1725 3552 1792 jam
3592 1726 3777 1791 duplex

2226 1795 2390 1846 morbi
2417 1805 2468 1848 et
2499 1798 2845 1864 improbitatis
2871 1813 3037 1865 genus
3074 1807 3173 1850 est.
3221 1797 3350 1848 Nam
3377 1805 3503 1864 quot
3534 1797 3775 1847 mulieres

2225 1877 2318 1928 per
2352 1865 2531 1919 literas
2573 1868 2712 1920 viros
2738 1882 2862 1920 suits
2891 1867 3221 1926 occiderunt.
3250 1865 3373 1918 dum
3415 1879 3642 1924 arcana,
3670 1879 3780 1926 qua:

2222 1933 2379 1985 ambo
2409 1936 2506 1987 soli
2553 1947 2836 1998 noverant,
2889 1952 2981 2003 per
3023 1936 3272 2004 epistolas
3313 1935 3428 2001 ejus
3460 1933 3511 1986 in
3546 1934 3774 1986 notitiam

2223 2014 2499 2062 venerunt.
2530 2015 2582 2057 et
2611 2006 2728 2057 imle
2756 2007 2828 2060 rei
2860 2015 3078 2059 eventus
3117 2005 3324 2058 accidit.
3357 2004 3497 2069 Quot
3519 2005 3642 2054 nevi
3672 2018 3777 2052 mu-

2223 2069 2396 2143 lieres.
2427 2089 2544 2141 quae
2567 2076 2818 2143 sigillatas
2845 2076 3056 2128 chartas
3083 2075 3146 2126 ad
3179 2075 3541 2143 nequiSsimos
3563 2073 3700 2123 viros
3724 2079 3776 2123 et

2223 2141 2457 2210 moechos
2485 2141 2892 2197 suos'miserunt
2915 2187 2929 2208 ,
2971 2159 3031 2196 ac
3061 2144 3338 2210 pra-longis
3379 2141 3628 2194 manibus
3656 2154 3777 2210 con-

2219 2208 2367 2277 jnges
2398 2225 2521 2286 suos
2563 2213 2973 2286 interfecerunt?
2999 2208 3118 2286 nos
3159 2208 3606 2286 per’pharmaca.
3653 2209 3776 2286 alios

2221 2288 2378 2349 noctu
2405 2282 2752 2345 ambulantes,
2783 2284 2974 2336 multos
2997 2283 3045 2334 in
3068 2296 3248 2349 agrum
3269 2279 3644 2338 concedentes,
3672 2279 3778 2331 sive

2217 2347 2414 2420 gladio,
2441 2353 2551 2404 sive
2570 2352 2761 2420 lapide,
2785 2353 2896 2406 sive
2923 2351 3079 2414 fuste,
3104 2347 3225 2403 cum
3254 2353 3372 2417 quis
3401 2349 3482 2401 vel
3515 2358 3776 2420 tempora,

2219 2417 2302 2469 vel
2332 2429 2522 2487 caput,
2561 2417 2638 2472 vel
2686 2421 2900 2472 dorsum
2946 2422 3180 2480 credens,
3213 2419 3548 2484 repentinum
3579 2419 3775 2487 exitum

2216 2485 2409 2540 attulit.
2441 2489 2778 2563 [inpudenter
2807 2491 2907 2541 ilhc
2929 2491 3180 2563 ecclesias
3201 2489 3396 2541 adeunt
3416 2488 3565 2554 quasi
3592 2485 3776 2563 orandi

2217 2570 2374 2608 causa
2397 2599 2409 2614 .
2456 2569 2506 2609 et
2545 2559 2723 2624 jurant
2761 2574 2853 2626 per
2878 2573 3068 2624 corpus
3095 2561 3462 2626 intemeratum
3487 2564 3543 2607 ct
3567 2559 3779 2626 sangui-

2218 2639 2338 2676 nem
2368 2626 2482 2679 Filii
2517 2623 2625 2690 Dei,
2661 2629 2738 2680 vel
2763 2623 2859 2695 per
2885 2628 3100 2680 Matrem
3133 2627 3278 2692 ejus,
3311 2625 3390 2677 vel
3423 2639 3517 2695 per
3547 2623 3774 2689 aliquem

2217 2706 2548 2765 sanctorum;
2593 2693 2778 2750 multae
2809 2699 2966 2750 etiam
3012 2712 3108 2765 per
3141 2695 3403 2765 vivifirum
3454 2693 3672 2765 lignum,
3719 2707 3774 2744 se

2218 2764 2410 2815 nefaria
2444 2780 2538 2817 sua
2565 2779 2678 2818 acta
2713 2783 2814 2819 non
2846 2763 3124 2818 violaturas
3145 2805 3158 2824 .
3204 2764 3294 2816 scd
3325 2773 3472 2830 pacta
3503 2776 3594 2813 sua
3625 2763 3772 2811 firma

2215 2844 2512 2886 sei-raturas
2540 2850 2675 2888 esse.
2717 2835 2766 2890 Ο
2799 2836 3087 2888 miserrima
3115 2835 3127 2886 !
3158 2844 3280 2885 tunc
3311 2831 3641 2884 tremendum
3674 2830 3772 2880 Do-

2213 2901 2338 2974 mini
2384 2919 2573 2956 nomen
2626 2905 2675 2957 in
2733 2905 2974 2956 adulterii
3027 2905 3096 2956 tui
3145 2901 3458 2974 :nljutorizint
3508 2899 3774 2974 μειιιζῐνπεῗ

2215 2970 2383 3022 Stulta
2412 2983 2461 3024 et
2490 2974 2691 3046 insana,
2726 2975 2988 3046 Virginem
3019 2987 3070 3029 et
3099 2968 3372 3040 Deiparam
3394 2968 3773 3046 Mariam‘inte-

2213 3047 2491 3117 rueratain,
2514 3039 2994 3114 adjutrieem'pravi
3019 3039 3220 3117 consilii
3246 3046 3319 3117 tui
3342 3043 3568 3117 statuis?
3594 3041 3638 3092 0
3665 3039 3776 3092 fera

2213 3111 2479 3174 immanis,
2510 3125 2562 3166 et
2580 3111 2744 3168 corve
2767 3111 2950 3170 carnes
2974 3115 3274 3172 comedens,
3310 3113 3622 3165 iiinoxiasne
3649 3123 3776 3160 san~

2213 3189 2416 3234 ctornm
2451 3183 2662 3247 domos,
2699 3186 2825 3237 furis
2855 3184 3124 3236 latibulum
3159 3183 3414 3246 sanguine
3440 3186 3774 3231 cruentatum

2212 3248 2410 3320 efficis?
2445 3253 2510 3302 At
2556 3255 2801 3320 templum
2850 3252 3054 3306 Domini
3098 3262 3333 3302 sanetum
3366 3261 3636 3320 etipuru‘m
3668 3261 3774 3298 neu

2213 3319 2435 3389 findatur
2455 3361 2466 3383 ,
2511 3330 2561 3373 tu
2603 3317 2726 3375 vero
2756 3324 2804 3375 in
2837 3333 3072 3389 tempore
3104 3329 3400 3389 opportuno
3425 3317 3645 3389 insania:
3664 3326 3776 3389 _tu:c

2212 3387 2434 3441 fructum
2487 3393 2811 3456 reportabis,
2862 3385 3495 3456 secundumapostolum
3551 3385 3774 3456 Paulum

2209 3457 2522 3510 clamantem
2549 3454 2560 3511 Ξ
2585 3461 2643 3512 Si
2667 3463 2776 3527 quis
2800 3454 3055 3527 violaverit
3095 3459 3330 3520 templum
3358 3455 3452 3507 Dei
3475 3495 3486 3515 ,
3517 3454 3776 3527 disperde!

2208 3527 2352 3577 illum
2383 3527 2550 3587 Deus;
2582 3521 2815 3594 teritpluin
2839 3529 2966 3578 enim
2986 3526 3185 3578 Domini
3214 3533 3531 3594 sanctum“!
3554 3521 3630 3589 (l7.
3650 3521 3769 3574 Car.

2209 3595 2260 3647 5.
2311 3597 2418 3663 l7).
2455 3598 2618 3648 Vultis
2647 3593 2698 3650 et
2728 3598 2826 3648 alia
2856 3597 3091 3649 dicamus
3116 3596 3369 3647 adversus
3405 3593 3614 3663 illarum
3640 3605 3778 3663 con-

2209 3660 2528 3717 silia?'H;ee
2568 3667 2609 3716 si
2655 3667 2848 3718 vicinas
2881 3665 3070 3716 habeat
3110 3663 3326 3730 probas,
3370 3661 3609 3728 quotidie
3654 3660 3777 3713 illas

2208 3735 2471 3794 observat.
2502 3736 2550 3786 in
2579 3750 2667 3786 cas
2695 3735 2974 3797 invehitur,
2998 3742 3050 3786 ct
3074 3734 3114 3785 si
3145 3746 3278 3798 quos
3305 3745 3369 3783 ex
3395 3733 3530 3782 notis
3557 3738 3612 3781 et
3637 3743 3772 3780 con-

2208 3805 2506 3871 sanguineis
2537 3804 2721 3855 vidcrit
2754 3805 2802 3855 in
2837 3819 3015 3855 earum
3043 3803 3225 3871 domos
3252 3800 3493 3871 introire,
3519 3799 3648 3864 ipsis
3677 3813 3772 3871 sua

2209 3868 2327 3925 vitia
2355 3873 2671 3939 exprobrat,
2717 3883 2886 3924 scorta
2931 3884 2983 3925 et
3025 3870 3285 3923 mrenadas
3327 3868 3635 3939 appellans,
3668 3868 3770 3939 etsi

2209 3943 2309 3994 ill:e
2337 3934 2443 3994 sint
2471 3943 2664 3993 liberali
2715 3952 2765 3993 et
2806 3957 3027 4008 corpore
3065 3949 3117 3992 et
3141 3940 3333 4010 animo.
3367 3934 3420 3989 Si
3450 3934 3773 4010 lilicros__ha-

2209 4013 2346 4072 beat,
2366 4011 2511 4080 quasi
2539 4010 2678 4062 feras
2700 4011 2816 4061 illos
2843 4003 3151 4080 respicit;si
3183 4007 3399 4080 famulos
3422 4004 3499 4056 vel
3523 4003 3768 4080 ancillas.

2207 4070 2342 4132 nulla
2377 4070 2537 4132 utitur
2562 4070 2978 4137 mansuetudine,
3008 4079 3097 4130 sed
3125 4075 3386 4127 servitutis
3414 4074 3628 4124 nomine
3655 4070 3773 4123 illas

2206 4149 2431 4203 interdiu
2463 4149 2735 4209 verberat,
2781 4163 2874 4213 per
2907 4159 3110 4198 nomen]
3153 4157 3276 4196 vero
3302 4141 3551 4213 operandi
3601 4140 3770 4213 m_ole_-

2206 4219 2357 4270 stiam
2383 4217 2556 4285 infert.
2584 4216 2703 4267 Non
2727 4206 2802 4267 est
2831 4219 2977 4285 timor
3007 4214 3099 4285 Dei
3124 4223 3236 4285 ante
3265 4206 3430 4285 oculos
3455 4211 3566 4277 ejus
3597 4206 3770 4285 (Paul.

2207 4289 2291 4340 35.
2328 4286 2401 4354 l).
2448 4283 2576 4354 Cum
2618 4297 2789 4336 autem
2819 4284 2979 4354 juxta
3010 4281 3266 4354 vir_um_in
3312 4281 3445 4354 lecto
3475 4276 3767 4354 recumbit.

2207 4371 2308 4408 non
2347 4347 2442 4421 ipsi
2476 4353 2772 4406 facultatem
2800 4347 3093 4405 dormiendi
3137 4349 3428 4421 relinquit,
3463 4347 3553 4421 sed
3587 4347 3770 4397 incitat

2206 4417 2458 4476 adversus
2484 4423 2819 4482 domesticos,
2847 4421 3075 4473 incendit
3097 4419 3160 4471 ad
3193 4419 3309 4470 lites
3336 4417 3513 4468 vicinis
3545 4429 3768 4465 moven-

2207 4492 2318 4543 das.
2363 4493 2451 4543 llic
2479 4506 2662 4542 servus
2694 4507 2777 4542 me
2801 4491 3041 4556 despicit,
3079 4490 3187 4560 luce
3215 4486 3405 4560 ancilla
3429 4484 3552 4536 mihi
3578 4483 3766 4560 illudit,

2209 4561 2293 4613 hic
2323 4561 2522 4612 vicinus
2568 4559 2691 4610 mihi
2742 4552 2993 4626 perpetuo
3035 4557 3352 4609 conviciatur
3396 4556 3451 4626 in
3488 4552 3766 4626 ecclesiis,

2206 4629 2341 4697 apud
2389 4629 2615 4690 amicos,
2664 4630 2713 4680 in
2743 4623 3020 4680 'foro:mc
3061 4627 3338 4685 ulciscere;
3387 4623 3615 4697 alioquin
3663 4636 3768 4671 non

2205 4692 2401 4752 sedebo
2429 4699 2556 4749 ultra
2583 4709 2748 4750 tecum
2781 4697 2844 4750 ad
2877 4711 3130 4758 mensam,
3158 4709 3263 4766 non
3287 4692 3554 4766 comedam
3587 4703 3767 4766 coram

2208 4779 2257 4820 te
2289 4782 2494 4834 panem,
2529 4783 2629 4817 non
2658 4766 2912 4836 dormiam
2945 4775 3155 4836 tecum»:
3180 4764 3298 4836 quia
3329 4762 3518 4836 nullam
3551 4762 3651 4836 mei
3687 4772 3769 4836 ra-

2207 4829 2400 4889 tionem
2433 4836 2623 4887 habent
2655 4835 2738 4887 hic
2767 4844 2819 4888 et
2864 4835 2948 4887 illa
2969 4873 2984 4896 ,
3035 4833 3126 4902 sed
3173 4842 3233 4902 ut
3255 4831 3417 4882 lutum
3449 4829 3766 4902 despiciunt.

2206 4905 2355 4970 Quod
2384 4906 2425 4956 si
2455 4913 2604 4971 putas
2629 4905 2678 4956 id
2709 4919 2792 4955 me
2816 4894 3160 4971 conjectando
3187 4901 3380 4961 dicere,
3408 4911 3609 4971 resp.ce
3636 4894 3767 4966 mihi

2205 4970 2670 5043 ngYpllﬂlil,Qtlﬂl
2697 4975 2745 5043 in
2776 4970 3062 5043 Joseplmui
3096 4972 3306 5043 laqueos
3333 4970 3580 5043 tetendit,_
3603 4973 3653 5014 et
3688 4977 3770 5009 vi-

2207 5033 2323 5095 γυίιῖ
2345 5033 2703 5095 ὲιιιιιινιτιὶτοιτρ
2728 5033 2916 5106 iraque
2937 5033 3202 5091 incendit:
3225 5033 3767 5106 jnstumquedcmum

2206 5112 2446 5163 occidere
2475 5101 2856 5168 meditabatur}
2907 5109 3002 5158 nisi
3037 5101 3290 5159 insomnis
3319 5106 3402 5157 illc
3428 5101 3610 5174 Oculus
3648 5113 3768 5174 93m

2207 5181 2597 5255 prawertisset_,
2630 5167 2900 5255 ipsumque
2931 5186 3212 5255 servasset.
3247 5175 3470 5255 lleSpice
3510 5167 3769 5255 ll'erodia-

2207 5235 2324 5300 deni
2347 5288 2358 5306 ,
2404 5263 2519 5313 quae
2545 5235 2796 5298 Joannem
2821 5235 3102 5296 interfecit.
3136 5235 3512 5314 Dicebat'enini
3543 5235 3770 5314 l’rodro:

2208 5330 2324 5368 mus
2354 5310 2577 5367 Herodi:
2605 5315 2720 5365 Non
2768 5316 2877 5365 licet
2921 5315 3007 5364 tibi
3038 5315 3216 5366 habere
3241 5326 3442 5363 uxorem
3490 5310 3659 5381 {ram}
3700 5310 3772 5353 lui

2209 5384 2437 5453 Philippi
2471 5383 2658 5450 (Marc.
2694 5386 2746 5436 li.
2781 5383 2896 5450 18);
2941 5384 3022 5434 illa
3052 5398 3175 5434 vero
3200 5382 3427 5453 vinctum
3453 5389 3571 5453 eum
3595 5415 3607 5433 ,
3634 5383 3774 5453 inter

2208 5443 2361 5506 natos
2389 5443 2668 5504 iittilierum
2698 5443 2968 5516 majorem,
3002 5455 3051 5502 iit
3079 5451 3320 5503 convivio
3351 5443 3769 5517 rectitttbeutium

2207 5525 2514 5582 amicorum,
2545 5533 2694 5586 caput
2725 5514 2838 5586 ejus
2864 5514 3085 5572 abscidit
3108 5521 3184 5585 (υ)
3212 5528 3292 5569 :et
3319 5514 3454 5583 quod
3481 5526 3583 5585 non
3607 5514 3772 5586 potuit

2211 5593 2464 5643 llci'odias‘
2493 5578 2698 5643 viveitle
2722 5578 2832 5642 viro
2863 5590 3055 5651 facere,
3085 5578 3147 5640 ea
3170 5578 3351 5652 inique
3379 5591 3495 5653 post
3521 5581 3635 5647 ejus
3656 5578 3769 5630 ubi-

2274 5721 2345 5780 (u)
2380 5727 2483 5768 Haec
2507 5718 2758 5779 Evangelio
2782 5719 3114 5766 advctsantur.
