3976 6218
206 329 325 391 537

209 452 321 493 tum
349 445 698 512 perpetravit.
722 437 860 504 Quid
881 445 1055 512 autem
1090 438 1340 493 Dalidas?
1367 453 1544 493 nonne
1573 438 1786 512 specie.

208 509 479 565 sissimum
505 520 558 565 et
585 511 926 564 fortissimum
956 509 1265 562 Samsonem
1295 524 1386 576 per
1411 509 1785 562 scortationem

209 581 506 636 detonderis
528 595 591 634 ac
615 580 868 636 vinciens.
901 579 1209 646 alienigenis
1231 579 1444 632 tradidit
1474 586 1528 632 et
1555 577 1788 632 occidit?

212 651 350 705 Ecce
375 652 482 719 jam
528 661 632 704 tres
674 650 775 704 fide
804 649 990 716 dignos
1017 657 1179 702 testes
1210 647 1261 701 in
1304 649 1535 719 medium
1564 647 1780 719 adduxi.

214 726 294 776 An
321 715 426 774 non
454 721 571 774 illos
595 736 659 773 ex
686 715 956 786 Scriptura
987 725 1185 770 tantum
1222 717 1452 785 protuli?
1477 717 1582 772 Sed
1609 715 1674 770 In
1701 733 1786 771 ore

211 794 427 844 duorum
464 790 539 843 vel
577 791 726 842 trium
755 789 947 842 testium
977 788 1124 842 stabit
1167 804 1312 840 omne
1348 788 1546 841 verbum
1569 786 1781 856 (Matth.

213 861 302 914 18.
344 861 462 931 16);
501 875 568 915 ne
613 860 816 929 longior
857 860 978 931 sim.
1016 858 1349 931 Quapropter
1387 872 1490 931 nos
1531 858 1784 931 Dominus

214 931 376 994 Deus,
406 927 470 983 ex
498 927 1054 995 errore,‘turpitudine
1083 936 1138 982 et
1164 927 1449 994 opprobrio
1481 927 1781 996 hujusmodi

212 1000 460 1054 reductos
484 1041 498 1059 .
547 1009 902 1065 temperanter
927 998 1121 1066 degere
1150 997 1356 1050 curabit
1381 1015 1394 1050 :
1425 1011 1622 1064 vosque
1650 1011 1782 1065 pura

208 1070 533 1124 conscientia
550 1084 672 1138 erga
693 1068 963 1136 conjuges,
985 1067 1198 1130 liberos,
1221 1081 1402 1138 servos
1422 1075 1476 1122 et
1492 1067 1780 1138 proximos,

212 1141 368 1194 mites
393 1137 691 1208 hilaresque
716 1139 908 1198 effecit,
942 1138 1163 1208 utidigni
1193 1137 1306 1208 sitis
1335 1139 1422 1205 qui
1450 1138 1598 1208 regni
1624 1137 1785 1189 caalo-

210 1224 329 1262 rum
352 1207 622 1264 consortes
641 1208 961 1263 efficiamini.
987 1207 1178 1261 Verum
1200 1207 1320 1275 quia
1346 1207 1551 1260 tertium
1574 1221 1782 1274 quoque

209 1279 449 1332 ordinem
475 1319 490 1342 ,
535 1293 724 1348 nempe
775 1277 1084 1342 viduarum,
1139 1291 1245 1348 me
1279 1285 1778 1348 representaturum

210 1349 475 1416 pollicitus
516 1346 833 1412 sum,7illum
861 1362 1070 1416 quoque
1098 1346 1278 1413 paucis
1304 1362 1399 1416 pro
1423 1360 1573 1400 more
1602 1346 1779 1400 verbis

208 1420 506 1484 expediam.
541 1418 762 1472 Viduam
802 1418 1078 1471 mulierem
1111 1419 1264 1469 talem
1293 1425 1503 1482 Oportet
1530 1430 1649 1468 esse
1691 1431 1780 1469 se-

206 1489 438 1541 cundum
469 1489 763 1555 apostolum
795 1487 1014 1540 Paulum
1059 1489 1130 1554 (l.
1165 1486 1296 1538 Tim.
1329 1487 1381 1539 5.
1410 1486 1497 1553 10)
1521 1502 1532 1536 :
1555 1485 1777 1538 liliornm

206 1557 478 1622 altricem,
507 1568 807 1612 sanctorum
835 1558 1014 1610 usibus
1039 1570 1373 1610 communem
1403 1569 1620 1624 operam
1649 1555 1774 1607 danv

207 1636 337 1692 tem,
373 1628 635 1696 hospitum
667 1629 958 1682 ministerio
987 1636 1277 1688 vacantem,
1327 1640 1424 1678 nec
1455 1625 1643 1677 studiis
1675 1640 1772 1696 cn-

203 1695 516 1764 gitationutn
540 1713 750 1752 suarum
773 1711 888 1752 sese
906 1697 1249 1763 ingerentem.
1279 1696 1362 1747 Ait
1387 1697 1528 1748 enim
1556 1713 1567 1745 :
1597 1695 1776 1747 lnduta

208 1777 330 1834 post
371 1779 591 1822 mortem
620 1769 714 1820 viri
744 1769 1057 1820 vestimento
1084 1766 1350 1817 viduitatis
1375 1806 1387 1828 ,
1422 1774 1733 1834 eoinpuneta
1759 1805 1772 1828 ,

205 1833 373 1907 Seque
402 1839 537 1905 apud
568 1853 752 1891 omnes
782 1837 972 1890 talibus
999 1835 1254 1907 exhibens
1283 1835 1536 1886 moribus.
1567 1833 1772 1907 luctuu-

207 1904 374 1975 posita
401 1904 574 1962 autem
614 1908 767 1960 vidua
806 1907 1050 1960 immanis
1076 1913 1158 1958 est
1189 1904 1295 1958 fera
1317 1919 1563 1975 .perque
1588 1905 1775 1956 domos

202 1974 541 2043 discurrens,
588 1977 835 2032 indecora
880 1976 1078 2043 profert
1116 1975 1271 2028 verba
1301 1993 1312 2026 :
1340 1974 1492 2040 lnops
1533 1989 1683 2037 sum,
1725 1983 1778 2027 et

201 2049 365 2101 domo
385 2063 606 2112 carens;
636 2047 831 2102 divitia:
851 2047 978 2100 olim
1003 2045 1182 2098 multa:
1208 2044 1333 2096 mihi
1356 2053 1508 2096 erant
1533 2043 1581 2095 in
1613 2044 1772 2108 agris,

201 2119 479 2183 domibus,
525 2116 955 2187 quadrupedibus
990 2125 1044 2169 et
1087 2115 1444 2187 vestimentis.
1477 2114 1776 2187 conjttane

201 2202 355 2262 meus
372 2190 502 2262 artis
522 2183 788 2262 sincularis
809 2187 1104 2262 imperitus,
1125 2184 1576 2262 lttecabsumpsit;
1599 2183 1772 2262 ampla

200 2257 331 2310 mihi
353 2258 448 2311 dos
472 2268 612 2333 erat;
644 2254 908 2333 dictisille
931 2259 1189 2333 meis-non
1212 2254 1631 2333 obsequebatttr_§
1661 2254 1774 2333 ejus

198 2341 328 2379 vero
355 2329 571 2381 consilia
601 2329 683 2382 vel
715 2328 873 2381 invita
902 2328 1187 2396 sequebar;
1217 2323 1348 2379 nihil
1380 2323 1505 2396 niihi
1538 2322 1769 2389 reliquit.

196 2396 287 2450 Sic
312 2412 464 2470 Quem
492 2398 754 2470 viventem
785 2398 920 2470 ulnis
939 2392 1060 2470 suis
1088 2392 1570 2470 complectebante,
1622 2406 1768 2470 innr-

198 2459 347 2518 tuuni
379 2467 662 2534 triumphat
686 2466 822 2534 apttd
849 2467 1047 2519 amicos
1073 2476 1126 2518 ct
1150 2459 1419 2533 cognatos.
1448 2460 1590 2516 Talis
1616 2459 1769 2511 vidua

195 2537 554 2604 circumspicit
585 2546 639 2588 ut
667 2537 1017 2590 concubinum
1047 2536 1143 2588 sibi
1172 2535 1305 2587 clam
1334 2534 1576 2588 asciscat.
1600 2539 1768 2604 atque

194 2606 414 2658 obtentu
433 2601 622 2658 orandi
643 2606 992 2674 curandaaque
1023 2604 1250 2669 familiae,
1283 2604 1564 2656 multorum
1590 2601 1765 2674 fabula

193 2674 374 2729 evadit
392 2692 404 2726 :
423 2676 536 2728 nefa
546 2676 726 2746 riaque
743 2671 1071 2745 perpetrans,
1086 2685 1395 2742 conceptmu
1415 2683 1560 2724 utero
1584 2671 1764 2724 fastum

893 2817 1238 2827 .—————.—.-

237 2817 569 2826 _—_.__—

1277 324 1343 380 lN
1384 321 1719 380 ABRAIIAM
1758 320 1849 379 ET
1891 321 2087 381 ISAAC
2125 324 2378 382 SERMO.

3369 344 3483 403 588

1891 437 2029 509 clam
2057 438 2284 505 retinet;
2319 439 2488 494 nullas
2509 454 2613 495 non
2636 449 2814 496 movet
2833 441 3128 509 machinas,
3156 449 3211 498 ut
3230 441 3473 501 abortum

1894 508 2068 574 faciat,
2089 525 2184 563 seu
2209 509 2466 564 veneﬁcio
2489 526 2583 565 seu
2612 510 2969 579 improbarum
2997 511 3286 568 mulierum
3313 516 3473 570 mini-

1890 579 2074 648 sterio.
2105 579 2375 634 Timorem
2405 580 2578 633 omnia
2609 581 2931 648 speculantis
2965 583 3056 637 Dei
3088 583 3140 636 in
3180 583 3341 638 corde
3365 599 3471 640 non

1892 647 2049 703 habet
2074 667 2087 703 :
2113 664 2218 703 non
2241 650 2506 705 erubescit
2527 647 2826 718 peccatum,
2845 651 2938 707 sed
2956 653 3223 708 erubescit
3243 654 3469 710 fructum

1891 733 1980 792 ex_
2003 735 2063 774 se
2103 719 2472 792 prodeuntem.
2505 719 2645 786 Quot
2678 721 2783 774 vidi
2827 720 2985 776 heros
3026 723 3470 792 nequissimarum

1893 788 2193 860 hujusmodi
2224 790 2501 843 mulierum
2533 791 2760 846 servos?
2800 801 2929 860 quot
2955 788 3152 847 liberos
3179 792 3317 848 ﬁlios
3345 810 3466 850 cum

1892 857 2083 914 timore
2125 867 2180 913 et
2220 860 2540 930 metunipsis
2586 857 2893 924 adstantes,
2936 877 3133 930 eosque
3168 878 3359 919 manus
3402 869 3468 920 ad

1889 939 2073 996 pectus
2099 930 2286 998 ligatas
2311 928 2567 985 habentes
2597 932 2758 985 velint
2792 933 2980 996 nolint,
3011 928 3214 987 etiamsi
3246 933 3318 986 illi
3345 950 3466 991 cum

1887 999 2291 1072 anneoncingulo
2318 1009 2372 1054 et
2400 1001 2567 1054 serica
2600 1013 2746 1055 veste
2776 1001 3154 1057 ambularent?
3194 1004 3430 1061 Audistis
3449 1049 3464 1072 ,

1887 1082 1921 1120 0
1949 1069 2143 1122 Christi
2166 1078 2427 1140 amantes,
2454 1073 2853 1125 narrationem?
2884 1073 3050 1126 nostis
3073 1074 3149 1128 rei
3174 1090 3330 1140 quam
3353 1069 3464 1128 traL

1887 1140 2150 1214 ctavimus
2203 1139 2564 1208 hypothesin?
2613 1141 2950 1214 Lascivarutn
3002 1139 3467 1214 insipientiumqne

1887 1208 2167 1262 mulierum
2210 1220 2405 1276 tropaea
2443 1213 2708 1264 enarravi.
2756 1212 2865 1265 llos
2895 1213 2996 1266 Eva
3037 1208 3212 1266 mores
3244 1208 3462 1269 docuit:

1889 1278 2009 1330 hinc
2023 1278 2465 1352 ejusincrepatio,
2484 1289 2540 1334 et
2559 1282 2828 1352 eibirvetiti
2850 1281 3164 1350 degustatio.
3180 1281 3462 1352 Postquam

1887 1363 2014 1422 vero
2043 1348 2272 1422 deﬂl'rngi
2298 1360 2348 1402 et
2377 1349 2773 1422 ltonorabilibus
2799 1348 3110 1406 mulieribus
3131 1348 3462 1422 pattcis‘ege-

1887 1418 2073 1492 rimus,
2104 1419 2269 1492 linem
2293 1420 2480 1473 orandi
2507 1420 2935 1492 faciemus._Vide
2959 1418 3244 1492 inihirl'rugi
3275 1418 3466 1476 mulie-

1885 1504 2008 1561 rem
2026 1487 2614 1561 Sari-plith_anatn,rqu:n
2647 1490 2957 1561 prophetam
2988 1487 3462 1561 Heliam'tempore

1888 1557 2040 1630 famis
2072 1559 2220 1612 aluit.
2259 1558 2387 1630 Vide
2418 1560 2543 1611 mihi
2593 1559 2972 1613 Snnamitidem
2999 1602 3014 1625 ,
3060 1577 3177 1630 qu:e
3207 1557 3457 1617 Efisieutn

1887 1627 2119 1696 hospitio
2144 1629 2362 1693 recepit,
2395 1631 2478 1681 ubi
2515 1629 2603 1682 ille
2633 1644 2850 1697 puerum
2879 1631 2994 1694 ejus
3029 1627 3091 1683 ἰη’
3109 1632 3268 1684 vitam
3300 1647 3457 1688 revo-

1884 1699 2042 1750 cavit.
2082 1699 2210 1752 Vide
2251 1699 2376 1750 mihi
2422 1702 2659 1762 Annam,
2705 1714 2821 1766 quae
2865 1701 3155 1753 sterilitatis
3191 1703 3456 1756 vinculum

1885 1769 2142 1828 dissolvit,
2181 1779 2226 1821 et
2263 1770 2561 1822 Sainueletn
2593 1770 2824 1836 peperit,
2855 1784 3052 1836 perque
3081 1771 3373 1825 orationem
3405 1785 3459 1828 et

1883 1838 2306 1891 obsecrationem
2341 1851 2508 1890 mater
2532 1852 2604 1890 ρει
2638 1839 2845 1891 effecta.
2885 1837 3014 1892 Vide
3039 1839 3165 1892 mihi
3193 1840 3374 1894 Saratn
3404 1853 3459 1896 et

1886 1906 2208 1968 lieliecram,
2249 1923 2536 1974 puramque
2569 1910 2710 1960 illam
2751 1920 2802 1960 et
2844 1909 3210 1962 intemeratam
3242 1911 3458 1965 cohabi—

1885 1977 2134 2030 tationem
2181 1995 2300 2031 cttm
2350 1977 2680 2044 patriarchis.
2713 1978 2837 2030 Vide
2865 1979 2992 2031 mihi
3017 1979 3311 2033 Susannam
3340 1997 3458 2046 qua:

1884 2060 1977 2112 per
2001 2050 2294 2100 castitatem
2329 2048 2534 2115 iniquos
2561 2051 2796 2099 seniores
2833 2059 3000 2102 morte
3041 2049 3324 2103 damnavit.
3352 2051 3458 2105 llas

1882 2117 2132 2189 mulieres
2177 2118 2486 2189 imitamini,
2537 2117 2677 2189 illius
2701 2119 2902 2171 scilicet
2930 2120 3211 2185 puritatem
3238 2161 3253 2183 ,
3301 2121 3458 2189 hujus

1881 2188 2206 2256 orationem;
2262 2187 2415 2254 hujus
2459 2187 2889 2255 hospitalitatem,
2936 2189 3075 2241 illius
3119 2187 3453 2256 castitatem,

1880 2254 2129 2326 illiusque
2159 2257 2267 2309 Deo
2301 2258 2536 2324 placendi
2559 2254 2800 2310 istudium
2825 2299 2840 2323 ,
2871 2267 2928 2311 ut
2954 2274 3174 2326 regnum
3202 2254 3453 2314 czelorum

1879 2327 2276 2398 consequamini
2304 2328 2478 2394 :qnod
2506 2342 2603 2398 nos
2632 2342 2818 2398 omnes
2854 2329 3107 2398 consequi
3149 2331 3453 2398 contingat,

1878 2397 2044 2460 gratia
2075 2405 2129 2448 et
2157 2397 2476 2463 benignitate
2504 2397 2710 2449 Domini
2741 2398 2908 2449 nostri
2937 2397 3060 2450 Jesu
3085 2397 3308 2462 Christi,
3338 2397 3456 2464 qui-

1875 2476 1995 2533 cum
2042 2465 2181 2517 Patri
2229 2466 2398 2517 honor
2436 2473 2490 2517 et
2531 2466 2735 2533 gloria,
2779 2481 2898 2519 cum
2943 2477 3127 2520 sancto
3153 2477 3207 2521 et
3243 2469 3454 2522 rivifico

1876 2531 2108 2599 Spiritu,
2144 2550 2283 2587 nunc
2323 2543 2377 2588 et
2414 2531 2659 2605 semper,
2706 2543 2760 2589 et
2798 2537 2849 2589 in
2889 2537 3080 2590 satculu
3112 2537 3449 2592 saeculorum.

1875 2604 2067 2659 Amen.

191 2807 3444 2866 ψ

1413 2943 2274 3056 MONITUM

1272 3138 1375 3196 AD
1419 3133 1858 3194 SERMONEM
1902 3130 2406 3203 SEQUENTEM.

262 3283 372 3337 lloc
399 3282 555 3338 Otiosi
595 3283 826 3337 hominis
865 3281 1177 3349 opusculum
1232 3291 1284 3330 ιιι.
1324 3278 1560 3344 spurium
1589 3275 1753 3349 edidit

188 3356 439 3417 Savilius,
472 3357 609 3408 inter
628 3354 730 3407 alia
770 3348 931 3407 multa
980 3367 1098 3420 qua:
1141 3349 1508 3418 Chrystistomi
1542 3348 1757 3398 nomine

1864 3275 2022 3327 variis
2054 3273 2384 3340 temporibus
2411 3273 2604 3327 emissa
2639 3283 2784 3328 sunt.
2817 3274 2923 3329 Nos
2961 3272 3145 3329 Latine
3188 3274 3443 3342 interprta

1869 3345 1981 3407 tati,
2011 3344 2308 3411 argumenti
2338 3344 2543 3397 ratione
2583 3343 2785 3409 habita,
2819 3361 2918 3400 suo
2946 3345 3134 3400 ordine
3179 3346 3443 3412 ponimus.

186 3475 3442 3500 —————————'—__—-—-————_“

1412 3574 1476 3616 IN
1521 3573 1827 3616 ABRAIIAM
1869 3571 1948 3613 ET
1991 3570 2192 3614 ιεΔΔρ.

1629 3706 1996 3762 «mea:

253 3841 462 3894 Justutn
522 3837 877 3906 Abrahamum
937 3832 1074 3906 [lens
1132 3829 1378 3906 transfert
1422 3842 1460 3906 _a
1513 3828 1751 3906 cognatis

179 3912 316 3975 suis,
344 3921 395 3965 et
420 3913 485 3964 ah
512 3908 758 3964 omnibus
788 3903 874 3972 qui
904 3901 968 3954 ad
997 3903 1166 3975 ipsum
1215 3897 1566 3966 pertinebant,
1605 3904 1746 3946 erat-

179 3969 365 4048 que'in
416 3981 583 4034 aliena
610 3989 746 4032 terra
794 3969 844 4026 in
895 3969 1144 4048 aerntnnis
1191 3979 1556 4048 perseverans,
1593 3978 1746 4048 nspem

179 4038 550 4118 promissionis
573 4040 1117 4118 exspecta_ns._Multa:
1157 4038 1490 4118 probationes
1522 4038 1746 4118 patriar-

175 4103 297 4172 chae
325 4103 689 4176 adnmventur',
707 4115 858 4183 queis
886 4112 1001 4177 ejus
1025 4103 1312 4162 secundum
1339 4106 1502 4185 Deum
1525 4103 1747 4185 firmitas

175 4189 567 4242 ostenderetur.
619 4186 833 4239 Multum
880 4188 1196 4233 transactum
1237 4185 1322 4253 est
1363 4184 1568 4240 tempus
1607 4192 1619 4226 :
1658 4184 1743 4253 jn-

175 4268 367 4310 ventus
396 4258 542 4322 quasi
588 4257 684 4309 flos
722 4255 932 4308 demum
966 4246 1320 4322 marcescebat
1356 4263 1377 4322 _:
1419 4252 1664 4322 senectus
1693 4246 1741 4322 in

172 4325 355 4393 ianua.
387 4312 600 4388 Natura,
651 4335 706 4377 ut
736 4324 831 4392 ipsi
871 4319 1138 4389 proprium
1175 4312 1636 4393 _est_,._declinabat
1676 4313 1741 4365 ad

172 4385 381 4448 senium
416 4385 651 4462 vergens.
686 4385 768 4446 Oli
807 4385 1128 4445 senectutem
1175 4387 1222 4438 in
1266 4385 1452 4462 ill_o__e_t
1498 4385 1545 4434 in
1579 4398 1742 4436 uxore

172 4465 435 4517 exstincta
464 4455 578 4518 erat
605 4466 682 4516 vis
710 4473 762 4514 et
793 4461 1011 4532 facultas
1041 4455 1348 4532 procreandi
1376 4455 1605 4532 liberos:
1630 4468 1742 4532 nm-

169 4532 361 4586 borum
392 4548 584 4600 corpus
610 4543 807 4586 natura:
838 4529 1083 4600 cedebat,
1107 4524 1467 4600 iuventute__in
1508 4522 1608 4600 illis
1629 4523 1737 4600 jam

168 4612 298 4654 ante
329 4593 657 4670 consumpta.
694 4603 760 4654 At
789 4613 908 4666 spes
958 4599 1009 4648 in
1070 4597 1239 4670 llettttt
1281 4595 1330 4644 in
1376 4593 1481 4670 illis
1509 4593 1734 4658 vigebat,

168 4686 273 4723 nec
301 4673 454 4725 modo
504 4664 607 4725 non
655 4664 987 4740 senescebat,
1029 4665 1120 4717 sed
1173 4665 1342 4740 etiam.
1380 4664 1567 4740 invicta
1599 4670 1735 4713 erat.

168 4740 326 4795 Unde
353 4744 507 4795 etiam
543 4752 731 4810 prmer
755 4754 900 4808 spem
931 4737 1162 4810 lsaacttttt
1191 4732 1389 4798 genuit,
1423 4732 1506 4796 qui
1539 4732 1588 4781 in
1620 4745 1735 4782 ont-

167 4811 328 4863 nibus
360 4803 1024 4881 typum'gerebat'Domini.
1057 4803 1169 4856 Non
1195 4811 1395 4852 natura:
1435 4813 1565 4864 opus
1596 4810 1730 4881 erat,

164 4881 310 4945 quod
343 4869 492 4936 vuiva
536 4869 772 4935 e'inortua
822 4877 1143 4944 conciperet,
1189 4881 1242 4924 ct
1285 4884 1527 4920 mamma:
1557 4869 1732 4947 aridae

166 4949 249 5000 lac
298 4951 594 5014 praeberent
633 4953 812 5004 lsaaco
845 4966 856 4999 :
891 4953 1239 5019 nonrnallll‘i13
1279 4953 1410 5019 opus
1460 4945 1732 5019 erat?“

165 5018 284 5070 viro
309 5021 588 5086 concipere
617 5022 868 5089 virginem
900 5018 1221 5089 Mariamuet
1251 5017 1364 5062 sine
1393 5017 1729 5089 corruptione

165 5101 353 5149 parere
372 5074 1318 5156 Ser'vatoremuuniversorutn.Saram
1357 5074 1729 5156 matretnnfeeit

167 5145 217 5207 iu
246 5170 536 5220 senectute,
566 5168 616 5212 et
644 5160 853 5211 Mariam
892 5155 1121 5229 ostendit
1149 5160 1276 5229 post
1317 5156 1518 5229 partnnt
1555 5145 1728 5229 Vingi-a

169 5243 309 5279 nem.
339 5211 642 5297 Angelusiin
677 5227 1015 5297 tabernaculo
1055 5211 1186 5297 dixit
1218 5211 1526 5297 patriarchre
1550 5231 1573 5297 ,ε
1617 5211 1724 5294 Hoc

166 5309 383 5367 {culpare
409 5285 499 5351 Em
535 5299 678 5351 Sorae
721 5299 853 5364 ﬁlius
900 5295 1046 5367 (Lien.
1103 5294 1186 5346 18.
1220 5285 1627 5367 110),”.‘1ngelus
1655 5286 1721 5367 in

165 5358 472 5420 Bethlchetn
520 5370 691 5420 Maria:
721 5358 874 5418 'dixit
904 5358 916 5415 Ξ
951 5366 1083 5417 Ecce
1133 5362 1300 5428 pariet
1346 5358 1504 5409 ﬁlium
1557 5358 1719 5421 gratia

165 5436 334 5500 plena.
369 5437 501 5491 Risit
528 5439 654 5494 Sara
698 5437 1025 5490 sterilitatem
1069 5430 1378 5503 respiciens,
1428 5433 1719 5503 emortuam

165 5495 369 5558 vulvam
401 5523 641 5570 cernens,
683 5506 842 5560 verbo
872 5521 972 5556 non
1015 5495 1601 5572 cretleneruonLodo,
1644 5495 1721 5572 in:

167 5579 292 5642 quit,
321 5581 417 5630 hoc
445 5581 565 5643 erit,
592 5563 674 5630 uie
699 5574 1077 5631 et'Abrahamo
1118 5564 1620 5643 inntilibuseﬂcetis
1652 5563 1715 5615 ad

164 5637 362 5712 prolem
389 5637 765 5701 etnitlendatn?
792 5643 1068 5697 llnhitabat
1095 5652 1144 5693 cl
1175 5640 1331 5692 Maria
1368 5637 1714 5712 κίξέίηίίίλωω

163 5706 470 5782 resilit-iens,
501 5720 647 5783 cujus
690 5715 954 5785 signacula
997 5713 1218 5766 infracta
1258 5709 1499 5764 servabat
1530 5723 1540 5758 :
1575 5706 1714 5771 Quo-

1863 3824 2171 3896 modoenim
2205 3823 2449 3896 mihihoc
2476 3823 2588 3896 erit,
2616 3837 2728 3888 qua:
2756 3823 2912 3872 virum
2931 3838 3027 3874 non
3057 3826 3264 3892 cognovi
3285 3825 3434 3896 (Luc.

1861 3895 1909 3947 1.
1938 3892 2064 3960 34)?
2095 3893 2384 3946 Promissio
2428 3890 2622 3958 quippe
2659 3900 2839 3960 contra
2892 3890 3130 3949 namrani
3175 3890 3301 3956 esti
3338 3899 3434 3953 sed

1857 3966 1942 4031 qui
1965 3959 2156 4029 prtL-ter
2183 3977 2329 4028 Spem
2357 3960 2503 4014 Sara:
2525 3960 2668 4013 dedit
2699 3959 2953 4033 lsaaeum,
2991 3962 3100 4028 ipse
3125 3980 3186 4016 et
3223 3965 3434 4033 Virgine

1855 4029 2144 4087 secundum
2195 4046 2409 4084 carnem
2470 4041 2623 4082 natus
2667 4040 2766 4083 est.
2823 4029 2949 4082 Lmti
3004 4043 3155 4084 erant
3205 4029 3336 4086 Sara
3377 4048 3433 4092 et.

1856 4102 2142 4166 Abraham,
2169 4112 2291 4154 nato
2320 4101 2520 4162 lsaaco,
2545 4101 2992 4167 quemadmodum
3025 4101 3229 4155 dixerat
3255 4104 3426 4162 Dens:

1857 4173 1959 4225 lteti
1978 4184 2128 4226 erant
2150 4171 2306 4224 Maria
2333 4181 2386 4224 et
2407 4170 2625 4238 Joseph,
2657 4179 2780 4223 nato
2806 4170 2951 4234 Jesu,
2983 4174 3426 4236 quemadmodum

1853 4241 2057 4296 dixerat
2098 4241 2328 4295 Gabriel.
2375 4241 2614 4308 Largiter
2644 4241 2925 4293 manabant
2959 4241 3108 4295 laetis
3158 4245 3328 4297 fontes
3359 4261 3425 4301 ex

1853 4315 2021 4364 vetula
2057 4312 2107 4364 in
2138 4326 2198 4364 os
2237 4311 2431 4373 lsaaci;
2480 4313 2696 4379 largiter
2725 4310 2956 4364 ﬂuebant
3003 4313 3159 4366 ubera
3199 4312 3424 4377 Virginis

1851 4380 1929 4434 lac
1956 4382 2242 4436 emittentia
2272 4383 2321 4432 in
2352 4397 2472 4433 cum
2496 4383 2582 4449 qui
2627 4381 2880 4434 terminos
2923 4396 3112 4435 omnes
3151 4384 3258 4434 alit.
3294 4386 3421 4448 Quis

1849 4451 2067 4504 dixisset
2113 4450 2413 4504 Ahraliamo
2448 4452 2757 4503 lactaturam
2804 4451 2987 4503 Saratn
3034 4453 3195 4504 lilium
3239 4454 3288 4504 in
3333 4468 3419 4508 se-

1848 4523 2094 4574 nectute?
2122 4521 2384 4574 clamabat
2422 4521 2810 4586 sterilis:Quis
2852 4521 3155 4572 hominibus
3203 4522 3414 4586 dixerit,

1848 4605 1931 4659 tne
1976 4592 2230 4659 virginem
2281 4592 2490 4644 enixam
2538 4592 2615 4642 lac
2662 4591 2933 4658 praebere?
2981 4592 3188 4642 dicebat
3231 4591 3412 4644 Maria.

1844 4658 1954 4711 Non
1983 4658 2194 4728 propter
2219 4660 2450 4712 lsaacum
2483 4661 2596 4713 risit
2620 4661 2767 4720 Sara,
2811 4661 2900 4711 Sed
2934 4670 3147 4726 propter
3175 4677 3294 4713 eum
3327 4679 3412 4727 qui

1842 4744 1907 4780 ex
1931 4730 2086 4782 Maria
2115 4743 2268 4782 natus
2299 4742 2380 4783 est
2415 4748 2426 4778 :
2456 4745 2517 4782 ac
2556 4731 2689 4781 sicut
2727 4729 2958 4781 Joannes
2987 4731 3297 4793 exsilicndo,
3336 4735 3409 4785 sit:

1842 4798 1970 4852 Sara
2005 4799 2222 4852 ridendo
2248 4799 2494 4865 gaudium
2542 4798 2804 4850 indicavit.
2847 4799 3023 4851 Crevit
3046 4815 3194 4865 puer,
3225 4817 3288 4854 ac
3319 4818 3377 4855 se

1839 4870 2065 4920 eundum
2093 4869 2506 4922 adolescentium
2534 4875 2740 4919 (etatem
2772 4868 2967 4919 floruit.
3015 4868 3189 4923 Ludus
3219 4885 3365 4925 crati

1837 4940 2126 5002 speciosus,
2161 4937 2320 4988 animi
2369 4937 2586 4989 virtutes
2625 4937 2886 5005 simulque
2913 4942 3151 5006 corporis
3184 4941 3402 4996 formam

1836 5006 2385 5080 quotidieadaugens,
2430 5008 2614 5080 suavis
2638 5017 2753 5080 erat
2780 5010 3107 5074 parentibus.
3139 5013 3397 5080 Quotqno;

1837 5077 1969 5148 filios
2000 5076 2225 5148 habetis,
2263 5077 2399 5148 hunc
2429 5076 2730 5148 imitamini.
2763 5082 3026 5141 Quantum
3073 5076 3370 5148 lttetatttt'pa

1835 5154 1913 5217 ter
1941 5147 2111 5217 iiiittnt
2151 5147 2334 5198 videns
2369 5147 2668 5199 ludentem?
2714 5159 2966 5216 quantum
3018 5152 3208 5216 gaudet
3252 5147 3386 5217 pater

1831 5214 2013 5267 videns
2046 5215 2205 5268 filium
2229 5217 2535 5282 juveniliter
2578 5214 2863 5284 agentem?
2893 5229 2945 5271 et
2973 5214 3220 5285 quantum
3252 5214 3365 5283 'gnu

1830 5284 1916 5336 det
1947 5285 2129 5356 videns
2155 5287 2537 5352 proficientem,
2567 5299 2656 5340 aut
2679 5289 2816 5341 circa
2853 5290 3157 5356 disciplinas
3194 5291 3366 5341 studio

1827 5367 1940 5404 sum
1959 5354 1980 5404 ’ἶ
2009 5354 2109 5407 Sed
2141 5358 2350 5422 quando
2390 5356 2500 5410 haec
2532 5358 2713 5410 videns
2754 5354 3015 5410 Abraham
3060 5361 3259 5410 lattattts
3287 5369 3382 5410 est.

1829 5425 2045 5475 tentatio
2070 5434 2122 5477 et
2160 5442 2392 5478 aerumna
2427 5429 2520 5494 ipsi
2566 5430 2740 5495 gravis
2791 5429 3027 5490 offertur,
3069 5438 3121 5478 ttt
3166 5431 3385 5481 manife-

1826 5502 1960 5565 stum
1996 5498 2140 5546 lieret
2185 5511 2213 5547 a
2263 5513 2367 5565 quo
2411 5499 2572 5564 magis
2622 5498 2964 5558 detineretur,
3011 5515 3072 5549 an
3110 5514 3134 5546 a
3184 5509 3384 5551 natura:

1824 5563 2033 5628 affectu,
2066 5581 2129 5617 an
2161 5566 2226 5619 ab
2254 5563 2433 5619 amore
2460 5563 2568 5620 Dei.
2606 5567 2766 5633 llnjus
2804 5569 3102 5619 teutationis
3149 5568 3382 5621 immani-

1825 5643 1982 5684 tatem
2012 5637 2135 5687 dum
2165 5651 2435 5697 recenseo,
2469 5637 2678 5696 fratres,
2714 5638 2900 5687 horreo
2925 5645 2977 5688 et
3017 5647 3202 5688 tremo.
3245 5637 3385 5698 lleus

1820 5704 1960 5756 cuitu
1998 5720 2180 5759 rursus
2229 5707 2498 5760 oraculum
2557 5707 2787 5759 innuittit
2844 5706 3163 5770 Abrahamo,
3221 5716 3381 5776 atque
