3976 6218
589 464 762 531 ipsum
790 478 853 518 ex
902 461 1114 516 nomine
1149 467 1306 531 vocat
1346 457 1526 531 dicens
1562 455 1786 531 adt-cipe
1833 457 2144 531 unigenitum

591 525 729 588 tilum
758 531 925 598 Isaac,
958 547 1100 596 quem
1121 528 1310 596 diligis,
1357 538 1403 581 et
1431 525 1556 592 afer
1586 528 1726 579 illum
1755 528 1804 578 in
1843 525 2143 598 sacri/icium

592 620 680 677 ρει·
708 613 753 653 te
769 596 974 677 “ipsum,
993 600 1075 677 “in
1127 615 1225 651 uno
1273 599 1533 677 mortuum,
1562 612 1824 677 quem‘ego
1855 597 1940 648 tibi
1981 596 2146 677 dicam

593 665 741 737 (ὅρη.
765 665 853 722 22.
883 669 959 737 2).
987 667 1116 722 Cum
1146 676 1322 720 autem
1358 666 1489 723 dixit
1536 665 1632 737 ei,_
1657 665 1930 726 Abraham,
1983 666 2145 737 Abro-

596 734 709 793 lmm
737 739 895 810 (Ibid.
922 734 989 792 'v.
1038 739 1110 810 l),
1162 738 1411 810 alacriter
1462 734 1701 810 audivit,_
1728 734 2145 803 praestantiorem

589 803 907 875 exspectans
931 803 1110 874 gratim
1130 805 1509 875 accessionem.
1551 803 1776 858 Omnino
1815 817 2033 870 sperans
2059 811 2148 855 aut

591 874 799 939 nuptias
824 879 1097 932 facturum.
1127 884 1216 927 aut
1249 874 1531 927 thalamum
1571 886 1629 927 se
1676 883 1974 939 paraturum
2004 885 2143 933 esse,

591 957 646 999 ut
671 942 964 1002 benedictio
993 947 1128 996 circa
1171 944 1396 996 futurum
1447 957 1625 996 semen
1677 942 1996 1009 multamque
2019 955 2144 1009 pro-

590 1017 691 1069 lem
724 1017 1048 1083 impleretur,
1079 1011 1518 1083 quemadmodum
1549 1012 1880 1083 promiserat.
1913 1009 2016 1083 sed
2055 1009 2148 1062 ad-

589 1080 932 1137 ditamentum
997 1084 1253 1136 sermonis
1303 1080 1598 1131 ediscamus
1630 1097 1642 1132 :
1673 1080 1855 1147 Accipe
1900 1080 2148 1147 primoge-

588 1157 745 1208 nitum
776 1156 1006 1205 dilectum
1036 1163 1190 1203 tuum.
1223 1151 1402 1202 Viden'
1427 1151 1687 1202 sermonis
1708 1148 1990 1200 stimulos?
2016 1164 2144 1208 quo~

590 1223 747 1276 modo
779 1235 975 1289 patrem
1010 1225 1206 1288 pungit,
1231 1229 1279 1272 et
1311 1220 1573 1289 ﬂammam
1606 1228 1804 1289 natura;
1825 1215 2146 1289 succendit?

589 1287 852 1358 quomodo
877 1293 1065 1343 excitat
1099 1287 1338 1358 amorem
1366 1287 1523 1356 patris
1562 1301 1681 1354 erga
1729 1287 1931 1358 lilium,‘
1961 1287 2146 1358 unige_-_-

590 1355 755 1412 tiitum
788 1362 938 1412 simul
974 1375 1164 1408 vocans
1215 1370 1262 1408 et
1312 1356 1580 1416 dilectum,
1630 1365 1684 1407 ut
1729 1370 1818 1422 per
1847 1355 2144 1423 hujusmodi

590 1430 842 1483 vocabuLa
866 1445 1014 1481 amor
1035 1443 1156 1494 erga
1191 1427 1332 1478 illum
1365 1427 1570 1479 fervens
1607 1425 1851 1490 probaret
1878 1424 2146 1478 animum?

589 1496 654 1548 Et
685 1497 810 1562 offer
834 1499 976 1550 illum
1013 1499 1063 1549 in
1093 1497 1435 1548 holocaustum
1464 1495 1584 1544 mihi
1621 1510 1768 1560 super
1812 1510 1962 1545 unum
2004 1510 2146 1544 mon-

591 1568 730 1628 tium,
757 1584 898 1634 quem
928 1579 1263 1617 monstravere
1294 1563 1416 1634 tibi,
1441 1562 1573 1634 Quid
1617 1577 1742 1634 ergo
1769 1562 2002 1634 patimini
2032 1562 2144 1634 lucc

589 1631 860 1688 audientes
881 1638 903 1688 ?
924 1636 1185 1703 quomodo
1215 1649 1317 1685 non
1342 1633 1562 1699 caligine
1593 1631 1862 1699 replemini
1886 1631 2144 1703 dumltatc

590 1715 886 1767 narrantur,
911 1701 1164 1772 quotquot
1188 1713 1376 1772 patres
1394 1703 1521 1772 estis
1549 1710 1600 1753 et
1628 1711 1824 1772 naturre
1852 1715 1974 1772 erga
2012 1701 2144 1752 ﬁlios

589 1787 822 1826 amorem
858 1769 996 1827 clare
1031 1769 1198 1825 educti
1222 1771 1384 1824 estis?
1424 1769 1597 1822 Nostis
1627 1770 1788 1833 enim,
1815 1771 1980 1822 nostis
2009 1783 2142 1836 quo-

590 1843 747 1918 modo
797 1845 955 1918 patris
995 1856 1146 1918 aures
1195 1840 1456 1918 exci_pia_nt
1496 1838 1691 1892 caedem
1721 1839 1984 1918 Aunigeniti
2031 1839 2141 1890 lilii.

592 1910 718 1974 Quis
745 1908 846 1963 non
874 1912 1225 1977 obstupuisset
1251 1912 1312 1962 ad
1339 1909 1492 1961 talem
1523 1922 1702 1961 vocem
1721 1908 1743 1958 ?
1765 1908 1880 1975 quis
1901 1923 2003 1960 non
2033 1917 2144 1959 sta-

590 1980 682 2030 tim
714 1981 894 2033 faciem
937 1979 1248 2033 avertisset?
1278 1980 1396 2046 quis
1435 1992 1535 2029 non
1567 1977 1632 2029 ad
1683 1977 1784 2030 tale
1826 1987 2143 2046 praeceptum

589 2050 720 2101 mori
753 2051 1039 2113 maluisset,
1072 2065 1226 2116 quam
1268 2045 1563 2102 sermonem
1606 2045 1883 2112 excipere?
1911 2055 1999 2098 aut
2027 2046 2142 2112 quis

589 2133 690 2168 non
715 2119 1108 2186 diseeptavisset
1136 2121 1384 2186 adversus
1405 2130 1547 2186 eum,
1580 2116 1939 2186 naturamsihi
1969 2130 2140 2186 causa}

590 2183 961 2251 patronam'sie
989 2202 1210 2239 υνυοεηις
1243 2202 1253 2234 :
1281 2185 1387 2238 Cur
1414 2184 1524 2236 lucc
1549 2184 1859 2251 praecepisti,
1885 2183 2141 2236 Domine?

587 2270 682 2305 cur
711 2258 1014 2322 stupendam
1050 2258 1185 2308 illam
1210 2253 1425 2308 emisisti
1469 2253 1691 2305 vocem?
1727 2252 1912 2304 ldeoue
1945 2268 2027 2305 me
2055 2267 2140 2322 pa-

588 2331 720 2376 trem
755 2321 923 2379 facere
951 2327 1173 2386 voluisti,
1207 2334 1256 2377 ut
1291 2322 1376 2375 ﬁlii
1401 2322 1782 2375 interfectorem
1813 2322 1986 2374 statim
2027 2321 2140 2374 efli-

587 2394 772 2445 ceres?
817 2397 1000 2448 ideonc
1054 2407 1154 2447 tam
1203 2394 1353 2446 dulce
1391 2392 1581 2444 donum
1631 2391 1909 2458 degustare
1937 2407 2019 2445 me
2047 2408 2138 2444 vo-

589 2461 751 2525 luisti,
787 2473 842 2516 ut
875 2480 957 2517 me
999 2463 1092 2517 toti
1131 2463 1324 2515 mundo
1362 2461 1583 2515 fabulam
1627 2461 1972 2513 ostenderes?
2015 2475 2138 2528 pro-

586 2533 784 2598 priisne
820 2535 1057 2586 manibus
1097 2532 1258 2586 ﬁliuni
1297 2531 1586 2600 jugulaho?
1627 2530 2140 2600 fcgedataneiprOprio

585 2603 838 2668 sanguine
883 2603 1092 2656 dextera
1145 2603 1232 2654 lilii
1266 2598 1568 2654 interfector
1616 2598 1854 2652 cfﬁeiar?
1902 2599 2140 2654 Hreccine

586 2671 843 2736 praecipis,
891 2682 943 2725 et
976 2673 1160 2725 talibus
1196 2671 1391 2738 gaudes
1419 2668 1720 2722 sacriﬁciis?
1745 2669 1896 2738 jubes
1938 2669 2141 2722 interii.

584 2751 705 2795 CCI'e
734 2739 1128 2796 dilectissimum
1160 2737 1337 2801 ﬁlium,
1369 2754 1396 2790 a
1427 2753 1528 2805 quo
1581 2751 1664 2790 me
1708 2737 1978 2804 Sperabam
2020 2752 2137 2790 cum

587 2812 716 2867 Sara
741 2811 1018 2880 sepulturae
1057 2809 1408 2866 mandandum
1447 2807 1603 2862 esse?
1634 2806 1876 2880 talemne
1905 2807 2022 2873 ipsi,
2054 2807 2140 2860 dic

584 2882 736 2946 mihi,
770 2876 1051 2936 thalamum
1095 2881 1326 2949 parabo?
1371 2880 1471 2932 tale
1500 2877 1692 2946 nuptiis
1729 2876 1972 2949 gaudium
2018 2891 2138 2944 pro-

585 2953 819 3006 curabo?
866 2946 1146 3007 accendain
1191 2951 1286 3019 ipsi
1338 2949 1653 3019 nongfacem
1695 2946 2001 3014 nuptialem,
2033 2959 2135 3019 non

586 3021 755 3074 lucem
783 3024 976 3090 gaudii,
1003 3021 1093 3076 sed
1123 3015 1292 3088 ignem
1332 3017 1642 3090 funebrem?
1679 3031 1801 3068 num
1835 3015 2138 3090 coronabo?

584 3104 650 3140 an
679 3085 868 3143 lecthm
901 3085 1179 3160 nuptialem
1204 3104 1388 3156 ponam
1407 3090 1518 3160 ?_an
1545 3087 1778 3160 choreas
1791 3085 1853 3138 ad
1882 3100 2136 3160 eam_rem

583 3161 852 3212 evocabo?
879 3177 944 3214 an
973 3155 1119 3228 pater
1163 3155 1273 3222 ero,
1324 3169 1379 3211 ut
1409 3157 1614 3228 dixisti,
1638 3155 1890 3228 gentium,
1933 3157 2020 3223 qui
2071 3171 2136 3228 ne

585 3243 690 3280 uno
714 3229 920 3294 quidem
951 3223 1056 3283 lilio
1086 3245 1197 3282 sum
1242 3227 1516 3296 dignatus?
1554 3228 1623 3278 At
1650 3223 1779 3277 nihil
1824 3240 2004 3277 eorum
2036 3225 2136 3296 _ob-

583 3297 816 3352 sistendo
839 3300 967 3354 dixit
993 3301 1072 3354 vir
1087 3294 1413 3366 justusziscd
1447 3298 1837 3366 obtemperans,
1874 3296 1989 3366 igne
2027 3294 2136 3366 fer-

581 3367 871 3421 ventiorem
902 3363 1138 3424 accendit
1161 3370 1450 3427 caritatem,
1475 3366 1762 3419 acutiorem
1790 3363 1962 3429 gladio
1988 3363 2136 3417 exhi-

579 3433 693 3488 buit
728 3451 959 3491 amorem
997 3458 1009 3490 :
1056 3439 1141 3492 illo
1183 3439 1321 3490 enim
1373 3435 1588 3489 succidit
1634 3433 1838 3485 vincula
1893 3442 2130 3498 naturae,

581 3507 832 3559 naturalis
860 3507 1076 3561 allectus
1116 3507 1374 3560 sarcinam
1421 3505 1720 3570 relinquens
1743 3508 1806 3570 _et
1843 3499 2131 3570 agbjicienrs;

579 3585 641 3624 se
668 3573 832 3640 ipsum
863 3577 1105 3630 alacriter
1145 3575 1351 3636 obtulit,
1397 3581 1447 3626 et
1479 3567 1583 3640 ﬁlii'
1609 3567 1879 3640 occidendi
1919 3569 2134 3640 manda-

580 3636 700 3692 tuni'
720 3646 967 3722 suscepit.
1001 3645 1178 3722 Neque
1209 3644 1356 3722 uxori
1394 3639 1657 3722 quidpiam
1701 3649 1760 3722 ea
1800 3636 1870 3722 de
1893 3651 1950 3689 re
1979 3636 2131 3701 dixit,

578 3723 749 3781 neque
780 3703 889 3766 reni
922 3715 1017 3781 ipsi
1046 3703 1658 3781 e6mmunieavit;_idque
1682 3703 1964 3781 admodum
2005 3720 2133 3781 pru-

576 3776 784 3843 denter,
817 3776 1002 3846 putans
1029 3784 1298 3835 mulierem
1346 3781 1409 3832 ad
1452 3779 1501 3832 id
1549 3776 1740 3844 negotii
1795 3788 1892 3846 nec
1927 3783 2009 3846 sat
2046 3776 2133 3827 ﬁr-

578 3863 738 3911 mam,
755 3844 851 3904 nec
867 3861 946 3904 sat
967 3853 1143 3906 utilem
1164 3851 1227 3903 ad
1250 3850 1524 3904 consilium
1544 3846 1772 3899 dandum
1795 3844 1925 3898 fore.
1953 3844 2134 3912 Neque

578 3920 720 3971 enim
752 3921 878 3974 utile
907 3922 1020 3985 fuit,
1051 3923 1156 3974 imo
1185 3921 1362 3973 nocuit
1401 3919 1527 3971 Atla:
1570 3915 1849 3985 consilium
1884 3913 2028 3966 Evze.
2057 3913 2133 3967 Ne

577 3985 734 4055 igitur
749 3984 1012 4059 quidpiam
1033 3991 1281 4044 muliebre
1306 3995 1566 4056 pateretur
1592 3984 1740 4049 Sara,
1775 3998 1926 4059 neve,
1952 3991 2134 4051 utpote

578 4054 1069 4122 mater,'ferventom
1093 4075 1241 4112 suum
1268 4054 1636 4123 sincerumque
1656 4067 1784 4123 erga
1802 4054 1965 4123 Deum
1996 4066 2134 4123 amo-

578 4142 687 4198 rem
714 4128 991 4198 frangeret,
1023 4145 1132 4182 rem
1162 4128 1260 4198 ipsi
1298 4127 1457 4181 latere
1486 4121 1955 4198 curavitLlQuibus
1991 4121 2131 4174 enim

578 4192 942 4252 lamentisiion
972 4192 1062 4252 usa
1086 4192 1223 4251 esset
1243 4197 1365 4250 Sara
1390 4208 1496 4247 tum
1526 4207 1648 4258 erga
1679 4192 1860 4253 ﬁlium,
1883 4200 1989 4244 tum
2007 4205 2131 4258 erga

580 4267 822 4329 patrem?
849 4268 968 4333 quid
999 4283 1100 4320 non
1129 4269 1322 4319 factura
1351 4273 1462 4318 erat
1489 4263 1669 4333 videns
1692 4261 1853 4333 lilium
1886 4273 2044 4333 suum
2066 4260 2130 4333 a‘d

579 4327 760 4385 necem
791 4327 1042 4389 violenter
1084 4335 1308 4388 abduci?
1339 4332 1600 4400 quomodo
1650 4344 1751 4400 non
1794 4329 1962 4400 ipsum
1997 4327 2132 4380 ulnis

578 4404 849 4467 complexa
881 4405 942 4456 ad
975 4420 1032 4457 se
1083 4405 1225 4456 illum
1275 4395 1617 4454 atti'axisset?
1646 4397 1835 4467 quibus
1863 4395 2130 4467 alloquuta

579 4463 715 4522 esset
756 4475 925 4526 verbis
972 4474 1344 4535 Abrahamum,
1394 4477 1447 4522 et
1493 4463 1807 4535 lamentabili
1856 4477 1998 4535 voce
2027 4463 2133 4515 cla-

580 4542 812 4593 masset?
838 4542 1019 4604 Parce,
1055 4558 1204 4608 parce
1236 4531 1451 4599 naturai,
1481 4551 1636 4608 parce
1682 4533 1808 4608 ﬁ_l_io,
1841 4531 2129 4608 Abraham,

580 4625 753 4676 parce.
785 4610 856 4663 Ne
885 4612 956 4664 sis
983 4602 1246 4664 hominum
1275 4611 1450 4677 generi
1480 4602 2009 4677 lalnila._Unigenitus
2051 4609 2132 4654 est

583 4673 778 4744 partus,
814 4681 922 4746 ipse
950 4683 1146 4746 primus
1169 4673 1489 4745 estfprimus
1517 4673 1812 4746 etultimus
1839 4685 1992 4736 quem
2023 4683 2133 4734 par-

581 4750 766 4800 turiam
811 4744 993 4802 Isaae:
1023 4765 1086 4803 ne
1129 4744 1331 4802 reseces
1377 4759 1526 4797 uvam
1573 4744 1712 4795 illam
1755 4753 1938 4800 unam,
1975 4753 2129 4804 quam

580 4820 815 4880 tulimus,
847 4819 1051 4883 quando
1076 4819 1286 4870 demum
1317 4816 1454 4867 nulla
1480 4815 1528 4864 iit
1557 4821 1732 4863 monte
1760 4808 1878 4860 vitis
1907 4806 2132 4883 amplius

583 4897 660 4935 tst
689 4903 699 4937 :
732 4877 950 4939 ne'fa'lce
979 4889 1228 4951 decerpas
1256 4888 1451 4952 spicam
1494 4897 1668 4941 unam,
1711 4892 1866 4944 quam
1899 4877 2129 4952 tulimus,

581 4970 694 5019 qua!
724 4970 783 5008 ex
816 4957 964 5008 nobis
993 4946 1200 5022 prodiit,
1234 4946 1350 5006 cum
1383 4953 1528 5004 senio
1565 4964 1695 5022 pene
1734 4946 1955 4998 emortui
1987 4959 2134 5022 esse-

581 5014 695 5074 mus
733 5041 743 5074 :
781 5041 841 5075 ne
863 5014 1101 5076 conteras
1142 5014 1404 5082 baculum,
1446 5034 1546 5087 quo
1567 5014 1818 5069 fulcimur
1849 5031 1862 5066 :
1894 5029 1959 5066 ne
2003 5014 2134 5064 fran-

580 5109 670 5159 gas
699 5095 892 5156 virgam
919 5102 1146 5143 nostrain
1174 5108 1221 5143 in
1246 5107 1344 5158 qua
1371 5089 1745 5159 requiescimus
1769 5099 1781 5134 :
1809 5097 1873 5133 ne
1899 5096 2134 5159 exetcces

582 5152 790 5216 iiculuni
823 5176 974 5227 quem
1003 5161 1155 5212 ambo
1186 5152 1534 5224 possidemus,
1559 5171 1622 5206 ne
1654 5155 1802 5227 tollas
1827 5152 2134 5203 memoriale

581 5245 815 5283 nosu'um
840 5222 906 5282 ex
937 5231 1063 5280 orbe
1096 5243 1109 5278 :
1143 5222 1206 5280 ue
1233 5243 1420 5290 agnum
1458 5240 1608 5291 quem
1659 5222 1908 5274 habemus
1936 5227 2133 5291 mactes

582 5312 635 5350 ut
663 5316 810 5351 ovem
850 5317 860 5350 :
891 5315 954 5352 ne
978 5298 1125 5350 tollas
1154 5288 1394 5362 gaudium
1429 5288 1683 5351 nosti-um,
1727 5303 1829 5362 nec
1863 5288 2133 5362 nos_luct_u

580 5370 801 5436 repleas.
840 5369 1002 5433 Quem
1033 5367 1080 5416 in
1113 5356 1290 5436 mensa
1324 5372 1439 5428 post
1483 5363 1619 5436 hunc
1658 5356 1985 5436 videbimus?
2018 5356 2134 5432 quis

581 5426 1155 5488 tio-minabit'matrem?
1185 5434 1298 5499 quis
1325 5426 1577 5482 senectuti
1619 5427 1844 5481 serviet?
1883 5426 1998 5499 quis
2027 5426 2132 5476 cir-

581 5507 908 5558 cumornabit
940 5494 1215 5557 mortuos."
1236 5501 1351 5566 Quis
1384 5501 1434 5550 in
1472 5501 1710 5560 δειδιιιεΐο
1740 5509 1928 5560 εθτβυδ
1966 5494 2131 5566 “illo:

581 5575 705 5625 net?
743 5575 858 5639 quis
898 5575 1145 5625 orborum
1197 5560 1592 5639 monumentum
1643 5575 1820 5639 postea
1864 5560 2134 5639 servabit?

586 5643 743 5694 Vides
762 5631 999 5707 'specietn
1031 5652 1081 5693 et
1105 5641 1320 5691 formam
1345 5633 1709 5707 adolescentis,
1744 5634 1920 5707 florem
1945 5631 2132 5694 juven-

587 5713 729 5776 lutis,
762 5699 915 5778 quem
947 5714 988 5765 si
1015 5714 1064 5764 in
1095 5710 1302 5763 inimico
1335 5708 1558 5766 videres,
1589 5699 1945 5752 misericordia
1989 5715 2132 5764 pror-

2085 337 2350 398 SPURIA.

3723 347 3827 403 540

2251 469 2340 509 sus
2384 457 2695 519 movereris,
2731 457 2952 526 hiccine
3007 457 3133 512 mihi
3181 457 3439 511 diuturna:
3498 457 3812 526 precationis

2255 526 2454 578 fructus
2480 526 2670 583 datur?
2700 525 2911 580 Hiccinc
2957 529 3305 580 successionis
3348 525 3527 580 ramus
3557 527 3807 594 relinqui-

2255 594 2368 664 tur?
2399 594 2478 646 hte
2503 595 2735 663 reliquim
2755 596 2999 664 generis?
3025 597 3226 650 hiccine
3247 596 3534 650 senectutis
3554 594 3810 648 baculus?

2253 663 2484 733 haaccine
2508 664 2619 717 sola
2655 663 2778 729 spes
2803 666 2992 733 quibus
3029 681 3132 718 non
3169 667 3266 718 alia
3303 680 3424 731 spes
3453 664 3738 733 superest?
3761 665 3807 716 Si

2251 731 2480 803 gladium
2525 733 2576 786 in
2621 731 2950 803 dilectissimi
2978 735 3214 802 jugulum
3259 731 3583 803 impulsurus
3622 749 3702 796 es,
3734 749 3808 785 me

2255 802 2480 867 priorem
2506 801 2778 856 confodias
2804 821 2816 856 :
2845 801 3124 856 maximam
3153 804 3276 856 mihi
3312 801 3513 857 tribues
3535 803 3759 872 gratiam
3792 821 3802 854 :

2252 873 2546 923 communis
2574 873 2642 924 sit
2687 873 2934 933 tumulus,
2975 888 3254 926 commune
3297 872 3623 940 sepulcrum,
3665 887 3804 924 com-

2253 941 2426 991 munis
2450 942 2619 1020 pulvis
2642 942 2930 1020 amborum
2972 956 3191 1020 corpora
3226 943 3428 1010 Operiat
3462 960 3474 993 :
3515 941 3801 1020 communis

2253 1023 2395 1060 mors
2424 1010 2492 1062 sit
2529 1011 2742 1070 sterilis.
2789 1019 2841 1063 et
2883 1010 3044 1078 prolis
3083 1012 3221 1063 illius
3252 1029 3264 1062 :
3293 1012 3592 1064 communis
3631 1012 3802 1078 cippus

2252 1078 2523 1130 amborum
2550 1079 2898 1133 calamitatem
2920 1089 3150 1133 enarret.
3170 1079 3244 1134 Ne
3266 1080 3437 1134 videat
3457 1081 3606 1133 Sara:
3630 1081 3804 1131 oculus

2252 1146 2605 1218 Abrahamum
2630 1148 2720 1202 ﬁlii
2747 1149 3158 1214 interfectorem,
3188 1165 3354 1218 neque
3393 1149 3631 1202 lsaaeum
3659 1163 3802 1199 manu

2253 1216 2425 1292 patris
2462 1225 2765 1292 mactatum.
2816 1219 2940 1272 Haec
2981 1227 3033 1292 et
3058 1216 3284 1292 _sitnil_ia'
3313 1217 3523 1292 fecisset
3568 1218 3730 1292 Sara,
3763 1218 3802 1269 si

2250 1283 2649 1339 dilectissimum
2680 1296 2964 1340 mactatum
3010 1289 3070 1340 iri
3103 1289 3357 1340 scivisset.
3403 1287 3525 1344 Ideo
3559 1287 3688 1342 nihil
3718 1286 3803 1339 ho-

2251 1367 2368 1428 rum
2393 1354 2658 1428 Abraham
2675 1357 2770 1428 ipsi
2796 1358 3069 1428 nuntiavit,
3090 1356 3454 1428 neperagendi
3476 1360 3656 1427 operis
3677 1359 3799 1410 obex

2251 1421 2403 1474 foret.
2435 1421 2822 1490 Imposuit—lilio
2843 1427 3120 1479 fasciculos
3156 1421 3431 1495 lignei-um,
3467 1421 3589 1495 quia
3623 1429 3803 1480 Serva-

2252 1499 2335 1542 tor
2351 1506 2558 1546 crucem
2584 1496 2827 1560 portavit.
2857 1496 3220 1549 Perrectnrum
3244 1498 3472 1550 Isaae-unt
3497 1499 3561 1549 ad
3587 1497 3798 1554 aedem,

2251 1561 2602 1633 sequebantur
2627 1565 2803 1616 asinus
2839 1575 2891 1617 et
2915 1567 3090 1633 pueri;
3121 1577 3173 1618 et
3212 1579 3544 1632 perrecturus
3571 1566 3801 1617 Christus

2249 1629 2312 1679 ad
2345 1631 2680 1708 passionem,
2707 1629 3100 1708 pullum'asina;
3138 1629 3459 1698 conscendit,
3505 1636 3799 1708 signiﬁcans

2248 1703 2481 1778 gentium
2516 1703 2840 1778 vocationem
2873 1721 2886 1778 ς
2917 1705 3265 1778 sequebantur
3292 1713 3464 1756 autem
3501 1719 3623 1756 eum
3651 1703 3804 1756 disci-

2251 1767 2379 1832 puli,
2409 1770 2624 1836 przemia
2671 1767 3274 1834 certaminis-tenentes,
3316 1784 3370 1825 et
3411 1775 3654 1825 llosanna
3703 1775 3804 1824 cla-

2249 1847 2471 1891 mantes.
2502 1839 2726 1911 Gestans
2764 1841 2908 1896 lsaac
2949 1843 3080 1911 ligna
3112 1842 3423 1895 ascendebat
3459 1843 3508 1894 in
3549 1853 3796 1904 montem,

2248 1914 2305 1957 ut
2331 1921 2428 1978 ceu
2451 1923 2613 1976 agnus
2635 1910 2883 1964 innocens
2911 1910 3400 1970 ibi’inunnlarelur;
3430 1921 3642 1978 geslalls
3673 1928 3795 1974 utm-

2247 1989 2349 2040 que
2374 1977 2626 2031 Servator
2668 1996 2877 2033 erucem
2921 1982 3129 2040 exibat,
3171 1991 3223 2033 ut
3263 1981 3314 2032 in
3367 1977 3602 2032 calvaria
3655 1981 3798 2046 quasi

2246 2058 2410 2115 agnus
2427 2061 2520 2113 pro
2545 2048 2694 2102 nobis
2720 2050 3093 2104 immolaretur.
3117 2049 3353 2104 Gladium
3369 2064 3608 2113 cernens,
3631 2049 3798 2115 cogita

2249 2112 2518 2189 lanceam;
2551 2133 2693 2169 aram
2716 2119 3074 2182 considerans,
3105 2120 3270 2187 cogita
3306 2112 3628 2189 Calvariam';
3665 2112 3794 2169 cz'csa

2249 2180 2380 2249 ligna
2413 2185 2613 2248 videns,
2642 2189 2808 2254 cogita
2843 2180 3080 2248 crucem}
3124 2180 3293 2254 igiiem
3333 2188 3530 2246 videns,
3564 2200 3796 2238 amorem

2247 2258 2416 2329 tecum
2445 2265 2644 2329 reputa.
2665 2256 2887 2329 Respice
2912 2259 3126 2329 arietem
3149 2256 3434 2329 Ita-rentcm
3457 2256 3667 2329 duabus
3683 2270 3797 2329 enr-

2247 2319 2398 2400 nibus
2421 2319 2655 2389 arbusto,
2694 2319 3390 2400 quodvocabatnnSabec;
3434 2323 3799 2400 videamihi-et

2244 2387 2886 2471 fibrislumtagnnnrpei,
2917 2397 3127 2471 duabus
3162 2396 3212 2449 in
3239 2387 3394 2471 cruce
3434 2396 3672 2471 manibus
3705 2395 3796 2446 de-

2248 2464 2465 2513 tentum.
2490 2461 2707 2530 Lignum
2749 2465 2873 2518 illud
2913 2465 3098 2527 Sabec,
3141 2467 3502 2519 remissionem
3540 2466 3777 2530 iuterpre

2246 2534 2448 2606 tamur;
2480 2534 2621 2586 senis
2646 2534 2784 2586 enim
2813 2536 2972 2588 ﬁlium
2999 2535 3203 2589 remisit
3230 2543 3283 2589 et
3306 2535 3524 2606 redemit
3546 2550 3576 2586 a
3599 2543 3797 2586 macta-

2246 2603 2418 2677 tione,
2452 2615 2659 2677 crucem
2701 2606 3135 2677 prtesigniﬁcans,
3187 2603 3550 2677 quteumundo
3582 2613 3796 2670 peccata

2244 2669 2462 2742 remisit,
2490 2669 2748 2741 vitamque
2774 2669 3009 2740 przebuit.
3044 2669 3282 2727 Aries-in
3310 2675 3448 2742 ligno
3469 2669 3635 2727 Sabec-
3667 2687 3798 2740 poo-

2243 2734 2374 2814 dens
2403 2737 2629 2793 lsaacom
2665 2734 2846 2814 solum
2886 2743 3106 2814 mystice
3143 2734 3412 2814 liberavit;
3452 2744 3630 2812 Agnus
3669 2734 3798 2794 vero

2363 2822 2650 2884 s_uspensus
2676 2812 2726 2884 in
2758 2803 3201 2884 cruce,'4servavit
3222 2803 3484 2884 mundum
3499 2803 3584 2866 ἐχ
3627 2823 3796 2864 morte

2243 2881 2295 2952 et
2325 2875 2544 2930 inferno.
2583 2881 2810 2952 Agvulsus
2849 2875 2930 2936 est
2968 2882 3109 2935 Isaac
3139 2897 3178 2952 ia
3211 2882 3330 2935 ﬁliis
3359 2883 3511 2946 suis‘,
3543 2891 3795 2952 venturus

2243 2950 2294 2995 in
2319 2957 2548 3018 montem
2575 2950 2638 3002 ad
2665 2961 2885 3006 mortem
2916 2951 3271 3018 subeundam;
3296 2953 3505 3006 avulsus
3533 2961 3613 3005 est
3637 2951 3794 3018 Chri-

2241 3021 2353 3090 stus
2380 3029 2407 3067 a
2439 3017 2706 3090 discipulis
2736 3024 2864 3083 suis,
2892 3032 3143 3076 venturus
3183 3013 3269 3073 ad'
3289 3037 3467 3075 necem
3509 3035 3604 3088 pro
3643 3013 3796 3090 nobis

2244 3083 2589 3165 tolerandam:
2636 3089 2878 3165 Reliquit
2901 3106 3091 3160 pueros
3136 3105 3259 3145 suos
3298 3092 3473 3165 justus
3506 3083 3792 3165 ébraham,

2241 3159 2442 3221 nequis
2469 3172 2531 3209 ex
2557 3159 2683 3225 ipsis
2709 3159 3138 3229 impedimentum
3186 3159 3440 3215 sacriﬁcio
3469 3159 3698 3219 afferret,
3740 3167 3794 3213 et

2239 3238 2417 3296 secum
2438 3237 2708 3296 assumpto
2735 3231 2931 3295 lsaaco,
2962 3233 3106 3285 solus
3136 3233 3302 3284 solum
3331 3229 3558 3287 adducit,
3594 3229 3790 3294 ignem,

2239 3293 2469 3373 gladium
2498 3306 2552 3351 et
2574 3293 2708 3366 ligna
2730 3300 2885 3373 simul
2912 3293 3105 3373 ferens.
3136 3299 3236 3373 ξφα
3277 3299 3399 3364 quid
3446 3293 3792 3373 eguerunt-

2238 3365 2446 3435 cissima
2476 3380 2602 3435 voce
2620 3365 2975 3435 compellatet
3002 3370 3110 3420 ait:
3142 3369 3250 3431 Dic,
3281 3377 3446 3435 pater,
3482 3365 3790 3435 Ecceig‘nem

2239 3442 2284 3500 et
2310 3433 2464 3499 ligna,
2509 3434 2592 3486 ubi
2633 3445 2705 3488 est
2739 3433 2843 3488 ouis
2878 3438 2946 3489 ad
2993 3433 3330 3489 holocaustum
3377 3433 3528 3500 (Gen.
3572 3434 3661 3486 22.
3699 3435 3794 3500 ‘7)?

2239 3499 2438 3582 Rursus
2469 3516 2564 3582 vox
2589 3505 2930 3582 pueripatris
2958 3499 3436 3582 viscera_exagitat__;
3468 3505 3665 3582 iterum
3690 3499 3787 3558 alia

2239 3573 2456 3623 tentatio
2477 3573 2726 3626 terribilis
2747 3574 2937 3627 invasit
2958 3589 3112 3638 eum;
3149 3577 3337 3628 iterum
3359 3573 3494 3626 alius
3525 3573 3788 3627 cruciatus

2233 3643 2430 3707 justum
2451 3643 2746 3711 occupavit,
2796 3659 2899 3696 non
2932 3645 3101 3696 minor
3140 3658 3235 3696 nec
3281 3644 3444 3695 levior
3484 3643 3675 3710 priore.
3727 3645 3789 3696 Et

2237 3709 2500 3777 quomodo
2525 3709 2627 3764 non
2656 3712 2706 3765 in
2730 3712 2989 3781 lacrymas
3017 3713 3249 3780 prorupit
3273 3709 3560 3781 Abraham,
3580 3715 3665 3780 qui
3687 3727 3787 3766 non

2239 3781 2370 3832 ultra
2399 3781 2645 3847 sperabat
2687 3795 2746 3834 se
2794 3779 2990 3848 patrem
3032 3779 3269 3834 vocatum
3301 3781 3397 3834 iri?
3421 3779 3558 3832 Nihil
3588 3779 3788 3834 luctuo-

2237 3864 2372 3913 sum,
2403 3851 2529 3904 nihil
2561 3851 2854 3905 miserabile
2885 3851 3048 3912 dixit;
3091 3851 3183 3904 sed
3234 3851 3589 3916 imperterrita
3617 3851 3789 3902 animo

2237 3930 2290 3972 et
2313 3918 2581 3974 inflexibili
2609 3928 2783 3973 mente
2824 3920 3184 3974 suavissimam
3232 3919 3320 3971 lilii
3350 3933 3530 3972 vocem
3561 3921 3782 3984 excepit,

2239 3990 2440 4058 ipsique
2465 3989 2752 4057 respondit,
2777 4004 2839 4042 ac
2867 3990 2942 4043 sic
2978 4005 3114 4058 eum,
3135 3987 3323 4042 alfatur
3348 4007 3363 4058 ;
3394 3986 3533 4058 Deus
3561 3988 3786 4058 provide-

2237 4055 2325 4124 hit,
2352 4055 2446 4124 ﬁli,
2478 4055 2614 4110 ovém
2641 4059 2707 4109 ad
2731 4060 3030 4125 sacriﬁcium
3073 4057 3229 4126 (Ibid.
3260 4073 3308 4108 υ.
3337 4057 3412 4124 8).
3443 4055 3602 4126 ld_ait
3629 4057 3788 4107 Abra-

2239 4123 2359 4182 ham
2379 4129 2489 4182 sive
2517 4127 2622 4180 ﬁlio
2641 4126 2841 4180 addens
2865 4123 3137 4190 ﬁduciam,
3168 4131 3279 4179 sive
3307 4125 3356 4178 id
3373 4123 3520 4192 quod
3561 4126 3783 4176 futurum

2237 4207 2350 4255 erat
2383 4197 2689 4266 prmdiceus.
2724 4196 2820 4250 Ubi
2848 4209 3020 4249 autem
3049 4198 3111 4248 ad
3157 4195 3324 4266 locum
3357 4193 3454 4246 sibi
3485 4196 3784 4266 mandatum

2237 4262 2491 4336 pervenit,
2519 4281 2662 4318 aram
2710 4266 2994 4336 construit,
3033 4272 3087 4317 et
3122 4264 3286 4336 altare
3326 4271 3509 4336 parat,
3559 4262 3784 4336 gladium

2235 4329 2474 4398 adornat,
2499 4345 2748 4405 paterque
2766 4335 2888 4405 lilio
2917 4335 3085 4402 ignem
3124 4331 3352 4405 et__l_i_gua
3392 4329 3664 4405 admovet.
3689 4331 3789 4397 Ag-

2235 4406 2472 4472 greditur
2499 4400 2687 4470 postea
2728 4403 2889 4455 ﬁlium
2939 4400 3104 4472 pater,
3141 4400 3574 4472 nihilque_o_h_ieis
3609 4409 3785 4452 natura

2236 4468 2403 4525 affert.
2438 4468 2567 4525 SeSe
2596 4473 2737 4524 Isaac
2767 4475 2897 4538 patri
2925 4470 3128 4533 obtulit,
3169 4479 3225 4522 ut
3263 4484 3356 4536 pro
3388 4468 3552 4538 lubito
3581 4485 3678 4521 suo
3708 4483 3788 4519 se-

2236 4556 2353 4594 cum
2381 4548 2577 4609 ageret.
2605 4537 2775 4606 Quem
2803 4541 3024 4609 primutn
3056 4538 3304 4609 mirabor,
3345 4547 3434 4591 aut
3459 4537 3528 4590 de
3553 4553 3659 4604 quo
3685 4549 3789 4609 sm:

2238 4624 2364 4678 pore
2394 4605 2689 4678 percellar?
2715 4605 2977 4675 quomodo
3005 4608 3215 4678 laudum
3255 4621 3505 4678 coronam
3546 4605 3789 4659 nectam?

2236 4675 2303 4730 an
2343 4675 2462 4732 etim
2511 4680 2596 4746 qui
2626 4693 2691 4731 ex
2735 4691 2913 4730 amore
2939 4686 2992 4730 et
3035 4675 3227 4730 all'ectu
3253 4691 3375 4744 erga
3405 4675 3565 4727 Deum
3609 4689 3788 4746 manus

2237 4747 2471 4800 immittit
2501 4744 2552 4799 in
2579 4747 2995 4809 dilectissimum,
3029 4761 3093 4798 an
3123 4761 3242 4798 eum
3265 4746 3350 4812 qui
3372 4757 3541 4809 usque
3566 4744 3632 4795 ad
3657 4759 3790 4796 mur-

2238 4827 2342 4869 tem
2379 4820 2509 4883 patri
2541 4816 2866 4883 obsequitur,
2911 4825 2962 4867 et
3001 4815 3261 4866 czelestem
3284 4811 3790 4883 ’mactatinuennab

2237 4900 2300 4938 eo
2327 4881 2546 4951 accipit?
2570 4886 2659 4938 llle
2679 4881 2817 4937 enim
2843 4899 2960 4937 sese
2988 4897 3140 4949 supra
3174 4892 3411 4951 naturam
3449 4883 3660 4944 extulit,
3706 4881 3788 4951 Dei

2240 4949 2558 5022 praeceptum
2607 4965 2803 5006 uaturte
2848 4950 3476 5022 anteferens;_hic_vero
3519 4964 3692 5022 usque
3733 4949 3790 5022 ad

2239 5018 2459 5076 mortem
2493 5023 2626 5091 patri
2672 5022 2920 5091 obedivit,
2961 5029 3128 5091 morte
3170 5018 3402 5091 deterius
3445 5032 3563 5091 esse
3611 5020 3791 5091 existi-

2238 5108 2386 5145 mans
2416 5094 2456 5144 si
2480 5087 2716 5144 dolorem
2744 5089 2956 5142 inferret
2989 5088 3142 5151 patri.
3174 5088 3303 5141 Hinc
3333 5088 3600 5139 Abraham
3635 5087 3793 5138 ﬁlimn

2239 5163 2466 5213 vinetum
2494 5161 2771 5226 arripiens,
2806 5175 2908 5209 non
2956 5157 3223 5224 obtorpuit
3267 5171 3445 5220 manu,
3476 5171 3579 5208 neu
3626 5165 3794 5206 mente

2238 5232 2479 5283 excessit.
2526 5228 2738 5295 Quoties
2768 5227 2868 5279 vidi
2896 5227 3110 5292 hujusce
3152 5226 3294 5293 pueri
3335 5227 3611 5293 imagines,
3647 5239 3792 5295 num-

2239 5313 2392 5363 quam
2424 5294 2560 5363 potui
2592 5307 2882 5362 temperare
2902 5311 2929 5346 a
2954 5298 3215 5363 lacrymis,
3240 5304 3351 5348 arte
3374 5295 3502 5346 mihi
3532 5295 3600 5344 ob
3617 5294 3795 5343 oculus

2240 5377 2466 5434 ponente
2521 5368 2672 5428 hujus
2723 5366 2952 5434 historias
3001 5364 3193 5416 claram
3248 5363 3791 5434 reprassentationem.

2243 5432 2409 5501 i'rope
2429 5434 2816 5498 altarejaeebat
2845 5432 3005 5496 Isaac,
3029 5443 3150 5485 ante
3174 5442 3372 5498 patrem
3401 5433 3450 5482 in
3480 5445 3653 5496 genua
3685 5445 3788 5494 ιπυ-

2241 5519 2357 5566 nus,
2390 5505 2627 5554 manibus
2649 5519 2675 5553 a
2709 5512 2852 5569 tergo
2876 5501 3121 5562 reductis,
3141 5502 3441 5554 Abrahamo
3471 5513 3608 5566 pone
3640 5513 3794 5565 gente

2304 5639 2317 5666 ι
2357 5643 2456 5702 t‘ro,
2475 5634 2595 5701 ﬁliis
2618 5634 2730 5692 suis,
2757 5634 2881 5695 quod
2906 5632 3158 5681 absurdum
3184 5640 3276 5690 est,
3293 5630 3496 5680 fortasse
3519 5628 3796 5691 legendum,

2243 5712 2307 5747 881
2321 5710 2388 5746 Πὸ
2409 5710 2521 5744 διιδ.
