3976 6218
152 344 254 399 541

168 447 361 500 Ili-xum
393 443 557 498 lilium
585 449 778 496 stante.
811 440 1008 495 Deinde
1028 441 1190 495 altera
1215 456 1370 494 manu
1402 456 1552 496 coma
1594 441 1741 509 pueri

167 516 229 570 ad
253 532 308 569 se
340 515 552 568 reducta
576 512 792 582 respicit
816 526 957 574 eum,
989 512 1235 581 videtque
1266 511 1451 565 faciem
1487 511 1649 564 Isaaci
1681 526 1740 565 se

171 584 538 638 miserabiliter
559 583 830 646 intuentis,
861 591 917 636 et
943 583 1103 635 ictum
1143 582 1497 648 exspectantis
1532 599 1544 634 :
1572 595 1743 633 arma-

172 666 272 708 tani
301 653 470 722 gladio
491 652 757 722 dexteram
792 651 1012 713 habens,
1045 651 1108 703 ad
1138 666 1318 704 necem
1352 667 1410 704 se
1449 660 1738 722 comparat,

172 721 357 790 corpus
381 722 668 790 contingit;
695 721 802 788 jam
827 722 982 790 gladii
1011 722 1153 774 acies
1177 722 1416 789 jugulum
1445 721 1592 788 petit,
1615 735 1742 774 eou-

172 804 245 847 tra
277 794 484 862 propria
525 794 724 844 viscera
771 807 950 845 ensem
1002 792 1322 862 impulsurus
1369 800 1500 854 erat,
1549 799 1670 862 tunc
1712 805 1739 842 a

173 861 291 916 lieo’
325 878 422 914 vox
465 863 741 917 emittitur.
795 864 1026 914 animum
1073 861 1360 920 cohibens,
1398 874 1528 922 opus
1571 861 1742 927 impe-

173 934 317 987 diens
346 932 656 992 :Abralinm,
691 932 962 994 Abraham,
995 933 1179 998 inquit,
1214 948 1274 982 ne
1313 931 1512 999 iiijicias
1540 947 1740 981 "ianum

171 1015 308 1055 tuam
339 1003 388 1054 in
437 999 690 1060 lsaacum,
726 1017 893 1069 neque
925 1003 1044 1053 mali
1092 1001 1356 1068 quidpiam
1416 999 1578 1053 facias
1634 1000 1742 1053 Iilio

171 1082 282 1125 tuo.
333 1071 485 1124 Nunc
515 1072 642 1122 enim
683 1087 791 1122 vere
830 1072 1036 1139 cognovi
1073 1073 1206 1138 quod
1251 1073 1422 1122 timetis
1466 1070 1642 1130 Deum,
1697 1078 1741 1121 et

169 1159 267 1195 non
286 1142 544 1210 pepercisti
565 1154 766 1207 pmpter
784 1157 860 1192 me
883 1142 1062 1193 dilecto
1089 1152 1172 1192 tuo
1199 1140 1346 1208 (Gen.
1373 1140 1581 1208 9.2.”).
1605 1142 1740 1210 Ecce

169 1209 306 1265 aries
355 1211 594 1280 alligatus
637 1220 716 1264 est
764 1212 989 1278 virgulto
1028 1210 1196 1263 Saliec
1240 1228 1251 1261 :
1301 1212 1478 1275 accipe
1515 1221 1569 1262 et
1611 1209 1742 1263 olfer

170 1283 314 1334 illum
343 1296 435 1349 pro
479 1283 676 1343 lsaaco,
718 1291 772 1333 ut
809 1283 1003 1332 certior
1044 1281 1138 1332 Iias
1189 1295 1273 1332 ine
1322 1291 1595 1345 acceptum
1649 1281 1740 1332 lia-

170 1351 346 1404 liuisse
377 1353 688 1405 sacrilicium
721 1358 886 1411 tuum,
921 1351 1234 1418 I'i_-rveiisque
1267 1353 1612 1416 propositum.
1649 1349 1742 1402 Mi-

169 1424 268 1475 rati
295 1432 414 1475 sunt
433 1422 601 1488 angeli
655 1421 994 1486 principatus,
1021 1429 1324 1487 potestates,
1362 1421 1554 1481 throni,
1575 1420 1744 1472 domi-

171 1493 408 1544 nationes
439 1503 490 1543 et
518 1506 702 1542 omnes
733 1492 1027 1552 exercitus;
1079 1492 1396 1557 obstnpuere
1451 1493 1584 1549 c.-i:li.
1636 1488 1737 1550 sol,

170 1560 312 1624 luna,
345 1562 615 1613 stellarum
648 1559 856 1612 chorea:
899 1561 947 1613 in
992 1571 1095 1612 tam
1127 1561 1350 1612 mirabili
1393 1560 1693 1626 spectaculo
1727 1575 1738 1609 :

171 1630 282 1684 Deo
307 1641 478 1682 autem
506 1631 633 1683 satis
663 1631 754 1680 fuit
779 1630 1018 1683 voluntas
1043 1646 1162 1683 vere
1191 1629 1476 1681 ﬁdelissimi
1506 1627 1739 1682 etsancti

169 1701 417 1761 Abrahae,
441 1701 615 1766 aitque
647 1700 717 1751 illi
763 1717 775 1752 :
822 1699 1123 1752 Beiirdireiis
1164 1700 1468 1758 bcnedirimi,
1499 1711 1542 1751 et
1574 1699 1741 1749 multi-

171 1771 364 1836 plicatis
409 1769 749 1832 multiplicabo
802 1786 962 1821 semen
1009 1783 1149 1820 tuum
1198 1786 1348 1837 super
1393 1779 1575 1819 terram
1614 1770 1740 1820 sicut

168 1841 336 1891 uellus
365 1841 492 1898 calli.
517 1840 631 1907 quia
666 1839 887 1890 abet/iisti
931 1842 1165 1891 alacriter
1200 1841 1304 1890 roci
1349 1855 1470 1889 mete
1498 1838 1657 1905 (Ibid.
1691 1855 1736 1889 v.

171 1910 254 1961 17.
288 1911 395 1974 It"),
421 1921 474 1962 et
505 1910 760 1962 fes'Iinasti
805 1909 1022 1976 implere
1054 1919 1370 1976 pneccptnm
1408 1924 1599 1960 meum.
1639 1910 1738 1960 De-

167 1978 351 2045 ditque
379 1979 512 2031 Deus
534 1981 750 2031 arietem
779 1978 844 2031 dc
878 1989 1022 2044 petra
1053 1995 1147 2045 pro
1180 1995 1340 2041 puero
1371 1979 1434 2030 ad
1467 1980 1739 2040 perlicien-

167 2046 292 2099 dum
316 2048 651 2100 sacriIiciuni.
683 2048 792 2100 Non
824 2049 961 2100 enim
987 2049 1277 2101 delectatur
1302 2049 1438 2100 Deus
1466 2048 1514 2098 in
1535 2056 1739 2099 mortua

168 2116 378 2168 victima
403 2132 494 2184 per
519 2119 754 2170 nidorem
783 2125 835 2170 et
879 2118 1073 2169 fumum
1121 2119 1216 2184 ipsi
1260 2119 1474 2177 oblata;
1505 2121 1597 2170 sed
1643 2119 1738 2168 lio-

167 2185 325 2238 stiam
354 2187 635 2247 viventem.
669 2198 924 2249 sanctam,
973 2189 1530 2254 lieneplaceiitcmque,
1577 2187 1734 2239 ratio—

167 2257 396 2308 nabilein
427 2258 622 2309 cultqu
652 2258 849 2325 expetit
875 2272 902 2309 a
929 2258 1100 2321 nobis,
1133 2257 1574 2324 quemadmodum
1607 2259 1743 2323 Apo-

166 2326 336 2378 stolus
357 2325 589 2394 pra-cipit
614 2328 878 2389 (minibus,
904 2329 1066 2395 probe
1088 2331 1261 2380 sciens
1285 2329 1382 2378 hoc
1407 2329 1513 2378 Deo
1537 2327 1740 2392 placere

168 2395 339 2464 (liam.
371 2395 453 2448 12.
484 2396 556 2457 1).
581 2396 693 2449 Non
711 2400 849 2450 enim
873 2397 1009 2464 quod
1029 2397 1181 2450 Vellet
1211 2398 1348 2450 Dens
1381 2397 1738 2449 Abrahamum

168 2465 260 2518 lilii
291 2464 678 2520 interfectorem
709 2467 950 2531 reddere,
978 2468 1212 2535 pratcipit
1239 2470 1286 2521 ei
1317 2477 1372 2520 ut
1399 2467 1559 2518 lilium
1585 2465 1741 2517 oll‘er—

176 2602 1346 2662 ﬂ

1223 2608 1512 2616 ..___—

1210 331 1488 387 CORI‘RA
1527 329 1875 396 TIIEATRA,
1906 327 2072 394 ETC.,
2092 327 2336 385 SERMO.

1346 2740 2214 2853 MONITUM

3325 323 3440 380 542

1849 450 1962 514 ret;
2010 439 2102 493 sed
2148 449 2205 514 i_it
2231 440 2479 496 omnibus
2532 455 2636 514 per
2670 441 2857 514 orbem
2897 442 3225 509 ostenderet,
3259 458 3419 514 quam

1849 511 2116 564 ferventer
2147 512 2309 565 Deum
2345 521 2552 566 amaret
2577 511 2866 582 Abraham,
2910 528 3030 566 cum
3062 511 3424 582 preptefenm

1850 598 1951 634 non
1977 582 2273 652 pepercerit
2311 583 2510 645 lsaaco,
2544 581 2749 652 etiamsi
2800 583 3100 650 uiiigcnitus
3150 581 3280 652 puer
3309 584 3426 651 ejus

1847 660 2008 724 esset.
2041 651 2393 724 Quamobrem
2429 652 2564 704 Deus
2590 650 2894 724 Abrahamo
2926 663 2984 724 ut
3020 650 3192 707 amico
3229 650 3430 724 myste-

1847 723 1982 774 rium
2009 720 2243 773 exhibuit
2271 737 2518 790 magnuni
2567 731 2620 774 et
2661 722 2924 776 mirabile.
2967 723 3067 776 Per
3105 720 3427 777 sacriticium

1847 791 1985 862 enim
2017 792 2263 862 sacerdos
2287 791 2458 862 factus
2489 801 2591 855 est,
2619 791 2676 862 in
2710 793 2873 858 tigura
2901 802 3082 846 autem
3108 794 3424 862 prophetam

1847 860 1995 912 illum
2025 860 2197 914 cll'ecit
2222 876 2235 923 ;
2265 861 2548 929 docuitque
2595 861 2740 914 illum
2776 862 2910 915 Deus
2949 860 3242 916 altissimus
3269 863 3426 916 datu-

1849 945 1964 982 rum
2000 944 2070 1001 se
2117 946 2325 998 quoque
2363 947 2481 984 esse
2533 932 2856 998 unigenitum
2913 932 3103 986 Filium
3144 948 3296 986 suum
3331 949 3426 1001 pro

1849 999 2064 1060 mundo,
2121 1013 2174 1052 ut
2209 1001 2348 1054 Deus
2382 1003 2681 1055 incarnatus
2709 1002 2776 1052 ali
2822 1017 3004 1055 crrore
3037 1019 3203 1071 genus
3248 999 3426 1056 homi-

1848 1086 1972 1139 num
2001 1080 2255 1123 sei'varet.
2284 1071 2414 1123 Illud
2443 1072 2581 1125 enim
2605 1071 2936 1138 significavit,
2967 1088 3086 1124 cmn
3123 1090 3216 1139 pro
3247 1073 3424 1126 Isaaco

1846 1138 1990 1192 dedit
2017 1155 2166 1192 ovem
2198 1157 2259 1193 et
2291 1143 2459 1195 Sabec
2481 1143 2544 1192 ad
2575 1140 2910 1194 sacrificium.
2948 1145 3075 1205 Quia
3107 1138 3248 1195 enim
3280 1143 3423 1196 futu-

1848 1224 1967 1262 rmn
1993 1218 2105 1262 erat
2137 1219 2189 1262 ut
2217 1212 2471 1265 increduli
2503 1211 2746 1264 homines
2773 1222 2968 1263 saneta:
3000 1211 3226 1280 Virginis
3253 1213 3424 1280 partui

1847 1293 1951 1331 non
1997 1280 2312 1341 crederent.
2369 1282 2636 1349 quomodo
2690 1281 2935 1336 videlicet
2995 1284 3253 1347 potuisset
3312 1284 3427 1335 sine

1847 1350 2128 1402 concubitu
2159 1351 2253 1403 viri
2287 1352 2447 1403 tilium
2477 1367 2680 1418 parere.
2731 1353 2876 1415 quasi
2934 1366 3017 1403 res
3063 1352 3172 1404 Iieri
3201 1368 3302 1404 non
3338 1367 3429 1418 po-

1850 1420 2053 1481 tuisset,
2106 1421 2222 1471 ideo
2266 1421 2331 1472 de
2365 1432 2507 1488 petra
2544 1420 2789 1482 produxit
2841 1423 3080 1480 arietem,
3117 1432 3172 1473 ut
3205 1438 3295 1488 per
3326 1421 3427 1474 hoc

1849 1489 1921 1540 rei
1952 1490 2241 1542 incredibili
2291 1491 2443 1542 tidem
2496 1491 2707 1556 faceret,
2760 1507 2948 1557 nempe
3001 1492 3270 1544 voluntate
3310 1491 3424 1558 ejus

1847 1558 2134 1629 divinitatis
2157 1575 2312 1611 omne
2345 1561 2646 1613 mandatum
2684 1572 2856 1612 statim
2901 1562 3123 1629 impleri.
3156 1561 3424 1625 Quemad-

1850 1628 2065 1681 modum
2093 1643 2220 1697 ergo
2245 1630 2315 1682 ibi
2346 1630 2572 1683 Verbum
2603 1631 2820 1682 arietem
2854 1628 3088 1698 protulit,
3113 1631 3191 1685 sic
3219 1631 3267 1683 in
3303 1630 3426 1683 Vir-

1846 1698 1968 1764 gine
1997 1698 2221 1751 Verbum
2245 1715 2368 1751 caro
2386 1700 2580 1752 factum
2601 1709 2699 1752 est.
2721 1700 2795 1751 Ae
2823 1701 3267 1764 qin-iiiailmodum
3287 1701 3425 1752 aries

1848 1768 1898 1819 iii
1956 1768 2176 1836 virgulto
2223 1771 2464 1836 alligatus
2505 1779 2649 1826 erat.
2697 1771 2771 1820 sic
2819 1769 3128 1836 Unigeniius
3173 1771 3222 1821 in
3270 1785 3428 1822 cruce

1846 1837 2035 1890 afﬁxus
2063 1839 2174 1890 fuit.
2206 1838 2325 1892 Ideo
2368 1841 2557 1893 clamat
2581 1840 2740 1892 Isaias
2761 1839 2943 1891 dicens
2977 1857 2988 1888 :
3020 1839 3163 1890 Sicut
3193 1841 3295 1891 oris
3324 1839 3423 1889 du-

1846 1919 1953 1959 ctus
1981 1910 2140 1960 estad
2167 1911 2461 1961 occisionem
2490 1928 2594 1962 sine
2623 1927 2733 1960 voce
2759 1909 2910 1975 (lsai.
2941 1910 3025 1962 55.
3057 1911 3132 1972 7).
3166 1910 3428 1961 Rursum-

1846 1992 1948 2041 que
2001 1978 2253 2030 Dominus
2298 1978 2494 2030 .Iuda-is
2539 1981 2764 2039 dici-hat,
2821 1982 3069 2029 Αιινίιιιίιιιι
3114 1979 3429 2030 desiderabat

1848 2047 2012 2100 videre
2037 2047 2164 2099 diem
2189 2065 2372 2110 meum,
2406 2061 2448 2100 et
2470 2050 2609 2112 vidit,
2636 2059 2678 2100 et
2715 2051 2912 2118 gavisus
2943 2060 3012 2100 est
3042 2048 3213 2115 (Joaii.
3244 2048 3294 2102 8.
3317 2050 3430 2118 56).

1849 2132 2039 2183 nempe
2061 2118 2196 2170 diem
2230 2118 2487 2184 paSsionis
2533 2120 2581 2170 in
2623 2121 2781 2184 ligura
2815 2117 2995 2178 lsaaci,
3023 2121 3071 2170 in
3099 2128 3277 2171 monte
3304 2117 3431 2170 san-

1848 2197 1953 2240 cto.
2008 2187 2318 2240 Benedictus
2364 2188 2520 2250 Deus,
2547 2190 2633 2256 qui
2678 2189 3027 2256 przeliguravit
3059 2188 3210 2240 nobis
3246 2189 3426 2241 omnia

1847 2257 1912 2308 ad
1943 2257 2165 2309 salutem
2195 2258 2244 2309 in
2278 2259 2566 2325 Scriptums
2593 2261 2805 2317 μιιιιιειις,
2841 2269 2892 2312 ct
2919 2275 3035 2310 ιιιιιι
3067 2260 3294 2311 venisset
3323 2259 3425 2309 iiii—

1851 2326 2008 2390 plevit
2039 2327 2413 2395 prophetarum
2439 2345 2730 2390 sermones,
2764 2337 2815 2380 et
2839 2329 3074 2381 ascendit
3105 2329 3341 2394 ingloria
3361 2327 3426 2380 ad

1848 2395 2058 2448 Patrem
2091 2413 2264 2462 suum,
2296 2400 2425 2451 utin
2470 2401 2614 2450 omni
2645 2400 2761 2450 loco
2806 2399 3088 2450 adoremus
3132 2399 3338 2450 l’atrem
3377 2406 3432 2451 et

1850 2465 2040 2518 Filium
2069 2477 2121 2520 et
2143 2469 2417 2536 Spiritum,
2450 2470 2496 2518 in
2523 2467 2735 2520 smeula.
2772 2471 2958 2521 Amen.

2214 2606 2642 2612 ———--——————.
2655 2607 2747 2612 --—._—
2777 2603 3304 2614 —~___—__..___.___..._—-
3322 2603 3432 2652 --Ξ

2021 2605 2642 2611 ——-—-——._——,
2655 2607 2747 2611 -.-μ-
2777 2603 3304 2611 .__________.___..._—-
3322 2603 3382 2609 ..-

2841 2605 3049 2612 _———_._—_.

2669 2607 2747 2611 ._._—
2777 2606 2832 2614 ———-

1264 2935 1343 2995 IN
1388 2930 1866 3006 SEQUENTEM
1908 2928 2340 2987 HOMILIAM.

237 3083 394 3142 Circa
434 3080 569 3138 hanc
598 3081 711 3136 sive
762 3080 1067 3142 homiliam,
1100 3080 1211 3134 sive
1252 3079 1579 3140 orationem,
1629 3077 1741 3130 hzec

165 3165 320 3210 notat
346 3154 610 3210 Savilius:
644 3171 660 3201 ι
703 3151 968 3205 Orationis
1001 3151 1152 3218 hujus
1183 3150 1543 3214 prarfationem
1575 3149 1743 3218 Chryg

163 3225 391 3280 sostomi
431 3239 549 3276 esse
578 3237 664 3275 res
687 3223 796 3289 ipsa
828 3221 970 3273 dicit.
1006 3221 1098 3272 Est
1143 3221 1284 3273 enim
1315 3228 1519 3285 sumpta
1549 3228 1656 3270 tota
1679 3217 1742 3269 :id

160 3295 390 3350 verbum
418 3309 480 3345 et
505 3293 754 3345 Oratione
786 3290 935 3344 tertia
967 3291 1015 3342 in
1048 3290 1293 3342 Davidem
1327 3298 1378 3341 ct
1401 3289 1526 3341 Saul
1548 3329 1561 3351 ,
1586 3302 1742 3354 quain

160 3365 290 3418 vide
315 3379 366 3433 p.
389 3363 656 3431 89(Tomo
677 3362 708 3414 6
730 3360 887 3428 hujus
909 3360 1183 3422 Eilitionis,
1209 3361 1312 3412 eol.
1337 3359 1476 3426 695).
1492 3359 1601 3424 Ipsa
1622 3373 1745 3409 vero

160 3435 342 3488 oratio
370 3433 856 3502 Clirysostomiiion
883 3439 983 3491 est,
1008 3433 1247 3498 quamvis
1288 3446 1378 3496 per
1404 3443 1599 3502 omnes
1613 3441 1746 3494 pene

160 3499 516 3558 bibliothecas
568 3502 667 3555 sub
709 3501 822 3569 ejus
864 3505 1076 3552 nomine
1113 3503 1376 3564 deserit-ta
1433 3499 1742 3567 reperiatur.

161 3573 279 3628 Nec
301 3574 442 3626 enim
484 3573 654 3641 stylus
696 3571 954 3624 tumidum
1000 3571 1246 3641 quiddam
1289 3579 1341 3621 et
1390 3569 1624 3641 inllatum
1655 3581 1748 3620 so-

161 3659 326 3704 nans,
358 3658 454 3695 nec
482 3639 800 3695 inventionis
847 3642 1012 3703 ratio,
1065 3640 1248 3708 frigida
1296 3641 1423 3692 satis
1447 3648 1498 3692 et
1529 3639 1702 3708 inepta
1733 3676 1747 3699 ,

158 3712 607 3781 Clirysostomum
635 3711 850 3764 omnino
880 3710 1059 3763 refert.
1091 3707 1450 3781 Longissiiiius
1493 3709 1542 3761 in
1579 3707 1752 3775 perio-

158 3782 270 3844 dis,
284 3779 678 3834 audacissimus
702 3783 751 3834 ili
774 3781 1096 3847 inelaplioris
1123 3782 1137 3848 (
1158 3797 1273 3848 qua:
1294 3779 1488 3834 debent
1518 3793 1636 3833 esse
1659 3793 1747 3830 ve-

159 3901 2732 3926 ______________________________________.__

1851 3072 2119 3141 recnndze)
2148 3081 2226 3126 est
2249 3113 2261 3133 ,
2309 3069 2542 3138 quisquis
2587 3085 2706 3122 enin
2749 3067 2965 3122 habuit:
3001 3076 3054 3141 et
3079 3065 3311 3120 humano
3336 3081 3432 3120 ca-

1852 3145 1939 3211 piti
1969 3138 2227 3196 cervicem
2255 3156 2385 3208 pene
2428 3141 2671 3208 equinam
2710 3141 2880 3206 junxit
2906 3179 2920 3202 ,
2969 3138 3283 3208 quicumque
3313 3154 3432 3211 pro-

1849 3209 2064 3268 teniium
2088 3211 2342 3277 liocoperi
2366 3225 2462 3262 suo
2483 3211 2784 3276 pneposuit.
2811 3211 2986 3274 Itaque
3014 3221 3213 3276 peierat
3237 3209 3431 3261 rectius

1853 3285 1990 3337 inter
2019 3283 2174 3334 dubia
2212 3281 2380 3346 rejici,
2425 3290 2512 3330 aut
2558 3280 2712 3330 etiam
2741 3279 2806 3330 ad
2854 3280 3032 3346 spuria
3071 3279 3302 3330 detrudi.
3338 3278 3432 3332 ltic

1852 3366 2207 3423 perierrorcm
2242 3353 2409 3423 locum
2445 3351 2581 3423 inter
2611 3350 2838 3416 genuina
2867 3349 3160 3423 occupavit,
3197 3365 3215 3396 ι
3251 3358 3353 3423 etc.

1926 3422 2152 3490 Nngacis
2178 3435 2305 3474 Sane
2328 3418 2552 3472 Gra-culi
2585 3425 2940 3490 enminentum
2966 3417 3074 3490 hoc
3105 3418 3421 3490 intenebris

1854 3486 2214 3561 reliquissem,
2250 3492 2345 3542 nisi
2375 3489 2518 3561 prior
2559 3488 2810 3561 edidisset
2856 3486 3123 3561 savilius._
3151 3486 3243 3537 llic
3287 3488 3427 3561 enim

1854 3554 2112 3632 scriptor,
2148 3554 2624 3626 etiamsi—aliquaui
2653 3559 2966 3632 eloquentia:
3015 3569 3065 3608 et
3113 3554 3433 3632 intentionis

1853 3627 2083 3703 speciem
2109 3642 2388 3698 utcumque
2411 3633 2596 3703 saltem
2623 3644 2728 3696 prae
2751 3643 2806 3680 se
2830 3628 2959 3679 ferat
2983 3667 3007 3703 ,_
3024 3627 3431 3703 puerilermnlta

1855 3697 2162 3757 admiscet:
2219 3697 2462 3767 ne’qnid
2512 3709 2687 3750 tamen
2747 3698 3148 3763 prastermisissc
3211 3697 3430 3758 \idear,

1855 3789 1970 3828 cam
2013 3773 2198 3825 Latine
2226 3773 2532 3824 translatam
2567 3771 2703 3820 inter
2731 3769 2918 3834 Spuria
2948 3767 3207 3832 ablegari.

2741 3897 2926 3908 ~_—'

2928 3897 3200 3907 —-—

3209 3897 3431 3910 a———-—

161 4005 342 4060 QUOD
387 4005 508 4046 NON
553 4005 650 4047 SIT
712 4005 1135 4046 ACCEDENDUM
1181 4005 1262 4044 AD
1306 4003 1637 4055 THEATRA,
1696 3998 1991 4051 QUODQUE
2035 3997 2101 4036 ιυ
2157 3993 2353 4034 PLANE
2410 3988 2778 4031 ADULTEROS
2839 3987 3133 4026 REDDERE
3193 3985 3428 4028 SOLEAT

507 4105 962 4160 SPECTATORES,
1007 4103 1230 4154 SITQUE
1276 4101 1731 4144 DISSENSIONUM
1779 4099 1850 4142 AC
1897 4097 2117 4137 LITIUM
2161 4093 2396 4141 CAUSA;
2443 4092 2521 4131 ΕΤ
2565 4091 2646 4130 DE
2692 4087 3062 4129 ABBAUAMO.

240 4388 294 4440 1.
336 4382 524 4436 Multos
548 4385 672 4445 pnlo
698 4387 880 4445 eorum
906 4411 918 4432 ,
948 4369 1033 4445 qui
1065 4382 1160 4420 nos
1202 4379 1368 4432 nuper
1394 4364 1746 4445 deseruerunt

154 4436 318 4512 et
352 4453 436 4504 illa
466 4436 751 4515 iniquitatis
798 4440 1181 4515 pleiiatheatra
1228 4443 1569 4515 accesserunt
1593 4475 1606 4496 ,
1645 4436 1742 4514 lio-

153 4505 493 4580 aievadesse.
529 4505 883 4583 Uptaremque
914 4510 1031 4561 illos
1059 4508 1200 4559 clare
1229 4520 1403 4565 nosse,
1443 4513 1497 4555 ut
1532 4519 1560 4555 a
1580 4505 1744 4556 sacris

154 4593 443 4651 liminibus
482 4584 832 4652 expellereni,
885 4595 987 4630 non
1023 4587 1089 4652 ut_
1121 4591 1330 4640 semper
1371 4585 1515 4652 citra
1563 4589 1744 4652 maiie-

344 4660 435 4713 sed
467 4666 521 4708 ut
545 4643 819 4727 émendati
855 4662 1036 4700 rursus
1080 4647 1353 4727 intrarent.
1400 4643 1744 4727 Quandoqui-

152 4716 500 4796 dem'patres
527 4727 702 4790 lapsos
754 4720 888 4796 filios
928 4732 1068 4783 sa‘pc
1097 4731 1125 4796 c
1157 4716 1314 4796 domo
1359 4716 1570 4796 cingunt
1594 4753 1605 4773 ,
1637 4723 1688 4764 ct
1717 4727 1744 4796 a

153 4782 354 4857 ἷπῖέὶζεξι
383 4782 594 4854 arcent,
625 4805 730 4844 non
758 4789 907 4839 utsic
936 4782 1188 4857 perpetuo
1221 4785 1300 4835 his
1327 4785 1622 4857 privcntur,
1654 4782 1745 4833 sed

152 4853 355 4928 iit'liac
375 4853 714 4931 castigatione
740 4859 802 4909 ad
836 4858 1104 4931 meliorem
1140 4855 1336 4931 frugem
1365 4853 1593 4931 redacti,
1627 4867 1744 4904 cum

154 4923 282 5012 iniri
317 4923 841 5012 ἀεεοτεῖιιοηοτίςειυο
869 4926 933 5012 {id
969 4934 1257 5012 Praei".
1280 4923 1747 5012 *i01'¢¢.i_£a.‘ei'rs:

150 4993 468 5065 vertantur.
528 5003 636 5054 lloc
680 5009 732 5052 et
758 4993 1017 5064 pastores
1069 4997 1264 5046 laciunt
1305 5010 1315 5042 :
1348 4993 1527 5065 scabie
1562 4993 1745 5058 plenas

150 5063 301 5134 cii-cs
331 5093 357 5128 a
391 5074 532 5128 sanis
559 5063 912 5137 sequestrant,
947 5077 1000 5116 ut
1030 5065 1272 5137 deposito
1304 5063 1486 5114 morbo
1511 5101 1524 5124 ,
1563 5077 1746 5113 rursus

149 5151 228 5204 ad
290 5148 407 5198 illas
451 5136 806 5196 reducantur,
853 5151 918 5188 ne
968 5137 1154 5187 morbo
1212 5136 1509 5204 laborantes
1577 5140 1740 5182 totum

148 5202 385 5290 gregem
417 5213 668 5290 inliciant.
723 5206 922 5284 Idcirco
973 5221 1067 5256 nos
1093 5204 1350 5290 vellemus
1398 5202 1512 5254 illos
1541 5216 1698 5253 nosse
1731 5217 1742 5251 :

148 5273 500 5343 getlvctiamsi
530 5282 643 5331 illos
673 5276 943 5342 corporeis
988 5274 1153 5326 oculis
1189 5273 1492 5324 discernere
1525 5287 1627 5322 non
1658 5286 1745 5320 va-

151 5362 410 5416 leamus,
444 5367 617 5404 sermo
656 5349 770 5400 illos
804 5347 980 5416 utique
1032 5345 1335 5416 dignoscet,
1385 5351 1436 5392 et
1464 5357 1644 5416 eorum
1673 5350 1747 5390 ta-

147 5410 246 5483 eta
285 5410 606 5478 conscientia
643 5410 1014 5469 suadebitillis
1049 5427 1100 5463 ιιι
1133 5412 1507 5483 egrediantur,
1549 5410 1745 5483 docens

149 5480 319 5553 illum
350 5492 521 5546 solum
569 5491 706 5540 intus
750 5501 901 5545 esse,
954 5485 1040 5550 qui
1084 5484 1298 5549 dignum
1346 5480 1747 5553 lioclocogerit

148 5550 443 5623 animum;
490 5559 636 5611 illum
669 5572 792 5608 vero
841 5555 928 5622 qui
975 5553 1235 5623 correptis
1266 5551 1497 5623 moribus
1547 5550 1595 5601 in
1648 5552 1745 5600 hoc

149 5620 312 5692 cintu
368 5620 606 5683 versatur
630 5668 643 5686 .
698 5620 901 5678 etiamSi
935 5638 1124 5690 corpus
1155 5620 1507 5692 introduxerit
1529 5661 1543 5682 ,
1572 5631 1743 5692 tanien

151 5689 457 5774 «inpellitur
487 5708 541 5752 ct
566 5697 733 5765 magis
781 5689 1082 5747 eliminatur
1106 5733 1117 5755 ,
1170 5708 1324 5759 quam
1361 5693 1394 5743 ii
1427 5691 1512 5759 qui
1544 5689 1742 5742 exclusi

1744 4243 1850 4296 Eg

1849 4368 2004 4424 sunt,
2036 4372 2097 4410 ac
2144 4354 2698 4424 nondiimpotucriint
2734 4361 2897 4424 sacra:
2929 4361 3127 4424 mensm
3157 4356 3435 4424 consortes

1849 4417 2001 4484 esse;
2034 4428 2109 4481 Illi
2142 4426 2280 4478 cnim
2314 4417 2728 4490 qiii'sccnnilmii
2773 4417 2993 4490 divinas
3033 4417 3175 4484 leges
3225 4417 3432 4482 expulsi

1850 4511 1970 4552 sunt
1993 4509 2046 4551 ct
2073 4505 2217 4550 extra
2250 4486 2460 4544 manent
2485 4530 2500 4552 ,
2537 4489 2741 4540 interim
2778 4501 2949 4540 iamcn
2983 4486 3116 4539 bona
3146 4502 3239 4551 spe
3267 4495 3426 4538 sunt:

1849 4572 1890 4622 si
1923 4571 2062 4622 enim
2114 4566 2275 4617 velint
2319 4573 2528 4628 peccata
2585 4560 2889 4624 corrigere.
2925 4571 3014 4622 per
3043 4557 3351 4628 lii-.i-lesiam,
3397 4574 3424 4606 ιι

1849 4656 1949 4708 qua
1981 4627 2327 4708 exciderunt,
2342 4639 2622 4699 potuerunt
2652 4644 2769 4705 cum
2803 4643 2934 4708 ραι-ιι.
2960 4627 3284 4678 conscientia
3309 4640 3430 4702 rur-

1850 4696 1963 4760 sum
1999 4707 2192 4760 redire.
2227 4704 2322 4769 Qui
2344 4696 2527 4753 autem
2559 4700 2874 4764 semctipsos
2905 4696 3260 4769 deturparunt
3283 4735 3297 4759 ,
3324 4696 3432 4760 jus-

1851 4781 2002 4846 sique
2031 4787 2152 4830 Snnt
2186 4765 2286 4826 noii
2324 4772 2466 4846 prius
2489 4769 2743 4846 accedere
2765 4807 2778 4830 ,
2811 4765 3180 4846 qua-insordes
3206 4779 3272 4846 ex.
3305 4779 3429 4846 pec-

1850 4834 1982 4901 c;iiis
2025 4834 2334 4898 Coiitractas
2374 4839 2724 4904 deposuerint
2774 4853 2784 4886 :
2837 4835 3031 4887 deinde
3098 4834 3430 4900 impudenter

1850 4928 2065 4986 agentes
2096 4957 2108 4976 ,
2143 4914 2352 4980 gravius
2378 4909 2596 4967 vulnus,
2649 4906 2922 4971 majus-lue
2973 4905 3123 4957 ulcus
3171 4906 3430 4956 CIIitiIlllll.

1853 4983 1962 5040 Non
1991 4989 2130 5040 enim
2181 4989 2249 5034 ita
2301 4994 2520 5048 peccare
2545 4992 2704 5045 grave
2745 4987 2822 5027 cst
2852 5016 2864 5036 ,
2901 4984 2956 5027 ut
2990 4983 3123 5048 post
3159 4983 3431 5048 peccatum

1853 5059 2183 5123 impudenter
2213 5044 2388 5114 agere,
2416 5065 2511 5123 nec
2537 5044 2907 5123 obtemperare
2938 5044 3307 5123 sacerdotibus
3333 5045 3432 5094 liu-

1848 5116 2078 5193 jus'modi
2134 5120 2686 5193 pi-atccptadantibus.
2735 5119 2797 5168 ιςι
2825 5116 2965 5182 quod
2997 5125 3203 5193 tantum
3242 5129 3429 5191 preca-

1853 5184 1960 5249 ium
2007 5184 2331 5246 ailiiiiserunt
2358 5231 2371 5252 ,
2408 5191 2646 5257 inquies,
2701 5197 2757 5238 ut
2801 5202 2829 5236 ιι
2874 5185 3040 5238 sacris
3090 5184 3234 5236 hisce
3267 5186 3432 5257 septis

1850 5268 2130 5333 cjiciantur
2150 5263 2170 5312 ’ἒ
2199 5260 2410 5327 lit-quod
2437 5256 2642 5333 qua-ras
2685 5257 2825 5333 aliud
2874 5264 3146 5333 peccatum
3180 5256 3390 5333 gravius
3414 5295 3428 5316 ,

1851 5324 2005 5402 quam
2036 5375 2047 5392 .
2079 5349 2196 5386 cum
2228 5324 2300 5383 se'
2329 5324 2480 5397 plane
2511 5327 2783 5402 adulteros
2808 5327 3027 5377 l'cccrint
3053 5364 3068 5385 ,
3097 5324 3434 5402 impudenter

1853 5392 2120 5471 tamquam
2153 5392 2362 5452 rabidos
2389 5413 2546 5471 canes
2578 5397 2643 5471 ad
2673 5412 2876 5471 sacram
2913 5411 3150 5446 mensam
3185 5392 3430 5445 irisilirc?

1853 5480 1927 5528 Ac
1958 5467 1999 5527 si
2035 5474 2114 5524 vis
2141 5475 2348 5525 discere
2377 5468 2619 5520 adulterii
2652 5467 2864 5516 modum
2891 5507 2905 5527 ,
2942 5481 3044 5516 non
3081 5479 3256 5515 meum
3309 5479 3430 5528 pro-

1855 5549 2015 5597 feram
2046 5556 2346 5596 sermonem
2374 5581 2388 5601 ,
2421 5539 2510 5590 sed
2542 5538 2656 5604 cjus
2684 5537 2772 5602 qui
2804 5551 2901 5587 nos
2928 5536 2993 5585 de
3025 5545 3127 5586 lOIa
3161 5537 3260 5583 \‘it:i
3291 5534 3435 5600 judi-

1851 5627 2066 5667 caturus
2085 5623 2183 5665 est.
2217 5610 2313 5674 Qui
2339 5609 2640 5673 respexerit,
2678 5607 2844 5672 inquit
2865 5646 2878 5663 ,
2909 5605 3166 5655 mulierem
3209 5605 3272 5653 iul
3302 5620 3424 5653 coii-

1851 5684 2204 5752 cupisccmlum
2233 5697 2342 5732 eum
2366 5722 2382 5745 ,
2407 5682 2513 5747 jtiiii
2543 5677 2814 5729 imre/intus
2841 5685 2910 5727 cst
2941 5691 3048 5724 cum
3077 5675 3123 5724 in
3154 5675 3304 5725 corde
3341 5687 3432 5725 suo
