3976 6218
633 361 746 412 543

629 466 842 537 (Matth.
873 466 924 519 5.
951 465 1068 535 28).
1114 465 1262 531 Quod
1295 464 1557 537 sinmlier
1580 479 1698 537 qua;
1731 462 1863 515 forte
1886 463 1934 514 in
1968 462 2081 515 foro
2109 479 2200 537 oc-

631 535 825 596 currit,
885 551 1182 602 quoquows
1238 535 1396 586 modo
1449 536 1519 585 sit
1567 535 1792 592 vestita,
1848 547 1906 584 se
1935 536 2198 586 curiosius

636 607 929 658 intuentem
962 619 1104 670 sa-pe
1131 605 1247 654 solo
1277 613 1563 669 conspectu
1591 604 1730 667 cepit
1764 621 1775 653 :
1806 602 1894 668 qui
1941 619 2042 653 non
2073 605 2197 654 sim-

634 676 872 739 pliciter.
925 689 1022 725 nec
1071 672 1286 724 fortuito
1327 687 1489 731 casu,
1542 671 1633 722 sed
1683 681 1828 722 tanto
1875 673 2088 734 studio,
2140 683 2198 725 ιιι

631 745 794 809 ipsam
840 742 1132 795 Ecclesiam
1179 743 1509 807 dQSpiciant,
1544 741 1662 792 ideo
1695 740 1820 792 illuc
1865 742 2189 802 ascendunt,

631 812 926 877 ibidemque
953 811 1039 861 diu
1090 820 1338 871 manent,
1390 820 1441 861 et
1491 809 1773 861 infamibus
1809 810 1912 860 illis
1957 811 2194 863 mulieri-

628 882 723 933 bus
744 881 897 932 111-11χί
931 890 1051 931 811111
1091 881 1274 941 oculis,
1304 879 1571 946 quomodo
1620 886 1865 944 poterunt
1911 878 2086 930 dicere
2137 897 2194 932 se

629 969 730 1001 non
761 950 824 1000 ad
848 950 1325 1016 concupiscentiam
1361 950 1571 1011 vidisse,
1606 949 1690 998 ubi
1721 949 1878 999 verba
1921 949 2110 1000 lasciva
2140 960 2197 1002 et

627 1022 829 1072 cantica
859 1019 1175 1080 meretricia,
1205 1027 1258 1069 ct
1287 1034 1380 1069 vox
1409 1018 1585 1069 multa:
1609 1017 1761 1085 plena
1789 1016 2090 1083 Voluptatis,
2142 1031 2196 1071 ct

626 1091 896 1142 Oculorum
939 1091 1217 1156 pigmenta,
1246 1097 1296 1138 ct
1325 1088 1551 1139 miniata:
1580 1102 1746 1154 gemo,
1775 1087 1934 1138 vestis
1953 1102 2196 1142 accurate

627 1169 937 1224 composua,
971 1158 1277 1223 habitusque
1298 1157 1555 1207 lenocinio
1584 1156 1784 1222 plenus,
1813 1156 2033 1222 alia-que
2061 1159 2195 1208 mul-

630 1242 693 1278 ta:
727 1228 982 1278 illecebrm
1009 1227 1071 1276 ad
1093 1225 1374 1278 fallendum
1395 1225 1908 1290 demulcendumque
1931 1237 2195 1291 Spectato—

626 1313 710 1350 res
733 1297 1077 1363 Compositio:
1113 1295 1597 1361 ignaviaqneanimi
1631 1295 1969 1356 intuentibus,
2005 1299 2193 1348 umlta-

625 1384 725 1434 que
753 1367 958 1424 effusio,
983 1375 1138 1429 atque
1162 1364 1242 1415 vel
1275 1364 1436 1430 ipsius
1463 1365 1582 1434 loci,
1619 1380 1840 1434 necnon
1865 1380 2045 1415 eorutn
2074 1383 2191 1432 qua:

629 1433 788 1502 prius,
816 1451 930 1501 (ιιι-0
959 1442 1135 1500 postea
1162 1434 1436 1485 recitantur
1470 1433 1533 1485 ad
1559 1433 1821 1484 lasciviam
1844 1437 2040 1498 snasio,
2062 1451 2190 1486 can-

627 1515 708 1557 tus
729 1505 1032 1555 denmlcens
1058 1505 1367 1558 fistularum,
1423 1504 1664 1552 tibiarum
1693 1510 1746 1553 et
1766 1502 2043 1563 similium,
2098 1507 2188 1571 qui

625 1575 783 1623 animi
815 1573 971 1623 robur
997 1573 1205 1637 frangit,
1243 1573 1643 1638 sedentinmque
1667 1571 1824 1621 corda
1854 1574 2188 1625 meretricum

627 1644 827 1694 insidiis
859 1641 1146 1692 invadenda
1193 1651 1430 1707 apparat,
1481 1650 1742 1706 caputque
1764 1639 1935 1691 facilia
1993 1643 2185 1706 reddit,

625 1727 907 1777 carumque
930 1726 1087 1776 opera
1123 1727 1148 1759 a
1188 1712 1397 1761 Lhristo
1424 1715 1666 1775 separat?
1697 1710 1749 1759 Si
1778 1710 1916 1760 enim
1968 1711 2072 1773 hic,
2102 1715 2187 1764 ubi

629 1785 834 1845 psahul,
860 1791 912 1830 et
936 1779 1222 1840 orationes,
1250 1779 1654 1845 divinorumque
1693 1780 2023 1844 eloquiorum
2054 1796 2184 1832 con-

623 1852 821 1909 ciones,
857 1850 941 1900 Dei
975 1852 1128 1900 timor
1155 1859 1207 1898 ct
1239 1860 1400 1914 pietas
1424 1849 1606 1910 multa,
1664 1863 1804 1913 saepe
1834 1849 1983 1912 quasi
2038 1852 2183 1916 quis-

625 1920 758 1986 piam
793 1919 870 1968 l'ur
913 1918 1152 1979 Callidus,
1207 1918 1630 1982 concupiscentia
1662 1921 1798 1968 clam
1850 1918 2139 1983 ingreditur
2170 1938 2182 1971 :

622 1987 885 2053 quomodo
912 1988 964 2046 ii,
996 1993 1080 2053 qui
1110 1990 1158 2037 in
1191 1989 1392 2037 theatro
1423 1987 1626 2044 sedent,
1677 1988 1762 2053 qui
1817 1986 1943 2038 nihil
1976 1991 2087 2039 sani
2113 1992 2188 2041 vi-

622 2006 885 2040 111111110111)
912 2006 964 2046 ll,
996 2006 1080 2053 Illll
1110 2006 1158 2037 Ill
1191 2006 1392 2037 lliCﬂll‘U
1423 2006 1626 2044 80110111,
1677 2006 1762 2053 (IIII
1817 2006 1943 2038 ﬂlllll
1976 2006 2087 2039 5³111
2113 2006 2186 2041 γι-

621 2006 749 2110 110111.
771 2057 850 2107 vel
874 2058 1106 2115 audiunt,
1132 2055 1223 2107 sed
1253 2057 1411 2107 multa
1463 2057 1804 2121 turpitudine,
1838 2056 2001 2108 multa
2033 2058 2186 2109 lasci-

623 2129 701 2177 via
727 2128 883 2192 pleni,
915 2142 974 2176 ac
1000 2123 1638 2190 111-1011111010118081,ιιι-ι·
1665 2139 1840 2185 aures,
1873 2139 1963 2190 per
1979 2128 2182 2189 oculos,

624 2197 827 2264 possint
854 2197 1039 2246 malam
1071 2196 1207 2244 illam
1239 2197 1715 2259 concupiscentimn
1758 2196 2181 2259 superare?cum

625 2281 727 2317 non
764 2269 1179 2332 possintautt-m,
1229 2266 1492 2330 quonmdo
1523 2275 1766 2327 ptiiel‘ltut
1820 2266 1885 2311 ab
1939 2264 2181 2332 adulterii

619 2331 835 2386 crimine
865 2335 1055 2384 innoxii
1089 2334 1237 2384 esse?
1261 2335 1345 2400 qui
1375 2349 1496 2383 vero
1519 2334 1582 2381 ab
1618 2332 1856 2382 adulterii
1882 2331 2102 2385 crimine
2124 2335 2182 2386 [:-

623 2403 730 2456 beri
762 2421 862 2455 non
888 2412 1030 2465 sunt,
1058 2404 1322 2470 quomodo
1348 2403 1722 2469 poterunlsine
1743 2404 2046 2468 pit-nitentia
2073 2405 2184 2457 hare

619 2485 797 2526 Sancta
827 2474 1001 2525 Iin‘tina
1034 2472 1253 2538 ingredi,
1289 2483 1338 2523 et
1380 2472 1531 2538 hujus
1573 2475 1805 2536 pra-clari
1835 2481 2004 2523 coctus
2057 2488 2184 2526 eon-

617 2555 787 2596 sortcs
813 2543 969 2595 esse?
1002 2544 1226 2609 Ideoque
1255 2541 1512 2593 admoneo
1535 2551 1586 2592 et
1609 2556 1815 2607 precor,
1833 2553 1885 2592 ut
1907 2552 2179 2610 postquam

614 2613 944 2664 confessione
971 2620 1023 2663 et
1053 2612 1352 2678 pcenitentia
1383 2611 1600 2676 aliisque
1629 2611 1874 2660 onnnbns
1908 2623 2177 2675 peccatqu

619 2683 914 2750 hujnsmodi
931 2682 1230 2750 spectaculo
1251 2681 1867 2741 contractumabluerint,
1902 2694 1976 2730 sic
2002 2680 2178 2733 divina

619 2749 822 2818 eloquia
865 2751 1098 2801 audiant.
1150 2749 1262 2800 Non
1299 2750 1437 2800 enim
1473 2750 1587 2799 leve
1649 2758 1919 2814 peccatum
1961 2750 2174 2803 admisi-

614 2823 708 2872 stis
726 2839 735 2871 :
756 2821 804 2872 id
821 2822 957 2887 quod
971 2819 1227 2886 exemplis
1240 2819 1377 2869 clare
1391 2818 2178 2884 0810111111111.511111180111111801·-

614 2906 707 2941 vus
729 2892 775 2942 in
794 2905 990 2951 aream,
1011 2888 1094 2940 tibi
1117 2889 1227 2940 heri
1245 2888 1552 2938 vestimenta
1569 2888 1793 2952 pretiosa
1807 2897 1859 2937 et
1875 2892 2175 2954 aurcajace-

615 2962 757 3022 bant,
791 2960 1036 3011 servilem
1056 2967 1253 3010 vestem
1281 2959 1433 3008 sorde
1468 2958 1824 3022 pediculisque
1853 2957 2057 3022 plenam
2088 2960 2178 3011 de

611 3037 852 3098 poneret,
895 3043 982 3090 an,
1027 3040 1227 3095 qua-so,
1267 3025 1638 3098 contumeliam
1663 3026 1798 3078 hanc
1827 3042 1978 3098 aequo
2003 3030 2178 3080 animo

611 3095 813 3152 ferres?
831 3099 963 3164 Quid
981 3099 1183 3158 111-10βί
1206 3097 1318 3164 quis
1341 3095 1389 3146 in
1416 3110 1505 3146 vas
1525 3110 1761 3152 aureum.
1781 3097 1920 3162 qttod
1940 3111 2175 3163 unguen-

611 3178 662 3222 ta
695 3180 946 3236 perpetuo
971 3169 1166 3220 habere
1194 3169 1407 3228 soleret,
1431 3175 1633 3217 stercus
1661 3165 1909 3236 etlutum
1939 3165 2178 3220 infunde-

611 3235 711 3304 ret,
745 3235 918 3291 nonne
942 3252 1060 3289 eum
1091 3236 1178 3304 qui
1202 3236 1252 3288 id
1284 3243 1644 3304 perpetrasset
1685 3235 1848 3303 plagis
1890 3239 2175 3291 oncrares?

612 3303 818 3375 Ergone
847 3303 1163 3378 arcularum,
1188 3320 1482 3378 _vasormn,_
1519 3303 1761 3366 vestium,
1791 3316 2174 3378 unguentorum

613 3374 812 3429 tantam
840 3392 1019 3429 curam
1048 3374 1375 3437 habebimus,
1400 3375 1625 3426 animant
1659 3387 1784 3426 vero
1815 3374 2043 3427 nustratn
2074 3377 2176 3430 illis

610 3448 856 3497 otiinibus
885 3446 1122 3498 vnliorem
1149 3459 1265 3497 esse
1285 3443 1656 3496 censebimus?
1681 3451 1734 3494 et
1763 3445 1848 3495 ubi
1902 3445 2172 3509 spirituale

609 3524 928 3582 unguentum
975 3512 1203 3566 infusum
1251 3519 1352 3573 est,
1393 3512 1677 3564 diabolicas
1723 3527 1943 3582 pompas
1981 3513 2176 3566 immit-

607 3581 802 3648 temus,
846 3583 1076 3635 satanica
1127 3582 1406 3648 colloquia,
1462 3589 1516 3634 et
1568 3583 1770 3632 cantica
1827 3581 2174 3636 fornicatione

606 3653 842 3707 referta?
891 3653 954 3705 Ει
999 3652 1263 3718 quomodo
1311 3651 1445 3704 Deus
1497 3651 1609 3702 haec
1657 3649 1810 3714 ferat,
1865 3650 1951 3702 dic
1999 3651 2172 3704 mihi?

605 3729 932 3789 Quamquam
965 3737 1068 3773 non
1094 3731 1294 3774 tantum
1347 3722 1414 3774 sit
1465 3721 1795 3772 intervallum
1849 3733 2172 3788 unguentum

608 3794 744 3844 inter
766 3802 819 3844 et
842 3792 1030 3856 lutum,
1050 3793 1463 3858 vestimentaque
1484 3790 1664 3842 herilia
1685 3798 1738 3841 et
1753 3789 1984 3853 servilia,
2005 3806 2172 3858 quatt-

608 3871 716 3914 tum
745 3862 880 3913 inter
896 3860 1221 3928 spiritualcm
1242 3863 1460 3928 gratiam
1493 3868 1546 3912 et
1577 3858 1713 3910 hanc
1738 3860 1932 3928 malam
1986 3873 2172 3926 opera-

609 3941 825 3984 tionem.
854 3927 966 3983 No’n
1006 3930 1178 3994 limes,
1208 3945 1238 3981 ο
1280 3932 1455 3992 homo,
1505 3928 1628 3980 dum
1661 3927 1846 3980 iisdem
1877 3929 2044 3980 oculis
2097 3929 2172 3982 leb

605 4009 747 4052 ctum
785 4000 834 4050 in
882 4000 1150 4050 orchestra
1200 3999 1363 4060 vides,
1416 3999 1500 4050 ubi
1551 3997 1872 4049 exsecranda
1928 3997 2169 4051 adulterii

605 4067 903 4133 spectacula
939 4077 1398 4132 reprmsentantnr,
1423 4077 1475 4118 et
1504 4067 1637 4119 hanc
1666 4081 1872 4118 sacram
1907 4080 2166 4132 mensam,

610 4137 694 4186 ubi
725 4135 984 4187 horrenda
1013 4136 1257 4203 mysteria
1307 4137 1780 4187 consunnnantur'!
1805 4137 1930 4187 dum
1982 4137 2165 4191 iisdem

603 4205 814 4258 auribus
841 4206 1171 4256 meretricem
1201 4204 1349 4254 audis
1392 4207 1559 4269 turpia
1589 4205 1910 4272 loquentem,
1942 4215 1996 4257 et
2049 4223 2170 4272 pro-

605 4274 1242 4343 pheta-riApostolumqne
1290 4282 1338 4323 te
1384 4273 1634 4340 mysteria
1686 4273 1962 4343 docentem
1997 4276 2165 4327 :dum

601 4341 788 4396 eodem
819 4341 979 4395 corde
1005 4341 1205 4394 letifera
1229 4346 1504 4407 pharmaca
1535 4350 1586 4392 et
1609 4342 1942 4393 tremendum
1994 4346 2165 4394 sacri-

607 4413 780 4463 ficium
810 4411 1254 4478 excipis?Aunon
1305 4411 1424 4463 hinc
1471 4411 1787 4462 familiarum
1834 4411 2160 4475 eversiones,

600 4480 983 4534 ecnnubiormn
1035 4479 1413 4548 eorruptiones,
1444 4479 1596 4541 bella,
1633 4481 1750 4532 lites
1801 4480 1852 4531 in
1885 4479 2164 4534 domibus?

602 4550 731 4600 Cum
765 4551 902 4601 enim
935 4564 996 4602 ex
1029 4550 1115 4602 illo
1152 4552 1451 4616 SpCClaCttiO
1482 4550 1747 4603 emollitus
1774 4548 1954 4609 fueris.
2006 4559 2164 4617 atque

599 4619 873 4670 rt-missior
894 4617 1080 4684 factus,
1106 4619 1348 4672 lascivior
1373 4622 1649 4686 omnisque
1677 4619 2017 4672 continentia:
2057 4621 2158 4671 ini-

599 4690 782 4743 micus.
815 4703 1158 4756 reversusque
1191 4690 1379 4741 videris
1423 4705 1637 4742 uxorem
1688 4699 1851 4751 tuam,
1909 4689 2162 4754 ingratius

599 4759 749 4820 plane
774 4755 914 4827 illam
965 4755 1186 4822 videbis,
1235 4775 1578 4827 quiecumque
1623 4759 1834 4809 tandem
1860 4758 2039 4810 fuerit.
2080 4757 2163 4809 ln-

597 4840 786 4895 00118118
835 4825 974 4875 0111111
1024 4825 1446 4895 concupiscentia
1476 4825 1608 4894 ejus,
1649 4844 1806 4895 quam
1857 4830 1906 4878 in
1939 4828 2159 4880 theatris

595 4893 789 4964 \idisti,
823 4902 874 4944 et
899 4899 1099 4948 externi
1134 4893 1271 4950 illius
1292 4893 1585 4964 spectaculi
1638 4893 1900 4950 illecebris
1945 4903 2152 4963 captus,

595 4962 859 5027 pudicam,
887 4975 1144 5028 ornatam,
1171 4962 1434 5032 totiusque
1461 4969 1581 5018 vitae
1626 4975 1926 5019 consortem
1981 4962 2158 5032 despi-

593 5048 689 5093 us,
717 5033 1035 5083 contumelia
1065 5035 1248 5086 aflicis.
1281 5037 1422 5087 mille
1451 5037 1658 5101 probris
1679 5048 1891 5096 oneras,
1921 5049 2042 5086 cum
2079 5035 2158 5086 ni-

595 5101 662 5153 hil
692 5115 905 5170 prorsus
947 5104 1332 5170 coarguendum
1368 5106 1582 5164 habeas,
1631 5105 1726 5156 sed
1772 5105 1965 5169 pudeat
2009 5112 2058 5154 te
2103 5113 2156 5156 et

592 5172 832 5221 inorbum
853 5169 1021 5234 fateri,
1051 5169 1102 5223 et
1127 5174 1312 5222 Vtilnns
1327 5171 1630 5232 ostendere,
1656 5173 1797 5240 quod
1825 5174 1947 5225 inde
1977 5187 2156 5225 rever-

589 5256 680 5291 sus
706 5240 942 5302 attulisti,
970 5243 1097 5292 alias
1121 5245 1286 5294 uectis
1311 5256 1516 5304 causas,
1544 5243 1850 5294 occasiones
1877 5243 1982 5294 odii
2010 5257 2154 5307 qua:-

591 5325 710 5358 reus
739 5310 1012 5371 absurdas,
1045 5321 1096 5361 et
1125 5326 1298 5361 omma
1325 5327 1440 5376 qua:
1459 5311 1741 5363 domisunt
1760 5323 2106 5364 contemnens
2131 5329 2144 5362 :

589 5378 820 5448 adillam
851 5379 982 5431 halm
1013 5395 1166 5432 unam
1216 5382 1473 5446 impuram
1500 5381 2004 5448 concupiscentiam,
2051 5395 2151 5445 qna

589 5447 890 5499 vulneratus
917 5464 994 5510 es,
1023 5453 1253 5502 animum
1281 5449 1484 5515 adjicis,
1517 5459 1800 5516 menteque
1841 5449 2153 5502 circumfers

591 5517 819 5568 sonitum
853 5519 1015 5580 vocis,
1047 5520 1297 5580 habitum,
1331 5530 1624 5583 aspectum,
1651 5529 1844 5581 motus,
1873 5520 2152 5586 omniaque

586 5587 878 5638 meretricia
904 5589 1203 5650 simulacra,
1232 5589 1358 5639 nihil
1377 5589 1516 5640 domi
1541 5603 1660 5639 cum
1683 5591 1952 5653 voluptate
1983 5590 2147 5640 vides.

586 5653 648 5707 lit
674 5668 770 5709 cur
802 5657 970 5710 dicam
1003 5674 1220 5713 uxwrem
1246 5670 1296 5711 et
1341 5658 1517 5710 asdes?
1543 5657 1711 5724 ipsam
1739 5674 1946 5725 quoque
1981 5659 2146 5713 cccle-

2134 348 2393 404 SPURIA.

3785 371 3885 424 544

2308 466 2438 516 siam
2471 465 2801 534 iniucundius
2831 466 3096 531 respicies,
3145 464 3411 534 invitoque
3449 465 3636 516 animo
3700 464 3837 515 alltild
3862 494 3875 510 ι

2305 535 2460 586 verba
2487 537 2552 587 de
2578 533 2835 588 castitate.
2863 536 3037 602 Neque
3063 535 3200 585 enim
3225 535 3334 585 hzer
3361 533 3448 586 tibi
3471 534 3753 592 doctrinm,
3791 535 3874 586 scd

2303 608 2570 656 accusatio
2599 615 2770 665 erunt,
2823 615 2980 672 atque
3031 605 3081 654 in
3137 603 3560 667 chperationetn
3617 604 3869 670 pntllalim

2302 674 2587 736 detractus,
2613 685 2662 726 te
2687 673 2897 726 demum
2931 683 3095 725 totum
3123 673 3188 724 ab
3219 674 3315 724 hac
3351 674 3595 725 docrrina
3665 673 3871 723 01180111⁴

2300 744 2415 795 des.
2446 745 2644 796 Idcirco
2669 757 2797 810 rogo
2825 759 2919 795 vos
2937 757 3142 802 omnes,
3199 753 3256 794 ut
3311 742 3518 809 fugiatis
3576 757 3747 806 ιιι-11111
3787 743 3867 792 illa

2303 813 2627 865 theatrorum
2651 815 2970 879 spectacula,
2995 823 3048 864 et
3071 825 3164 864 eos
3187 812 3274 878 qui
3328 810 3406 864 Ins
3436 822 3628 863 vacam
3671 811 3871 862 abstra-

2303 882 2457 934 hatis.
2489 883 2666 951 Neque
2693 883 2832 934 enim
2863 883 3118 934 recreatio
3157 891 3277 951 sunt
3324 881 3429 937 illa.
3479 881 3578 933 sed
3626 881 3866 938 exitium,

2299 950 2636 1016 supplicium,
2662 953 2936 1018 pernicies.
2965 951 3098 1016 Quid
3122 950 3335 1018 prodest
3383 951 3464 1001 illa
3525 960 3865 1016 temporanca

2300 1021 2558 1088 voluptas,
2599 1021 2810 1089 quando
2838 1031 3121 1088 perpetuus
3170 1020 3293 1072 hinc
3321 1020 3471 1071 dolor
3524 1025 3740 1085 paritur
3771 1037 3783 1069 :
3811 1034 3866 1069 ac

2298 1089 2384 1142 die
2415 1101 2678 1158 noctuque
2707 1090 3027 1148 stimulatus,
3065 1106 3096 1142 a
3139 1090 3564 1156 concupiscentia
3617 1089 3864 1141 omnibus

2298 1159 2550 1213 molestus
2585 1169 2634 1212 et
2675 1161 2838 1213 durus
2884 1159 3098 1211 evadis?
3127 1159 3372 1228 Teipsum
3416 1173 3562 1228 ergo
3591 1158 3858 1214 examina,

2297 1230 2464 1295 qualis
2492 1245 2684 1294 nempe
2719 1231 2812 1289 sis,
2845 1246 2964 1281 cum
3011 1229 3078 1282 ab
3129 1227 3349 1282 ecclesia
3407 1227 3642 1289 recedis,
3700 1230 3862 1294 qualis

2295 1313 2414 1349 cum
2441 1314 2470 1349 a
2503 1299 2718 1352 theatris
2748 1309 2939 1364 :atqnc
2966 1300 3238 1366 utriusque
3261 1298 3374 1350 dies
3419 1310 3606 1349 mutuo
3660 1297 3854 1354 confer,

2296 1368 2533 1435 nihilque
2562 1383 2696 1436 opus
2735 1368 2954 1420 habebis
3006 1383 3252 1420 sermone
3288 1376 3490 1420 nostro.
3535 1367 3684 1419 Satis
3727 1369 3856 1417 enim

2294 1439 2396 1490 erit
2425 1439 2692 1505 utriusque
2717 1439 3054 1504 comparatio,
3078 1447 3133 1489 ut
3158 1436 3466 1489 ostendatur
3484 1437 3614 1504 quid
3668 1439 3854 1502 magni,

2293 1507 2419 1573 quid
2449 1508 2684 1559 utilitatis
2712 1508 2832 1573 hinc
2855 1507 3088 1569 accedat,
3123 1515 3176 1558 et
3216 1515 3472 1572 quantum
3524 1506 3654 1558 inde
3700 1507 3855 1556 detri-

2293 1577 2476 1628 menti.
2513 1577 2632 1628 lla-c
2653 1577 2761 1643 jam
2792 1587 2982 1628 vcsme
3032 1575 3238 1626 caritati
3285 1575 3412 1638 dixi,
3468 1585 3524 1628 01.
3573 1591 3852 1641 numquam

2294 1645 2450 1696 11110111
2478 1645 2684 1697 dicendi
2714 1647 2922 1696 faciam.
2971 1645 3058 1698 Sic
3085 1646 3226 1696 enim
3254 1644 3629 1710 mgrotanlium
3677 1646 3855 1695 morbo

2293 1715 2640 1776 medebimur,
2667 1730 2759 1766 008
2785 1724 2958 1766 autem
2977 1715 3061 1778 qui
3085 1715 3307 1766 sanitate
3320 1713 3555 1779 gaudent
3581 1716 3855 1764 confirma-

2292 1782 2485 1835 bimus.
2515 1785 2756 1849 lltrisque
2790 1784 2929 1836 enim
2984 1783 3281 1847 hujusmodi
3323 1796 3503 1833 sermo
3556 1783 3704 1834 utilis
3748 1792 3851 1843 est;

2292 1853 2417 1916 illis,
2447 1864 2502 1904 ut
2523 1854 2826 1914 abscedant,
2849 1853 2948 1916 his,
2977 1867 3043 1904 ne
3065 1853 3321 1904 labantur.
3350 1851 3544 1904 Verum
3564 1853 3693 1917 quia
3716 1867 3855 1918 Opur-

2293 1931 2363 1973 tet
2394 1938 2486 1974 eos
2511 1925 2597 1990 qui
2627 1924 2917 1988 increpant,
2949 1923 2996 1973 id
3028 1921 3296 1973 moderate
3322 1920 3534 1980 facere;
3567 1922 3657 1972 hic
3685 1921 3854 1990 admo-

2290 1993 2540 2043 nitionem
2573 1993 2830 2052 liniemus,
2851 2001 2903 2043 et
2931 2007 3046 2058 qua:
3074 2001 3383 2057 supererant
3408 2006 3476 2042 ex
3535 1989 3853 2056 pratcedcnti

2291 2072 2599 2127 argumento
2635 2061 2932 2115 reddemus.
2959 2070 3117 2126 atque
3141 2060 3205 2112 ad
3235 2059 3597 2126 patriarcham
3624 2070 3850 2111 nostrum

2291 2131 2551 2181 Abraham
2578 2130 2878 2181 redibimus.
2916 2129 3119 2180 Etenim
3139 2129 3430 2195 pictoribus
3459 2143 3605 2191 mos,
3631 2144 3750 2180 cum
3773 2142 3850 2179 ac-

2286 2209 2523 2251 curatam
2575 2201 2752 2249 volunt
2782 2200 3066 2264 depingere
3111 2199 3424 2264 imaginem;
3470 2211 3601 2258 uno,
3662 2198 3855 2249 duobus

2288 2270 2518 2322 tribusve
2542 2269 2746 2329 diebus,
2777 2283 2868 2318 eos
2904 2282 3033 2334 quos
3058 2267 3342 2334 depingere
3365 2267 3550 2318 volunt
3582 2281 3764 2319 caram
3805 2283 3855 2320 se

2286 2340 2531 2391 sedentes
2557 2339 2898 2398 Constituere,
2933 2347 2987 2386 ut
3015 2351 3080 2388 ex
3105 2337 3362 2401 frequenti
3396 2347 3622 2401 aspectu
3650 2353 3855 2388 accura-

2287 2413 2388 2460 tius
2414 2410 2630 2460 formam
2657 2409 2970 2473 esprimant.
3014 2408 3140 2470 Quia
3170 2406 3326 2472 igitur
3358 2407 3511 2457 nobis
3531 2407 3650 2472 jam
3678 2421 3857 2472 propo.

2284 2479 2438 2529 situm
2468 2491 2568 2539 est,
2603 2493 2702 2529 non
2746 2490 3016 2540 corporea:
3055 2475 3234 2526 forma:
3281 2475 3495 2525 modum
3545 2476 3854 2543 depingere,

2284 2547 2377 2600 sed
2426 2549 2614 2598 animze
2663 2545 3126 2612 pulchritudinem,
3171 2543 3554 2611 intelligibilent
3614 2547 3851 2604 formam,

2284 2617 2552 2668 ﬂorentem
2579 2617 2705 2682 justi
2739 2615 3002 2673 virtutem,
3033 2614 3146 2678 ejus
3173 2613 3661 2672 mansuetudinem,
3702 2615 3852 2664 animi

2283 2685 2691 2750 magnitudinem
2720 2724 2733 2743 ,
2767 2687 2982 2749 ejusque
3018 2691 3236 2734 caeteras
3264 2695 3452 2734 omnes
3481 2683 3752 2743 virtutes;
3783 2686 3855 2735 lns

2282 2755 2477 2806 diutius
2505 2770 2598 2820 par
2624 2764 2705 2806 est
2735 2751 3024 2814 innnorari,
3055 2761 3104 2802 ut
3131 2750 3570 2820 perfrequentem
3590 2753 3854 2806 sermonis

2279 2819 2617 2888 conspectum
2650 2825 2716 2874 ab
2744 2821 3012 2888 archetypi
3029 2819 3382 2873 similitudine
3393 2833 3499 2871 non
3513 2819 3856 2873 aberremus.

2281 2891 2336 2944 Si
2369 2893 2508 2944 enim
2529 2907 2798 2956 corporea:
2831 2891 3079 2955 imagines
3124 2889 3320 2954 aliquid
3346 2888 3517 2942 solatii
3547 2888 3855 2942 videntibus

2280 2962 2523 3024 afferunt,
2558 2963 2722 3013 multo
2767 2961 2930 3026 magis
2981 2960 3168 3009 anima:
3204 2957 3477 3022 imagines.
3527 2957 3653 3008 Illas
3703 2973 3858 3024 porro

2282 3046 2385 3082 non
2415 3033 2606 3099 ubique
2635 3032 2940 3099 conSpicere
2969 3041 3277 3099 possumus;
3304 3039 3519 3078 necesse
3540 3026 3751 3093 quippe
3785 3037 3859 3079 est

2280 3113 2337 3152 ut
2366 3115 2470 3150 11110
2493 3097 2542 3151 in
2587 3100 2703 3151 loco
2728 3098 3143 3154 constituantur;
3177 3097 3311 3147 inme
3340 3111 3466 3164 vero
3511 3110 3859 3164 quaecumque

2280 3170 2510 3221 volueris
2548 3171 2885 3221 circumferre
2913 3176 3079 3233 potes.
3114 3166 3243 3216 Nam
3272 3166 3317 3233 si
3361 3163 3503 3216 illam
3558 3166 3608 3214 in
3659 3163 3859 3218 mentis

2281 3240 2530 3305 pentiario
2602 3237 2878 3298 recondas,
2917 3232 3238 3305 ubicumque
3298 3232 3480 3305 fueris,
3541 3235 3859 3305 frequenter

2279 3301 2541 3374 respicere
2569 3307 2784 3375 poteris,
2817 3315 2868 3358 et
2893 3317 3138 3375 magnam
3155 3301 3512 3375 ibincreferre
3538 3303 3854 3375 utilitatem.

2280 3371 2826 3443 Ac'quema'dmodum
2866 3375 2922 3435 ii,
2945 3371 3033 3440 qui
3056 3373 3222 3424 oculis
3243 3373 3502 3443 laborant,
3529 3371 3576 3422 si
3601 3376 3858 3443 Spongias

2275 3456 2327 3499 et
2342 3441 2550 3498 caerulei
2569 3446 2759 3498 coloris
2781 3457 2980 3510 pannos
3007 3451 3237 3505 teneam,
3271 3450 3324 3494 et
3348 3441 3654 3507 frequenter
3687 3441 3744 3494 111
3776 3443 3856 3494 illa

2276 3516 2578 3582 respiciant,
2612 3514 2804 3581 aliquid
2827 3513 2998 3565 solatii
3026 3527 3090 3582 ex
3122 3511 3419 3582 hujusinodi
3451 3511 3638 3582 colore
3677 3514 3856 3577 perci-

2276 3579 2461 3651 piunt:
2498 3586 2639 3636 itaet
2665 3579 2716 3635 tu
2748 3584 2790 3634 si
2834 3580 3144 3647 patriarcha:
3174 3579 3404 3632 Abraha:
3448 3581 3748 3646 imaginem
3794 3583 3855 3634 ob

2276 3655 2457 3706 oculos
2493 3655 2757 3715 habueris,
2811 3666 2874 3704 ac
2924 3651 3229 3716 frequenter
3272 3651 3322 3702 in
3368 3664 3491 3703 eam
3522 3653 3854 3718 respexeris,

2275 3725 2479 3775 etiamsi
2511 3723 2804 3774 sexcenties
2833 3722 2928 3782 ira,
2959 3721 3071 3773 sive
3099 3721 3232 3772 alius
3283 3719 3453 3787 quivis
3491 3734 3693 3786 pravus
3727 3720 3854 3774 affe-

2278 3803 2394 3845 ctus
2422 3793 2612 3843 utentis
2627 3793 2836 3843 oculum
2859 3790 3130 3855 agitaverit
3152 3797 3244 3841 aut
3271 3790 3582 3850 turbaverit,
3614 3789 3750 3842 illud
3775 3793 3853 3843 in-

2276 3871 2428 3914 tuens
2454 3862 2661 3913 virtutis
2713 3857 3336 3936 exemplar,_pcrfectam
3374 3859 3609 3936 accipies
3650 3864 3852 3936 88111111τ

2275 3941 2400 3990 tem,
2433 3945 2717 3996 puramque
2749 3928 3152 3995 philosophiam.
3194 3927 3434 3990 Domum,
3465 3927 3511 3980 si
3531 3927 3741 3994 placet,
3787 3930 3851 3982 ad

2275 4001 2597 4068 propositum
2625 4012 2939 4068 sermonem
2952 3997 3284 4068 reducamus.

2341 4064 2394 4121 ἓξ
2428 4068 2618 4121 Beatus
2647 4067 2884 4134 Moyses,
2909 4065 3100 4118 dilecte
3121 4105 3134 4123 ,
3163 4066 3251 4131 qui
3302 4079 3398 4132 per
3424 4064 3515 4134 pia
3536 4079 3708 4132 opera
3743 4067 3847 4120 Deo

2274 4138 2546 4190 familiaris
2576 4137 2704 4197 fuit,
2735 4133 2823 4202 qui
2854 4150 2964 4202 pra:
3001 4133 3248 4186 omnibus
3275 4133 3573 4200 prophetis.
3604 4136 3700 4200 qui
3733 4149 3846 4201 post

2276 4209 2420 4260 illum
2471 4207 2715 4268 fuerunt,
2747 4203 3100 4272 peculiaribus
3138 4203 3388 4270 dignatus
3440 4211 3525 4255 est
3571 4204 3844 4256 Creatoris

2269 4278 2568 4343 colloquiis.
2603 4285 2783 4342 utpote
2809 4289 2929 4326 cum
2963 4274 3099 4324 Deus
3125 4273 3294 4337 ip~um
3324 4287 3385 4324 os
3411 4273 3477 4323 ad
3501 4287 3562 4323 os
3594 4273 3840 4339 alloquu-

2271 4356 2353 4397 tns
2389 4348 2459 4397 sit
2503 4346 2552 4396 in
2592 4345 2800 4410 specie,
2842 4358 2946 4393 non
2995 4357 3093 4408 per
3136 4343 3414 4408 :enigmata
3445 4381 3459 4401 ,
3516 4343 3611 4406 qui
3663 4344 3841 4394 divino

2270 4415 2408 4481 igne,
2438 4411 2761 4465 illuminandi
2794 4412 2984 4471 80111111,
3016 4426 3119 4481 11011
3150 4411 3336 4462 urcndi
3359 4411 3462 4481 vim
3495 4411 3752 4481 habente,
3780 4413 3839 4463 ad

2271 4479 2359 4534 Dei
2389 4482 2886 4546 contemplationem
2915 4479 3187 4531 institutus
3214 4490 3295 4531 est
3316 4520 3330 4542 ,
3379 4480 3464 4546 qui
3499 4479 3689 4532 divino
3717 4497 3838 4533 cou-

2265 4553 2384 4605 silio
2409 4554 2539 4603 deus
2584 4550 2873 4602 Pharaonis
2919 4549 3210 4616 appellatus
3254 4556 3369 4609 cst,
3419 4557 3476 4602 et
3515 4553 3838 4600 veneranda:

2267 4621 2638 4687 appellationis
2688 4618 2956 4671 consortio
2977 4658 3016 4687 ,γ
3043 4632 3149 4687 [11το
3179 4617 3242 4668 118
3276 4620 3526 4687 omnibus
3565 4621 3662 4686 qui
3723 4630 3837 4669 tunc

2262 4685 2434 4750 θηίηι,
2479 4698 2694 4740 ornatus
2719 4697 2798 4740 est
2829 4726 2845 4750 ,
2872 4687 2961 4752 qui
2991 4686 3242 4738 divinitus
3288 4685 3650 4738 immissarutn
3681 4687 3836 4753 diti)"

2264 4759 2386 4825 ptiis
2412 4760 2677 4825 plagarum
2700 4758 2940 4809 minister
2961 4756 3381 4825 terribilissimus
3410 4757 3741 4807 constitutus
3764 4769 3837 4806 est

2263 4824 2316 4879 et
2343 4824 2653 4894 operatricis
2702 4827 2793 4878 Dei
2838 4826 3047 4876 virtutis
3075 4824 3443 4876 velocissimus
3491 4825 3731 4877 famulus
3759 4830 3831 4876 vi-

2261 4910 2350 4948 sus
2380 4893 2490 4956 est,
2531 4896 2617 4961 qui
2647 4894 2874 4960 Spiritus
2916 4893 3081 4945 sancti
3133 4894 3348 4945 lucerna
3379 4895 3686 4946 illustratus
3715 4905 3792 4945 est
3819 4935 3831 4952 ,

2261 4966 2548 5017 secundum
2577 4963 2904 5030 spiritualem
2932 4962 3122 5013 mentis
3149 4963 3384 5023 oculum,
3411 4975 3464 5014 et
3486 4964 3832 5030 antiquorum

2260 5035 2636 5100 omnipotentis
2674 5031 2893 5100 artitlcis
2937 5045 3158 5096 opermn
3209 5042 3492 5084 enarrator
3538 5048 3667 5084 sero
3717 5034 3833 5084 licet

2260 5105 2388 5164 fuit,
2414 5099 2502 5155 hic
2546 5103 2625 5152 vir
2671 5099 2854 5151 beatus
2883 5107 3001 5168 post
3024 5111 3324 5152 enarratam
3373 5101 3659 5168 pulchram
3691 5103 3831 5152 illam

2259 5185 2311 5225 et
2338 5174 2470 5226 bene
2496 5170 2792 5222 ordinatam
2835 5167 3017 5219 mundi
3046 5167 3398 5232 creationem,
3430 5171 3497 5222 ad
3530 5171 3830 5236 priscorum

2261 5243 2470 5295 illorum
2521 5239 2794 5290 hominum
2839 5237 3111 5289 historiam
3160 5241 3346 5302 venit,
3382 5241 3574 5305 partim
3635 5242 3832 5306 proho-

2257 5328 2372 5364 rmn
2397 5351 2411 5374 ,
2443 5311 2633 5379 partim
2677 5306 3069 5379 improborum,
3101 5316 3155 5359 et
3179 5309 3437 5359 bonorum
3465 5308 3684 5379 quidem
3719 5311 3831 5361 feti-

2257 5376 2525 5432 cissimum
2552 5378 2770 5436 exitum,
2805 5377 3065 5427 malorum
3094 5390 3220 5428 vero
3243 5376 3640 5430 exsecrandum
3675 5381 3831 5429 tinem

2256 5450 2534 5517 descripsit
2561 5487 2576 5510 ,
2607 5459 2663 5498 ut
2691 5445 2968 5517 exuuindi
3007 5446 3280 5498 creatione
3325 5448 3468 5498 circa
3506 5447 3600 5498 Dei
3630 5447 3831 5500 0111111111

2257 5515 2581 5578 erudiamur,
2611 5532 2673 5567 ex
2704 5515 3002 5582 priscorum
3033 5530 3156 5567 vero
3181 5517 3287 5566 vita
3312 5557 3324 5576 ,
3359 5518 3658 5583 nequitiam
3683 5531 3831 5566 aver-

2257 5591 2396 5646 sari.
2431 5590 2789 5650 virtutemque
2832 5585 3009 5636 colere
3054 5585 3342 5637 doceamur
3369 5627 3384 5649 ,
3433 5589 3624 5653 sicque
3679 5585 3830 5638 facile

2259 5657 2558 5726 religiosam
2611 5665 2664 5708 et
2713 5659 2920 5709 beatam
2952 5656 3111 5707 vitam
3159 5654 3441 5708 ducamus.
3491 5656 3658 5709 Multa
3691 5669 3830 5710 certe
