3976 6218
100 393 189 448 545

98 505 177 552 ille
201 500 489 567 priscorum
511 506 679 566 gesta,
712 493 909 550 virtute
934 495 1301 567 probitateque
1331 498 1481 567 plena
1508 497 1643 550 scri-

98 579 175 635 pto
202 566 407 621 tradidit
433 583 445 618 :
475 569 691 633 ipsaque
719 574 776 619 ut
800 566 1075 637 exemplar
1097 566 1438 635 conspicuum
1470 576 1648 637 poste-

98 640 158 691 ris
182 637 244 690 ad
271 637 576 689 imitandum
609 636 904 704 proposuit.
939 636 1102 691 Docet
1134 652 1229 689 nos
1272 639 1452 705 utique
1476 636 1641 699 Abel,

98 709 409 775 :opiosorum
455 705 569 775 Deli
592 720 902 775 munerum,
952 717 1233 774 antequam
1279 708 1357 760 eis
1400 718 1639 766 utamur,

104 774 334 828 primitias
378 790 497 828 esse
546 774 655 827 Deo
700 774 1018 836 oﬂ‘erendas,
1071 790 1239 844 neque
1278 776 1481 829 brutam
1513 789 1641 827 ven-

107 848 175 900 ris
242 845 581 897 voracitatem
644 858 763 897 esse
817 845 904 896 Dei
975 844 1159 898 honori
1219 844 1638 898 anteferendam.

96 915 207 967 Nam
234 915 281 967 ei
308 956 320 976 ,
344 915 431 984 qui
457 914 852 979 antiquissimus
899 915 1132 984 omnium
1167 926 1277 984 erat
1298 954 1313 979 ,
1342 915 1527 967 beatus
1558 914 1641 966 hic

96 985 207 1037 lbel
234 983 406 1037 ovium
438 984 782 1051 primogenita
825 983 1162 1043 immolabat,
1189 983 1312 1036 nihil
1346 994 1639 1050 postremo-

94 1070 191 1106 -nin
223 1055 284 1106 ad
314 1056 511 1106 cultum
542 1052 694 1121 primi
725 1052 1014 1119 proferens,
1046 1053 1138 1105 sed
1166 1052 1427 1105 fructuum
1458 1053 1639 1118 primi-

94 1125 163 1175 .iis
210 1125 432 1191 primum
481 1120 775 1191 genitorem
825 1120 1146 1191 glorificans.
1214 1122 1340 1175 Post
1393 1122 1539 1174 illum
1572 1122 1636 1175 ad

100 1190 322 1246 nstitiam
367 1190 965 1261 instituitadmirandus
1010 1190 1153 1257 Noe,
1183 1192 1269 1261 qui
1308 1200 1435 1261 toto
1464 1192 1638 1257 inique

92 1271 259 1331 igente
286 1262 498 1325 mundo,
531 1260 677 1313 solus
698 1262 915 1327 justitiae
936 1261 1217 1331 lanecmiin
1251 1262 1399 1313 bonis
1422 1260 1637 1329 justitite

92 1334 315 1399 )pel'ibtls
336 1347 438 1383 non
468 1331 819 1383 declinantem
851 1330 1097 1383 servavit.
1147 1330 1386 1399 Magnum
1424 1332 1636 1382 castita-

100 1405 142 1453 is
188 1402 454 1469 exemplar
493 1400 776 1467 juvenibus
828 1401 1139 1467 proponitur
1185 1402 1368 1453 beatus
1418 1399 1631 1467 Joseph,

92 1472 161 1539 pii
193 1472 240 1523 iu
270 1470 484 1538 juvenili
512 1484 734 1538 corpore
761 1470 1019 1522 castitatis
1043 1470 1233 1522 canitie
1260 1469 1468 1531 ﬂoruit,
1500 1478 1551 1521 et
1582 1472 1632 1521 in

90 1542 253 1593 rervili
282 1540 458 1592 habitu
489 1548 735 1591 strenuus
790 1540 964 1591 carnis
1014 1540 1336 1606 voluptatum
1390 1539 1636 1592 dominus

90 1612 330 1676 ipparuit.
357 1609 542 1662 Verum
569 1608 619 1660 lii
646 1608 779 1660 beati
804 1609 897 1660 viri
924 1608 1213 1674 peculiares
1239 1608 1369 1660 forte
1393 1608 1633 1675 quaedam

90 1689 193 1731 illi".
237 1680 494 1731 honorum
535 1678 819 1746 imagines;
848 1677 940 1729 sed
987 1678 1141 1730 unius
1172 1677 1268 1729 viri
1313 1677 1632 1729 mentionem

90 1749 193 1801 ‘acit
219 1750 441 1801 Abrahae
491 1747 837 1816 progenitoris
859 1787 873 1807 ,
906 1746 956 1798 in
990 1763 1091 1798 una
1138 1762 1358 1815 persona
1395 1748 1485 1816 toti
1516 1746 1632 1799 orbi

88 1819 278 1887 :ippum
308 1814 536 1885 erigens,
566 1814 739 1871 omnis
768 1817 977 1869 virtutis
1024 1814 1289 1887 specimen
1313 1856 1326 1879 ,
1360 1814 1425 1867 ad
1455 1815 1631 1887 imita-

88 1885 289 1941 .ionem.
336 1888 474 1941 Sane
498 1888 627 1954 justi
677 1900 899 1945 omnes,
943 1886 1111 1937 sancti
1160 1900 1373 1949 omnes,
1424 1885 1631 1937 lidelem

88 1958 423 2010 tbrahamum
472 1966 669 2023 patrem
711 1970 769 2008 se
819 1955 1013 2008 habere
1060 1955 1346 2023 gloriantur
1374 1995 1388 2020 ,
1418 1964 1470 2007 et
1499 1954 1633 2007 hanc

88 1972 423 2010 iuratiamum
506 1972 669 2010 atrcm
711 1972 769 2008 se
819 1972 1013 2008 nabere
1060 1972 1346 2023 gloriantur
1374 1995 1388 2020 ,
1418 1972 1470 2007 et
1499 1972 1633 2007 nanc

86 2030 433 2093 :ognatiouetn
464 1972 650 2081 ξουθή
679 2024 1010 2077 sibiducunt.
1039 2024 1139 2077 l’er
1168 2024 1305 2076 hunc
1335 2027 1474 2077 enim
1504 2025 1633 2076 lide-

90 2098 205 2149 ibus
233 2099 376 2150 zelus
401 2096 520 2149 lidei
548 2096 717 2158 inest;
750 2095 1093 2162 hospitalibus
1122 2095 1231 2163 ipse
1258 2094 1631 2161 hospitalitatis

86 2167 251 2219 lector
279 2176 391 2229 est,
427 2166 582 2234 idque
625 2163 907 2234 operibus,
954 2179 1057 2217 non
1104 2164 1314 2227 verbis;
1362 2163 1633 2234 religionis

86 2238 277 2289 ithlette
305 2244 655 2297 coronantur,
685 2234 800 2302 ejus
822 2233 1179 2286 fortitudinent
1204 2234 1497 2296 imitantes;
1531 2233 1630 2285 hu-

88 2321 149 2357 us
177 2306 446 2373 archetypi
476 2307 727 2373 imagines
757 2314 879 2373 sunt
904 2317 1090 2357 omnes
1137 2304 1481 2370 magnanimi;
1512 2304 1628 2369 ejus

88 2375 302 2428 mitandi
332 2372 562 2427 studium
590 2372 793 2427 tantam
817 2372 1080 2441 justorum
1106 2372 1495 2424 multitudinem
1533 2388 1629 2440 pe-

84 2446 231 2508 ierit;
264 2460 325 2498 ex
370 2445 467 2497 hac
502 2446 591 2497 Dei
622 2450 831 2495 amante
862 2443 1067 2505 radice,
1098 2455 1283 2493 omnes
1304 2442 1631 2508 pullularunt

84 2516 159 2567 )ei
189 2524 444 2566 amantes.
474 2512 541 2566 Et
560 2528 655 2566 cur
676 2512 876 2579 singula
902 2510 1226 2580 persequor?
1246 2510 1444 2565 Omnes
1464 2515 1626 2579 enim,

82 2592 121 2635 it
154 2585 220 2635 ita
248 2586 456 2646 dicam,
486 2582 822 2651 quormnglux
876 2580 1039 2650 fulget
1082 2596 1259 2651 coram
1305 2581 1626 2645 hominibus,

82 2669 127 2705 εχ
164 2653 303 2707 fideli
339 2649 685 2722 progenitoris
716 2649 929 2722 lucerna
962 2649 1182 2705 accensi
1214 2650 1461 2714 fuerunt,
1513 2662 1627 2703 ian-

84 2738 249 2791 osque
273 2725 322 2779 ei
340 2720 538 2790 probos
569 2723 705 2776 filios
732 2720 799 2791 pii
831 2735 1005 2791 mores
1038 2730 1374 2789 pepererunt.
1421 2722 1628 2775 Mentiri

80 2789 203 2846 enim
232 2789 537 2860 nonpotest
566 2794 609 2845 is
635 2793 721 2860 qui
770 2789 932 2860 dicit_,
972 2790 1172 2843 Patrem
1208 2792 1479 2843 multarum
1508 2807 1626 2859 geu-

82 2865 186 2915 ium
216 2858 431 2932 posui—te
460 2862 613 2931 (Gen.
642 2858 727 2914 l7.
756 2860 849 2928 5).
880 2858 924 2913 Ο
948 2860 1298 2932 beataanima
1322 2900 1333 2921 ,
1364 2876 1482 2932 qua:
1511 2858 1623 2912 tan-

80 2948 169 2985 am
201 2931 571 3001 przeclarorum
618 2945 839 2999 operum
870 2932 1076 2997 copiam
1110 2931 1158 2981 in
1192 2945 1352 3001 unum
1377 2931 1623 2995 collegit!

80 3002 138 3054 l‘u
170 2998 529 3055 feraciSsimus
550 2998 674 3053 vere
698 3014 842 3067 ager,
870 3008 920 3051 tu
950 3001 1190 3066 planities
1212 2998 1627 3052 fructuosissnna

78 3074 264 3125 )iOl‘UIn
283 3086 523 3139 Operum,
545 3082 598 3123 tu
623 3080 825 3138 pratum
845 3067 1085 3120 ﬂoridum
1104 3068 1398 3133 omnigenis
1413 3070 1628 3135 justitia:

78 3143 280 3193 loribus
297 3155 540 3203 vernans;
562 3149 614 3192 tu
626 3152 820 3192 corona
833 3139 1091 3205 speciosa,
1110 3139 1332 3190 mediam
1350 3141 1627 3191 continens

78 3226 285 3277 tantque
309 3211 592 3279 fulgentem
626 3208 747 3262 lidei
766 3209 1135 3279 margaritam.
1170 3210 1426 3275 l’rwcepit
1450 3210 1621 3261 Deus:

78 3276 319 3349 LEgredere
346 3276 406 3331 de
437 3290 568 3331 terra
591 3289 678 3331 tua
704 3283 721 3345 (
753 3276 877 3329 Gen.
907 3278 997 3349 12.
1029 3276 1089 3347 1)
1123 3293 1135 3331 ;
1171 3287 1222 3328 ttt
1253 3292 1376 3331 vero
1408 3294 1508 3349 non
1536 3294 1628 3331 ue-

78 3347 303 3415 ;lexisti,
348 3350 438 3403 sed
469 3351 567 3401 iter
592 3347 954 3415 capessivisti,
997 3356 1277 3413 antequam
1324 3348 1625 3400 mandatum

78 3422 435 3488 :ompleretur.
486 3419 698 3471 Addidit
729 3417 891 3479 dicto,
929 3417 1178 3486 Egredere
1224 3419 1285 3468 de
1330 3427 1461 3469 terra
1507 3429 1624 3481 tua,

80 3492 208 3554 llud,
242 3489 310 3542 Et
338 3492 398 3541 de
426 3490 720 3558 cognatione
740 3498 825 3538 tua
849 3504 866 3539 :
896 3498 947 3539 tu
973 3501 1098 3539 \ero
1131 3502 1232 3538 non
1276 3489 1540 3539 emollitus
1567 3505 1625 3539 es

78 3578 121 3612 ελ
150 3576 332 3613 amore
362 3557 568 3627 generis
602 3557 675 3627 tui
696 3597 710 3621 ,
752 3559 933 3625 generi
974 3560 1088 3618 ejus
1114 3566 1381 3627 auctorem
1420 3560 1626 3609 antefe-

78 3646 203 3683 ’cnS.
237 3626 381 3683 Dixit,
401 3632 537 3681 Deus
558 3668 571 3689 ,
606 3626 857 3695 Egredere
886 3628 947 3680 de
992 3636 1245 3695 terratua
1276 3636 1322 3677 et
1350 3626 1411 3677 de
1436 3643 1622 3693 cogna-

78 3702 193 3752 ione
219 3712 326 3763 tua,
358 3700 601 3766 quodque
632 3694 711 3749 his
734 3699 943 3763 gravius
964 3706 1043 3749 est
1067 3736 1079 3758 ,
1110 3694 1172 3746 Et
1201 3698 1261 3766 de
1288 3696 1436 3766 demo
1462 3698 1621 3763 putris

78 3773 125 3822 ui
152 3786 171 3822 :
198 3772 290 3823 sed
324 3764 385 3821 es
414 3769 495 3829 iis,
520 3764 642 3834 quae
674 3767 811 3818 Deus
841 3767 1110 3834 priecepit.
1142 3765 1267 3816 nihil
1298 3764 1483 3816 durum
1516 3768 1625 3819 exi-

84 3843 301 3893 timasti.
345 3837 455 3890 Non
496 3836 733 3889 cohibuit
762 3836 920 3888 anitni
963 3838 1034 3887 tui
1085 3834 1409 3887 alacritatem
1456 3836 1625 3886 honor

78 3910 242 3973 iatri-,
278 3924 380 3961 non
407 3922 557 3959 amor
587 3907 788 3969 matris,
821 3922 922 3958 non
945 3904 1164 3957 aﬂ'ectus
1194 3918 1315 3971 erga
1347 3916 1619 3971 Cognatos.

78 3981 167 4032 ion
193 3978 434 4047 cogitasti
462 3984 584 4044 quot
605 3977 887 4047 glacrymas
914 3976 1085 4028 vetula
1137 3983 1307 4025 mater
1334 3973 1402 4025 ob
1428 3983 1478 4026 te
1508 3975 1624 4025 fu..-

78 4054 179 4111 let,
217 4043 321 4101 non
352 4043 491 4114 quot
517 4056 565 4097 te
596 4043 805 4096 ﬂetibus
845 4060 1002 4098 senex
1034 4053 1178 4112 pater
1210 4052 1625 4111 prosequuturus

85 4123 141 4173 it.
172 4120 286 4172 Non
315 4119 454 4170 enim
482 4116 669 4183 putasti
691 4123 740 4166 te
765 4116 1125 4166 lnnuaniorem
1157 4115 1243 4165 illo
1262 4127 1379 4165 esse
1405 4114 1619 4176 debere,

90 4194 139 4242 ui
168 4200 217 4242 te
251 4188 471 4241 vocavit.
514 4186 637 4238 Erat
682 4185 771 4236 tibi
814 4196 961 4251 pater
991 4184 1353 4247 venerandus,
1388 4186 1479 4235 sed
1521 4200 1622 4235 non

90 4268 311 4312 uantum
340 4258 573 4310 omnium
619 4254 773 4306 Pater
804 4269 816 4304 :
850 4254 1062 4306 amabas
1095 4264 1345 4315 nuttrem,
1389 4254 1480 4305 sed
1510 4269 1622 4304 tua-

78 4322 131 4382 is
167 4328 258 4383 Dei
291 4330 511 4381 cultum.
538 4324 814 4375 Patet-nam
844 4326 1055 4375 dommn
1077 4364 1090 4387 ,
1123 4324 1402 4376 etdivitias
1434 4338 1622 4390 proge-

78 4400 243 4452 iitoris
272 4395 533 4465 sprevisti.
560 4394 776 4449 Sciebas
802 4394 940 4445 enim
964 4394 1101 4443 Solas
1134 4394 1251 4465 lidei
1275 4393 1482 4465 divitias
1508 4394 1621 4443 aui-

78 4486 153 4521 nae
183 4463 490 4533 com—petere
514 4507 527 4529 ,
572 4464 942 4533 immortalem!
956 4463 1621 4533 possessionem,_thesau—

84 4554 171 4590 uin
206 4530 491 4603 numquam
522 4530 953 4603 eXpilandutnaO
980 4534 1148 4603 qualis
1178 4534 1347 4603 stella,
1380 4531 1621 4603 Lucifero

82 4601 418 4675 plendidio‘r,
450 4622 518 4659 ex
548 4601 750 4675 oriente
782 4604 831 4653 in
886 4601 1238 4675 Pal-.estinatn
1266 4602 1501 4675 eﬂulsisti
1522 4602 1547 4675 !_
1568 4601 1621 4675 In

78 4672 347 4730 enebroso
378 4677 660 4730 multorum
710 4672 931 4724 deorum
963 4674 1178 4733 saeculo,
1230 4673 1379 4724 lwtos
1402 4672 1621 4723 emisisti

78 4748 155 4801 tice
186 4746 458 4813 religionis
488 4744 682 4798 radios.
714 4742 789 4795 Te
822 4744 957 4794 Deus
1003 4742 1194 4792 boouin
1221 4740 1427 4813 pietatis
1459 4741 1624 4813 fereo-

78 4835 163 4870 um
195 4820 245 4869 in
294 4810 540 4868 acerbam
572 4814 987 4867 Chanameorum
1016 4821 1225 4879 gentem
1275 4812 1510 4863 immisit.
1545 4810 1622 4863 Tu

78 4901 326 4956 amquam
377 4885 452 4956 sal
497 4882 829 4956 benignitatis
851 4922 865 4945 ,
896 4882 1147 4956 improha:
1179 4881 1296 4956 vita:
1317 4880 1624 4956 condimen-

78 4949 360 5010 um'l'uisti.
411 4955 488 5009 Tu
540 4949 849 5023 tranquillus
910 4952 1197 5018 apparuisti
1253 4949 1623 5023 hospitalitatis

78 5038 240 5081 .ortus
270 5029 318 5078 in
350 5026 525 5079 medio
554 5022 902 5093 tempestatis,
930 5024 978 5073 in
1010 5023 1177 5073 media
1208 5022 1619 5087 alienigenarum

78 5114 123 5151 in
133 5098 326 5149 manita
337 5106 405 5149 te.

124 5169 179 5221 3.
210 5164 489 5232 Quomodo
513 5203 527 5229 ,
560 5178 591 5216 ο
618 5163 698 5216 vir
721 5162 871 5215 beate
896 5202 908 5221 ,
939 5162 1220 5231 benignum
1253 5169 1392 5212 tuum
1426 5158 1625 5212 descri-

78 5253 174 5291 iam
204 5234 643 5289 tabernaculum?
672 5232 937 5301 quomodo
978 5248 1081 5284 non
1113 5232 1343 5283 mirabor
1370 5245 1618 5297 quercum

80 5305 589 5373 lambre(Gen.18.
635 5304 695 5370 1)
737 5318 892 5373 quam
948 5310 1001 5353 tu
1040 5301 1199 5373 bouis
1251 5302 1484 5352 moribus
1522 5303 1623 5353 tuis

78 5382 239 5432 nitetn
292 5371 547 5430 elfecisti?
596 5373 705 5426 Hoc
754 5371 1145 5423 tabernaculum
1188 5384 1469 5423 commune
1510 5377 1623 5421 erat

84 5447 348 5503 iatoribus
368 5445 709 5505 domicilium,
740 5455 901 5493 unum
926 5440 1217 5506 hospitibus
1248 5441 1490 5491 omnibus
1518 5439 1624 5489 lau-

78 5538 165 5574 unt
197 5518 495 5573 convivium
526 5534 538 5567 :
570 5515 726 5565 totius
762 5512 904 5563 orbis
946 5511 1307 5576 pandocheutn
1347 5509 1459 5561 sine
1487 5522 1622 5558 mer-

80 5592 221 5644 ede:
257 5602 361 5639 non
400 5586 451 5638 in
494 5592 698 5637 remoto
725 5581 841 5635 loco
870 5580 1050 5640 situm,
1090 5588 1144 5630 ut
1180 5580 1378 5643 requiei
1420 5582 1623 5629 lucrum

87 5669 264 5719 iteret,
297 5654 388 5709 sed
416 5656 466 5708 in
508 5654 719 5707 deserto
748 5650 979 5719 quidem,
1027 5650 1118 5719 sed
1149 5650 1326 5719 media
1352 5648 1535 5719 in_via,
1570 5653 1623 5719 et

78 5743 221 5796 i-opc
254 5715 527 5782 communi
558 5722 719 5780 totius
754 5715 1042 5775 Pahestiua:
1073 5716 1387 5772 diversorio.
1418 5715 1497 5771 Tu
1526 5716 1623 5770 sub

1122 381 1389 439 CONTRA
1432 381 1751 437 ΤῐΙΕΑῚἩΛ
1777 420 1791 446 ,
1834 380 2277 446 ETC.,SERMO.

3223 404 3338 459 546

1754 511 1955 569 quercu
1988 505 2149 569 totam
2182 500 2322 554 diem
2353 498 2680 569 transigebas
2710 499 2885 556 bonus
2912 501 3203 557 viatoribus
3239 521 3327 559 re-

1752 567 1892 633 quiei
1921 567 2190 633 capienda!
2216 570 2447 622 nuntius.
2488 567 2637 622 Visus
2667 582 2747 623 est
2779 572 2867 623 tibi
2893 572 3155 631 Christus.
3188 592 3219 625 (ι
3248 579 3328 629 vir

1750 635 2081 709 admirande,
2114 654 2153 709 a_
2179 638 2384 691 duobus
2415 639 2617 706 angelis
2642 641 2885 705 stipatus,
2914 653 2965 694 ct
2996 655 3209 709 propter
3238 644 3324 696 lto-

1750 705 2089 777 spilalitatem
2135 707 2305 759 factus
2332 723 2389 760 es
2414 718 2465 760 et
2495 705 2587 760 Dei
2624 719 2677 760 et
2703 705 3012 777 angelorum
3043 705 3325 765 contuber-

1749 774 1901 846 nalis.
1933 774 1977 828 Ο
2004 775 2213 828 beatum
2246 778 2664 840 tabernaculum,
2698 774 2836 846 quod
2874 780 3034 832 Deum
3066 796 3183 833 eum
3225 798 3324 834 an-

1747 843 1882 913 gelis
1909 859 2001 911 per
2027 848 2377 898 (eeonomiam
2405 848 2644 913 excepit!
2685 843 2833 901 Visus
2859 859 2938 901 est
2964 851 3051 902 tibi
3085 850 3325 905 Christus

1750 911 1977 989 hominis
2006 914 2169 989 forma
2194 916 2351 967 divini
2385 915 2464 968 sui
2491 911 2810 989 etsalutaris
2837 920 3093 973 adventus
3122 932 3322 989 myste—

1747 982 1821 1068 ria
1854 984 2135 1068 e‘nuntiaiis
2161 994 2421 1068 :at‘tamen
2454 987 2967 1068 priesentisglpriam
2993 982 3319 1068 nequaquam

1748 1059 1797 1103 te
1841 1052 1909 1104 ob
1948 1055 2192 1105 servilem
2236 1052 2466 1107 formant
2506 1055 2673 1107 latuit.
2723 1052 2962 1111 Habebas
3005 1052 3145 1111 enim
3182 1052 3320 1113 alios

1744 1124 1926 1197 oculos
1970 1124 2159 1197 quibus
2202 1126 2452 1197 Dptiiinus
2494 1126 2847 1197 cognoscitur.
2890 1128 3121 1197 _l\'overas
3166 1131 3321 1197 igitur

1745 1192 2093 1261 mediatorem
2122 1194 2211 1245 Dei
2236 1194 2447 1255 Filium,
2477 1195 2563 1261 qui
2596 1196 2643 1245 in
2671 1194 2845 1247 medio
2871 1195 3092 1249 duorum
3120 1192 3319 1250 anima-

1744 1260 1869 1312 lium
1895 1264 2232 1330 appariturus
2260 1274 2392 1315 erat.
2425 1260 2582 1315 Miror
2606 1274 2749 1316 certe
2776 1275 2937 1327 tuam,
2967 1283 2998 1317 o
3024 1278 3104 1319 vtr
3134 1268 3306 1331 beate,

1742 1346 1864 1402 erga
1914 1347 2006 1384 eos
2058 1334 2147 1402 qui
2195 1333 2284 1384 tibi
2340 1334 2658 1385 adstiterunt
2700 1335 3065 1401 diligentiam:
3102 1348 3313 1402 poteras

1742 1401 1881 1452 enim
1912 1402 2097 1467 jubere
2128 1401 2345 1464 famulo,
2383 1414 2428 1453 et
2459 1403 2606 1469 jussu
2638 1402 2869 1456 ofﬁcium
2906 1415 3189 1470 priestare;
3219 1422 3312 1459 cu-

1740 1472 1949 1522 curristi
1984 1481 2034 1523 tu
2073 1486 2231 1524 senex
2275 1473 2337 1522 ad
2372 1473 2551 1533 boves,
2593 1474 2794 1525 ardenti
2834 1473 3097 1527 desiderio
3141 1478 3309 1530 senile

1740 1553 1930 1606 corpus
1959 1540 2202 1593 fulciens.
2245 1541 2473 1607 Operum
2521 1556 2741 1594 consors
2785 1543 2973 1596 alacris
3012 1556 3123 1597 erat
3154 1561 3307 1611 uxor,

1740 1618 1792 1660 ct
1824 1624 2017 1677 panum
2061 1624 2366 1680 azymorum
2398 1611 2546 1677 capia
2584 1626 2821 1664 mensam
2858 1616 3146 1666 coronabat
3175 1632 3186 1665 :
3218 1630 3310 1667 ne-

1739 1694 1852 1750 que
1879 1681 2019 1732 enim
2043 1678 2518 1750 fermentationem
2540 1749 2543 1750 ν
2564 1684 2888 1747 exspectavit
2936 1682 3308 1750 hoSpitalitatis

1739 1749 1989 1801 studium.
2028 1748 2217 1803 Omnia
2242 1765 2399 1817 porro
2437 1749 2725 1818 agebantur
2748 1766 2867 1803 cum
2909 1748 3097 1805 timore
3128 1764 3179 1807 et
3206 1769 3303 1806 ve-

1739 1818 2033 1883 neratione,
2077 1834 2179 1871 non
2211 1820 2358 1887 quasi
2391 1820 2533 1872 viros
2577 1822 2874 1887 excepisset
2919 1822 3164 1887 hospitio,
3211 1821 3304 1875 sed

1736 1888 2025 1957 quasiDeo
2055 1890 2369 1941 sacrificium
2406 1889 2701 1941 obtulisset.
2736 1891 2857 1942 Ideo
2894 1892 3177 1957 prirclarus
3203 1901 3305 1953 est,

1735 1968 1769 2007 ο
1800 1956 1877 2008 vir
1904 1956 2072 2021 beate,
2102 1966 2202 2011 tute
2236 1958 2603 2023 hospitalitatis
2625 1958 2845 2022 fructus,
2883 1956 3129 2026 pra-clara
3160 1978 3310 2015 amo—

1736 2026 1810 2077 ris
1831 2041 1950 2095 erga
1981 2028 2145 2080 Deum
2169 2042 2391 2080 merces.
2418 2028 2704 2079 Solvuntur
2731 2029 2868 2081 enim
2890 2040 3079 2095 prteter
3095 2046 3307 2083 omnem

1736 2107 1884 2165 spem
1911 2098 2105 2150 sterilis
2136 2098 2302 2149 vulva:
2330 2098 2553 2155 vincula.
2585 2107 2934 2165 emortuaque
2970 2099 3113 2152 senis
3143 2116 3310 2152 mem-

1736 2162 1831 2236 bra
1860 2169 1923 2217 ad
1964 2170 2199 2235 germani
2247 2166 2338 2218 lilii
2368 2180 2547 2219 semen
2580 2166 2790 2230 ﬂorent,
2836 2162 2886 2221 et
2928 2168 2995 2221 ab
3037 2171 3308 2236 unigenito

1737 2233 1847 2305 Deo
1876 2233 2129 2304 unigeniti
2171 2236 2263 2290 lilii
2297 2237 2535 2288 nuntium
2570 2236 2784 2303 accipis.
2827 2238 2967 2288 Circa
2996 2238 3086 2289 hoc
3114 2233 3309 2305 tempus

1736 2303 1924 2371 inquit,
1960 2303 2174 2369 ueniam,
2203 2320 2247 2357 et
2271 2307 2362 2357 erit
2390 2306 2700 2375 Sorte/ilius
2724 2305 2873 2375 (Gen.
2908 2307 2993 2359 18.
3028 2308 3135 2375 10).
3164 2303 3308 2373 Quo-

1736 2376 1894 2426 modo
1927 2385 2066 2427 tuam
2096 2389 2191 2442 pro
2217 2376 2407 2427 merito
2439 2374 2662 2427 laudabo
2690 2374 2869 2438 tidem,
2905 2391 2935 2428 ο
2958 2375 3305 2431 beatissime?

1733 2442 1916 2515 Neque
1960 2446 2099 2515 enim
2142 2446 2280 2515 circa
2328 2444 2734 2515 promissionem
2772 2444 3086 2507 dis-seruisti,
3131 2461 3303 2515 neque

1733 2512 1871 2566 circa
1900 2514 2332 2582 pollicitationem
2361 2513 2689 2576 claudieasti,
2714 2528 2883 2581 neque
2908 2516 3147 2582 regitasti
3174 2512 3298 2568 cor-

1735 2598 1832 2651 pus
1864 2594 2009 2637 tuum
2036 2594 2359 2647 emortuum,
2393 2598 2512 2635 cum
2556 2584 2892 2635 centenarius
2918 2599 3083 2652 prope
3110 2600 3258 2638 65565
3284 2602 3297 2637 :

1734 2668 1904 2722 neque
1947 2654 2225 2721 respexisti
2271 2654 2322 2705 in
2367 2652 2699 2705 sterilitatem
2751 2656 2918 2705 vulvze
2970 2653 3149 2717 Sane;
3206 2653 3301 2707 sed

1732 2725 2105 2777 eorroboratus
2128 2738 2187 2777 es
2218 2723 2336 2785 lide,
2368 2724 2543 2776 sciens
2574 2723 2733 2775 Deum
2774 2739 2890 2789 quae
2932 2726 3171 2790 promisit
3202 2728 3300 2775 llll-

1736 2794 1882 2860 plere
1923 2809 2099 2862 posse.
2128 2793 2308 2861 Neque
2336 2794 2476 2845 enim
2522 2802 2720 2844 natura:
2746 2794 3108 2846 all'ecuonibus
3140 2804 3304 2848 serwt

1735 2873 1935 2917 naturae
1959 2862 2200 2926 Creator,
2231 2864 2349 2922 quia
2374 2874 2574 2914 natura:
2602 2864 2897 2914 necessitati
2931 2878 3033 2915 non
3064 2865 3302 2930 subjacet

1733 2933 1871 2986 Deus
1901 2935 1949 2985 in
1980 2935 2227 2999 operibus
2257 2934 2383 2993 suis,
2415 2947 2533 2983 eum
2564 2931 2737 2982 omnis
2767 2944 2963 2983 natura-
2989 2934 3055 2984 sit
3080 2934 3295 2999 Opifex:

1732 3006 1970 3070 sequitur
1999 3012 2171 3054 autem
2202 3012 2383 3052 natura
2408 3001 2472 3053 ad
2504 3016 2713 3053 omnem
2744 3002 3047 3052 mutationis
3069 3005 3299 3069 Speciem

1734 3069 1950 3125 liberam
1982 3073 2195 3138 Opilicis
2228 3071 2569 3123 voluntatem.
2604 3069 2779 3137 Itaque
2808 3086 2909 3121 non
2941 3087 2969 3120 a
3001 3086 3095 3138 spe
3123 3073 3300 3139 lapsus

1730 3157 1807 3205 es,
1839 3158 1870 3191 o
1897 3146 1975 3194 vir
1997 3142 2167 3202 beate,
2194 3143 2284 3191 sed
2316 3150 2462 3205 pater
2491 3142 2539 3190 in
2570 3140 2855 3191 constituto
2883 3150 3137 3205 tempore,
3168 3151 3221 3192 et
3246 3144 3297 3193 in

1731 3222 1969 3264 emortua
2006 3221 2274 3264 senectute
2310 3212 2535 3261 vocaris.
2567 3210 2641 3260 Ae
2673 3211 2869 3275 primus
2904 3211 3045 3261 vides
3074 3225 3135 3262 ex
3168 3212 3296 3262 Sara

1732 3282 1975 3341 fructum,
2020 3296 2081 3334 ac
2120 3280 2328 3332 ωηιξη-ἰῇ
2376 3280 2639 3346 quoume
2691 3280 2873 3331 \etula:
2920 3292 3111 3346 praeter
3148 3296 3297 3346 spent

1731 3350 1882 3403 lactis
1926 3351 2093 3402 fontes
2138 3358 2381 3401 emanent
2415 3367 2425 3401 :
2458 3350 2714 3415 pauloque
2762 3360 2940 3413 postea
2990 3364 3107 3400 cum
3153 3350 3300 3416 prole

1732 3420 1982 3483 halhutis,
2010 3422 2278 3487 liliumque
2303 3419 2463 3470 doces
2496 3428 2543 3470 te
2577 3433 2765 3469 vocare
2797 3429 3015 3485 patrem,
3046 3423 3177 3469 hane
3204 3435 3299 3486 po-

1730 3491 1935 3543 snilms
1974 3505 2003 3542 a
2037 3491 2141 3541 tilio
2180 3489 2608 3555 appellationem.
2639 3502 2795 3553 quam
2830 3490 2972 3553 prius
3002 3490 3167 3554 gratia
3205 3503 3298 3554 per

1732 3563 2135 3625 promissionem
2186 3561 2503 3611 lirmaverat.
2549 3556 2825 3625 Quomodo
2862 3571 2921 3609 ea
2964 3572 3081 3623 qua:
3111 3558 3299 3610 subse-

1731 3624 1891 3694 quuta
1944 3638 2067 3682 sunt
2094 3638 2237 3696 gesta
2276 3626 2523 3689 narrabo,
2553 3624 3009 3696 vir_admirande?
3034 3627 3300 3696 quomodo

1728 3699 1992 3751 excelsam
2028 3694 2167 3750 tuam
2199 3707 2251 3749 et
2288 3698 2603 3749 celebratam
2634 3694 2789 3746 (idem
2814 3694 3168 3747 annuntiaho?
3200 3695 3302 3748 Su-

1730 3781 1823 3834 pra
1845 3767 2001 3819 fidem
2030 3777 2113 3820 est
2138 3768 2268 3819 lides
2291 3776 2394 3827 tua,
2428 3779 2581 3831 supra
2614 3765 2846 3815 auditum
2877 3779 3088 3815 onmem
3120 3776 3299 3818 sancta

1731 3838 1815 3889 illa
1853 3846 1936 3889 tua
1982 3851 2105 3904 erga
2152 3837 2314 3887 Deum
2359 3834 2723 3904 obsequentia.
2773 3834 2902 3895 Quis
2942 3836 3081 3884 enim
3118 3836 3300 3904 credet

1733 3921 2001 3973 mnquam,
2034 3903 2172 3973 quod
2203 3915 2350 3972 pater
2381 3903 2545 3955 lilium
2575 3916 2724 3953 suum
2757 3903 2805 3973 in
2838 3904 3060 3953 bestiam
3080 3903 3299 3973 rsineere

1732 3972 1849 4029 Deo
1881 3972 2169 4028 obtulerit?
2211 3974 2365 4026 Forte
2407 3988 2503 4024 nos
2548 3973 2645 4023 soli
2672 3972 2957 4034 credimus,
3002 3972 3088 4037 qui
3121 3983 3299 4040 patres

1729 4060 1832 4097 non
1868 4046 2080 4109 fuimus,
2120 4045 2205 4111 qui
2239 4043 2398 4110 prolis
2432 4056 2666 4094 amorem
2696 4056 2723 4091 a
2767 4050 2949 4111 natura
2981 4052 3081 4111 non
3108 4041 3296 4095 didici-

1730 4129 1867 4167 mus.
1919 4109 2149 4167 Accedat
2195 4109 2350 4179 hujus
2399 4112 2523 4163 dicti
2571 4120 2719 4163 tcsus
2769 4109 2942 4162 divina
2990 4110 3293 4176 Scriptura,

1730 4186 1877 4253 quasi
1912 4198 2083 4253 przeco
2124 4186 2389 4253 excelsus,
2417 4180 2721 4247 religio-mn
2756 4181 2909 4253 beati
2931 4180 3165 4253 animum
3195 4197 3301 4253 pex-

1729 4248 1983 4307 claiiians.
2034 4251 2156 4305 Post
2206 4256 2332 4315 lucc,
2381 4252 2567 4317 inquit,
2626 4251 2825 4300 tentavit
2871 4248 3007 4301 Deus
3048 4249 3300 4301 Abraham

1729 4323 1880 4391 (Gen.
1914 4322 2002 4373 Ἡ.
2032 4324 2105 4389 1).
2131 4321 2373 4373 Tentavit
2406 4331 2579 4371 autem
2612 4335 2713 4371 non
2747 4326 2801 4370 ut
2830 4333 2922 4385 per
2952 4321 3292 4391 tentationem

1728 4390 1995 4447 edisceret
2031 4392 2079 4443 id
2115 4392 2254 4458 quod
2289 4392 2569 4456 ignoraret,
2615 4397 2747 4441 teste
2795 4390 3297 4458 ususobsequcntia

1728 4465 1791 4514 ad
1826 4463 2059 4513 animum
2102 4457 2199 4511 viri
2230 4458 2609 4523 explorandum
2646 4458 2813 4509 :nihil
2861 4457 3000 4510 enim
3046 4472 3293 4525 umquam

1728 4532 1993 4600 ignoravit
2021 4530 2177 4593 Deus,
2220 4529 2311 4600 sed
2342 4528 2451 4594 ipse
2491 4528 2586 4579 sibi
2619 4526 2818 4600 sufficit
2847 4537 2901 4579 ut
2944 4543 3037 4594 per
3066 4527 3143 4579 sui
3172 4541 3299 4579 con-

1730 4596 2122 4668 témplationem
2167 4598 2341 4650 omnia
2382 4605 2665 4663 cognoscat
2692 4614 2704 4650 :
2729 4596 2819 4649 sed
2855 4605 2924 4668 _ut
2974 4611 3092 4647 eum
3132 4610 3297 4668 quem

1729 4665 1869 4722 clare
1899 4668 2261 4737 pra-noscebat
2288 4668 2759 4737 peritentationem
2794 4665 3101 4737 ediscerent
3129 4666 3299 4737 homi-

1730 4755 1843 4803 nes,
1876 4735 2296 4807 prteelarumque
2324 4736 2580 4807 haberent
2618 4735 2683 4786 ad
2718 4735 3059 4807 imitationem
3090 4736 3298 4803 pietatis

1728 4804 2016 4876 exemplar.
2041 4804 2294 4873 Quantam
2329 4821 2484 4873 porro
2526 4806 2630 4876 sint
2658 4804 2961 4855 teutationis
2988 4807 3164 4876 verba,
3204 4821 3299 4873 age

1728 4874 2143 4933 consideremus.
2176 4877 2447 4935 Abraham,
2479 4874 2665 4940 inquit,
2693 4875 2963 4924 Abraham.
2996 4874 3082 4925 ille
3108 4876 3297 4942 inquit,

1729 4950 1858 5002 Ecce
1887 4966 1995 5019 ego.
2040 4950 2121 5000 Ait
2146 4948 2257 5000 illi:
2286 4948 2467 5019 Accipe
2496 4944 2654 5009 ﬁlium
2692 4952 2830 5019 tuum
2872 4943 3125 5019 dilectum,
3155 4960 3299 5019 quem

1728 5012 2117 5088 diligis,'lsaac,
2149 5029 2192 5070 et
2220 5018 2342 5068 vade
2368 5017 2418 5088 in
2437 5012 2917 5088 Διςεγιυαηξιιφιςειείιιη,
2946 5022 2989 5063 et
3018 5012 3143 5088 offer
3176 5016 3297 5064 mihi

1728 5081 1871 5141 illum
1896 5081 1947 5141 in
1978 5091 2317 5140 holocaustum
2341 5083 2498 5153 (Ibid.
2525 5100 2569 5134 v.
2595 5081 2741 5153 2).γο
2766 5092 3016 5147 quantum
3047 5084 3180 5133 Deus
3212 5099 3301 5148 per

1730 5160 1843 5211 haec
1896 5160 2051 5211 verba
2109 5158 2226 5208 lidei
2279 5152 2625 5221 progenitoris
2679 5152 2811 5221 fecit,
2842 5153 3301 5221 experimentum?

1729 5230 1867 5283 Satis
1896 5239 2007 5280 erat
2030 5227 2245 5289 dixisse,
2275 5225 2466 5290 Accipe
2493 5223 2653 5281 lsaac,
2680 5231 2731 5274 et
2758 5220 2888 5272 tichr
2914 5220 3037 5271 mihi
3069 5220 3215 5272 illum
3248 5222 3296 5271 in

1731 5300 2115 5357 holocaustum,
2146 5310 2248 5348 non
2276 5304 2568 5346 memorato
2592 5293 2713 5351 lilio,
2744 5305 2839 5342 nee
2868 5305 2957 5357 per
2983 5290 3158 5341 dilecti
3190 5304 3299 5339 me-

1730 5369 1950 5420 moriam
1992 5365 2269 5419 commotis
2314 5363 2542 5429 paternis
2579 5361 2889 5411 visceribus.
2946 5360 3135 5410 Verum
3180 5358 3298 5423 quia

1731 5440 1812 5498 iis,
1846 5437 1932 5503 qui
1973 5436 2121 5487 bonis
2150 5433 2391 5495 alﬂuunt,
2426 5431 2727 5503 repentinus
2754 5430 3023 5503 malorum
3058 5430 3298 5479 incursus

1730 5498 2027 5575 graviorem
2048 5505 2178 5570 parit
2199 5503 2456 5563 dolorem,
2488 5501 2603 5551 ideo
2624 5499 2715 5575 ait,
2742 5499 2927 5575 Accipe
2950 5498 3109 5574 ﬁlium
3134 5505 3296 5575 tuum,

1728 5564 1781 5629 ἷιι
1811 5575 1973 5635 addit,
2006 5564 2273 5633 Dilectum,
2305 5586 2364 5622 ac
2391 5583 2622 5631 rursum,
2654 5566 2811 5631 Quem
2840 5564 3025 5633 diligis,
3061 5576 3112 5615 ut
3155 5564 3300 5618 hisce

1730 5646 1882 5697 bonis
1936 5640 2420 5709 appellationibus,
2478 5640 2528 5690 iti
2581 5637 2836 5709 bonarum
2894 5635 3299 5709 promissionum

1730 5730 1879 5783 spem
1926 5703 2108 5767 senem
2158 5711 2320 5781 prolis
2367 5716 2630 5763 amantem
2676 5707 2937 5773 erigeret,
2982 5703 3306 5774 inductoque
