3976 6218
626 389 740 448 547

625 493 902 549 confertim
931 492 1022 546 lllii
1052 491 1394 546 interﬁciendi
1427 503 1712 562 prmcepto,
1727 493 1886 561 jussis
1909 493 2010 547 illis
2040 493 2186 549 inex-

625 567 872 634 spectatis
921 565 1121 634 viscera
1168 564 1398 634 parentis
1427 565 1636 634 gravius
1686 564 2020 634 confoderet,
2078 579 2183 618 non

624 631 763 700 quod
786 634 982 700 justum
1021 633 1142 685 odio
1182 632 1416 701 haberet,
1438 631 1544 684 sed
1571 634 1710 701 quod
1743 635 1858 698 ejus
1897 631 2052 686 fidem
2080 636 2187 686 cla-

620 704 729 756 rius
768 703 964 755 mundo
1003 711 1179 754 notam
1219 700 1354 754 eflici
1400 700 1623 770 Optaret.
1669 703 1842 769 Itaque
1885 703 2184 770 priusquam

620 775 838 832 diceret,
871 771 1012 836 Oﬂ'er
1035 771 1178 823 illum
1215 771 1266 822 in
1299 771 1661 832 holocaustum,
1703 787 1766 824 ex
1797 772 1982 840 primis
2009 772 2184 825 verbis

623 843 726 894 illis
755 842 888 893 bona
917 841 1407 908 pra’nuutiantibus,
1436 841 1596 893 multa
1630 841 1796 894 fausta
1823 850 1970 893 curat
1992 857 2019 891 a
2041 842 2184 908 justo

624 913 737 964 viro
763 912 1001 980 cogitari.
1037 910 1102 962 Ut
1129 911 1324 980 audivit
1352 912 1492 962 enim
1527 910 1692 980 Deum
1719 925 1776 963 se
1800 919 2095 980 vocantem,
2123 926 2184 964 ac

621 981 906 1044 dicentem,
941 979 1212 1040 Abraham,
1243 979 1515 1041 Abraham,
1562 979 1738 1032 statim
1786 979 1864 1031 vir
1907 979 2182 1045 religiosus

617 1050 685 1102 de
709 1049 1062 1118 appellatione
1103 1049 1442 1118 illaigavisus
1481 1058 1582 1110 est,
1614 1049 1663 1101 in
1707 1049 1942 1102 lzetitiam
1982 1049 2182 1103 eﬂ'usus

617 1127 697 1172 est
722 1117 786 1172 ad
811 1120 950 1172 illam
975 1134 1176 1180 vocem,
1201 1117 1313 1170 hzec
1339 1133 1515 1171 secum
1539 1129 1806 1186 reputans,
1831 1130 1886 1170 ut
1910 1134 2002 1184 par
2027 1129 2140 1171 erat
2163 1136 2176 1170 :

615 1191 697 1242 An
729 1204 813 1242 me
841 1203 1048 1241 rursum
1089 1189 1225 1240 Deus
1271 1187 1498 1241 mirabili
1544 1189 1632 1240 illo
1674 1189 1936 1257 colloquio
1963 1188 2177 1257 dignum

614 1259 831 1312 censet?
860 1273 925 1310 an
947 1273 1035 1311 me
1062 1259 1171 1309 vult
1193 1258 1381 1310 iterum
1408 1257 1599 1309 divinis
1619 1256 1793 1310 verbis
1815 1256 2178 1311 sanctificare?

613 1341 680 1380 an
711 1343 915 1380 rursum
948 1325 1234 1380 transferre
1261 1326 1311 1378 in
1345 1327 1613 1379 meliorem
1642 1329 1945 1393 regionem?
1971 1342 2036 1379 an
2065 1343 2176 1380 ma-

616 1397 697 1450 los
739 1396 1068 1450 Chananu‘ns
1101 1396 1209 1447 vult
1249 1395 1489 1463 perdere,
1523 1406 1576 1448 ut
1616 1395 1934 1459 Sodomitas,
1967 1408 2021 1449 et
2057 1413 2172 1450 ser-

613 1482 733 1518 vuin
765 1481 938 1527 suum,
962 1477 1015 1518 ut
1037 1468 1172 1518 circa
1202 1465 1482 1517 Sodomam
1508 1467 1746 1533 contigit,
1774 1480 1878 1518 non
1901 1467 2010 1518 vult
2031 1467 2176 1534 igno-

612 1551 732 1590 rare
757 1537 1025 1589 decretum
1052 1535 1232 1602 judicii
1261 1535 1378 1586 sui?
1403 1551 1468 1586 an
1495 1535 1622 1603 mihi
1655 1535 1866 1588 secundi
1895 1546 2014 1603 post
2039 1536 2176 1588 Isaa-

609 1620 733 1658 cum
761 1606 848 1658 lilii
872 1606 1046 1658 l:etum
1075 1605 1312 1656 nuntium
1344 1613 1490 1670 optat
1514 1602 1723 1668 afferre,
1752 1602 1973 1657 duorum
2003 1605 2173 1658 oculis

611 1675 839 1727 llliorum
883 1683 1208 1727 senectutem
1261 1689 1434 1727 meam
1488 1675 1602 1726 luce
1647 1674 1928 1739 consmcua
1972 1675 2172 1727 donare

607 1744 821 1797 volens?
847 1743 916 1798 Ut
945 1755 1117 1796 autem
1141 1743 1357 1804 audivit,
1386 1745 1583 1810 Accipe,
1613 1743 1915 1812 priusquam
1939 1743 2166 1808 audiret,

607 1811 822 1876 Filium,
851 1814 1113 1882 cogitabat
1144 1814 1303 1865 Deum
1335 1826 1391 1866 se
1420 1811 1808 1882 alloquuturtttu
1840 1827 1957 1866 esse
1996 1813 2062 1866 de
2086 1828 2172 1865 sa-

605 1883 841 1946 crificiis,
875 1885 1158 1951 petiturum
1197 1883 1263 1933 ab
1300 1897 1358 1934 se
1399 1897 1495 1948 pro
1522 1885 1648 1951 dato
1691 1883 1799 1936 lilio
1840 1883 2168 1936 benedictio-

607 1967 732 2004 num
764 1950 1037 2005 honerem.
1071 1951 1138 2005 Ut
1167 1952 1364 2004 audivit
1389 1961 1586 2013 autem,
1613 1950 1808 2004 Filium
1837 1961 1996 2016 tuum,
2030 1952 2167 2005 inte-

607 2022 705 2074 rim
731 2021 799 2074 de
838 2021 1057 2074 lsmaele
1085 2021 1367 2088 cogitabat,
1399 2032 1589 2088 putans
1616 2022 1841 2076 solutam
1877 2037 1994 2074 esse
2020 2021 2166 2074 Sane

604 2091 937 2161 zelotypiam,
988 2091 1212 2161 ideoque
1243 2091 1396 2161 illum
1421 2105 1450 2141 a
1496 2091 1721 2161 benigno
1761 2091 1868 2144 Deo
1907 2092 1956 2143 in
1988 2101 2163 2157 pater-

603 2177 722 2212 naut
749 2159 964 2213 domum
991 2159 1344 2212 reducendum
1374 2175 1511 2212 esse.
1540 2159 1670 2212 Cum
1699 2173 1872 2213 autem
1899 2162 2040 2214 clare
2069 2175 2164 2212 au-

599 2230 785 2292 disset,
820 2229 1087 2291 Dilectum,
1116 2245 1258 2296 quem
1287 2229 1477 2296 diligis,
1519 2228 1685 2293 Isaac,
1717 2232 1893 2282 statim
1922 2229 2165 2282 eﬂerbuit

598 2299 781 2360 corde,
805 2300 1012 2352 laetatus
1036 2310 1118 2350 est
1143 2298 1340 2361 animo,
1373 2299 1683 2350 existimans
1711 2312 1769 2351 se
1793 2300 1857 2351 de
1883 2299 1971 2351 lilii
1997 2314 2154 2365 spon-

600 2369 772 2420 Salitiu
806 2376 1127 2437 pra-ceptum
1167 2383 1195 2418 a
1226 2367 1334 2419 Deo
1362 2377 1699 2437 accepturum
1738 2382 1876 2430 esse,
1923 2380 2158 2431 curante,

597 2447 654 2489 ut
679 2437 744 2489 ad
773 2436 1196 2505 pi-Opagationem
1227 2437 1434 2503 generis
1463 2436 1681 2490 fecunda
1711 2437 2033 2503 uxorjuveni
2063 2438 2160 2488 da-

597 2517 760 2559 retur.
795 2506 966 2574 Ipsum
993 2515 1165 2558 autem
1193 2506 1334 2574 Deus
1356 2515 1543 2558 evocat
1567 2509 1630 2558 ad
1660 2517 1852 2560 terram
1875 2507 2156 2559 excelsam.

594 2573 1003 2642 Quarelil’lane
1033 2584 1088 2627 ut
1116 2590 1178 2626 ex
1211 2573 1352 2626 edito
1391 2574 1705 2644 sublitnique
1736 2577 1852 2627 loco
1891 2585 2071 2638 totam,
2104 2585 2161 2628 ut

595 2645 964 2714 prmuissionis
990 2644 1193 2708 heredi,
1217 2654 1410 2696 terram
1438 2644 1533 2711 ipsi
1561 2645 1886 2707 ostenderet,
1920 2646 2000 2698 vel
2029 2659 2160 2699 sane

596 2715 706 2766 vult
763 2715 934 2773 illum.
985 2714 1184 2780 inquit,
1243 2727 1328 2766 me
1373 2715 1656 2779 superstite
1711 2715 1762 2766 in
1810 2714 2156 2780 patriarcham

594 2785 871 2851 inungere,
914 2795 1002 2835 aut
1043 2797 1276 2849 praesens
1326 2793 1636 2848 pratsettlem
1683 2783 1898 2849 alloqui,
1945 2792 1999 2836 et
2042 2784 2158 2836 viva

594 2868 726 2906 voce
768 2855 910 2920 teges
941 2853 1034 2919 ipsi
1069 2853 1276 2903 tradere
1316 2852 1576 2918 religiosa:
1615 2853 1754 2915 vitas,
1788 2853 1971 2920 inqua
2017 2853 2160 2907 ince-

588 2923 721 2997 dens
739 2922 974 2997 Creatori
1009 2923 1291 2997 pl.tc.turus
1309 2931 1418 2997 est.
1569 2979 1580 2997 ν

661 2995 711 3044 4.
758 2993 878 3044 ΙΙωο
911 2993 1083 3058 itaque
1108 3003 1160 3042 et
1201 2991 1390 3042 similia
1432 3005 1489 3042 se
1513 2990 1814 3058 additurum
1841 3003 1869 3040 a
1902 2990 2010 3045 Deo
2038 3006 2158 3046 esse

589 3063 838 3126 sperabat
865 3057 1046 3112 beatus
1069 3060 1180 3112 ille:
1210 3059 1346 3129 Deus
1373 3068 1548 3112 autem
1573 3057 1895 3127 quid?0/fer
1919 3101 1932 3121 ,
1959 3062 2149 3129 inquit,

589 3131 734 3184 illum
762 3132 811 3182 iu
844 3131 1209 3182 holocaustum.
1232 3127 1528 3181 Onerosunt
1553 3130 1853 3181 mandatum
1888 3131 1967 3182 vel
1987 3127 2155 3184 cuivis

588 3201 817 3263 homini,
845 3201 1033 3252 nedum
1065 3200 1232 3265 patri,
1265 3199 1468 3265 ipsique
1507 3199 1666 3264 prolis
1693 3199 1909 3251 amanti.
1940 3199 2151 3261 Verum,

584 3285 620 3323 ο
649 3270 802 3323 ﬁdem
833 3268 1296 3335 incontmrabilettt
1320 3269 1332 3318 !
1357 3282 1389 3319 0
1415 3267 1710 3333 religiosam
1729 3268 1956 3319 animam
1979 3269 1992 3321 l
2015 3268 2157 3322 Non-

586 3343 712 3391 dum
747 3340 885 3391 Deus
910 3339 1068 3389 linem
1106 3336 1310 3388 dicendi
1357 3345 1410 3388 et
1460 3337 1678 3389 vocandi
1725 3337 1958 3400 fecerat,
1997 3349 2050 3391 et
2087 3341 2153 3391 ad

585 3409 987 3474 obsequentiam
1009 3406 1274 3457 Abraham
1308 3414 1523 3472 paratus
1549 3415 1663 3459 erat
1683 3446 1696 3464 .
1727 3406 1956 3457 mandati
1997 3409 2152 3460 linem

583 3479 792 3532 itineris
818 3475 1126 3546 capessendi
1159 3475 1363 3527 initium
1397 3475 1642 3528 reddens.
1673 3475 1801 3541 Quis
1823 3491 1885 3527 ex
1913 3475 2032 3528 aliis
2065 3493 2156 3544 pa-

585 3548 754 3600 tribus
786 3547 941 3599 talem
971 3559 1156 3598 vocem
1189 3546 1423 3604 tulisset,
1458 3560 1556 3597 nec
1581 3546 1929 3611 derepentein
1961 3555 2153 3599 terram

585 3617 904 3672 decidisset,
934 3615 1189 3667 membris
1217 3628 1448 3666 mterore
1486 3614 1708 3666 solutis?
1745 3623 1834 3664 aut
1865 3614 1999 3665 forte
2051 3631 2152 3667 non

584 3688 653 3737 ad
682 3686 784 3737 tale
807 3696 1127 3751 pra-ceptum
1169 3681 1491 3745 interiisset,
1540 3695 1761 3749 paterno
1790 3684 2034 3734 incensus
2073 3687 2152 3735 al-

585 3755 765 3806 fectu?
797 3753 932 3805 Audi
975 3755 1113 3803 enim
1143 3765 1298 3818 quam
1342 3752 1708 3804 consolatione
1741 3751 1884 3803 omni
1930 3767 2151 3804 vacuum

583 3826 650 3879 sit
681 3823 1002 3875 mandatum.
1034 3820 1148 3872 Non
1188 3820 1252 3871 ad
1294 3820 1492 3872 caedem
1520 3829 1721 3872 tantum
1743 3820 1991 3886 juvenem
2019 3824 2152 3888 peti-

585 3895 663 3944 vit
690 3895 852 3953 Deus;
883 3903 938 3943 ut
985 3890 1100 3943 seni
1127 3889 1352 3941 cadaver
1373 3900 1711 3955 superesset,
1740 3889 1881 3957 quod
1905 3891 1968 3940 ad
2011 3894 2151 3943 sola-

584 3965 713 4014 tinm
737 3961 944 4014 doloris
970 3964 1020 4011 in
1053 3959 1298 4025 sepulcro
1332 3960 1654 4024 deponeret;
1688 3961 1779 4010 sed
1820 3961 1868 4010 in
1898 3958 2152 4012 holocau-

579 4047 738 4092 stum,
767 4033 818 4083 in
843 4029 1168 4090 incendium,
1205 4030 1253 4078 in
1282 4029 1739 4094 consumptionem
1771 4029 2149 4091 omnimodam,

582 4120 648 4154 ne
675 4101 946 4152 ell‘undere
966 4098 1125 4149 animi
1148 4096 1385 4148 dolorem
1414 4108 1592 4163 posset
1610 4098 1853 4166 lacrymis
1877 4097 1939 4150 ad
1961 4112 2154 4165 corpus

581 4172 728 4222 fusis.
755 4171 1003 4220 Attamen
1027 4167 1125 4217 etsi
1154 4167 1454 4217 mandatum
1479 4166 1808 4219 intolerabile
1824 4176 1982 4225 esset,
2011 4168 2152 4234 quod

582 4240 662 4292 vel
707 4252 841 4290 sono
889 4236 1036 4288 verbi
1080 4235 1368 4302 percellere
1425 4246 1631 4300 posset,
1675 4237 1840 4286 virum
1893 4239 2071 4302 utique
2121 4251 2152 4290 a

581 4308 760 4361 divino
790 4321 952 4358 sensu
1001 4319 1104 4356 non
1137 4303 1361 4355 removit
1392 4320 1405 4353 :
1454 4305 1786 4354 existimabat
1817 4304 1956 4355 enim
1987 4306 2153 4370 quod-

582 4393 811 4444 cumque
843 4376 981 4427 Deus
1021 4373 1412 4444 praecipitatile
1440 4372 1743 4444 bomnnque
1785 4386 1923 4444 esse.
1973 4373 2152 4439 Itaque

583 4441 890 4500 mandatum
921 4444 1165 4494 alacriter
1211 4443 1352 4501 tulit,
1388 4451 1442 4494 et
1471 4441 1720 4494 ineffabili
1764 4441 2031 4505 voluptate
2062 4456 2152 4492 sa-

581 4517 843 4567 crificium
863 4512 1035 4572 oll‘ert,
1071 4512 1207 4575 hzec,
1232 4521 1289 4563 ut
1311 4511 1528 4562 credere
1552 4522 1651 4568 est.
1669 4525 1848 4561 secum
1873 4520 2148 4577 reputans:

577 4585 694 4639 Jam
721 4583 900 4636 liberis
925 4583 1161 4644 orbatus,
1191 4580 1328 4632 titius
1348 4581 1439 4633 Dei
1467 4595 1560 4645 per
1582 4579 1932 4632 obedientiam
1947 4579 2148 4632 evado:

585 4656 832 4708 heredem
864 4651 1080 4713 amitto,
1113 4650 1206 4702 sed
1239 4650 1404 4702 futura
1440 4652 1490 4701 in
1537 4651 1882 4701 hereditatem
1914 4649 2148 4715 accipio;

583 4741 688 4777 non
713 4722 905 4776 videbo
927 4721 1089 4772 filium
1111 4760 1124 4784 ,
1158 4719 1251 4771 sed
1284 4720 1476 4771 videbo
1497 4720 1688 4780 Deum;
1723 4735 1826 4769 non
1855 4731 2036 4769 senem
2066 4733 2150 4770 tne

584 4795 782 4846 nutriet
813 4791 950 4843 lilius
973 4831 985 4849 ,
1019 4791 1109 4842 sed
1137 4804 1318 4841 senem
1353 4790 1456 4839 alet
1492 4790 1664 4848 Deus;
1712 4802 1741 4838 a
1772 4787 1944 4837 stultis
1972 4801 2151 4852 repre-

587 4863 809 4925 hendar,
839 4860 928 4912 sed
959 4859 1360 4925 Sapientissimo
1388 4858 1462 4908 illi
1493 4859 1742 4924 probatus
1768 4870 1888 4916 ero;
1922 4869 2151 4908 maerore

583 4933 809 4984 alliciam
855 4928 1070 4990 Suram,
1111 4929 1204 4980 sed
1252 4931 1471 4995 placebo
1501 4926 1772 4995 Ere-atori;
1803 4925 1964 4995 multa
2004 4925 2156 4995 fruor

584 4999 983 5059 consolatione;
1011 4998 1192 5050 dolore
1221 4991 1303 5049 me
1327 4997 1487 5049 allicit
1517 5011 1660 5047 mors
1687 4994 1803 5060 ejus
1823 5033 1837 5056 ,
1867 4991 1959 5044 sed
1987 4993 2154 5044 Altis-

585 5072 703 5123 simi
731 5070 1059 5122 sacerdotem
1088 5068 1278 5127 ellicit;
1313 5067 1490 5118 liberis
1520 5066 1711 5118 orbum
1729 5063 2029 5122 constituit,
2053 5061 2147 5114 sed

586 5151 786 5210 patrem
833 5136 1276 5210 priminiartyris.
1322 5136 1473 5210 Num
1504 5135 1639 5210 perit
1685 5132 1862 5210 Isaac?
1895 5133 2150 5197 Purgatur

592 5202 707 5277 igne
731 5202 924 5275 corpus
945 5246 958 5267 ,
992 5206 1301 5277 liberatura
1332 5205 1506 5277 carnis
1534 5202 1892 5277 voluptatibus
1910 5216 2145 5277 ,ξ’[εην

589 5270 660 5330 litt
689 5294 714 5329 ιι
759 5270 893 5339 vita,
943 5277 1033 5327 sed
1076 5275 1444 5342 commigrabit
1483 5274 1548 5324 ad
1587 5273 1887 5342 Dominum.
1933 5270 2149 5342 Talibus

580 5349 872 5399 ratiociniis
901 5357 1098 5396 natura:
1126 5340 1346 5396 allectus
1372 5345 1716 5402 confirmans,
1743 5341 1808 5391 ad
1831 5340 2146 5391 sacriﬁcium

582 5427 865 5486 properat,
919 5416 1122 5486 asinum
1163 5416 1386 5473 stravit,
1418 5412 1649 5486 gladium
1693 5411 1864 5470 acuit,
1916 5409 2052 5485 ligna
2095 5417 2148 5460 et

583 5479 753 5544 iglléttt
786 5491 986 5553 paravnt
1007 5524 1021 5544 ,
1053 5483 1210 5534 lilium
1238 5498 1293 5534 ut
1322 5479 1512 5550 agnum
1535 5479 1824 5538 abducens,
1847 5479 2147 5553 neminiquc

580 5549 811 5609 divinam
843 5553 1169 5605 annuntiavit
1199 5549 1378 5602 vocem
1411 5570 1424 5604 :
1457 5567 1560 5602 non
1591 5549 2000 5601 conminuit-amt
2027 5561 2144 5597 cum

579 5628 801 5689 amicns,
837 5638 1010 5689 neque
1035 5622 1130 5687 ipsi
1159 5621 1366 5687 conjugi
1409 5621 1563 5689 simul
1593 5619 1792 5683 parenti
1825 5636 1835 5666 :
1873 5632 1975 5689 non
2006 5614 2144 5680 quod

577 5686 851 5761 coniugem
878 5686 1001 5744 odio
1028 5686 1280 5752 haberet,
1310 5686 1402 5761 sed
1430 5688 1569 5754 quod
1595 5695 1891 5761 serpentem
1909 5686 2143 5761 timeret,

580 5777 647 5820 ne
674 5755 867 5816 amoris
893 5776 1016 5831 erga
1043 5762 1244 5833 prolem
1276 5758 1493 5810 obtentu
1519 5795 1532 5817 ,
1566 5756 1774 5823 pietatis
1805 5755 2031 5806 studium
2059 5768 2143 5804 re-

2123 379 2391 437 SPURIA.

3769 404 3873 462 548

2301 497 2555 573 mitteret.
2580 497 2626 573 9
2649 512 2908 554 summam
2950 500 3148 557 lldam!
3180 518 3213 555 ο
3236 506 3543 573 sapientiam
3585 505 3863 572 incompa-

2298 566 2517 620 rabilem
2539 567 2554 620 !
2577 567 2771 644 S_ecum_
2793 575 3057 644 reputavit
3078 566 3373 641 patriarcha
3395 585 3585 644 quanta
3611 566 3862 630 eventura

2295 646 2474 688 essent
2512 639 2681 700 mala,
2728 641 2771 691 si
2811 639 3044 693 divinum
3080 639 3627 698 inlaudatum-notum
3681 645 3859 706 ﬁeret;

2293 716 2521 782 quantus
2542 707 2711 760 luctus
2726 707 2884 773 foret,
2907 721 3132 782 quantus
3155 712 3327 778 lletus,
3356 724 3560 781 quanta:
3589 716 3858 782 lacrymze.

2295 773 2425 854 Ideo
2468 784 2640 838 tacet,
2685 773 2937 854 magnam
2979 773 3326 854 lamentorum
3354 773 3620 836 liammam
3650 773 3859 837 silentio

2291 847 2646 917 exstinguens.
2678 847 2814 917 Quid
2841 850 2978 900 enim
3010 860 3161 917 putas
3181 851 3431 905 facturam
3452 854 3641 906 Saram
3678 855 3851 913 fuisse,

2290 912 2334 987 si
2380 913 2448 966 de
2483 912 2628 968 nece
2667 915 2757 969 lilii
2806 912 3094 973 audiisset?
3138 935 3312 974 annon
3364 923 3641 987 complexa
3682 912 3853 975 statim

2290 981 2525 1058 Isaacum
2549 994 2738 1058 esset,
2749 1001 2960 1058 rursum
2994 987 3043 1040 in
3067 997 3246 1052 utero,
3278 991 3320 1044 si
3353 981 3610 1058 potuisset
3633 1033 3649 1054 ,
3684 992 3848 1044 inclu-

2287 1064 2410 1125 s_u_ra
2429 1091 2446 1117 ,
2477 1053 2624 1125 Paris
2644 1055 2762 1125 ,llli
2789 1058 3086 1118 carissime,
3122 1053 3395 1125 inquiens,
3449 1053 3733 1114 sacriﬁciis
3758 1061 3852 1112 ob-

2287 1121 2559 1196 sidemur}
2583 1121 2787 1196 Citius,
2809 1134 2970 1196 puto,
3003 1121 3267 1180 amisisset
3308 1121 3570 1196 prppriam
3620 1131 3848 1181 animant

2285 1204 2442 1258 quam
2474 1191 2636 1244 lilium
2677 1191 3082 1258 tradidissenet
3109 1191 3418 1251 alterutrum
3464 1213 3687 1253 necesse
3720 1199 3846 1250 fuis-

2284 1267 2400 1323 set,
2445 1270 2504 1313 ιιι
2532 1270 2623 1313 aut
2661 1263 2977 1317 sacrificium
3023 1281 3126 1318 nou
3173 1266 3356 1327 ﬁeret,
3387 1278 3476 1320 aut
3522 1280 3702 1322 mater
3731 1281 3845 1321 cum

2285 1327 2393 1381 lilio
2437 1329 2818 1385 immolaretur.
2847 1336 3018 1400 Atque
3053 1351 3172 1389 cum
3205 1337 3504 1391 Abrahamo
3536 1337 3702 1390 hosce
3742 1335 3845 1388 lor-

2290 1408 2429 1451 tasse
2459 1415 2736 1452 sermones
2767 1404 3092 1456 contulisset.
3123 1406 3199 1458 Ad
3229 1417 3455 1459 mentem
3503 1407 3613 1458 redi
3639 1446 3653 1466 ,
3683 1421 3716 1457 ο
3749 1404 3841 1465 vir,

2280 1467 2346 1518 ad
2373 1477 2602 1540 mentem
2635 1470 2780 1533 redi,
2813 1473 3072 1540 interpres
3101 1475 3374 1530 elementis
3405 1477 3515 1528 Dei.
3544 1475 3689 1528 Nihil
3718 1489 3840 1526 cau-

2283 1545 2383 1612 _tra_
2409 1537 2678 1612 hominem
2723 1537 3036 1612 vox‘divina
3078 1545 3345 1612 pra-cipit;
3379 1544 3514 1598 felici
3563 1545 3700 1611 proli
3744 1551 3839 1594 tne

2281 1605 2478 1660 invidet
2525 1608 2785 1681 malignus
2822 1605 3438 1680 dtenion,'divinamque
3476 1605 3705 1681 gratiam
3736 1613 3843 1663 vult

2278 1687 2546 1755 evertere,
2588 1677 2797 1755 pietatis
2825 1681 3003 1755 specie
3033 1683 3203 1755 caulis
3244 1677 3466 1755 ﬁliorum
3480 1677 3840 1755 maledictum

2278 1744 2554 1799 inducens.
2588 1744 2777 1800 Annon
2810 1744 2944 1801 uasti
2975 1751 3267 1805 mirabilem
3315 1753 3459 1804 illum
3495 1750 3839 1803 Melchisede-

2276 1815 2764 1889 cumhsaeerdotem
2800 1817 2892 1870 Dei
2922 1818 3204 1873 altissimi?
3252 1820 3419 1889 Leges
3456 1821 3839 1889 sacriﬁciorum

2273 1882 2342 1934 ab
2385 1883 2476 1936 illo
2497 1885 2664 1956 disce.
2695 1885 2846 1956 Disce
2885 1889 3198 1956 quibusnam
3246 1882 3385 1942 Deus
3433 1890 3666 1942 victimis
3702 1887 3838 1941 dele-

2274 1960 2450 2005 ctetur
2475 1971 2489 2006 :
2520 1955 2725 2008 etiamsi
2746 1955 2854 2023 jam
2883 1955 3008 2010 olim
3040 1966 3091 2011 te
3117 1959 3184 2012 ad
3211 1959 3566 2012 sacerdotium
3595 1958 3835 2017 instituit,

2271 2035 2390 2096 cum
2418 2023 2621 2077 redires
2643 2038 2672 2076 a
2697 2024 2843 2096 cattle
2871 2026 3103 2096 quinque
3130 2042 3332 2096 regum.
3371 2030 3560 2080 Annon
3593 2027 3747 2094 panis
3785 2034 3837 2078 et

2271 2091 2448 2164 vinum
2469 2102 2707 2164 ,_sancts
2743 2091 3036 2164 oblationes
3083 2105 3134 2149 et
3167 2091 3438 2150 incruenta
3485 2091 3836 2164 puraqueﬂsa-

2267 2159 2464 2214 crilicia
2491 2162 2590 2227 ipsi
2611 2171 2763 2215 erant
2784 2163 2808 2214 ?
2826 2179 2892 2216 an
2919 2165 3150 2218 vitulus?
3169 2183 3234 2218 an
3257 2165 3408 2218 ovis?
3427 2159 3501 2217 aii
3522 2159 3705 2217 aut.va
3728 2163 3836 2216 Non

2267 2229 2410 2302 enim
2437 2232 2654 2302 putabat
2670 2233 2889 2302 ριιιειίηο
2911 2233 3073 2286 Deum
3098 2235 3350 2302 sanguine
3369 2235 3650 2287 delectari.
3678 2230 3838 2284 Νιυηο

2266 2300 2388 2370 quid
2411 2299 2730 2352 manducabit
2749 2300 2886 2370 Dm
2905 2318 3078 2354 corna
3106 2299 3362 2355 taurorum
3382 2343 3396 2367 ,
3424 2314 3512 2354 aut
3545 2302 3836 2370 sanguinein

2268 2369 2518 2420 hircorum
2550 2370 2780 2436 potabit?
2809 2369 3026 2423 lmmola
3067 2369 3172 2423 Deo
3198 2374 3500 2434 sacri/icium
3547 2369 3750 2432 laudis,
3793 2382 3835 2422 ιι

2267 2437 2419 2508 redde
2430 2438 2684 2490 Altiulmo
2696 2448 2805 2491 vota
2821 2449 2906 2492 tua
2921 2440 3087 2507 (Paul.
3104 2440 3192 2494 49.
3217 2439 3299 2495 l3.
3317 2443 3342 2494 l
3353 2441 3428 2508 4).
3449 2441 3504 2494 Si
3517 2448 3700 2494 autem
3718 2453 3836 2493 vere

2268 2505 2406 2578 Deus
2419 2516 2502 2561 est
2523 2509 2567 2561 is
2579 2510 2665 2574 qui
2686 2508 2776 2562 tibi
2797 2505 3054 2577 apparuit,
3074 2510 3304 2578 intellige
3319 2550 3334 2574 ,
3361 2505 3428 2562 mi
3452 2511 3553 2570 vir,
3581 2509 3703 2572 ejus
3717 2521 3836 2560 con-

2264 2575 2461 2628 silium.
2492 2578 2724 2647 Probare
2745 2575 3019 2647 vult‘Deus
3049 2587 3192 2632 tuum
3219 2575 3341 2647 erga
3373 2579 3540 2631 ﬁlium
3563 2577 3832 2636 aﬂectum.

2263 2659 2422 2698 nosse
2448 2655 2500 2698 te
2525 2646 2667 2710 vult,
2713 2661 2819 2715 quo
2855 2646 3046 2700 all‘ecw
3080 2649 3155 2700 sis
3177 2646 3299 2716 erga
3342 2648 3506 2700 lilium
3534 2664 3549 2699 :
3580 2662 3648 2698 an
3675 2647 3832 2697 tilium

2264 2727 2412 2766 ames
2433 2755 2448 2776 ,
2476 2717 2520 2767 si
2550 2725 2771 2782 paterno
2799 2717 2873 2767 sis
2901 2715 3090 2769 affectu
3111 2758 3126 2781 ,
3158 2732 3223 2768 an
3247 2732 3274 2768 a
3307 2726 3511 2768 naturae
3545 2717 3836 2767 visceribus

2266 2783 2532 2846 vincaris,
2575 2784 2619 2836 si
2647 2785 2780 2836 mori
2805 2799 2900 2851 pro
2925 2785 3031 2838 lilio
3056 2787 3224 2838 malis.
3267 2784 3387 2837 Vult
3430 2794 3480 2838 te
3503 2786 3649 2837 circa
3681 2785 3836 2850 probs

2263 2865 2500 2922 amorem
2525 2852 2721 2906 bonum
2766 2855 3035 2922 exemplar
3083 2869 3199 2908 esse
3223 2853 3571 2914 Chanameis,
3631 2867 3732 2905 nec
3781 2861 3836 2903 ut

2262 2921 2573 2989 obscquaris
2620 2929 2798 2990 optat,
2832 2921 2937 2976 imo
2965 2923 3138 2990 potius
3166 2934 3222 2977 ut
3256 2925 3490 2976 obsistas
3537 2922 3632 2974 filii
3683 2922 3830 2982 neci,

2261 2991 2374 3042 vult
2415 3003 2467 3044 te
2499 2991 2677 3045 videre
2701 3007 2862 3045 canos
2888 2994 3200 3046 avellentem
3219 3034 3234 3057 ,
3266 2997 3488 3045 acerbas
3519 2991 3834 3044 fundentem

2260 3058 2558 3130 lacrymas,
2587 3069 2641 3115 et
2680 3061 2762 3114 his
2791 3077 3022 3130 amorem
3072 3078 3196 3130 erga
3244 3061 3407 3114 lilium
3467 3060 3830 3127 comprobari.

2262 3127 2464 3199 Vereor
2488 3145 2554 3183 ue
2582 3131 2742 3183 undis
2785 3129 2872 3182 ﬁlii
2904 3127 3368 3199 reprehensionem
3417 3131 3834 3199 incurrashapud

2259 3197 2572 3251 clementem
2607 3200 2768 3251 Deum
2793 3240 2809 3261 ,
2844 3200 2924 3252 vel
2959 3197 3028 3252 ob
3049 3201 3218 3252 solum
3247 3213 3598 3252 consensum.
3628 3197 3704 3249 lli
3736 3199 3832 3260 vir,

2260 3267 2386 3336 mihi
2409 3268 2713 3336 obtempera
2736 3309 2750 3330 ,
2787 3268 2867 3321 Ne
2891 3271 2961 3322 si:
2989 3271 3196 3321 nimium
3225 3273 3384 3333 iustus
3409 3266 3604 3334 (Eccle.
3639 3266 3693 3316 7.
3731 3267 3831 3336 l7).

2262 3335 2410 3389 llauc
2445 3328 2604 3389 tuam.
2635 3328 3085 3406 inobsequentiam
3115 3328 3347 3390 laudabit
3377 3328 3537 3406 Deus.
3593 3333 3754 3406 Quod
3794 3328 3860 3386 ἐι*

2258 3420 2383 3458 vere
2408 3409 2517 3460 vult
2543 3408 2680 3459 Deus
2705 3403 2964 3458 immolari
2998 3407 3229 3458 Isaacum
3253 3446 3266 3467 ,
3295 3405 3490 3458 acerbe
3513 3403 3831 3470 ingemisce,

2258 3475 2492 3541 supplica
2513 3517 2527 3539 ,
2553 3477 2872 3542 procumbe,
2896 3475 3152 3544 lacrymas
3183 3475 3344 3526 misce
3378 3471 3699 3544 precationi.
3736 3471 3834 3522 Bo-

2259 3558 2358 3594 nus
2379 3555 2459 3596 est
2493 3541 2565 3606 is,
2593 3546 2678 3610 qui
2711 3541 3026 3597 sacriﬁcium
3060 3544 3205 3611 petit,
3235 3551 3382 3608 patre
3414 3541 3571 3607 longe
3597 3541 3837 3611 clemen-

2260 3613 2393 3675 tior;
2436 3609 2656 3664 mutabit
2692 3612 3040 3677 sententiam,
3062 3609 3303 3664 'mutabit
3331 3611 3614 3678 judicium.
3668 3609 3835 3661 Num-

2257 3695 2414 3746 quam
2445 3683 2642 3733 diluvio
2671 3683 2908 3748 periisset
2943 3696 3108 3749 genus
3141 3681 3408 3731 hominum
3431 3718 3445 3738 ,
3490 3679 3535 3749 si
3560 3679 3737 3749 iniqui
3766 3679 3832 3749 illi

2262 3745 2460 3802 scelera
2485 3745 2733 3818 lacryniis
2757 3745 3064 3804 abluiss'ent.
3093 3749 3277 3802 Adhuc
3301 3756 3462 3800 staret
3491 3745 3763 3818 SQdoma,
3793 3748 3834 3818 si

2257 3820 2452 3886 gemitu
2480 3817 2656 3870 cordis
2675 3821 2903 3885 judicent
2928 3820 3238 3886 placassent.
3268 3818 3320 3870 Si
3343 3831 3469 3883 ergo
3493 3817 3715 3882 iniquos
3735 3817 3835 3886 nii-

2257 3883 2484 3950 seratur,
2514 3883 2689 3940 multo
2709 3888 2873 3953 magis
2899 3883 2948 3941 te
2963 3889 3182 3957 justum.
3212 3887 3444 3957 Servasti
3486 3887 3704 3950 pridem
3732 3883 3831 3934 Lo-

2259 3964 2367 4008 tum
2412 3959 2478 4010 ab
2516 3957 2635 4024 igne
2666 3957 2917 4009 divinitus
2965 3955 3234 4019 immisso,
3263 3955 3497 4024 judicent
3546 3963 3832 4024 precatus:

2255 4040 2407 4077 serva
2453 4022 2592 4078 nunc
2637 4026 2904 4094 lilionrab
2945 4027 3061 4094 igne
3105 4022 3535 4094 propitiationis,_
3583 4023 3835 4094 ιηἰἒεέἓωδ

2256 4095 2446 4147 oblatis
2482 4095 2610 4148 Deo.
2655 4097 2756 4148 Pro
2803 4089 3475 4158 Sodomitis'supplicasti,
3524 4089 3833 4140 hominibus

2257 4163 2450 4230 iniquis
2469 4204 2483 4227 ,
2512 4165 2600 4231 qui
2628 4178 2771 4229 saepe
2789 4174 3082 4215 extremam
3112 4161 3760 4231 perntcienrmerneruut,
3785 4168 3835 4207 et

2257 4225 2364 4299 pro'
2396 4225 2504 4284 lilio
2531 4225 2824 4298 'inculpato
2867 4246 2970 4299 non
3018 4225 3350 4299 precabor-isil
3400 4225 3564 4299 _Ut_e_rc
3615 4242 3827 4276 rursum

2256 4295 2444 4353 ﬁducia
2485 4313 2572 4354 tua
2613 4317 2626 4351 :
2668 4295 2789 4363 dic,
2830 4295 3203 4368 Nequaquam»:
3250 4297 3339 4368 qui
3381 4295 3607 4368 judicas
3634 4311 3830 4345 omnem

2257 4379 2439 4420 tcrram
2459 4411 2474 4433 ,
2502 4387 2600 4421 non
2627 4370 2781 4437 facies
2807 4363 3056 4437 judicium
3100 4363 3489 4431 (6321.18.25)
3511 4365 3535 4414 ἶ)
3566 4363 3684 4437 Non
3719 4377 3832 4429 per-

2257 4439 2349 4489 des
2370 4439 2571 4504 justum
2586 4434 2705 4489 cum
2723 4434 2901 4508 impio.
2923 4436 3222 4508 Recordare
3242 4445 3438 4508 quanto
3463 4434 3629 4498 prolis
3648 4447 3832 4508 amore

2259 4503 2549 4568 tenercris,
2579 4521 2697 4558 cum
2730 4503 2834 4558 non
2865 4505 3086 4558 haberes
3117 4503 3303 4555 lilium.
3337 4503 3659 4564 Priusquam
3690 4503 3829 4552 enim

2259 4577 2496 4628 lsaacum
2537 4580 2862 4642 susciperes.
2895 4573 2974 4626 ha:
3003 4574 3093 4626 tibi
3137 4573 3287 4625 factre
3341 4587 3371 4644 a
3399 4570 3630 4622 Domino
3683 4578 3830 4644 erant

2257 4644 2545 4711 splendida:
2594 4645 2972 4710 promissiones
3013 4660 3024 4694 :
3077 4654 3231 4695 terrae
3276 4642 3468 4704 Opillia:
3520 4642 3826 4706 possessio,

2256 4714 2596 4782 pecmtiarum
2629 4723 2677 4765 et
2712 4713 3013 4764 facultatum
3042 4715 3194 4778 copia
3222 4712 3383 4782 multa
3403 4749 3421 4768 ,
3449 4719 3828 4782 augmentum-

2255 4778 2359 4848 que
2402 4785 2613 4854 generis
2641 4793 2878 4854 tantum,
2927 4792 2984 4832 ut
3027 4783 3088 4833 iis
3123 4779 3450 4832 naturalibus
3493 4778 3663 4854 rebus
3715 4791 3830 4854 qua:

2255 4844 2378 4903 sunt
2404 4844 2813 4904 imnimerahiles
2837 4863 3174 4916 compa-retur
3198 4862 3371 4900 areum
3398 4845 3564 4897 maris
3585 4887 3597 4905 ,
3627 4855 3686 4895 et
3714 4844 3830 4916 stel-

2257 4922 2323 4972 lis
2350 4923 2500 4980 czeli;
2531 4930 2762 4972 attamen
2795 4929 2934 4971 tanta
2963 4915 3080 4971 eum
3111 4921 3214 4968 sint
3249 4916 3504 4982 promissa
3542 4916 3683 4964 bona
3704 4953 3718 4972 ,
3757 4915 3830 4982 tu-

2254 4989 2379 5041 dutn
2409 4991 2601 5056 putasti
2629 4989 2710 5040 illa
2753 5002 2906 5050 esse,
2924 4998 2976 5039 et
3001 5003 3120 5038 cum
3149 4981 3346 5056 fiducia
3367 4984 3642 5056 clatnasti,
3678 4981 3830 5056 tilio-

2255 5074 2371 5110 rutn
2409 5050 2692 5109 orbitatem
2725 5059 2906 5124 lugens
2955 5073 3013 5106 ac
3048 5057 3232 5106 dicens
3262 5072 3275 5105 :
3312 5053 3445 5124 Quid
3484 5050 3827 5124 nillil-flag“.

2258 5127 2505 5178 Domine?
2532 5143 2624 5194 ego
2646 5117 2812 5177 autem
2831 5127 2936 5176 sine
2961 5126 3080 5189 ﬁliis
3110 5126 3296 5194 morior
3327 5120 3476 5189 (Gen.
3502 5119 3594 5194 l6.
3619 5117 3700 5183 2).
3731 5118 3828 5167 llac

2254 5197 2446 5248 emissa
2479 5189 2632 5256 voce,
2658 5195 2905 5260 accepisti
2940 5193 3284 5263 ΙιιιιιιιιεΕδιο
3327 5201 3491 5263 pater,
3513 5189 3663 5263 hanc
3690 5200 3827 5263 nunc

2254 5266 2432 5316 emitte
2452 5304 2468 5326 ,
2508 5273 2563 5313 ut
2591 5255 2770 5315 serves
2791 5255 2981 5313 lilium.
3014 5261 3103 5312 llic
3131 5255 3364 5312 iterutn':
3393 5256 3703 5330 Quitlutuihi
3742 5255 3826 5330 tlt-

2255 5335 2334 5385 bis
2353 5372 2370 5394 ,
2400 5324 2655 5395 Demine,
2688 5333 2729 5382 si
2757 5331 2965 5383 occidas
2993 5331 3245 5384 heredem
3288 5327 3498 5380 meum?
3524 5324 3628 5395 _\';e
3683 5324 3826 5372 inihi.

2253 5392 2400 5455 Tunc
2453 5401 2589 5454 forte
2618 5392 2780 5469 prolis
2819 5413 3001 5452 amans
3048 5415 3200 5464 eras,
3243 5412 3361 5450 cum
3395 5392 3636 5447 nondum
3687 5403 3829 5459 pater

2251 5486 2539 5592 caiisllmc
2557 5538 2766 5590 dicente
2786 5537 2936 5600 Sara,
2957 5535 3083 5604 quid
3113 5535 3347 5589 facturus
3373 5541 3482 5604 crat
3522 5527 3830 5580 Abraham?

2254 5609 2468 5662 Scilicet
2493 5609 2794 5660 interitiisso
2825 5608 2912 5658 Dei
2947 5601 3214 5667 ttiandato,
3247 5605 3388 5655 circa
3427 5601 3689 5667 pie=atem
3718 5611 3830 5662 erga

2257 5683 2420 5731 Deum
2450 5692 2750 5729 sermOnem
2786 5676 3000 5739 habere,
3042 5687 3096 5728 et
3139 5677 3286 5726 Sarre
3324 5670 3576 5733 suadere,
3613 5686 3655 5718 si
3707 5669 3832 5741 hunc

2258 5749 2404 5801 tollet
2451 5749 2608 5813 Deus,
2652 5761 2771 5800 eum
2818 5736 3090 5799 meliorem
3137 5745 3252 5813 ipso
3295 5741 3546 5793 daturum
3590 5750 3736 5790 esse.
3778 5736 3831 5790 Ει
