3976 6218
150 414 249 472 549

172 514 392 586 quomodo
435 514 707 586 suasisset
735 509 943 566 mulieri
971 504 1207 586 _afl‘ectu__
1235 501 1544 586 inebriatus}?
1567 497 1690 586 "sed

173 569 560 646 cllo-fstiasisset.
597 584 859 650 Religiosa
899 581 1039 634 enim
1088 577 1276 650 mulier
1305 582 1438 635 erat,
1479 580 1533 626 c‘.
1565 569 1696 650 fide-

174 640 329 709 lissit'ni
352 655 436 707 viri
476 653 665 721 conjux
707 640 743 704 εν
760 661 1089 721 consequens
1116 646 1485 721 iitiiiiiiio_erat
1517 650 1570 694 ut
1611 640 1695 693 illa

175 739 343 777 morem
367 737 549 792 gerens
577 713 739 774 filium
769 713 1113 792 praemitteret
1137 713 1542 792 adrsacrillciu‘m
1576 724 1697 792 pro.

172 779 435 853 cedentem,
487 779 826 858 amoremque
877 787 1266 858 viHobrueret,
1297 781 1571 858 quodnam
1591 779 1698 858 Deo

175 867 384 928 placeret,
409 848 502 914 sed
535 861 582 912 vi
617 848 862 912 naturalis
891 857 1108 928 allectus
1128 853 1225 928 _vel
1255 848 1415 928 invita
1449 850 1497 901 in
1541 848 1696 901 ﬂetus

172 923 516 999 prorumperet.
564 931 704 996 Quot
751 927 926 999 l‘aninli
974 925 1089 999 istic
1123 923 1329 990 juvenis
1367 933 1547 996 amore
1576 931 1697 968 cru-

171 996 276 1052 ciati
311 996 547 1053 fuissent?
587 1007 712 1067 quot
741 996 944 1067 ancilim
989 996 1037 1046 in
1064 1001 1699 1067 partemummroris.cum

173 1069 284 1121 hera
313 1060 618 1121 venissent?
637 1077 762 1130 quot
791 1063 1098 1122 Cliananiei,
1133 1060 1414 1130 familiares
1440 1065 1493 1110 et
1521 1060 1698 1118 vicini,

170 1139 292 1191 circa
318 1139 411 1189 h:rc
440 1137 613 1190 mirati
640 1129 899 1189 fuissent?
929 1133 1060 1185 Hinc
1086 1130 1339 1204 tumultus
1367 1129 1586 1204 ingens;
1605 1139 1699 1203 ge-

172 1207 326 1270 mitus,
345 1205 506 1267 fletus,
529 1207 794 1274 lacryniaa,
815 1217 875 1275 ac
892 1203 934 1254 si
958 1208 1196 1275 mortuus
1212 1198 1506 1275 citerreltur.
1533 1195 1701 1275 Dinis-

170 1285 241 1329 set
267 1266 408 1329 maler
445 1266 551 1328 alto
577 1266 806 1327 clamore
838 1272 1058 1339 lugens:
1091 1270 1160 1322 Da
1187 1267 1350 1339 ⁸ιηιιιι,
1396 1266 1486 1328 ιιιι,
1529 1272 1703 1339 extre-

169 1359 296 1398 nium
335 1345 642 1412 amplexum.
689 1343 798 1410 Ego
837 1331 1135 1408 sperabam,
1177 1336 1270 1412 fili,
1319 1349 1402 1389 me
1429 1349 1457 1412 τι
1489 1343 1540 1386 te
1567 1331 1700 1385 clie-

169 1413 363 1468 rendam
388 1402 523 1477 esse,
565 1420 618 1465 et
658 1402 878 1463 mo'rtcni
918 1424 1086 1477 meam
1125 1402 1231 1460 tuis
1259 1402 1546 1458 ornandam
1587 1414 1704 1453 esse

169 1483 386 1552 lacrymis
415 1501 427 1534 :
461 1476 588 1552 quia
609 1496 734 1533 vero
763 1478 1026 1534 Creatoris
1055 1476 1321 1552 decretum
1353 1488 1497 1542 spem
1530 1485 1698 1552 meam

168 1540 297 1613 vicii,
322 1540 535 1622 eumque
579 1551 750 1622 lugeo,
790 1564 816 1600 a
849 1564 952 1616 quo
981 1561 1064 1622 me
1112 1540 1395 1622 lugendam
1421 1540 1702 1622 .sperabam

166 1635 293 1681 esse.
325 1621 411 1673 lioc
436 1615 603 1673 solum
635 1615 729 1673 abs
759 1627 808 1672 te
835 1615 1062 1687 pustulo,
1095 1626 1147 1667 ut
1177 1615 1377 1687 cunviu
1421 1615 1590 1680 ignem
1611 1623 1704 1687 .sa-

165 1680 331 1744 crificii
367 1689 638 1753 ascendes,
668 1680 850 1742 Deum'
877 1702 971 1756 pro
999 1701 1086 1756 me
1114 1684 1364 1754 preceris,
1407 1691 1462 1733 ut
1498 1695 1561 1732 ex
1610 1680 1706 1756 hac

166 1758 264 1812 vita
292 1760 544 1812 discedam
573 1769 850 1825 antequam
879 1755 1138 1825 sacerdos
1167 1761 1460 1825 revertatur
1487 1764 1515 1801 a
1547 1755 1713 1800 sacri-

168 1828 296 1881 ﬁcio.
325 1827 591 1881 Dexteram
621 1822 760 1880 enim
807 1825 991 1893 patris,
1035 1822 1123 1876 filii
1166 1822 1711 1893 sanguine_cruenta-

165 1905 286 1960 tam,
316 1895 482 1950 videre
511 1911 732 1965 nequeo.
765 1888 888 1965 Hinc
928 1893 1137 1962 quidem
1181 1888 1370 1965 mater.
1414 1888 1541 1954 Quis
1585 1900 1708 1939 vero

165 1967 354 2018 tulisset
374 1960 787 2019 Chananfnorum
818 1963 880 2017 ad
921 1960 1019 2034 b‘oc
1045 1960 1403 2034 spectaculum
1429 1968 1706 2034 accurren-

165 2037 286 2088 tium
322 2035 628 2101 opprobria?
671 2035 815 2087 Alius
859 2033 997 2084 enim
1043 2027 1175 2084 forte
1222 2030 1508 2101 dixisset__:_
1549 2027 1705 2101 0,_in

164 2120 312 2173 quem
347 2093 626 2156 thalamum
653 2105 814 2156 lilium
843 2102 1011 2173 bonus
1039 2096 1604 2173 pit‘lt:_l'_-dllci_l?_A-iilIS-,_
1633 2093 1707 2146 Ex

165 2165 265 2242 quo
293 2174 403 2224 ovili
430 2175 561 2227 hanc
583 2174 848 2226 victimam
877 2165 1114 2239 profert?
1137 2169 1304 2242 Alitis,
1330 2165 1563 2242 Pulchre
1575 2165 1709 2242 Deus

163 2237 272 2296 vult
298 2243 636 2308 multiplicare
662 2256 834 2313 genus
852 2237 963 2308 ejus
993 2242 1128 2293 sicut
1159 2238 1339 2313 stellas
1367 2237 1504 2313 cazli.
1538 2237 1706 2313 Alius,

163 2313 209 2367 0
242 2321 361 2380 quot
395 2302 547 2365 senes
590 2302 727 2364 hunc
769 2302 1024 2380 miserum
1054 2317 1117 2380 ut
1161 2309 1324 2380 lilium
1357 2302 1711 2380 pl_orant_,__liic

165 2371 287 2436 vero
307 2396 458 2433 senex
484 2396 665 2433 amens
688 2396 751 2432 ne
772 2395 920 2432 suum
943 2378 1150 2447 quidem
1176 2377 1335 2430 lilium
1359 2371 1531 2447 plorat
1549 2371 1712 2447 illam

161 2451 429 2504 Chanauzci
453 2465 467 2512 ;
498 2466 562 2504 ex
589 2451 756 2503 servis
780 2443 1112 2501 autem—alius
1135 2444 1523 2514 ingemiscenda
1551 2443 1712 2494 tlixis~

161 2528 244 2573 set
274 2538 284 2571 :
316 2520 355 2572 Ο
383 2534 596 2586 puerum
641 2521 912 2579 miserum,
944 2519 1030 2584 qui
1063 2518 1207 2568 tarde
1236 2515 1396 2574 venit,
1437 2514 1714 2586 et__iinma-

159 2598 275 2641 ture
302 2581 562 2642 discessit!
596 2588 739 2641 Tuus
779 2602 904 2640 vero
936 2581 1322 2651 inexspectatus
1366 2581 1554 2634 natalis
1600 2581 1713 2633 dics

165 2669 266 2718 est,
297 2658 647 2725 inexspectata
676 2658 832 2711 etiam
863 2671 1024 2709 mors.
1070 2654 1216 2708 Unus
1255 2655 1388 2725 inter
1427 2664 1609 2725 omnes
1649 2665 1714 2703 ex

159 2727 321 2779 sterili
351 2721 520 2806 valva,
545 2728 689 2806 solus
717 2728 852 2806 inter
871 2740 1055 2806 omnes
1078 2727 1272 2803 luctum
1289 2722 1362 2806 ad
1392 2721 1712 2800 sepulturam

155 2807 296 2847 tuam
328 2790 532 2848 audisti.
563 2795 605 2849 Ο
627 2797 831 2866 qualem
861 2795 1105 2866 dominus
1127 2793 1242 2866 ejus
1271 2793 1410 2845 delet
1437 2790 1714 2866 imaginem

157 2865 306 2917 vita)!
353 2866 470 2917 Ilicc
499 2860 671 2932 itaque
702 2865 936 2933 singuli:
984 2860 1348 2933 simulantem
1396 2874 1577 2933 omnes
1620 2860 1716 2933 du-

154 2949 297 2987 mum
324 2928 665 2997 revertentes,
693 2928 836 3002 ijttasi
876 2948 977 2985 uno
1019 2948 1111 2986 ore
1139 2932 1392 2985 dixissent
1421 2950 1432 2983 :
1468 2929 1610 2982 Vade
1648 2928 1714 3002 de

157 3004 399 3070 reliquo,
447 3019 478 3053 o
518 3020 673 3056 senex
697 2998 720 3067 ,⁷
766 3003 863 3055 hoc
906 3003 1076 3053 solum
1131 3010 1300 3054 tecum
1345 3010 1629 3067 reputans;
1671 2998 1716 3050 si

154 3074 296 3124 hunc
329 3073 696 3136 immolaveris,
721 3074 877 3124 alium
903 3071 1062 3123 filium
1093 3085 1120 3122 a
1147 3070 1183 3124 S
1205 3087 1274 3122 .ra
1305 3086 1404 3121 non
1435 3070 1711 3134 suscipies.

154 3142 282 3195 llzec
308 3143 528 3208 sapienti
557 3141 828 3194 ratiocinio
856 3143 1144 3208 pra-videns
1167 3139 1449 3204 Abraham,
1479 3139 1560 3190 his
1587 3152 1712 3208 eon~

152 3207 399 3265 sideralis
430 3213 611 3264 beatus
652 3212 758 3277 ille,
799 3207 930 3263 intra
967 3225 1023 3263 se
1056 3219 1369 3276 prccepturn
1411 3207 1711 3267 occultavit,

151 3282 230 3333 sic
262 3281 497 3344 affectus,
532 3295 592 3333 ac
636 3281 677 3333 si
723 3279 1001 3332 audivisset
1033 3293 1223 3331 arcana
1265 3279 1422 3330 verba
1465 3292 1580 3344 qua:
1612 3292 1713 3328 non

149 3349 338 3403 liceret
369 3350 566 3402 honuni
598 3350 757 3416 loqui.
802 3350 843 3402 Ο
880 3352 1128 3401 tlicsaure
1171 3348 1476 3400 abscondite
1515 3345 1719 3398 divino-

148 3435 268 3472 rum
305 3422 719 3487 praeceptorum!
751 3435 782 3469 ο
813 3419 1197 3486 receptaculum
1224 3417 1588 3487 arcanorum!
1636 3430 1719 3468 re-

147 3486 489 3553 ceptaculum
511 3503 776 3541 sacrorum
806 3489 893 3542 Dei
921 3488 1198 3540 verborum
1222 3486 1233 3538 !
1262 3486 1379 3538 liae
1409 3487 1495 3537 tibi
1525 3494 1719 3553 myste-

147 3561 226 3609 ria
260 3573 354 3624 per
384 3567 547 3610 totum
579 3559 756 3610 orbem
791 3557 1110 3626 pra-dicavit.
1146 3556 1495 3626 ldeotaeitus
1523 3554 1719 3626 incedit

147 3637 304 3694 pater
325 3642 445 3679 cum
478 3626 673 3690 lsaaco,
702 3623 833 3679 duos
859 3628 1027 3678 solum
1054 3640 1230 3679 secum
1255 3625 1450 3676 ducens
1474 3623 1714 3694 famulos,

140 3693 236 3762 qui
273 3698 515 3748 sacrificii
548 3699 761 3763 hujusce
791 3697 998 3748 modum
1029 3696 1355 3760 ignorabant,
1390 3693 1720 3761 progreditur

140 3776 326 3816 autem
362 3767 518 3815 trium
548 3766 747 3817 dierum
782 3765 984 3819 itinere.
1017 3765 1094 3817 'l‘u
1124 3779 1246 3816 vero
1273 3764 1415 3816 disce
1442 3764 1718 3831 probatum

144 3835 512 3900 progenitoris
551 3837 800 3893 animum,
837 3836 991 3902 idque
1037 3834 1086 3886 in
1135 3842 1278 3886 tanto
1314 3833 1515 3885 itineris
1556 3834 1719 3902 inter-

143 3905 310 3954 vallo.
348 3902 526 3970 Neque
553 3905 690 3954 enim
726 3904 859 3955 Deus
886 3901 980 3968 ipsi
1011 3905 1173 3955 altare
1202 3918 1361 3969 prope
1383 3901 1629 3963 ostendit,
1656 3916 1720 3954 ne

139 3973 271 4023 titlei
303 3974 499 4025 ardore
545 3972 794 4024 naturalis
824 3972 1038 4024 affectus
1067 3981 1428 4032 averteretur;
1460 3971 1549 4022 sed
1582 3979 1636 4022 ut
1665 3971 1715 4022 in

140 4043 313 4108 lmth
346 4041 554 4101 itinere,
589 4043 747 4094 lilium
776 4041 862 4092 diu
889 4041 1215 4107 conSpiciens
1244 4039 1310 4091 ibi
1345 4054 1436 4106 pro
1466 4053 1608 4092 more
1637 4040 1720 4091 lu-

135 4110 295 4162 dicra
326 4119 592 4177 agentem,
621 4111 671 4162 in
703 4111 851 4163 ulnas
883 4125 1004 4162 suas
1043 4121 1420 4170 accurrentein,
1458 4109 1532 4160 rei
1564 4109 1719 4176 perfi-

134 4179 355 4231 cienda:
387 4181 720 4246 cogitatione,
764 4182 902 4233 velut
947 4194 1129 4231 aurum
1174 4180 1224 4229 in
1262 4179 1398 4245 igne,
1446 4178 1497 4229 iu
1541 4192 1720 4231 amore

133 4263 290 4313 s:upe
337 4251 658 4300 exercitatus
694 4257 848 4315 atque
889 4249 1170 4316 probatus,
1220 4247 1722 4316 splendidiusrobe-

130 4318 370 4369 (fictilia:
412 4320 736 4385 propositum
768 4315 1084 4370 ostenderet.
1109 4317 1151 4370 Ο
1177 4318 1380 4384 quoties
1409 4318 1456 4367 in
1482 4315 1721 4367 triduano

132 4388 233 4437 illo
260 4395 368 4437 via:
405 4386 683 4439 intervallo
727 4400 869 4452 pater
906 4388 954 4438 in
985 4388 1157 4453 seipso
1187 4386 1381 4438 cwdem
1421 4386 1510 4436 lilii
1549 4395 1720 4438 mente

130 4457 429 4507 versavit?
455 4457 659 4522 quoties
689 4457 821 4507 intra
852 4470 908 4508 se
937 4456 1023 4508 lilii
1047 4455 1268 4507 cadaver
1297 4469 1423 4522 rogo
1451 4454 1718 4520 imposuit,

129 4525 308 4574 toties
343 4526 395 4575 iu
424 4525 582 4576 eorde
605 4524 924 4586 vulneratus,
948 4525 1150 4592 quoties
1169 4525 1477 4575 sacrificium
1504 4525 1552 4574 in
1576 4538 1721 4575 men-

1182 385 1448 445 CONTRA
1491 379 1839 448 THEATRA,
1881 377 2320 442 ETC..SER.\IO.

3266 385 3382 444 550

1801 497 2171 553 mactationem
2199 497 2389 551 ductus
2419 503 2519 548 est.
2545 492 2656 546 [δραι
2679 490 2845 546 oculis
2868 497 2947 543 est
2978 490 3169 555 eiedes,
3201 502 3373 562 neque

1802 568 2110 635 obsequium
2160 575 2314 634 negat
2366 565 2506 635 lsaa_e
2554 563 2757 632 parenti
2806 581 2817 615 :
2867 571 3020 635 typus
3070 565 3212 614 enim
3259 570 3376 615 erat

1801 631 2018 699 Christi,
2062 637 2160 702 Qui
2201 631 2415 689 obedivit
2453 631 2597 686 Patri
2628 647 2778 699 usque
2816 631 2882 683 ad
2911 641 3134 702 mortem,
3164 639 3374 684 mortem

1802 718 1967 758 aufem
1993 699 2154 759 cru—cis
2181 705 2431 774 (Philipp.
2463 705 2514 757 2.
2538 704 2621 774 β).
2640 700 2983 774 _lsaac_si_mnl
3008 699 3153 774 filius
3181 709 3295 754 erat
3322 711 3374 754 et

1804 777 2028 829 victima.
2063 768 2316 830 Similiter
2344 768 2500 826 etiam
2527 768 2770 825 Christus
2804 771 2966 823 Filius
3008 768 3098 822 Dei
3130 778 3182 822 et
3211 785 3375 836 agnus

1804 847 1889 914 qui
1925 847 2058 898 tollit
2089 853 2354 914 peceatum
2393 843 2593 914 niundi.
2635 840 2958 914 Nongparcit
2996 839 3176 892 Isaaco
3207 851 3370 914 pater,

1805 909 1896 966 sed
1930 909 2098 983 neque
2129 913 2264 966 Deus
2288 913 2530 983 Christo;
2566 926 2696 983 nam,
2717 909 2849 983 Filio
2880 924 3099 983 suanm:
3130 912 3372 983 pepercit,

1805 984 1891 1035 sed
1929 977 2027 1052 pro.
2057 983 2197 1036 nobis
2244 982 2474 1036 omnibus
2515 979 2904 1052 tradiditillunt
2943 977 3128 1052 (Rom;
3163 978 3214 1032 8.
3260 979 3370 1049 59.).

1805 1046 2001 1107 Triduo
2021 1063 2137 1120 post
2153 1052 2464 1106 sacrificium
2490 1062 2656 1104 mater
2672 1049 2814 1102 videt
2838 1050 3093 1120 viventem
3108 1046 3374 1116 lsaacutn;

1808 1131 1926 1190 post
1973 1118 2198 1198 triduum
2241 1123 2477 1198 [Ecclesia
2533 1121 2895 1198 incorruptum
2940 1118 3082 1198 videt
3124 1120 3381 1198 ξεῖν-κιο-

1807 1188 1938 1245 rem.
1976 1192 2097 1247 ll:rc
2133 1194 2199 1246 de
2236 1192 2415 1261 figuris
2454 1191 2674 1261 carptim
2717 1188 2857 1261 dicta
2892 1196 3067 1261 sunto.
3111 1188 3377 1245 Abraham

1807 1277 1933 1315 vero
1956 1263 2062 1330 jam
2095 1257 2330 1331 pervenit
2373 1261 2447 1331 ad,
2481 1257 2652 1313 locum
2694 1257 2954 1322 sacrificii,
2993 1257 3380 1331 iii_certainitie

1811 1327 2022 1384 domum
2067 1327 2403 1393 constitutus,
2437 1330 2488 1382 in
2529 1344 2632 1397 quo
2673 1337 2855 1381 natura
2896 1337 2950 1380 et
2993 1327 3236 1382 voluntas
3280 1347 3377 1397 pu-

1807 1411 1984 1467 guant,
2019 1411 2303 1454 coronatur
2329 1410 2501 1453 autem
2529 1401 2735 1450 animus
2770 1407 2968 1450 natura:
3003 1397 3188 1468 vietor,
3221 1408 3378 1468 atque

1805 1469 1922 1538 jure
1957 1470 2045 1522 Dei
2074 1486 2222 1524 amor
2258 1470 2325 1523 de
2363 1484 2542 1521 amore
2576 1468 2665 1520 filii
2698 1467 3002 1538 triumphat.
3042 1467 3194 1538 Venit
3234 1467 3381 1536 pater

1807 1535 1925 1591 cum
1956 1541 2080 1601 filio,
2113 1542 2255 1593 solus
2282 1539 2529 1593 sacerdos
2553 1552 2670 1591 cum
2704 1536 2812 1590 sola
2846 1536 3036 1590 hostia.
3066 1535 3251 1590 Omnia
3281 1555 3372 1592 au-

1813 1619 1915 1660 tem
1960 1617 2111 1662 erznit
2151 1609 2284 1663 filius
2332 1608 2496 1679 patri,
2543 1607 2814 1661 sacrificus
2855 1607 3166 1671 ministerio,
3211 1607 3380 1665 hostia

1811 1679 2126 1732 sacerdotio.

1882 1748 1934 1801 6.
1979 1749 2083 1817 ligo
2115 1763 2238 1802 vero
2265 1747 2612 1817 adolescentis
2641 1746 2805 1800 miror
2835 1746 3190 1816 prudentiam,
3221 1764 3376 1817 quam

1813 1816 2121 1870 reverenter
2145 1819 2274 1884 patri
2301 1817 2440 1870 dicat
2471 1834 2482 1868 :
2518 1816 2688 1874 Pater.
2721 1833 2830 1886 ecce
2858 1819 2990 1885 ignis
3015 1827 3060 1869 et
3087 1816 3247 1886 ligna,
3275 1820 3382 1871 ubi-

1813 1903 1928 1938 nam
1960 1889 2064 1941 ovis
2095 1887 2241 1954 (Gen.
2271 1888 2360 1941 ἓξ.
2390 1886 2484 1958 7)_?
2522 1886 2634 1940 Non
2674 1885 2860 1958 irridet
2893 1885 3260 1958 immemorem
3289 1904 3380 1958 pa-

1818 1966 1951 2010 trem
1981 1973 1992 2009 :
2017 1957 2216 2010 sciebat
2244 1959 2382 2011 enim
2411 1954 2739 2010 Chananmos
2766 1956 2833 2009 ob
2863 1957 3024 2009 risum
3050 1954 3232 2010 Chami
3263 1954 3379 2012 scr-

1813 2025 1962 2078 vituti
1994 2041 2111 2079 esse
2150 2027 2419 2089 addictos;
2454 2025 2543 2078 sed
2587 2026 2893 2093 interrogat,
2932 2025 3188 2079 Ubinam?
3217 2028 3378 2080 inter-

1816 2096 2047 2162 rogantis
2089 2097 2266 2164 specic
2310 2096 2512 2163 lapsum
2559 2096 2827 2148 memoria:
2869 2096 3158 2163 Corrigens.
3203 2095 3379 2158 Pater,

1817 2164 2002 2231 inquit,
2033 2181 2140 2218 erce
2169 2167 2306 2235 ligna
2335 2176 2379 2218 et
2409 2166 2570 2235 ignis;
2600 2164 2848 2235 ovisnbi‘?
2873 2165 3000 2230 Quis
3029 2180 3206 2218 sermo
3233 2167 3380 2220 suffi-

1815 2235 1921 2285 ciat
1957 2235 2020 2288 ad
2050 2236 2144 2287 viri
2185 2234 2665 2304 magnanimitatem
2696 2234 3103 2304 declarandam?
3143 2235 3255 2289 Non
3303 2238 3380 2290 la-

1815 2318 2024 2374 crymas
2056 2305 2123 2356 illi
2153 2303 2383 2358 excussit
2413 2305 2504 2356 lilii
2532 2319 2628 2357 vox
2658 2322 2670 2356 :
2701 2319 2801 2354 non
2834 2303 3049 2374 deflevit
3077 2304 3382 2360 adolescen-

1821 2383 1922 2425 tem
1947 2375 2237 2441 proximam
2257 2375 2352 2427 sibi
2375 2375 2568 2427 cmdem
2595 2391 2694 2426 non
2719 2373 3051 2434 sentientem,
3078 2374 3170 2427 sed
3193 2376 3386 2430 mansit

1816 2456 2026 2510 semper
2050 2443 2406 2497 invulneratus
2432 2454 2483 2497 et
2514 2444 2901 2506 adamantinus,
2936 2445 3135 2509 paterni
3167 2444 3384 2500 affectus

1818 2513 2030 2564 oblitus.
2064 2512 2138 2566 llli
2170 2529 2294 2580 ergo
2326 2514 2543 2565 firmiter
2583 2513 2864 2579 rCSpondet
2896 2530 2907 2564 :
2944 2511 3078 2564 Deus
3110 2515 3382 2580 providebit

1818 2581 1910 2633 sibi
1936 2597 2092 2646 ovem,
2128 2583 2201 2649 fili
2231 2580 2386 2649 (Ibid.
2419 2600 2464 2634 v.
2495 2580 2575 2648 8).
2605 2581 2717 2634 Non
2753 2583 3066 2648 praenuntiat
3088 2584 3263 2646 juveni
3291 2585 3381 2638 Dei

1818 2652 1958 2704 circa
1991 2653 2131 2703 illum
2155 2652 2497 2715 voluntatem,
2533 2667 2598 2703 ne
2627 2660 2809 2705 tenero
2833 2651 3011 2703 animo
3039 2653 3265 2717 scipsum
3289 2656 3382 2704 ilo-

1820 2721 2268 2788 ploransjnvenis,
2287 2722 2529 2789 Iacrymis
2550 2721 2770 2772 bestiam
2788 2721 3090 2774 maeularet.
3108 2723 3384 2788 Quomodo

1819 2791 1988 2861 vobis,
2020 2789 2227 2853 fratres,
2252 2807 2311 2843 ea
2339 2806 2455 2858 qua:
2481 2799 2776 2861 sequuntur
2795 2791 2913 2861 sine
2953 2789 3198 2861 lacrymis
3225 2809 3380 2846 enar-

1820 2858 1986 2912 rabo?
2015 2861 2090 2931 Ac
2119 2861 2158 2913 si
2194 2870 2338 2931 pater
2363 2875 2554 2931 essent,
2584 2859 2778 2926 aliquid
2813 2860 2982 2931 patior
3010 2858 3076 2931 inf
3104 2862 3179 2931 rei
3220 2874 3383 2931 gestae

1819 2930 2147 2982 recensione.
2182 2930 2258 2982 Ad
2289 2931 2449 2982 solius
2475 2929 2635 2990 enim,
2662 2938 2716 2980 ut
2740 2940 2881 2994 pnio,
2907 2930 3132 2984 Abrahae
3154 2929 3382 2996 linguam

1824 2998 2134 3070 pertinebat,
2169 2999 2282 3052 sine
2311 2998 2684 3070 lacrymishrcc
2710 3013 2974 3060 enarrare,
3000 3009 3300 3070 tantamque
3330 3003 3381 3056 iit

1821 3069 1995 3121 verbis
2036 3070 2279 3136 prazferre
2324 3068 2837 3136 magnanimitatem,
2888 3081 3135 3136 quantam
3191 3068 3278 3125 ille
3330 3073 3380 3125 in

1819 3152 1980 3203 Opere
2009 3138 2237 3190 ostendit
2265 3139 2582 3190 firmitatem.
2608 3138 2754 3203 Quod
2787 3139 2923 3190 enim
2954 3140 3002 3190 in
3028 3138 3125 3190 hue
3153 3141 3264 3193 viro
3287 3142 3382 3194 nii-

1823 3207 1987 3260 rabile
2007 3217 2060 3260 et
2083 3207 2467 3261 existimatione
2492 3207 2705 3275 dignum
2735 3217 2833 3270 est,
2865 3207 2913 3259 id
2946 3208 3083 3274 quod
3116 3210 3203 3263 ille
3235 3212 3381 3264 forti.

1824 3285 1902 3328 ter
1929 3275 2070 3341 fecit,
2122 3291 2217 3329 nos
2247 3292 2491 3331 enarrare
2533 3277 2645 3328 sine
2689 3277 3040 3329 miserationis
3076 3294 3230 3332 sensu
3278 3297 3381 3335 non

1824 3360 2117 3414 possmmis.
2149 3347 2393 3399 Attamen
2425 3347 2475 3398 id
2508 3344 2811 3399 tentandum
2844 3355 2958 3410 est,
2992 3348 3194 3401 etiamsi
3226 3350 3291 3405 ad
3325 3352 3383 3403 il-

1826 3416 1927 3467 lius
1961 3416 2308 3481 progenitoris
2347 3417 2588 3468 virtutem
2618 3430 2721 3467 non
2754 3431 2917 3482 prope
2955 3418 3287 3482 accedamus,
3330 3430 3384 3475 ut

1820 3501 1888 3538 ex
1916 3485 2074 3536 divini
2105 3486 2300 3537 amoris
2331 3485 2441 3551 lege
2478 3484 2717 3537 alfcctum
2749 3487 2813 3536 ita
2847 3486 3114 3538 vincamus
3135 3528 3147 3547 ,
3182 3499 3234 3540 ut
3263 3504 3385 3551 pos-

1823 3555 1988 3606 simus
2033 3554 2275 3607 sacriﬁcii
2332 3555 2447 3621 ejus
2494 3569 2612 3607 esse
2661 3555 2957 3623 participes,
3007 3556 3131 3608 illtid
3183 3554 3384 3613 scilicet

1822 3624 2138 3677 enarrando.
2170 3624 2588 3694 Accensoigitur
2615 3623 2889 3691 splendido
2909 3625 2968 3694 in
2998 3640 3084 3677 ara
3131 3625 3266 3694 igne,
3300 3631 3380 3680 vi-

1823 3696 1995 3746 ctinne
2031 3709 2175 3747 more
2204 3695 2267 3745 ad
2299 3693 2609 3763 sacrilicinm
2648 3695 2858 3760 adaptat
2897 3693 3060 3746 lilium
3097 3693 3261 3763 pater,
3299 3698 3380 3750 d:-

1824 3763 2012 3834 lictuni
2042 3764 2395 3830 unigenitum;
2441 3762 2631 3816 deinde
2652 3765 2874 3832 genibus
2913 3762 3275 3834 nixum’qnasi
3317 3769 3382 3819 ad

1823 3832 2183 3885 aduratiuncm
2216 3842 2358 3886 retro
2377 3842 2430 3885 et
2456 3848 2483 3884 a
2517 3843 2662 3897 tergo
2692 3834 2888 3900 alligat,
2915 3832 3158 3887 averwiii
3187 3838 3383 3891 consti-

1826 3910 1978 3955 tuens
2011 3917 2262 3968 puerum;
2295 3902 2482 3955 dcimle
2508 3904 2733 3971 propriis
2769 3904 3062 3968 impositum
3095 3906 3314 3970 genibus
3351 3925 3380 3958 ιι

1826 3983 1989 4037 tergo,
2019 3988 2168 4024 Coma
2201 3981 2406 4024 versum
2450 3986 2507 4024 se
2536 3973 2768 4034 reducta,
2812 3973 3086 4025 dexteram
3127 3978 3379 4040 extendit,

1823 4042 2081 4107 audetque
2107 4056 2332 4108 superne
2369 4041 2599 4107 gladium
2630 4042 2691 4094 ad
2728 4043 2964 4109 jugtuum
3009 4043 3305 4097 admovi-ie.
3339 4051 3382 4098 υ

1825 4110 1926 4159 vim
1968 4110 2126 4160 divini
2170 4111 2397 4162 amoris!
2427 4125 2458 4161 0
2499 4112 2767 4163 immotam
2799 4111 2956 4162 animi
2991 4111 3376 4167 fortitudinem!

1826 4178 2014 4230 Filium
2045 4178 2270 4247 alligavit
2301 4178 2363 4231 ad
2392 4181 2778 4235 macLaIionem.
2812 4194 2908 4232 nec
2936 4181 3118 4232 solune
3147 4194 3262 4234 sunt
3294 4200 3382 4237 na-

1827 4257 1956 4300 tura:
1983 4263 2279 4315 compages.
2319 4248 2536 4301 Gladius
2576 4251 2626 4302 in
2674 4250 2911 4301 manibus
2952 4259 3049 4310 est,
3083 4265 3178 4303 nec
3207 4255 3382 4306 olitor-

1829 4318 1937 4384 pnit
1963 4319 2194 4370 dextera.
2241 4319 2369 4379 Quis
2415 4333 2521 4371 rem
2569 4333 2797 4385 pl':l‘.SCtlS
2830 4319 3069 4372 tulisset?
3115 4321 3230 4387 quis
3277 4339 3379 4375 non

1825 4401 2043 4461 aversus
2083 4389 2322 4461 fuisset?A
2345 4388 2459 4461 quis
2502 4404 2600 4440 non
2654 4389 2868 4454 fugisset
2900 4388 3177 4442 miseratus
3217 4393 3381 4461 magis

1826 4471 1980 4521 quam
2010 4457 2120 4523 ipse
2146 4458 2327 4523 pater?
2360 4458 2478 4508 ideo
2515 4461 2724 4522 sapiens
2753 4472 2912 4508 senex
2951 4471 3130 4510 servos
3161 4475 3261 4512 non
3294 4457 3380 4515 se-

1827 4540 1944 4577 cuin
1971 4527 2271 4592 assumpsit,
2300 4526 2387 4578 sed
2420 4529 2593 4591 procul
2626 4525 3120 4593 exspectarejussit,
3151 4545 3215 4582 ne
3237 4545 3380 4584 eom-

126 4604 246 4642 ια-ιιι
280 4593 608 4646 revocabat?
632 4593 820 4645 Malum
844 4595 984 4646 enim
1005 4593 1145 4660 quod
1169 4593 1273 4660 jam
1299 4592 1517 4657 contigit
1546 4595 1720 4644 statim

127 4664 251 4711 fere
307 4663 360 4712 in
406 4663 721 4714 oblivionem
767 4665 926 4726 venit,
977 4662 1115 4729 quod
1163 4672 1334 4714 autem
1366 4670 1718 4728 exspectatur,

123 4732 306 4779 toties
349 4745 582 4783 inmrore
623 4733 801 4792 al'licit,
845 4732 1046 4799 quoties
1077 4743 1334 4783 succurrit
1373 4733 1421 4781 in
1471 4742 1718 4783 mentem.

128 4799 304 4848 \‘i-let
333 4799 552 4851 demum
580 4801 756 4866 procul
785 4802 964 4852 beatus
994 4801 1082 4852 ille
1105 4801 1343 4851 sacrificii
1373 4800 1561 4859 locum,
1598 4799 1722 4852 inef-

121 4866 291 4916 l'aliili
331 4871 564 4934 quadam
599 4884 722 4920 voce
754 4871 1030 4928 indicante,
1075 4871 1348 4935 Solumque
1379 4869 1536 4919 lilium
1577 4879 1724 4934 pater

117 4950 331 4987 secum
365 4940 611 4996 assumit,
646 4938 837 4990 relictis
867 4953 982 4990 cum
1026 4938 1174 4989 asino
1201 4938 1365 4989 servis
1398 4955 1410 4988 :
1452 4937 1597 4988 Solus
1625 4938 1722 4990 de-

117 5019 287 5055 mum
336 5019 465 5075 cum
506 5007 617 5056 Solo
648 5006 786 5058 Isaac
827 5006 1171 5075 progreditur,
1202 5021 1300 5057 non
1336 5014 1387 5056 ut
1419 5015 1564 5070 pater
1602 5021 1719 5057 cum

119 5074 272 5133 tilio,
327 5074 429 5124 Sed
474 5082 528 5123 ut
562 5076 805 5127 sacerdos
835 5074 952 5127 cum
995 5076 1184 5128 hostia.
1221 5080 1448 5127 Isaacuin
1480 5076 1720 5127 sacrificii

113 5142 299 5208 lignis
335 5152 560 5204 onerat,
593 5145 819 5209 gladiqu
850 5157 900 5197 et
933 5146 1103 5212 ignem
1143 5147 1251 5211 ipse.
1288 5155 1473 5211 gestat.
1508 5144 1720 5196 Sarcina

111 5220 337 5281 niierat
364 5212 637 5276 juvenem,
673 5223 722 5263 ut
752 5229 812 5264 ex
846 5214 1022 5265 labore
1051 5229 1182 5281 puer
1208 5219 1452 5265 sudorem
1480 5215 1716 5264 emittat:

111 5291 176 5330 ιιι
213 5280 316 5330 illo
355 5281 585 5330 naturali
617 5282 804 5333 balneo
831 5280 1058 5345 ablutus,
1093 5284 1318 5334 sanctior
1357 5283 1437 5332 fiat
1492 5283 1594 5332 lien
1625 5282 1720 5331 h0-

105 5351 255 5399 stia.
299 5349 591 5415 Postquam
636 5349 734 5400 huc
772 5367 945 5402 sermo
974 5354 1226 5417 pervenit,
1269 5361 1323 5403 ut
1354 5353 1453 5402 vidi
1482 5351 1718 5417 figuram,

106 5419 438 5468 veritatem
463 5420 511 5469 in
536 5429 761 5470 mentem
786 5422 1043 5471 revocavi.
1077 5420 1267 5471 Videas
1289 5435 1424 5471 enim
1449 5435 1550 5485 quo
1573 5430 1722 5485 pacto

105 5488 288 5556 Isaac
338 5487 448 5538 sibi
489 5488 725 5540 sacrificii
771 5490 902 5554 ligna
950 5499 1135 5556 gestat,
1166 5488 1427 5541 Christum
1465 5490 1719 5554 gloi'ilico,

97 5554 210 5621 qui
253 5564 498 5622 propter
528 5556 792 5609 lioiuinum
837 5554 1054 5608 salutem
1083 5574 1291 5610 crucem
1333 5572 1478 5609 suam
1517 5566 1724 5624 gestare

97 5624 332 5675 νιιιυιι.
373 5625 564 5677 Totius
603 5627 741 5677 enim
783 5625 976 5676 Christi
1019 5628 1326 5679 teconomia:
1367 5626 1602 5678 umbram
1640 5627 1723 5679 hic

92 5703 619 5760 praeoccupantem
640 5695 802 5747 video.
834 5695 977 5746 Sicut
1006 5696 1106 5746 ovis
1133 5698 1197 5746 ad
1225 5696 1518 5747 occisionem
1547 5694 1724 5748 ductus

82 5770 178 5813 at
242 5759 425 5831 (Ισιήῤ
481 5762 566 5818 53.
616 5765 689 5834 7).
736 5764 970 5817 Christus
1019 5780 1030 5816 :
1081 5764 1230 5831 hujus
1275 5773 1428 5834 typus
1468 5764 1609 5818 Isaac
1653 5765 1720 5818 ad

1828 4595 2163 4646 miseratione
2187 4595 2354 4646 affecti
2385 4610 2504 4661 erga
2557 4597 2664 4648 heri
2709 4595 2867 4646 lilium
2911 4597 3266 4662 jugulaniluiu,
3300 4602 3380 4653 di-

1828 4664 1932 4714 vini
1963 4665 2156 4715 amoris
2195 4677 2325 4730 opus
2354 4665 2681 4729 impedirent.
2711 4665 2823 4730 Quo
2849 4681 2966 4730 erga
2999 4667 3178 4717 herum
3205 4669 3382 4722 animo

1829 4733 2025 4802 futuros
2047 4741 2197 4799 putas
2219 4748 2417 4802 servos,
2445 4733 2679 4786 videntes
2708 4734 2872 4798 ipsum
2902 4736 2967 4784 ita
2992 4733 3294 4802 simpliciter
3316 4741 3380 4792 ad

1827 4800 2022 4853 caedem
2053 4801 2231 4853 dilecti
2259 4803 2356 4870 lilii
2401 4804 2802 4869 properantem?
2837 4816 2968 4869 quos
2997 4800 3148 4870 putas
3179 4819 3380 4859 sermo-

1828 4884 1923 4942 nes
1954 4870 2220 4942 habituros
2242 4869 2437 4942 fuisse?
2464 4871 2505 4921 0
2526 4887 2733 4942 gravem
2764 4869 3047 4938 proculque
3072 4874 3378 4942 abigeudam

1826 4940 2204 5012 calamitatem!
2236 4937 2402 5012 iierus
2446 4937 2621 5012 noster
2665 4941 2796 4992 forte
2837 4937 3046 5012 insanit,
3085 4937 3181 4995 nec
3216 4961 3380 5012 agnu-

1828 5009 1928 5060 scit
1952 5007 2199 5076 dilectum
2231 5008 2417 5069 lilium,
2447 5010 2536 5061 Sed
2564 5012 2702 5076 aliqu
2724 5026 2790 5061 ιιιι
2822 5024 2879 5061 se
2907 5011 3168 5064 victimam
3201 5007 3379 5068 tein-ro:

1824 5083 1999 5150 putat,
2026 5075 2242 5127 vitulum
2272 5085 2362 5150 aut
2391 5093 2559 5130 ovem.
2598 5075 2915 5131 accedamus
2943 5092 3066 5146 ergo
3101 5081 3379 5150 diligenter

1824 5145 1888 5217 ad
1910 5160 2029 5217 eum
2057 5160 2070 5207 ;
2099 5159 2203 5217 res
2245 5147 2382 5197 enim
2424 5163 2621 5199 moram
2669 5163 2770 5217 non
2803 5145 3026 5213 patitur}
3070 5145 3379 5217 arripiamus

1828 5214 2035 5265 interim
2062 5213 2308 5280 gladium,
2339 5218 2658 5268 retineamus
2681 5215 2974 5280 dexteram,
3004 5233 3068 5271 ne
3094 5213 3230 5274 hunc
3260 5222 3380 5277 lior-

1828 5290 1989 5334 tatuni
2040 5284 2185 5350 plaga
2237 5295 2579 5351 prmoccupet.
2609 5289 2685 5336 An
2737 5287 2849 5338 sine
2880 5288 3110 5352 periculo
3147 5293 3379 5344 acceda-

1829 5353 1984 5403 mus?
2015 5354 2281 5423 qnuunulo
2329 5354 2492 5407 servis
2540 5364 2734 5421 parcet,
2764 5357 2848 5423 qui
2895 5355 3240 5412 dilectissimo
3273 5363 3378 5413 tiiio

1829 5436 1929 5490 non
1961 5420 2153 5486 parcit?
2181 5422 2420 5474 Attamen
2454 5420 2820 5490 periclitemur.
2854 5425 3092 5479 Gloriosa
3121 5443 3257 5480 mors
3286 5447 3378 5481 no-

1827 5489 1908 5560 bis
1938 5490 2056 5549 erit,
2089 5491 2128 5540 si
2170 5491 2398 5554 accidat;
2431 5508 2546 5544 nam
2579 5508 2670 5559 pro
2702 5493 2828 5546 hero
2853 5495 3042 5560 juvene
3070 5498 3374 5552 moriemur.

1828 5559 2037 5636 Aliqunul
2069 5569 2222 5610 etiam
2271 5571 2461 5636 pra-ter:
2485 5563 2730 5636 decorum
2761 5559 3112 5636 proferamus,
3143 5566 3378 5636 increpe-

1829 5641 1942 5678 tnus
1973 5627 2262 5689 furentem,
2295 5646 2414 5682 num
2440 5630 2570 5684 forte
2610 5632 2659 5682 in
2702 5627 2910 5684 sensum
2945 5634 3134 5686 veniat.
3171 5627 3377 5690 Honore

1827 5699 2014 5762 dignus
2055 5705 2132 5747 est
2180 5697 2370 5762 herus,
2400 5702 2489 5752 sed
2534 5714 2648 5752 cum
2690 5700 2856 5764 sapit;
2891 5705 3180 5756 reverentia
3231 5715 3375 5764 item,

1829 5765 1922 5820 sed
1967 5779 2068 5816 non
2102 5766 2144 5819 si
2191 5782 2371 5820 necem
2397 5766 2653 5822 moliatur.
2689 5770 2738 5823 Si
2789 5768 2966 5824 furens
3014 5777 3380 5830 contumeliam
