3976 6218
554 398 661 455 551

556 524 801 590 patiatur.
833 522 1053 586 gratiam
1084 518 1296 572 habebit
1317 534 1433 572 cum
1461 521 1653 590 sapiet,
1681 529 1733 573 et
1758 533 1851 590 nos
1877 527 1936 590 ut
1962 515 2121 571 bene-

555 588 681 644 ﬁcos
709 591 1082 651 remunerahit,
1120 599 1175 641 ut
1203 598 1500 644 servatores
1525 588 1698 659 pueri.
1732 589 1854 643 Hmc
1881 588 2119 659 dicentes

554 661 732 714 statim
761 662 1137 722 accurrissent,
1171 668 1327 726 atque
1367 658 1541 727 primo
1569 659 1797 727 gladium
1823 674 1850 710 a
1881 658 2116 727 dextera,

557 731 787 783 lsaacum
832 744 861 781 a
913 738 1083 782 morte.
1121 726 1506 793 abripuissent;
1549 726 1741 783 deinde
1785 726 2119 780 sermonibus

555 800 631 851 nsi
664 798 915 862 fuissent,
946 807 1057 851 tum
1079 799 1167 867 qui
1198 798 1364 864 ipsum
1405 799 1468 850 ad
1504 799 1919 865 resipiscentiam
1949 797 2120 850 redu-

552 878 752 929 cerent,
781 879 886 919 tum
913 867 999 935 qui
1030 867 1140 920 heri
1170 868 1420 933 impetum
1447 869 1495 920 in
1523 869 1727 935 scipsos
1755 868 1926 935 potius
1950 876 2120 918 trans-

553 940 768 995 ferrent.
789 937 1023 990 dicentes
1054 954 1065 989 :
1095 937 1169 990 'l‘e
1192 937 1253 989 ad
1286 946 1515 991 mentem
1540 951 1747 1000 revoca,
1773 938 1927 1001 here;
1954 936 2114 987 lilium

554 1018 703 1061 tenes
747 1006 1011 1070 manibus,
1057 1006 1338 1066 dilectum,
1387 1007 1580 1061 sterilis
1625 1018 1853 1074 partum,
1911 1005 2115 1060 tardum

555 1078 641 1131 Dei
667 1077 885 1141 donum,
914 1077 1283 1144 hOSpitalitatis
1304 1076 1553 1140 fructum,
1584 1076 1801 1129 vitulum
1836 1092 1930 1144 pro
1952 1075 2117 1127 vitulo

550 1148 750 1211 datum,
784 1158 999 1215 propter
1020 1162 1173 1213 quem
1203 1146 1371 1199 solum
1404 1150 1575 1199 natale
1604 1146 1789 1199 festum
1815 1144 2114 1207 celebrasti,

550 1229 602 1271 et
629 1218 886 1271 salutares
928 1216 1200 1269 Altissiino
1237 1216 1433 1269 hostias
1465 1216 1732 1280 obtulisti,
1764 1232 1917 1282 quem
1947 1216 1997 1266 in
2024 1229 2116 1281 spe

548 1287 724 1341 aluisti
754 1296 810 1339 ut
838 1286 1080 1339 baculum
1110 1286 1414 1347 senectutis,
1450 1296 1665 1353 propter
1697 1302 1850 1347 quem
1878 1283 2117 1337 suaviter

551 1358 785 1420 vivebas,
810 1357 962 1424 cujus
982 1356 1174 1408 obnixe
1200 1356 1497 1422 precabaris
1526 1372 1629 1408 non
1661 1355 1839 1409 videre
1867 1364 2111 1415 mortem,

547 1428 637 1479 sed
670 1427 815 1480 illum
848 1427 1143 1493 relinquere
1175 1425 1393 1491 optabas
1424 1424 1669 1479 hetedem
1719 1435 1771 1479 ct
1812 1425 1994 1493 herum
2024 1438 2117 1476 no—

547 1508 712 1549 strum
747 1514 759 1550 :
791 1496 927 1548 hunc
961 1511 1115 1547 manu
1150 1504 1314 1547 tenes.
1352 1494 1483 1548 Vide
1514 1496 1658 1561 pueri
1686 1494 1929 1557 formam,
1965 1492 2111 1555 here,

548 1576 688 1618 tuam
720 1580 946 1634 agnosce
981 1564 1280 1633 imaginem.
1309 1563 1448 1617 Talis
1476 1566 1615 1618 enim
1648 1573 1701 1617 tu
1725 1579 1933 1632 quoque
1962 1578 2109 1623 eras,

547 1653 664 1688 cum
711 1635 921 1703 juvenis
950 1649 1115 1687 esses.
1162 1634 1323 1697 Isaac,
1360 1644 1412 1685 tn
1455 1648 1663 1703 quoque
1708 1636 1977 1701 alloquere
2026 1648 2115 1701 pa-

549 1717 702 1767 trem,
732 1715 786 1757 ut
814 1720 904 1771 per
943 1719 1125 1755 vocem
1170 1705 1366 1771 prolem
1397 1718 1542 1756 suam
1571 1713 1839 1773 agnoscat.
1870 1704 1963 1756 llic
1997 1711 2110 1768 est,

550 1779 695 1833 here.
740 1789 841 1827 non
885 1773 1079 1835 hostia,
1114 1773 1203 1826 sed
1230 1788 1322 1840 pro
1350 1788 1453 1841 quo
1499 1774 1737 1841 plurimm
1772 1774 1975 1835 liostim,
2002 1773 2114 1840 plu-

547 1848 693 1897 rimm
724 1844 1051 1912 precationes
1091 1843 1155 1895 ad
1188 1844 1371 1906 llenni,
1403 1851 1457 1895 ut
1481 1843 1545 1895 ad
1574 1844 1665 1896 viri
1694 1853 1899 1897 a'tatem
1931 1858 2115 1912 pervc-

549 1919 674 1979 niat,
703 1911 754 1966 ct
779 1914 930 1966 talem
955 1914 1111 1965 docat
1144 1913 1260 1964 vita:
1286 1924 1602 1974 consortem,
1628 1915 1797 1980 qualis
1824 1911 2110 1966 secundum

549 1988 792 2037 virtutem
823 1992 904 2035 est
930 1983 1085 2049 hujus
1113 1992 1299 2046 mater,
1334 1993 1524 2049 prmtcr
1556 1984 1883 2037 sterilitatem
1913 1991 2109 2034 tamen.

546 2055 773 2125 tlptabas
802 2054 941 2106 enim
978 2053 1111 2125 ejns_
1133 2061 1367 2125 maturos
1394 2052 1572 2125 videre
1610 2052 1834 2125 fructus,
1861 2052 2113 2125 et_deg_iis

550 2120 712 2177 laetari
742 2138 970 2179 rursum,
1001 2131 1055 2173 ut
1081 2120 1147 2174 de
1177 2121 1400 2174 lactente
1422 2120 1598 2177 lsaaco
1618 2122 1983 2176 delectabaris.
2008 2120 2111 2175 Sed

546 2212 576 2243 o
607 2195 848 2262 ingentes
876 2193 1219 2255 calamitates,
1245 2191 1294 2242 in
1317 2206 1449 2259 quos
1476 2192 1646 2262 ipsum
1668 2192 1783 2245 dies
1812 2190 2109 2244 deduxisti!

550 2279 641 2331 pro
664 2261 874 2316 coronis
900 2262 1129 2324 vincula,
1156 2274 1250 2328 pro
1273 2276 1435 2313 uxore
1458 2261 1681 2330 gladius.
1705 2264 1935 2330 Apparet
1955 2261 2106 2329 ignis,

546 2350 649 2386 non
704 2346 809 2400 quo
854 2332 972 2397 quis
1024 2345 1244 2384 uxorem
1295 2331 1466 2400 ducat,
1510 2331 1604 2384 sed
1652 2347 1756 2399 quo
1807 2332 2107 2399 sepeliatur.

544 2404 709 2457 Adest
726 2399 957 2468 juvenis,
978 2414 1081 2453 non
1102 2399 1418 2467 nuptialibus
1436 2412 1736 2464 coronatus,
1760 2402 1850 2455 sed
1875 2401 1938 2453 ad
1965 2416 2108 2452 aram

544 2476 771 2531 vinctus,
800 2480 1115 2540 gestansque
1142 2484 1245 2522 non
1278 2478 1474 2523 vestem
1506 2472 1813 2539 nuptialem,
1840 2470 1933 2524 scd
1967 2470 2113 2522 habi-

546 2555 655 2597 tum
688 2538 981 2595 funebrem.
1011 2538 1125 2609 Non
1169 2540 1320 2592 adest
1370 2538 1663 2606 pronubas,
1696 2541 1781 2609 qui
1831 2540 2113 2608 conjungat

545 2628 637 2667 eos
658 2613 743 2681 qui
764 2624 957 2681 genere
978 2608 1225 2677 disjuncﬁ
1246 2620 1386 2672 sunt,
1414 2610 1503 2663 sed
1534 2610 1683 2663 adest
1711 2608 1874 2677 pater,
1902 2610 1990 2678 qui
2010 2625 2111 2681 per

548 2680 730 2737 necem
783 2680 866 2733 illa
916 2688 1146 2746 separat.
1188 2694 1306 2747 qua:
1354 2688 1537 2731 natura
1582 2682 1947 2746 conjunxerat.
2001 2680 2112 2733 Hoc

546 2754 684 2805 circa
714 2751 845 2803 ﬁlios
876 2766 941 2803 ne
982 2750 1263 2802 Cbanamci
1296 2749 1505 2813 quidem
1542 2760 1717 2818 patres
1745 2750 2107 2818 cogitaveriut.

547 2823 770 2876 Talesne
796 2818 1047 2872 hactenus
1076 2818 1346 2870 Altissimo
1368 2818 1624 2871 oﬁercbas
1647 2817 1883 2872 hostias?
1910 2820 2109 2873 talesoe

546 2892 830 2960 gratiarum
881 2890 1113 2960 actiones
1164 2902 1259 2960 pro
1311 2886 1424 2960 ejus
1482 2888 1877 2960 incolumitate?
1920 2894 2107 2942 Annon

546 2956 737 3015 arietes
763 2968 817 3013 ct
845 2959 1022 3011 hircos
1051 2956 1337 3017 mactabas,
1369 2956 1520 3009 bruta
1547 2958 1848 3022 animantia,
1883 2974 2000 3012 cum
2028 2973 2112 3011 ra-

548 3030 816 3085 tionaliom
862 3038 915 3082 et
939 3026 1318 3080 irrationalium
1368 3026 1643 3079 Dominum
1675 3028 1943 3095 placat-es?
1972 3043 2109 3082 nunc

549 3115 672 3156 vero
704 3100 911 3152 victima
942 3097 1156 3166 qualis?
1181 3096 1224 3149 Ο
1252 3095 1579 3149 intoleranda
1613 3097 1781 3152 mala!
1816 3100 2012 3152 Similis
2031 3108 2112 3152 cst

547 3170 808 3225 sacerdoti
832 3168 1058 3229 victima,
1093 3174 1373 3236 cognatum
1400 3176 1480 3218 cst
1507 3168 1577 3232 ei,
1607 3167 1698 3233 qui
1719 3168 1884 3221 Deum
1917 3171 2104 3236 placat,

551 3243 597 3295 id
626 3240 764 3309 quod
786 3238 849 3291 ad
891 3234 1200 3309 placandum
1227 3234 1539 3309 adhibetur;
1585 3252 1687 3309 non
1732 3254 1795 3290 ex
1840 3234 1984 3301 ovili,
2016 3239 2109 3293 sed

548 3328 612 3364 cx
645 3304 769 3376 ipsa
801 3304 1094 3362 sacerdotis
1118 3315 1302 3359 natura
1353 3304 1521 3376 hostia
1562 3307 1925 3375 proﬁciscitur.
1957 3309 2110 3362 Tales

551 3396 653 3433 ιιιιιι
681 3374 870 3447 accipit
893 3377 1031 3430 Deus
1060 3376 1256 3428 hostias
1286 3391 1297 3426 ε
1323 3374 1722 3447 clemensenim
1749 3392 1866 3431 cum
1894 3379 1961 3431 sit
1985 3393 2109 3447 erga

553 3446 826 3511 homines,
855 3447 908 3500 in
953 3447 1174 3499 hostiam
1219 3459 1321 3497 non
1361 3446 1577 3514 suscipit
1603 3446 1889 3501 hominem.
1916 3448 2029 3515 Quo
2054 3446 2111 3503 te

553 3520 764 3573 nomine
795 3530 933 3569 nunc
972 3515 1372 3584 appellabimus,
1403 3516 1561 3569 here?
1586 3532 1648 3569 an
1684 3519 2010 3573 sacerdotem
2042 3518 2110 3572 ob

554 3591 799 3652 hosﬁum,
830 3602 895 3640 an
928 3586 1019 3638 lilii
1056 3585 1437 3656 interfectorem
1482 3586 1551 3639 ob
1589 3585 1788 3641 ﬁlium?
1812 3587 2111 3656 Stupcndus

556 3677 691 3734 vere
719 3667 803 3734 est
848 3656 1088 3734 sacriﬁcii
1130 3655 1361 3734 modus,"
1382 3656 1469 3734 qui
1514 3670 1610 3708 nec
1649 3657 1807 3734 verbo
1852 3655 2110 3734 explicari

552 3729 737 3797 possit.
766 3726 953 3780 Omnia
979 3728 1172 3793 quippe
1192 3725 1467 3797 sacriﬁcia,
1492 3740 1588 3797 pro
1608 3725 1775 3797 salute
1806 3728 2112 3797 persolvun-

555 3794 657 3861 iur,
690 3798 825 3851 ﬁlius
854 3810 981 3849 vero
1014 3806 1132 3847 tuus
1163 3808 1255 3861 per
1282 3794 1594 3847 sacriﬁcium
1633 3796 1787 3862 perit.
1816 3795 1949 3860 Quid
1984 3812 2109 3853 vero

552 3872 795 3923 dicemus
812 3866 863 3919 id
890 3864 1030 3933 quod
1053 3866 1160 3933 jam
1189 3862 1393 3932 agitur?
1420 3863 1639 3929 caedem,
1668 3879 1737 3918 an
1763 3866 2108 3922 sacriﬁcium?

555 3932 992 3997 exsecrationem,
1017 3932 1083 3986 an
1110 3932 1462 3987 oblationem?
1485 3936 1783 3988 incendium
1805 3976 1819 4000 ,
1867 3949 1933 3988 an
1966 3936 2112 3991 holo-

554 4017 791 4061 caustum
809 4006 832 4057 ?
850 4004 923 4075 Ita
948 4004 1089 4057 enim
1114 4011 1295 4055 contra
1320 4003 1405 4071 jns
1424 4002 1627 4075 fasque,
1645 4007 1709 4057 ita
1732 4014 1914 4058 contra
1943 4007 2110 4075 legem

557 4087 637 4130 cst
660 4077 707 4129 id
735 4074 876 4143 quod
896 4074 1087 4141 agitur,
1106 4081 1164 4143 ut
1191 4087 1255 4125 ne
1279 4087 1466 4127 nomen
1486 4074 1697 4143 quidem
1722 4074 2114 4131 oblationisha-

559 4149 695 4199 beat.
718 4142 763 4198 Ο
790 4144 962 4213 qualia
978 4157 1075 4213 nos
1095 4142 1301 4195 visuros
1322 4145 1680 4211 sperabamus,
1701 4153 1755 4197 et
1784 4145 1957 4213 qualia
1976 4162 2113 4200 nunc

559 4162 695 4199 υθιιι.
718 4162 763 4198 υ
827 4162 962 4196 naua
978 4162 1075 4196 nos
1095 4162 1301 4195 VISUI'OS
1322 4162 1680 4211 δρετειυιιηιυδ,
1701 4162 1755 4197 el.
1784 4162 1957 4213 qualla
1976 4162 2113 4200 nunc

558 4162 826 4268 videmusl
842 4211 1195 4280 Spcrabamus
1214 4221 1355 4266 certe
1372 4227 1468 4266 nos
1486 4214 1653 4281 ipsum
1666 4214 1872 4268 visuros
1890 4216 1979 4269 tibi
1997 4216 2113 4270 sub-

557 4285 943 4337 ministrantem
970 4282 1033 4333 ad
1063 4282 1337 4346 sacrilicia,
1367 4297 1580 4349 Operam
1607 4282 1818 4337 dantem
1844 4285 1907 4338 ad
1938 4301 2115 4341 sacer-

556 4355 684 4407 dotii
698 4354 901 4405 munia:
921 4364 1057 4403 nunc
1071 4359 1267 4413 autem,
1283 4365 1315 4402 ο
1330 4352 1650 4405 intoleranda
1666 4355 1799 4406 mala
1819 4355 1947 4407 lnon
1964 4356 2115 4409 adest

559 4421 817 4477 sacerdoti
857 4421 1119 4473 victimam
1150 4429 1354 4484 tenens,
1386 4422 1477 4474 sed
1506 4421 1619 4489 ipse
1638 4423 1777 4489 jacet
1813 4425 2017 4478 vinctus
2046 4426 2111 4478 ad

562 4494 855 4555 victimam;
880 4504 1049 4558 neque
1086 4503 1269 4543 vocem
1325 4491 1515 4544 emittit
1542 4500 1597 4543 ut
1647 4507 1840 4559 agnus,
1872 4495 1963 4547 sed
1998 4495 2112 4547 sine

563 4577 691 4616 voce
720 4568 774 4613 et
811 4570 986 4615 mutus
1010 4560 1170 4627 jacet,
1219 4573 1419 4627 ovoque
1450 4561 1739 4629 simplicior
1772 4564 1939 4616 solam
1970 4563 2112 4617 videt

562 4634 834 4687 dexteram
857 4671 871 4693 ,
902 4644 1056 4698 quam
1083 4643 1224 4696 saepe
1252 4636 1310 4680 ut
1334 4631 1679 4683 amantissimi
1712 4633 1870 4699 patris
1905 4636 2111 4687 oscula-

562 4715 644 4753 tus
668 4710 768 4760 est,
800 4701 1037 4771 furtoque
1067 4700 1389 4771 nuncetiam
1421 4742 1435 4762 ,
1467 4715 1586 4771 cum
1615 4700 1756 4754 videt
1796 4718 1910 4755 eam
1939 4704 2113 4771 gladio

562 4771 815 4823 nmnitam
859 4768 967 4821 vult
993 4769 1237 4822 osculari.
1268 4766 1412 4822 Multi
1445 4770 1534 4821 tibi
1562 4781 1682 4823 sunt
1708 4787 1894 4839 greges
1910 4766 2109 4836 ovium,

564 4842 710 4901 bere,
752 4840 914 4891 multa
946 4840 1101 4890 boum
1151 4848 1417 4903 armenta;
1450 4840 1513 4892 iis
1556 4841 1869 4894 sacriﬁcium
1908 4844 2068 4909 imple
2094 4881 2109 4905 ,

563 4924 681 4976 qua:
702 4917 823 4960 sunt
850 4909 901 4960 in
930 4910 1167 4959 victimas
1191 4909 1459 4975 deputata,
1497 4924 1599 4961 non
1628 4909 1711 4971 iis,
1740 4926 1855 4976 qua:
1891 4926 1989 4965 nec
2010 4913 2111 4964 im-

562 4979 766 5049 molari,
796 4992 893 5030 nec
919 4977 1124 5030 comedi
1156 4985 1389 5049 possunt.
1424 4978 1638 5040 Omnes,
1666 4981 1709 5032 si
1737 4980 1875 5045 libet,
1928 4996 2114 5049 greges

567 5047 775 5100 nnmola
800 5087 813 5109 ,
836 5061 954 5119 _no_n
996 5048 1406 5119 contradicim‘ns
1437 5066 1449 5102 :
1484 5049 1713 5119 legitima
1753 5047 1951 5119 quippe
1972 5047 2115 5105 esset

569 5116 867 5184 hnjusmodi
911 5114 965 5167 in
996 5118 1268 5189 sacriﬁciis
1295 5116 1577 5170 oﬁ'erendis
1610 5114 1928 5184 liberalitas;
1972 5120 2112 5189 quod

562 5200 733 5239 autem
767 5184 1115 5257 nuneagitur,
1151 5186 1341 5257 bellum
1385 5188 1551 5256 magis
1577 5198 1677 5251 est,
1708 5204 1861 5257 quam
1916 5184 2116 5245 sacriﬁ-

566 5260 743 5319 cium;
774 5254 1131 5328 obsidio,_oo_n
1154 5255 1368 5328 oblatio.
1416 5254 1503 5309 Illa
1534 5258 1672 5311 enim
1715 5254 1992 5325 precantes
2022 5275 2115 5328 pa-

570 5340 747 5381 timur.
784 5339 900 5395 qua:
925 5324 975 5375 in
1002 5324 1225 5395 bellone
1257 5324 1546 5388 videamus,
1579 5324 1888 5395 precantur;
1919 5340 1970 5382 et
2002 5324 2113 5382 lucc

566 5400 616 5447 in
648 5394 919 5466 sacriﬁciis
947 5394 1285 5466 sustinemus,
1305 5410 1433 5466 qua:
1468 5413 1531 5451 ne
1561 5394 1942 5461 sustineanius,
1991 5414 2113 5466 prc-

567 5480 654 5517 τες
677 5464 867 5516 offerre
888 5462 1318 5535 so_letnus.AQnod
1364 5480 1499 5535 nunc
1524 5469 1715 5535 agitur,
1764 5468 1903 5521 bello
1937 5462 2113 5535 perni-

570 5537 766 5587 ciosius
795 5542 894 5585 est.
928 5532 1190 5586 Fortassis
1229 5533 1366 5584 enim
1398 5532 1598 5599 liostis',
1640 5538 1845 5604 juvenis
1891 5532 2112 5592 formam

570 5613 888 5677 :ctatcnique
918 5604 1219 5663 miseratus,
1255 5605 1658 5677 pepercissetei.
1695 5608 1971 5672 Quomodo
2004 5609 2112 5677 jam

568 5678 616 5726 in
652 5683 788 5726 terra
818 5671 1235 5745 Chanana-orinn
1286 5670 1605 5745 habitaturus
1633 5670 1951 5745 es,_qnando
1978 5670 2114 5733 fera-

566 5760 678 5798 iuni
706 5742 1066 5796 crudelitatem
1089 5740 1385 5810 superasti?
1412 5740 1569 5797 Forte
1593 5740 1777 5799 omnes
1799 5745 2112 5804 Chananato-

2047 383 2313 441 SPURIA.

3698 415 3802 470 552

2230 534 2345 599 rum
2372 518 2485 599 _ﬁlii
2518 521 2571 575 in
2620 530 2668 578 ιε
2712 524 2914 599 irruent
2939 526 3293 599 :_Occidamus
3322 572 3335 591 .
3369 530 3610 598 inquient
3636 574 3655 598 ,
3710 535 3793 591 ﬁlii

2228 590 2654 669 interfectorem,
2678 609 2743 649 ne
2763 594 2846 669 _in
2867 596 3026 669 czcdis
3055 590 3357 666 lmjusmodi
3386 590 3698 669 exemplain
3727 607 3795 660 sit

2230 660 2463 740 patribus
2492 664 2704 740 nostris.
2760 665 3027 740 Exscinde
3055 660 3344 740 tAu'quoque
3381 660 3704 740 hospitalem
3735 676 3795 727 il-

2229 728 2632 810 lam-quercum,
2658 728 3532 810 benignunrilludtabernaculum,
3565 743 3791 798 incende

2228 798 2356 851 illud
2386 808 2439 851 ut
2469 799 2629 853 ﬁlium
2674 798 2970 858 incendisti.
3005 806 3191 860 Nullus
3220 808 3356 861 enim
3382 798 3547 863 viator
3569 820 3617 865 te
3635 814 3791 868 adire

2226 868 2459 932 audebit,
2486 880 2671 949 .utpote
2717 883 3019 949 suspectum
3041 916 3055 939 ,
3084 877 3173 949 qui
3228 892 3291 949 ne
3319 877 3667 949 lilio_quidem
3702 893 3789 937 tuo

2229 939 2545 1017 peperceris.
2572 939 2846 1017 Quomodo
2876 958 3001 1010 ergo
3026 939 3219 999 misera
3250 945 3400 1009 Sara,
3429 939 3549 1001 hera
3580 961 3783 1016 nostra,

2224 1009 2415 1086 conjqx
2439 1018 2554 1086 tua,
2588 1009 2741 1086 hujus
2766 1009 2958 1075 mater,
2990 1024 3038 1068 te
3064 1017 3308 1083 reapiciet
3328 1057 3342 1079 ,
3388 1032 3503 1084 qua:
3526 1020 3695 1073 ﬁlium
3722 1009 3784 1075 ei

2226 1078 2487 1156 sacriﬁcio
2531 1080 2846 1156 sanctiorem
2894 1078 3167 1137 ventorum
3218 1078 3598 1152 exspectabat?
3643 1090 3781 1156 Quid

2227 1155 2681 1226 putaspassnnram
2715 1150 2854 1226 illam
2889 1168 3028 1218 esse,
3055 1150 3390 1226 cpmprbbm
3427 1156 3531 1211 lilio
3571 1150 3774 1225 patrem

2223 1216 2546 1283 conspiciet?
2573 1219 2759 1270 Annon
2787 1221 2837 1273 in
2861 1216 3051 1275 terram
3079 1223 3279 1276 decidet
3312 1239 3536 1280 maerore
3562 1216 3733 1282 soluta
3758 1231 3782 1283 ?

2222 1290 2599 1364 annoustatim
2646 1288 2860 1364 delapsa
2900 1292 3333 1364 periclitabitur?
3372 1310 3543 1349 annon
3590 1300 3780 1364 perdes

2222 1370 2340 1433 cum
2373 1354 2480 1407 ﬁlio
2509 1354 3068 1433 uxorcm?Quo‘modo
3106 1362 3263 1433 alium
3318 1363 3549 1419 lsaacnm
3588 1354 3734 1421 seres
3759 1408 3775 1433 ,

2224 1424 2349 1477 here
2372 1435 2719 1504 noste‘rt'cum
2743 1424 3307 1504 supervenienteobitu
3333 1442 3468 1487 terra
3491 1436 3542 1488 in
3573 1424 3776 1504 petram

2220 1508 2373 1547 versa
2392 1495 2536 1548 erit?
2566 1494 2773 1549 Utinam
2810 1494 2963 1552 Sara:
3017 1501 3265 1553 sterilitas
3292 1494 3588 1560 numquam'
3604 1506 3771 1560 soluta

2220 1573 2382 1637 esset,
2410 1573 2467 1637 ut
2490 1574 2547 1637 tu
2570 1580 2741 1633 neque
2770 1576 2935 1633 pater,
2964 1584 3135 1637 neque
3165 1569 3255 1622 ﬁlii
3284 1569 3593 1627 interfector
3623 1591 3774 1629 voca-

2219 1635 2372 1708 rcris.
2398 1634 2549 1708 Quod
2576 1638 2870 1708 _:cvuin_ita
2905 1634 3115 1707 longum
3142 1640 3259 1702 erit,
3291 1651 3347 1693 ut
3377 1645 3539 1708 possit
3572 1645 3673 1697 tale
3703 1646 3773 1698 fa-

2219 1703 2369 1756 cinus
2429 1703 3155 1781 obliviqtiemdelerefNon
3226 1703 3394 1781 potuit
3447 1715 3769 1781 przeteritum

2222 1782 2428 1841 tempus
2471 1773 2743 1828 fratricidii
2773 1776 2950 1829 odium
2978 1777 3190 1841 delere;
3222 1773 3313 1832 sed
3340 1773 3498 1833 etiam
3533 1798 3671 1837 nunc
3699 1787 3773 1838 vi-

2220 1851 2488 1908 tuperatur
2512 1842 2637 1896 Cain
2656 1884 2669 1905 ,
2702 1855 2761 1921 ut
2785 1846 2871 1921 qni
2914 1857 3153 1921 naturam
3180 1865 3283 1900 non
3314 1854 3607 1921 agnoverit,
3636 1854 3771 1921 ejus-

2216 1928 2318 1980 que
2362 1927 2529 1981 genus
2571 1928 2665 1985 per
2693 1914 2945 1968 diluvium
2978 1916 3210 1983 funditus
3254 1914 3450 1985 periit,
3500 1914 3768 1977 fratricidii

2215 1996 2341 2061 vero
2371 1983 2624 2061 meritoria
2673 1999 2737 2035 ne
2787 1994 3043 2061 tantarum
3092 1983 3303 2061 quidem
3333 2003 3589 2061 aquarum
3618 1994 3767 2061 c0pia

2216 2050 2385 2121 deleta
2432 2051 2546 2105 fuit.
2582 2052 2759 2121 Longe
2790 2064 2963 2108 autent
2995 2050 3227 2110 deterior
3257 2050 3523 2111 fratricida
3553 2070 3635 2112 est
3676 2050 3766 2115 ﬁlii

2217 2120 2523 2197 interfector
2546 2162 2561 2187 ,
2592 2132 2646 2177 et
2677 2120 2875 2197 tantum
2908 2135 3157 2197 quantum
3188 2135 3332 2193 pater
3361 2126 3521 2181 fratre
3549 2130 3768 2197 conjun-

2216 2191 2510 2264 cti‘or.r(;ur
2547 2206 2712 2264 ergo,
2766 2193 2929 2255 here,
2980 2191 3234 2264 religiosa:
3280 2204 3332 2249 et
3377 2199 3603 2251 tnirabili
3648 2191 3769 2253 vita:

2216 2259 2481 2313 infamiam
2510 2259 2665 2335 all‘ers
2705 2264 3051 2335 inunortalem
3073 2259 3099 2327 ξ
3119 2280 3234 2332 qua:
3256 2281 3353 2318 nec
3380 2276 3618 2335 tempore
3637 2308 3651 2331 ,
3673 2285 3769 2324 nec

2215 2331 2806 2403 aquarumexundantia
2834 2333 2998 2387 deleri
3030 2331 3229 2399 possit?
3250 2339 3359 2403 Age
3384 2331 3624 2397 demum,
3646 2340 3769 2393 andi

2218 2414 2336 2463 nos,
2356 2410 2411 2475 ct
2443 2401 2529 2453 lilii
2562 2401 2767 2475 vincula
2793 2405 2958 2466 solve,
2986 2404 3153 2475 abjice
3184 2401 3433 2473 gladium,
3464 2409 3768 2475 exstingua-

2214 2470 2546 2543 "insignem,
2577 2470 3333 2543 ipsani‘aramsubvertarnus;
3386 2491 3451 2529 ne
3496 2470 3769 2543 vestigium

2214 2538 2425 2611 quidem
2456 2540 2504 2591 in
2534 2550 2670 2593 terra
2695 2541 2959 2611 relinquas
2978 2543 3299 2597 incredibilis
3325 2543 3591 2599 facinoris.
3618 2538 3769 2610 Quod

2215 2608 2258 2681 si
2288 2619 2629 2681 postgtantam
2657 2608 2998 2665 tnonitionem
3033 2628 3134 2665 non
3175 2614 3544 2681 obtemperas,
3575 2608 3769 2669 et'ma-

2215 2679 2358 2747 ligno
2386 2679 2611 2732 daemoni
2646 2681 2947 2753 ministrare
2970 2684 3243 2753 contendis
3263 2722 3276 2743 .
3313 2679 3414 2737 hoc
3441 2685 3613 2737 solum
3650 2701 3772 2753 pre-

2213 2762 2423 2822 camur,
2464 2762 2559 2822 nos
2603 2749 2827 2822 primum
2860 2752 3134 2822 interﬁce,
3169 2752 3388 2808 libenter
3428 2768 3612 2807 necem
3646 2749 3776 2822 pati-

2215 2833 2349 2889 mur.
2378 2817 2563 2872 Melius
2588 2821 2781 2887 quippe
2807 2822 2957 2874 nobis
2979 2830 3061 2874 est
3090 2821 3172 2875 hic
3193 2823 3404 2886 cadere,
3426 2838 3583 2889 quam
3610 2817 3775 2878 inter-

2214 2887 2428 2962 lectoris
2458 2890 2652 2962 proprii
2705 2889 2794 2943 lilii
2826 2904 3008 2944 servos
3050 2896 3245 2945 vocari.
3297 2887 3575 2958 Quomodo
3610 2895 3774 2962 igitur

2215 2959 2382 3010 servis
2414 2959 2532 3010 talia
2563 2959 2746 3029 insano
2779 2974 2924 3013 more
2959 2961 3292 3029 loquentibus
3340 2970 3393 3016 et
3441 2959 3722 3029 agentibus
3753 3006 3769 3027 ,

2214 3029 2519 3099 progenitor
2570 3028 2774 3080 Domini
2820 3028 3136 3099 praeceptum
3186 3028 3507 3099 exsequutus
3542 3033 3774 3086 fuisset?

2213 3097 2477 3167 quomodo
2525 3099 2575 3151 in
2620 3106 2728 3151 toto
2766 3099 2961 3152 mundo
2994 3097 3302 3167 prteclarnm
3334 3097 3514 3153 divini
3564 3102 3775 3156 amoris

2214 3180 2345 3233 opus
2387 3166 2702 3221 eﬁ‘olsisset?
2747 3166 3010 3237 quomodo
3063 3170 3304 3222 sublimis
3355 3170 3475 3222 lidei
3519 3170 3774 3225 columna

2213 3246 2386 3306 erecta
2441 3237 2662 3291 fuisset?
2715 3239 2978 3305 quomodo
3017 3238 3143 3305 ipsis
3192 3240 3440 3306 cperibus
3492 3239 3776 3294 didicisset

2214 3304 2848 3366 mundus.titnorem’Dei
2891 3307 2973 3361 vel
3020 3304 3109 3361 lilii
3160 3304 3340 3362 arnore
3385 3310 3769 3376 pretiosiorem

2212 3376 2368 3430 esse?
2401 3376 2523 3430 Ideo
2547 3376 2691 3430 solus
2720 3377 2784 3429 ad
2808 3377 3118 3431 sacriﬁcium
3148 3378 3368 3441 accedit,
3417 3393 3552 3429 unus
3584 3380 3779 3446 unige-

2215 3447 2381 3499 nitum
2406 3461 2499 3514 per
2527 3446 2860 3515 Unigenitum
2897 3448 2988 3501 uni
3026 3447 3131 3500 Deo
3173 3446 3419 3500 offerens.
3452 3446 3725 3501 Didicistis
3757 3488 3775 3514 ,

2212 3517 2491 3581 carissimi,
2523 3532 2614 3583 per
2631 3532 2689 3569 ea
2712 3531 2828 3584 qua:
2850 3516 2986 3569 dicta
3016 3527 3137 3569 sunt
3157 3516 3511 3583 progenitoris
3526 3532 3779 3569 amorem

2213 3600 2335 3654 erga
2364 3585 2562 3648 Deum;
2594 3586 2780 3640 discite
2812 3600 2905 3654 per
2928 3600 2990 3638 ea
3032 3601 3146 3653 quae
3181 3596 3478 3653 sequuntur
3510 3586 3602 3638 Dei
3635 3586 3780 3639 inef-

2213 3655 2420 3709 fabilem
2448 3656 2780 3708 clementiam
2809 3673 2822 3707 :
2846 3655 3033 3709 discite
3062 3655 3325 3724 quomodo
3354 3655 3388 3708 ii
3420 3659 3509 3722 qui
3534 3670 3781 3722 prasen-

2214 3726 2281 3777 tia
2308 3724 2603 3792 despiciunt
2624 3736 2677 3777 et
2706 3727 2755 3778 in
2780 3727 2975 3778 virtute
3007 3725 3304 3791 proliciunt,
3334 3740 3364 3777 a
3404 3729 3779 3790 temporaneis

2212 3810 2316 3849 non
2345 3794 2605 3848 excidant.
2634 3794 2849 3849 Jacebat
2880 3796 3053 3861 itaque
3079 3794 3222 3847 Isaac
3265 3795 3623 3861 compeditos,
3671 3811 3778 3847 no-

2211 3864 2335 3918 dum
2361 3866 2602 3933 przebens
2630 3865 2763 3933 patri
2788 3864 3028 3933 jugulum
3050 3865 3114 3917 ad
3132 3878 3337 3928 necem,
3365 3879 3557 3917 manus
3587 3874 3774 3916 autem

2214 3936 2505 3989 sacerdotis
2532 3944 2703 3989 erecta
2728 3936 3043 4003 properabat
3070 3934 3133 3987 ad
3162 3933 3365 4002 plagam
3391 3933 3727 3986 inferendam
3756 3974 3777 3999 ,

2214 4006 2498 4074 statimque
2524 4006 2590 4059 de.
2618 4004 2747 4059 caelo
2774 4004 3009 4059 defertur
3033 4018 3130 4057 vox
3154 4003 3552 4074 niisi_-ri_cordi:e,
3583 4018 3747 4074 quem
3764 4031 3776 4039 -

2214 4072 2495 4127 admodum
2542 4090 2746 4140 manus,
2793 4090 2909 4142 qua:
2956 4088 3167 4126 manum
3196 4072 3497 4136 cohiberet,
3532 4073 3779 4142 et__vclo-

2214 4146 2426 4197 cissimo
2446 4144 2598 4212 jussu
2616 4139 2904 4198 sacerdotis
2924 4144 3247 4196 alacritatem
3269 4141 3560 4212 retineret._
3578 4139 3666 4212 Νι
3694 4142 3779 4212 ξο-

2215 4216 2376 4278 iicias,
2422 4209 2606 4282 inquit,
2639 4230 2839 4265 manmn
2884 4224 3019 4264 tuam
3043 4213 3095 4265 in
3128 4227 3335 4282 puerum
3362 4210 3515 4281 (Gen.
3537 4210 3631 4282 2'2.
3650 4209 3770 4282 A12).

2214 4283 2413 4337 Sufﬁcit
2438 4280 2562 4335 mihi
2596 4292 2835 4350 prompta
2866 4280 3241 4350 voluntas,'etsi
3268 4280 3402 4347 opus
3421 4282 3583 4333 absit.
3616 4280 3779 4333 Nom-

2216 4356 2335 4409 bam
2361 4349 2781 4422 jugulariﬁlium
2808 4360 2972 4417 tuum,
3002 4354 3094 4422 sed
3137 4349 3573 4422 volebani_lidein
3629 4362 3775 4403 tuam

2216 4427 2267 4478 in
2309 4417 2649 4477 to'to'mundo
2693 4421 2969 4476 declarari.
3002 4420 3134 4487 Quia
3177 4420 3318 4473 enim
3351 4417 3474 4472 Non
3504 4422 3776 4488 pepercisti

2216 4494 2321 4560 ﬁlio
2342 4504 2426 4545 tuo
2452 4492 2629 4545 dilecto
2676 4500 2874 4559 propter
2907 4507 3002 4560 me,
3056 4490 3147 4543 sed
3176 4500 3428 4558 quantum
3460 4490 3514 4541 in
3552 4502 3606 4541 te
3655 4490 3776 4555 luit,

2216 4559 2369 4631 periit
2390 4561 2567 4626 Isaac,
2618 4561 2882 4631 Saraﬁlio
2911 4559 3091 4613 orbata
3124 4567 3419 4631 est,tuqnc
3466 4570 3621 4626 pater
3665 4573 3775 4612 non

2218 4629 2350 4686 ultra
2391 4633 2719 4685 vocariszcx
2750 4629 2850 4683 hoc
2902 4639 3137 4697 tempore
3188 4630 3258 4683 ob
3313 4640 3454 4681 tuum
3511 4642 3641 4695 erga
3687 4642 3778 4682 uie

2216 4716 2470 4764 amorem,
2496 4701 2699 4753 salvum
2722 4700 2901 4767 accipe
2922 4696 3086 4751 ﬁlium
3114 4708 3281 4762 tuum,
3321 4701 3409 4765 qui
3443 4696 3780 4765 grandeews

2216 4775 2349 4836 erit,
2382 4780 2435 4824 et
2464 4770 2631 4823 multo
2680 4778 2914 4836 tempore
2941 4769 3096 4822 vivet.
3147 4767 3291 4835 Opus
3318 4769 3458 4819 enim
3504 4780 3645 4836 erga
3685 4782 3777 4819 me

2212 4844 2319 4910 jam
2353 4850 2617 4910 peractum
2641 4847 2740 4902 est,
2770 4835 2869 4910 qui
2882 4836 3131 4910 affectum
3158 4836 3322 4910 animi
3348 4836 3603 4903 respicio.
3632 4835 3780 4910 Mere

2216 4905 2399 4965 cedem
2455 4908 2549 4963 tibi
2589 4905 3055 4971 horum'tribuam,
3107 4921 3139 4959 ο
3168 4905 3400 4968 famule,
3448 4906 3780 4971 caiigrueuti

2216 4982 2417 5036 scilicet
2442 4994 2660 5033 munere
2683 4978 3052 5044 fructuosaque
3078 4976 3431 5042 appellatione
3452 4984 3504 5027 te
3538 4978 3777 5034 ornabo,

2217 5052 2387 5119 quivis
2418 5058 2632 5119 sanctus
2673 5057 2722 5119 te
2758 5056 2959 5115 patrem
3001 5045 3374 5119 vocabit._lloc
3402 5046 3781 5119 opus_mu_ltus

2219 5114 2308 5175 tibi
2335 5123 2502 5188 justos
2525 5118 2655 5171 ﬁlios
2674 5114 2955 5188 gignet,tu
2982 5115 3214 5168 omnium
3236 5115 3288 5168 in
3320 5128 3405 5188 me
3430 5114 3779 5188 credentium

2220 5184 2363 5257 pater
2387 5188 2686 5248 vocaberis;
2724 5200 2823 5257 ego
2848 5184 2943 5257 tibi
2984 5185 3498 5257 periprterogativain
3528 5199 3593 5257 ex
3628 5184 3778 5257 iapi-

2217 5252 2372 5313 dibus
2403 5259 2535 5311 ﬁlios
2562 5252 2822 5311 excitabo.
2855 5252 3026 5309 Unum
3072 5256 3234 5307 ﬁlium
3276 5252 3583 5321 despexisti,
3627 5254 3785 5305 innu-

2220 5344 2393 5383 meros
2427 5343 2495 5380 ex
2534 5327 2633 5378 hoc
2665 5336 2903 5393 tempore
2935 5325 3151 5379 habebis
3187 5326 3323 5393 lilios
3348 5341 3361 5376 :
3390 5332 3597 5393 patrem
3627 5325 3781 5375 enim

2219 5400 2498 5452 multarum
2525 5398 2759 5464 gentium
2779 5392 2843 5448 te
2892 5396 3062 5461 posui.
3103 5394 3168 5447 Et
3197 5392 3312 5446 haec
3336 5393 3547 5464 quidem
3583 5392 3732 5445 Deus
3762 5410 3778 5443 :

2218 5486 2314 5523 nos
2344 5477 2515 5521 autem
2534 5462 2768 5529 'onmcs,
2799 5466 3079 5527 carissimi,
3108 5464 3395 5530 exemplari
3422 5462 3585 5515 divini
3615 5477 3782 5514 amo-

2218 5555 2292 5595 ris
2326 5536 2658 5607 progenitore
2686 5534 2985 5607 Abrahamo
3013 5535 3091 5588 usi
3116 5574 3131 5598 ,
3149 5532 3370 5607 nullum
3398 5548 3461 5585 ex
3495 5540 3785 5607 tempora-

2220 5601 2338 5664 ncis
2371 5601 2523 5661 bonis
2575 5605 2677 5658 lide
2730 5604 2781 5656 in
2833 5602 2996 5655 Deum
3028 5604 3309 5672 pretiosius
3336 5616 3452 5655 esse
3486 5601 3785 5655 existime-

2219 5695 2356 5742 mus,
2381 5691 2482 5731 non
2507 5688 2691 5745 genus,
2726 5688 2831 5726 non
2857 5675 3095 5745 patriam,
3128 5688 3231 5745 non
3247 5672 3484 5745 divitias,
3512 5685 3619 5745 non
3653 5674 3785 5743 glo—

2227 5741 2357 5804 riam
2380 5788 2396 5813 ,
2428 5741 2531 5799 non
2558 5743 2803 5797 dilecttun
2858 5742 3056 5803 lilintn,
3079 5743 3175 5797 etsi
3215 5744 3282 5796 sit
3328 5741 3633 5809 unigenitus
3667 5741 3685 5795 Ξ
3717 5753 3784 5797 ιιι
