3976 6218
579 368 691 419 555

570 472 663 533 ι·ιί,
698 482 898 537 septem
921 468 1039 522 illas
1064 483 1178 533 qua!
1209 467 1259 520 in
1284 465 1548 537 dominico
1586 479 1810 534 corpore
1858 466 2131 537 requicve-

573 550 692 594 runt
720 559 732 594 :
763 534 851 591 illa
883 554 974 607 per
1006 538 1221 605 figuram
1251 546 1453 607 septem
1502 536 1832 607 lucernarum
1860 534 2129 602 exprimit.

638 610 692 661 9..
727 610 829 661 (Zur
856 604 1057 674 septem
1088 606 1354 659 lucernas?
1386 606 1605 673 Pr0pter
1634 604 1967 674 splendorem
1998 619 2128 672 ope-

570 678 789 732 rationis
818 672 978 729 sancti
1008 675 1249 745 Spiritus.
1284 674 1431 730 Unde
1459 672 1556 728 sub
1585 675 1695 727 lucc
1724 674 1883 726 dicit:
1921 672 1994 745 lli
2016 682 2133 745 sunt

570 760 755 807 septem
780 747 908 799 oculi
952 743 1172 806 Domini,
1199 746 1285 813 qui
1325 746 1603 796 universam
1640 753 1821 795 terram
1864 743 2133 811 respiciunt

572 816 753 879 (Zach.
778 817 828 869 Δ.
864 816 970 881 10).
1006 815 1226 867 Videsne
1264 815 1425 881 ipsam
1464 814 1731 865 veritatem
1771 813 1995 880 seip<am
2034 813 2130 881 de-

571 889 796 948 clarare,
830 880 1109 947 ucc'egcrc
1140 880 1379 935 humanis
1417 883 1735 935 ratiociniis?
1764 881 1865 933 Sed
1897 881 1992 948 ipsi
2022 880 2129 932 Ad-

570 965 699 1007 slant
733 955 942 1006 Domino
967 955 1206 1005 universa:
1234 962 1397 1005 terrw.
1425 951 1702 1004 Zacharias
1730 951 2006 1003 Dominum
2038 964 2131 1002 v0-

571 1036 655 1077 t-at
687 1024 1015 1077 Schatorcm
1059 1026 1313 1074 universa:
1354 1031 1504 1074 teme
1538 1020 1823 1073 secundum
1866 1020 2129 1073 carnalem

572 1093 1032 1159 iliSpensationem.
1075 1090 1259 1159 Petrus
1278 1090 1637 1159 apostolorum
1665 1099 1818 1155 caput
1851 1104 1967 1141 eum
1996 1088 2129 1159 Cor-

574 1158 715 1215 nelio
758 1162 1022 1215 disserens
1067 1161 1135 1212 ait
1177 1178 1187 1212 :
1238 1158 1348 1212 Nos
1394 1160 1574 1211 scimus
1621 1160 1820 1209 verbum
1870 1158 2001 1225 quod
2053 1158 2133 1224 fu-

572 1242 708 1283 rtum
738 1242 809 1283 est
848 1232 900 1282 in
929 1229 1109 1282 Judtra
1133 1270 1147 1291 ,
1190 1230 1363 1281 Jesum
1410 1228 1472 1279 de
1512 1226 1761 1289 Nazaret,
1806 1243 1948 1295 quem
1987 1228 2130 1279 unxit

574 1301 709 1353 Deus
750 1301 944 1368 Spiritu
984 1310 1155 1351 sancto
1193 1298 1324 1368 (det.
1359 1296 1449 1368 10.
1475 1297 1583 1364 58).
1627 1298 1689 1348 Et
1732 1296 2126 1368 rursusidcmz

581 1362 814 1429 Verbum,
844 1369 977 1438 quod
1008 1370 1057 1420 in
1087 1362 1394 1419 tola'Jndma
1423 1362 1609 1433 factum
1641 1376 1752 1438 es_t__:_
1786 1374 1855 1438 et.
1892 1362 2126 1438 Verbum,

574 1440 708 1507 quod
749 1432 879 1490 misit
925 1437 1076 1507 Deus.
1109 1432 1430 1507 amm_ntinns
1451 1436 1779 1507 pareite/iliis
1810 1432 1974 1507 Israel
2005 1436 2130 1507 :‘hic

574 1503 647 1560 cst
674 1508 894 1560 omnium
927 1506 1168 1557 Dominus
1204 1504 1357 1568 (Ibid.
1387 1520 1431 1556 υ.
1468 1506 1554 1557 57.
1588 1503 1699 1570 56).
1733 1503 1990 1571 Propheta
2024 1503 2128 1553 Do-

573 1580 769 1630 ininnm
799 1586 950 1629 terra!
971 1616 985 1638 ,
1015 1577 1350 1641 evangelista,
1386 1574 1568 1627 Petrus
1597 1574 1871 1626 Dominum
1898 1571 2128 1624 omnium

575 1647 734 1699 dicit:
766 1645 857 1697 llic
878 1656 946 1697 est
976 1646 1192 1697 omnium
1217 1642 1477 1702 Dominus,
1502 1643 1732 1695 omnium
1757 1657 1872 1709 qua:
1897 1642 1945 1693 in
1975 1642 2125 1700 Caelo,

572 1727 622 1769 et
660 1717 709 1767 in
751 1725 907 1774 terra,
935 1724 987 1767 et
1024 1714 1121 1766 sub
1166 1723 1322 1775 terra,
1354 1712 1631 1763 visibilium
1659 1720 1711 1763 et
1757 1710 2126 1771 invisibilinni;

576 1784 675 1837 llic
719 1796 787 1837 est
817 1786 1033 1835 onmium
1060 1781 1323 1834 Dominus.
1356 1780 1501 1833 Unde
1533 1782 1611 1833 his
1644 1794 1870 1832 consona
1901 1780 2123 1846 loquitur

571 1854 800 1907 Jomnes
822 1853 1003 1905 dicens
1037 1868 1048 1904 :
1083 1851 1178 1916 Qui
1207 1850 1267 1902 de
1299 1848 1421 1901 ert-lo
1448 1850 1594 1915 venit,
1636 1865 1783 1917 super
1824 1864 1992 1901 omnes
2054 1858 2127 1903 est

573 1922 748 1984 (Joan.
780 1924 829 1975 5.
857 1923 963 1988 51).
989 1919 1174 1988 Opera:
1196 1920 1415 1986 pretium
1443 1928 1612 1971 autem
1636 1928 1715 1988 est
1742 1918 2019 1988 diligenter
2037 1932 2126 1969 exc

576 1992 824 2059 pendere,
851 1987 1159 2059 solverequc
1190 1989 1551 2040 haereticorum
1583 1987 1927 2055 objectionctn
1956 2004 1969 2038 ι
1998 2001 2127 2054 quo-

573 2058 710 2113 niam
738 2061 1075 2126 apostolicum
1103 2058 1297 2111 dictum
1326 2072 1595 2124 perperam
1628 2066 1922 2123 sequentes,
1958 2070 2126 2120 neque

574 2132 656 2195 pie
698 2130 1047 2195 intelligentes
1075 2137 1129 2179 et
1168 2141 1437 2193 perperam
1482 2126 1823 2195 explicantes,
1872 2126 2123 2195 hatretici,

572 2194 802 2267 inquam,
837 2194 927 2260 illi,
965 2206 1141 2264 putant
1168 2210 1287 2267 eum
1314 2195 1486 2247 crucis
1524 2194 1793 2267 praemium
1826 2194 2123 2267 accepisse,

572 2263 709 2336 quod
734 2282 888 2333 supra
919 2263 1101 2336 omnes
1130 2263 1307 2336 futuit,
1334 2273 1385 2315 et
1414 2265 1564 2336 quod
1584 2276 1766 2328 passus
1796 2264 1881 2319 sit.
1907 2271 1957 2336 et
1987 2264 2123 2328 quod

571 2330 1157 2397 crucemsustinuerit,
1213 2332 1407 2385 ideirco
1455 2346 1484 2383 a
1536 2332 1641 2383 Deo
1686 2330 2122 2397 supercxaltatum

570 2408 752 2461 fuisse.
783 2406 1011 2458 Verbum
1034 2401 1252 2470 apostoli
1281 2410 1672 2470 consectantur,
1699 2401 1892 2452 dictum
1915 2400 2119 2466 sequuti

569 2484 709 2537 sunt,
737 2483 961 2527 mentem
993 2469 1096 2524 non
1118 2471 1468 2539 explorantcs.
1503 2469 1606 2521 lies
1632 2480 1804 2521 autem
1837 2470 1903 2520 ita
1929 2471 2120 2521 habet:

569 2543 619 2597 Η
628 2543 865 2595 umiliavit
892 2544 1200 2610 semetipsum
1227 2555 1377 2607 usque
1396 2538 1459 2610 ad
1484 2548 1707 2610 mortem,
1722 2548 1928 2610 mortem
1948 2549 2117 2610 autem

568 2614 728 2685 crucis
760 2629 793 2685 :_
805 2605 1068 2681 propterea
1088 2610 1221 2662 Deus
1252 2605 1479 2685 exultavit
1510 2608 1652 2685 illum
1687 2605 1901 2685 (Philip.
2027 2609 2117 2673 8);

569 2684 637 2736 ob
658 2677 942 2735 cruciatum
964 2695 1167 2746 nempe,
1193 2678 1485 2731 mercedem
1501 2677 1605 2746 ipsi
1627 2677 1859 2744 supplicii
1878 2677 2119 2746 tribuens

569 2752 956 2805 exultationem.
1006 2744 1261 2815 Ila'plaue
1302 2747 1451 2809 dicis,
1497 2745 1740 2815 lueretice
1773 2762 1784 2795 :
1822 2763 1837 2793 t
1874 2745 1941 2815 Et
1978 2744 2122 2815 dedit

568 2822 643 2874 illi
672 2835 858 2873 nomen
900 2833 1057 2885 super
1094 2812 1249 2869 omne
1282 2830 1501 2885 nomen,
1548 2823 1603 2867 ut
1646 2814 1697 2865 in
1745 2812 2119 2885 nomineilesu

567 2905 721 2943 omne
750 2904 881 2957 genu
912 2882 1503 2957 ﬂectatur,celestiunr.
1534 2886 1856 2957 terrestrium
1886 2892 1938 2934 et
1966 2882 2121 2935 infer-

568 2953 795 3012 norum}
816 2956 971 3027 (Ibid.
1011 2955 1283 3027 v._9.7it)).
1318 2953 1515 3027 Viden’,
1550 2953 1733 3027 inquit,
1772 2962 1887 3019 post
1910 2966 2117 3004 erucem

568 3022 967 3083 exaltatus'cst?
997 3024 1185 3087 viden‘,
1218 3024 1401 3089 inquit,
1437 3032 1551 3089 post
1582 3022 1876 3089 passionem
1908 3035 2115 3074 merce-

566 3098 685 3151 dem
714 3097 933 3163 accepit,
967 3108 1153 3160 nempe
1182 3091 1595 3163 exaltationctn?
1621 3091 1675 3163 Si
1704 3105 1828 3159 ergo
1856 3099 1972 3163 post
1995 3105 2117 3163 cru-

565 3182 680 3221 cem
709 3160 961 3219 exnltatus
988 3174 1086 3224 est,
1113 3173 1167 3215 ut
1193 3177 1285 3215 vos
1308 3162 1499 3223 dicitis,
1520 3175 1612 3213 cur
1636 3160 1863 3213 Joannes
1888 3160 2118 3227 Baptista

566 3247 688 3290 ante
737 3236 1055 3303 passionem,
1103 3241 1472 3303 ante‘crueem
1508 3230 1653 3303 _dixit
1694 3248 1706 3281 :
1755 3229 1969 3303 Qui_d_e_
1996 3228 2117 3303 caelo

566 3307 714 3371 venit,
737 3297 891 3371 super
934 3319 1099 3354 omnes
1130 3311 1197 3371 est
1226 3300 1397 3371 (Joan.
1425 3302 1472 3371 i.
1507 3300 1563 3352 51
1584 3302 1625 3371 ),
1657 3314 1757 3350 non
1791 3298 1881 3349 lit?
1920 3297 2118 3371 Idcirco

565 3368 774 3429 Judaéos
806 3368 1089 3439 alloquens
1126 3370 1276 3423 Jcsus
1313 3368 1517 3439 dicebat
1549 3384 1560 3418 :
1596 3369 1777 3439 Amen,
1822 3383 1963 3439 amen
2006 3368 2115 3439 dico

564 3445 719 3507 vobis,
749 3434 1009 3507 antequam
1036 3440 1280 3491 Abraham
1308 3438 1461 3504 ﬁeret,
1488 3453 1573 3503 ego
1594 3453 1703 3507 sum
1724 3435 1899 3507 (Joan.
1924 3436 1977 3486 8.
2005 3434 2114 3501 58).

566 3514 660 3565 Est
694 3505 832 3564 enim
866 3505 951 3561 ille
979 3524 1205 3575 semper.
1236 3515 1288 3559 et
1329 3514 1463 3575 erat,
1488 3515 1540 3555 et
1562 3505 1789 3575 eritpct
1828 3505 2113 3575 lincmnon

568 3582 796 3634 habebit.
840 3578 1059 3645 Oportet
1098 3571 1296 3645 autem,
1341 3574 1558 3645 fratres,
1604 3572 1835 3623 debitum
1876 3571 2114 3645 reddere,

566 3665 664 3703 nec
684 3640 956 3701 occasione
983 3644 1358 3711 digressionnm
1399 3643 1649 3707 promissa
1675 3655 1880 3711 negare.
1914 3640 2111 3711 Pra-di-

564 3729 712 3772 ceter
737 3717 926 3769 Christi
956 3716 1137 3782 gloria,
1168 3712 1463 3782 Patrisque_
1483 3710 1735 3782 celsitudo
1764 3727 1775 3760 :
1807 3710 2114 3782 prmd‘icctur

564 3777 1065 3855 Spiritussancfns,
1116 3781 1375 3855 eraltetnr
1425 3777 1749 3855 Unigenitus,
1800 3777 2116 3855 glorifi‘cetur

568 3846 735 3911 Pater.
765 3854 929 3907 Nemo
962 3860 1105 3919 putet
1132 3846 1645 3919 dignitatcmﬂcrerti,
1675 3848 1717 3898 si
1750 3861 1915 3919 primo
1945 3847 2114 3915 Spiri-

564 3937 671 3979 tum
700 3915 1402 3980 connuctnitrcmusﬁleinde
1428 3915 1635 3978 Filium,
1659 3926 1838 3983 postea
1864 3916 2068 3968 Patrem
2098 3933 2110 3968 :

564 3996 644 4049 rel
674 3997 839 4061 prium
868 3991 1076 4053 lt‘tlium,
1097 3987 1285 4061 deinde
1314 3987 1541 4039 Patrem.
1578 3985 1921 4061 _lla:c__quippe
1938 3986 2107 4061 digiti-

566 4076 645 4117 tas
676 4054 920 4115 'ordinetn
970 4074 1072 4109 non
1107 4057 1279 4117 habet,
1326 4070 1429 4107 non
1479 4064 1533 4106 ut
1578 4054 1887 4115 inordinata,
1920 4057 2010 4107 sed
2058 4064 2111 4106 ut

562 4134 801 4186 ordinem
826 4140 1096 4193 superans.
1131 4126 1196 4179 Ut
1219 4125 1357 4178 enim
1392 4124 1523 4193 Deus
1547 4124 1760 4193 figuram
1793 4138 1896 4175 non
1927 4124 2099 4182 habet.

568 4217 674 4255 non
704 4199 839 4269 quod
871 4192 939 4248 sit
967 4194 1220 4269 informis,
1251 4194 1350 4269 sed
1369 4192 1503 4259 quod
1530 4209 1619 4259 per
1648 4192 1863 4269 figuram
1893 4193 2111 4259 exprimi

566 4288 669 4323 non
703 4261 892 4337 possit;
922 4274 973 4337 et
1000 4274 1133 4337 srcnt
1162 4267 1293 4316 Deus
1331 4261 1548 4337 fortnam
1576 4276 1679 4337 non
1712 4262 1880 4322 habet,
1916 4278 2018 4313 non
2052 4269 2107 4337 ut

567 4330 820 4399 int‘orinis,
851 4335 941 4387 sed
971 4346 1025 4385 ut
1050 4334 1384 4400 incorporeus
1417 4347 1430 4381 :
1461 4330 1536 4383 sic
1557 4330 1731 4400 divina
1757 4339 1942 4400 natura
1972 4330 2113 4400 ordif

566 4424 685 4461 nem
718 4397 818 4459 non
865 4405 1040 4467 habet,
1079 4397 1355 4468 non—quod
1393 4401 1460 4452 sit
1503 4398 1815 4463 inordinata,
1857 4399 1948 4450 sed
1977 4397 2113 4464 quod

564 4479 803 4530 ordinem
850 4482 1081 4542 superet.
1126 4472 1328 4542 Patrem
1360 4469 1477 4542 dico
1508 4469 1765 4542 primum,
1797 4484 1897 4519 non
1929 4470 2112 4542 ordine

566 4548 814 4614 primum,
840 4536 931 4595 sed
954 4538 1475 4614 intelligendinmudo,
1506 4538 1625 4613 quia
1652 4537 1855 4604 genitor
1882 4547 1961 4614 est
1986 4536 2113 4589 Uni-

564 4607 745 4683 geniti.
772 4615 888 4680 quia
916 4613 1059 4661 radit
1087 4611 1248 4683 sancti
1281 4609 1498 4683 fructus,
1522 4607 1643 4673 quia
1660 4618 1914 4683 mterttutti
1941 4608 2111 4683 lumen

565 4675 746 4736 interni
789 4675 1001 4733 luminis
1030 4681 1233 4731 soboles
1275 4686 1374 4729 cst.
1417 4676 1569 4743 Ergo.
1605 4676 1673 4726 mi
1706 4675 1881 4735 frater,
1915 4676 1957 4727 si
1992 4675 2109 4739 quis

566 4764 720 4805 attatc
768 4762 941 4803 nostra
991 4750 1204 4801 auderet
1251 4747 1405 4798 hodie
1442 4744 1491 4795 in
1538 4744 1788 4806 Ecclesia,
1830 4746 1878 4795 in
1926 4744 2113 4808 popqu

565 4821 887 4878 orthodoxe,
931 4820 979 4869 in
1025 4818 1213 4884 potiqu
1257 4829 1375 4866 vera
1414 4814 1626 4865 scicntia
1673 4814 1903 4884 itnbuto,
1928 4813 2112 4884 Filium

567 4901 689 4944 ante
719 4890 925 4941 Patrem
956 4881 1165 4954 ponere,
1215 4884 1491 4954 nonntalc
1515 4884 1732 4954 audiret
1774 4881 2115 4954 apudet-tho-

566 4960 766 5011 doxos?
822 4950 967 5024 Ergo
994 4957 1037 5009 si
1088 4954 1203 5021 quis
1249 4952 1464 5024 auderet
1514 4950 1843 5024 in_Ecclesia
1898 4951 2111 5024 dicere,

566 5028 805 5083 Christus
831 5019 974 5077 vobis
1001 5019 1268 5076 benedicct
1294 5031 1343 5072 ct
1377 5020 1525 5071 l’atcr
1553 5019 1686 5085 ejus,
1734 5034 1833 5069 non
1873 5020 2110 5070 ordinem

567 5108 868 5164 pervertere
900 5101 1184 5164 putaretur,
1214 5090 1352 5164 quod
1381 5090 1609 5164 radicem
1642 5102 1744 5139 non
1783 5088 1926 5164 prius
1955 5102 2109 5153 quam

566 5155 789 5218 iruetutn
832 5155 1088 5231 poni-ret?
1134 5155 1271 5224 Ergo
1313 5158 1517 5231 si‘quis
1561 5156 1779 5231 diceret,
1828 5155 2113 5231 Filius‘nos

566 5236 795 5287 servabit
832 5226 882 5285 et
926 5232 1099 5292 Pater,
1134 5245 1237 5279 non
1266 5226 1626 5278 confusionem
1658 5226 1903 5277 inducere
1930 5226 2113 5276 existi-

564 5315 813 5366 moretur,
863 5315 1033 5367 neque
1076 5298 1314 5349 ordinem
1361 5293 1733 5367 pt‘aitergredi?
1765 5293 1957 5345 Verum
1986 5295 2115 5367 haec

563 5374 699 5440 apud
729 5360 932 5437 iniiptos
950 5360 1119 5421 rerum
1150 5360 1582 5440 mstitttatorcsita
1605 5364 1843 5414 videntur
1867 5360 1999 5440 :rscd
2027 5378 2117 5440 re:

564 5432 716 5495 ritate
736 5432 935 5508 judice,
962 5448 1012 5489 ct
1041 5442 1323 5508 apostolica
1364 5433 1618 5508 sententia
1658 5439 1956 5508 superante,
1986 5432 2114 5483 nihil

564 5501 801 5573 interest,
836 5511 879 5562 si
910 5501 1215 5558 Filins‘antc
1245 5504 1449 5553 Patrctn
1489 5512 1543 5552 et
1585 5501 2114 5573 Spiritum_comme—

567 5567 818 5642 moretur,
850 5577 982 5629 Audi
1006 5576 1221 5627 Paulum
1250 5586 1491 5642 magnum
1517 5583 1807 5642 pisce-onem
1836 5567 2115 5642 Thessalo-

566 5635 861 5700 nicensihus
886 5646 1198 5713 scribentem
1226 5642 1305 5713 his
1338 5635 1557 5713 {eripis}
1590 5636 1613 5687 Ι
1621 5653 1706 5706 pse
1732 5651 1842 5687 vero
1873 5635 2115 5713 Domitius

566 5728 725 5770 noster
751 5716 896 5769 .Icsus
920 5712 1161 5779 Christus,
1194 5722 1237 5763 ct
1260 5711 1395 5765 Deus
1425 5707 1575 5761 I’utcr
1600 5716 1761 5759 noster
1786 5707 2110 5773 sancti/icabit

2081 351 2343 410 SPUltlA.

3709 379 3821 433 556

2241 480 2326 539 vos
2353 462 2426 536 (ι.
2454 463 2628 539 Thess.
2658 467 2711 539 ὅ.
2733 466 2848 539 25).
2875 468 3049 523 Primo
3075 468 3258 532 Filius,
3285 478 3335 523 et
3359 478 3535 524 sancta
3565 467 3687 525 luce
3712 472 3807 524 im-

2241 535 2378 606 pleta
2425 536 2617 589 anima.
2664 535 2844 606 Neque
2879 540 3019 592 enim
3051 540 3099 591 in
3140 540 3313 593 divina
3355 540 3443 592 illa
3490 552 3677 593 natura
3726 552 3808 594 est

2238 605 2369 677 ordo
2394 621 2407 657 :
2436 606 2526 677 sed
2553 607 2689 677 quod
2718 608 2942 677 primum
2971 610 3225 674 posueris,
3256 610 3471 677 aequalis
3490 623 3607 663 esse
3630 610 3806 662 hono-

2238 675 2311 726 ris
2356 673 2691 744 intelligitur;
2724 673 2875 744 quod
2906 673 3222 740 secundum,
3272 673 3372 730 non
3414 678 3532 731 inde
3578 680 3802 741 minus;

2238 743 2374 811 quod
2408 744 2638 808 tertium,
2669 743 2770 797 non
2797 746 3113 800 contumelia
3141 746 3597 801 aflicitur:Paulus
3624 749 3802 802 indis-

2237 813 2548 883 criininatim
2610 816 2822 865 nomina
2875 814 3111 883 profert,
3168 818 3287 882 quia
3353 817 3495 869 novit
3549 826 3801 871 naturam

2238 881 2632 954 indivisibilem,
2677 893 2726 935 et
2758 881 2973 954 regnum
3006 881 3374 951 inseparabile.
3406 885 3801 954 lateri-egemus

2238 951 2623 1020 gerol’aulum,
2672 952 2929 1005 nntlenam
2970 955 3275 1007 occasiones
3309 957 3567 1020 acceperit
3604 951 3688 1009 sic
3736 958 3802 1009 de

2240 1018 2348 1071 Deo
2371 1018 2633 1090 loquendi,
2660 1030 2752 1074 aut
2778 1024 2855 1075 sic
2880 1022 3223 1090 glorificandi,
3241 1035 3327 1075 aut
3355 1018 3573 1089 ponendi
3596 1024 3799 1077 Filium

2239 1098 2360 1141 ante
2404 1089 2630 1152 Patrem,
2680 1107 2783 1159 non
2827 1089 3011 1144 ordine
3048 1094 3127 1144 vel
3179 1100 3450 1159 potestate,
3496 1095 3588 1147 sed
3627 1096 3801 1146 verbo

2237 1165 2473 1227 tantum.
2507 1159 2613 1211 Cur
2658 1158 2841 1211 Filium
2884 1161 3053 1227 primo
3090 1158 3552 1225 commemoravit,
3597 1161 3799 1216 deinde

2236 1225 2501 1297 Patrem?
2526 1228 2637 1295 Ipse
2662 1225 3151 1297 (Paulus—loquatur
3194 1229 3246 1282 in
3291 1230 3371 1283 sui
3411 1230 3797 1295 defensionem,

2238 1304 2291 1366 et
2315 1296 2362 1366 in
2387 1296 2633 1349 Ecclesia:
2658 1296 3038 1352 institutionem
3067 1317 3080 1350 :
3107 1298 3244 1351 Nihil
3269 1314 3331 1352 ex
3361 1300 3558 1366 meipso
3579 1300 3629 1353 Io
3648 1318 3793 1366 mor,

2237 1363 2477 1417 Christus
2506 1381 2599 1436 per
2624 1382 2705 1419 me
2733 1366 2845 1419 hec
2872 1366 3113 1433 dogmata
3142 1367 3304 1420 dictat
3332 1385 3344 1418 :
3377 1370 3449 1419 An
3470 1363 3796 1436 experimenl

2235 1443 2338 1507 tum
2361 1435 2577 1507 quwritis
2606 1436 2711 1501 eius
2735 1437 2821 1504 qui
2847 1438 2898 1507 in
2918 1452 2995 1489 me
3017 1437 3232 1505 loquitur
3256 1438 3433 1489 Christi
3460 1437 3530 1507 (2.
3559 1438 3677 1491 Cor.
3709 1443 3795 1492 15.

2234 1502 2327 1571 5)?
2356 1504 2593 1556 Christus
2622 1520 2721 1573 per
2748 1502 2836 1556 inc
2864 1502 3110 1573 loquitur,
3139 1521 3204 1560 ne
3232 1521 3447 1560 accuses
3468 1502 3791 1561 dominicam

2236 1586 2439 1645 fuerim,
2468 1587 2532 1625 ne
2557 1572 3025 1645 reprehendas.At
3046 1590 3146 1645 non
3174 1584 3321 1642 potes
3348 1574 3480 1629 forte
3501 1578 3795 1645 intelligere

2232 1639 2495 1711 Christum
2528 1639 2726 1709 per'tne
2766 1642 3104 1711 loquentem?
3132 1639 3263 1697 Audi
3302 1644 3445 1697 illum
3482 1639 3794 1711 simpliciter

2232 1709 2299 1762 de
2337 1711 2510 1778 seipso
2540 1709 2857 1779 loquentem.
2889 1712 2941 1765 Si
2970 1714 3107 1765 enim
3141 1713 3349 1766 nomina
3389 1709 3787 1768 sanctaTrini-

2235 1781 2354 1852 tatis
2378 1780 2545 1852 ordini
2588 1780 2819 1847 subjecta
2855 1790 3053 1843 essent,
3086 1782 3209 1835 etsi
3236 1782 3374 1849 quod
3413 1784 3633 1849 primum
3664 1800 3791 1852 pro-

2234 1846 2418 1912 fertur,
2448 1846 2693 1916 pritnunr
2720 1859 2859 1902 esset
2887 1852 3074 1903 virtute
3094 1892 3109 1915 ,
3138 1846 3425 1905 secundum
3454 1868 3571 1905 vero
3600 1846 3791 1905 secun-

2231 1916 2353 1989 dum
2380 1918 2584 1980 ordine,
2610 1920 2817 1971 tertium
2848 1919 3078 1972 inferiori
3105 1920 3242 1983 loco,
3282 1920 3531 1973 Servatur
3557 1922 3643 1989 qui
3677 1924 3788 1989 ipsa

2228 1987 2425 2039 veritas
2469 1997 2581 2049 est,
2634 1989 2868 2040 veritatis
2915 1989 3153 2041 ordinem
3202 2005 3305 2041 non
3359 1987 3790 2043 miscuissetht

2231 2055 2440 2124 ubinam
2490 2054 2740 2109 Servatur
2786 2058 3016 2123 seipsnm
3055 2060 3279 2124 primum
3321 2061 3786 2122 commemoravit,

2231 2123 2522 2191 deindcque
2572 2124 2824 2194 Patrem?
2873 2124 2933 2178 Si
2982 2123 3110 2194 quis,
3159 2128 3352 2194 inquit,
3404 2128 3639 2178 mandatu
3680 2143 3790 2179 men

2229 2195 2510 2255 seruaverit,
2543 2210 2630 2260 ego
2675 2205 2718 2245 et
2754 2192 2907 2246 Pater
2934 2192 3198 2257 veniemus,
3229 2192 3273 2246 et
3308 2198 3610 2248 ntansionem
3652 2196 3789 2259 apud

2228 2276 2340 2331 eum
2380 2261 2615 2329 faciemus
2663 2261 2839 2329 (Joan.
2883 2264 2968 2315 H.
2999 2264 3111 2328 25).
3156 2263 3587 2331 Quandoquidem
3637 2265 3789 2318 Pater

2230 2329 2414 2400 ordine
2440 2332 2725 2393 antecellit,
2758 2341 2812 2384 ut
2839 2332 2985 2384 aiunt
3010 2334 3278 2396 haeretici,
3312 2329 3613 2400 Filiumque
3639 2336 3787 2400 quasi

2228 2399 2528 2465 pra-fectum
2548 2400 2821 2471 quctttdaln
2843 2402 3037 2469 regium
3059 2402 3199 2471 apud
3215 2402 3419 2455 Patrem
3438 2399 3559 2456 esse
3582 2399 3782 2465 volunt,

2229 2472 2327 2541 hoc
2350 2483 2643 2541 qna-ramus
2665 2470 2729 2541 ab
2757 2470 2899 2537 ipsis,
2928 2484 3052 2523 num
3074 2470 3350 2536 praefectus
3370 2472 3557 2539 aliquis
3577 2475 3641 2525 de
3665 2489 3787 2541 rege

2225 2537 2402 2591 dicere
2429 2539 2616 2590 audeat
2644 2555 2656 2589 :
2688 2538 2797 2606 Ego
2817 2548 2870 2591 et
2899 2555 2988 2592 rex
3018 2541 3260 2593 decerno.

2294 2608 2346 2659 5.
2376 2607 2449 2678 Er
2482 2608 2545 2678 iis
2565 2622 2681 2675 qua:
2703 2607 2839 2674 apud
2867 2623 2962 2660 nos
2990 2618 3241 2676 geruntur
3259 2623 3344 2672 ea,
3366 2624 3485 2677 quae
3507 2624 3659 2678 supra
3689 2626 3785 2663 nos

2224 2686 2379 2739 sunt,
2424 2676 2673 2744 intellige.
2716 2679 2797 2729 An
2842 2689 3016 2729 creata
3068 2687 3249 2730 natura
3279 2676 3527 2732 inci’eake
3562 2676 3786 2746 seipsani

2226 2746 2547 2813 praetulerit?
2576 2746 2761 2798 Creata
2807 2756 3008 2809 natura,
3062 2756 3116 2798 ut
3160 2762 3251 2799 ros
3291 2748 3487 2809 dicitis,
3539 2763 3662 2801 ansa
3705 2760 3788 2803 est

2224 2814 2424 2877 dicere,
2459 2814 2854 2880 incomparabili
2881 2816 3209 2869 excellentia:
3234 2830 3351 2869 sese
3377 2832 3736 2870 annumerans
3768 2835 3783 2871 :

2234 2881 2511 2953 Venientus,
2537 2894 2581 2936 et
2615 2885 2920 2953 mansionem
2942 2885 3078 2952 apud
3101 2901 3211 2937 eum
3233 2886 3514 2953 faciemus?
3535 2887 3637 2939 Per
3659 2888 3786 2939 illnd

2222 2953 2383 3013 enim,
2418 2950 2527 3021 Ego
2556 2963 2599 3003 et
2628 2951 2799 3015 Pater,
2836 2950 3101 3005 numinum
3131 2950 3483 3007 diﬂ'erentiam
3511 2958 3776 3019 ostendit;

2224 3036 2313 3089 per
2357 3022 2481 3074 illud
2524 3032 2729 3085 autem,
2772 3021 3058 3087 Veniemus,
3090 3032 3135 3074 et
3164 3024 3467 3075 mansionem
3507 3024 3781 3091 faciemus,

2222 3090 2568 3158 :eqnalitatem
2597 3090 2916 3157 operationis
2943 3091 3022 3144 de.
3049 3093 3340 3145 tons'ravit.
3384 3093 3471 3145 Sic
3508 3090 3561 3146 ct
3598 3095 3700 3147 alio
3731 3098 3781 3145 in

2222 3159 2360 3223 loco,
2377 3174 2494 3212 cum
2515 3160 2785 3227 Philippus
2801 3161 3066 3227 apostolus
3081 3161 3298 3222 diceret,
3324 3160 3557 3223 Domine,
3578 3164 3782 3216 ostende

2222 3228 2359 3299 nobis
2384 3228 2602 3299 Patrem,
2631 3241 2674 3280 et
2704 3230 2880 3297 suﬂicit
2902 3229 3040 3299 nobis
3073 3230 3246 3297 (Joan.
3279 3230 3364 3283 Η.
3390 3231 3467 3299 8),
3496 3233 3783 3298 respondet

2220 3298 2465 3369 Senator
2498 3317 2507 3349 :
2540 3297 2697 3369 Tanto
2728 3312 2946 3369 tempore
2961 3298 3210 3369 vobiscum
3237 3315 3365 3369 sum,
3397 3297 3441 3369 et
3466 3316 3567 3350 non
3593 3297 3779 3369 cogno-

2220 3368 2331 3419 υἱείὶ
2376 3383 2487 3429 me,
2532 3366 2771 3432 Philippe
2808 3365 2965 3433 (Ibid.
3011 3381 3057 3416 υ.
3104 3368 3156 3419 9.
3210 3366 3331 3434 10)?
3378 3365 3670 3419 Centraria'
3702 3383 3784 3423 cst

2220 3435 2492 3502 restionsio
2514 3435 2929 3502 interrogationi.
2960 3436 3038 3487 An
3064 3434 3129 3487 de
3158 3445 3207 3488 te
3234 3436 3592 3502 interrogari?
3628 3439 3739 3490 Dixi
3766 3480 3780 3501 ,

2225 3501 2440 3555 Ostende
2463 3502 2600 3555 nobis
2645 3501 2885 3566 Patrem;
2932 3503 3019 3557 ille
3058 3518 3181 3556 vero
3224 3505 3315 3565 ait,
3360 3501 3523 3557 Tanto
3563 3516 3781 3570 tempore

2220 3572 2467 3623 uobiscum
2495 3588 2625 3634 sum,
2656 3581 2698 3622 et
2725 3588 2823 3623 non
2848 3574 3115 3641 cognovisti
3146 3572 3265 3624 me?
3295 3574 3347 3626 Si
3378 3574 3656 3627 dissimilis
3679 3588 3777 3637 est,

2219 3640 2483 3708 quomodo
2513 3656 2604 3712 per
2645 3640 2951 3694 dissimilem
2994 3641 3353 3709 dignoscitur?
3390 3644 3661 3710 quomodo
3691 3659 3782 3712 per

2220 3724 2448 3788 parvulo
2474 3710 2641 3788 major
2681 3712 3062 3788 conspicitur?“
3082 3714 3343 3788 quomodo
3382 3726 3477 3778 per
3523 3710 3778 3788 minorem

2218 3777 2264 3832 is
2285 3780 2372 3847 qui
2400 3777 2646 3847 dignitate
2667 3777 3063 3845 supereminet?
3085 3777 3346 3846 quomodo
3368 3795 3461 3847 per
3483 3784 3777 3835 ministrum

2216 3846 2470 3901 Creatori
2515 3846 2671 3899 Tanto
2720 3858 2935 3911 tempore
2980 3848 3223 3901 vobiscum
3268 3846 3396 3901 sum.
3450 3848 3563 3901 Non
3614 3852 3771 3913 dixit,

2219 3916 2497 3970 Vobiscum
2520 3925 2597 3970 est
2631 3917 2805 3980 Pater,
2831 3918 2944 3979 sed,
2975 3917 3120 3970 Sunt.
3167 3918 3247 3970 Me
3288 3920 3427 3971 enim
3470 3922 3774 3980 exsistente,

2217 3986 2371 4039 Pater
2417 3996 2515 4038 est.
2546 3985 2705 4056 Tanto
2736 3988 3223 4056 tentpm'e__vobiscum
3246 4003 3374 4049 sum,
3403 3998 3448 4039 et
3470 4005 3570 4038 non
3598 4003 3776 4056 cogno-

2218 4056 2328 4124 uisti
2359 4056 2473 4107 me?
2498 4054 2721 4107 Pulchre
2756 4056 2901 4117 illud,
2933 4053 3050 4124 Non
3081 4058 3344 4124 cognovisti
3373 4056 3493 4108 me?
3522 4057 3612 4109 Ille
3636 4053 3774 4116 dicit,

2220 4122 2464 4185 Ostende;
2494 4124 2740 4178 Servator
2768 4132 2960 4183 autem,
2996 4122 3113 4175 Non
3139 4122 3406 4192 cognovisti
3442 4128 3557 4176 me?
3589 4136 3645 4176 ut
3688 4127 3751 4176 do

2217 4204 2357 4246 ceret
2383 4194 2543 4245 Deum
2577 4208 2676 4244 non
2703 4194 2834 4254 risu,
2862 4195 2950 4244 sed
2972 4194 3269 4260 cognitione
3291 4210 3317 4245 a
3361 4194 3639 4259 prehendi.
3662 4193 3774 4245 Non

2217 4264 2375 4313 credis
2419 4264 2534 4313 auia
2577 4278 2663 4313 eao
2704 4263 2755 4313 in
2802 4260 2996 4313 Putre?
3038 4262 3259 4313 Rursus.
3319 4209 3445 4313 Eoo.
3495 4273 3550 4313 et
3599 4275 3772 4313 postea

2217 4264 2375 4315 credis
2419 4264 2534 4329 quia
2577 4278 2667 4330 ego
2704 4263 2755 4313 in
2802 4260 2996 4313 Putre?
3038 4262 3259 4327 Rursus,
3319 4260 3445 4330 Ego,
3495 4273 3550 4315 et
3598 4275 3772 4330 postea

2218 4330 2407 4400 Pater:
2431 4330 2539 4399 Ego
2565 4333 2612 4381 in
2644 4329 2811 4393 Putre,
2842 4341 2883 4381 et
2916 4330 3065 4382 Pater
3088 4333 3139 4383 in
3166 4348 3259 4382 mc.
3288 4329 3550 4396 Quomodo
3576 4329 3693 4400 ergo
3722 4344 3768 4382 tu

2220 4399 2367 4464 dicis,
2398 4400 2609 4452 Ostende
2638 4401 2774 4452 nobis
2804 4400 3005 4451 Putrem
3024 4402 3047 4450 ζ)
3086 4416 3148 4453 ac
3189 4403 3231 4451 si
3256 4402 3477 4465 diceret,
3503 4402 3610 4454 Cur
3636 4399 3775 4468 quam

2216 4470 2373 4521 alium
2408 4479 2455 4521 le
2485 4470 2713 4520 visurum
2741 4468 2997 4535 Sperasti?
3040 4470 3144 4536 ligo
3175 4473 3225 4521 in
3251 4469 3427 4533 Putre,
3456 4482 3502 4520 et
3548 4470 3699 4521 Pater
3724 4473 3773 4520 in

2218 4553 2312 4588 me.
2341 4536 2787 4605 Coguoscilurqne
2820 4536 2977 4587 Filius
3009 4552 3098 4602 per
3129 4539 3358 4597 Patrem,
3387 4550 3441 4591 et
3472 4539 3629 4590 Pater
3682 4553 3773 4605 per

2222 4605 2429 4659 Filium.
2465 4608 2721 4671 Quomodo
2750 4616 2799 4656 tu
2830 4608 2970 4669 dicis,
3006 4605 3220 4658 Ostende
3246 4607 3406 4671 nobis,
3436 4609 3583 4674 quasi
3614 4609 3768 4659 alium

2216 4690 2243 4727 a
2276 4692 2357 4728 me
2385 4676 2589 4727 Patrem
2622 4676 2797 4727 videre
2818 4676 3051 4741 qna-ras?
3076 4675 3181 4743 Ego
3205 4678 3253 4727 in
3280 4674 3453 4738 Putre,
3472 4690 3518 4727 et
3550 4675 3703 4727 Pater
3727 4678 3777 4726 in

2218 4758 2343 4813 me;
2367 4760 2467 4796 non
2494 4746 2637 4811 quasi
2670 4753 2851 4813 natura
2878 4747 2945 4796 sit
2970 4746 3206 4813 confusa,
3231 4760 3400 4813 neque
3428 4748 3573 4809 quasi
3606 4747 3775 4813 phiala

2220 4814 2268 4863 in
2301 4812 2469 4878 phiala
2500 4812 2742 4879 reposita.
2779 4812 2883 4881 Ego
2914 4815 2963 4864 in
3000 4812 3168 4877 Putre,
3199 4824 3242 4863 et
3272 4812 3422 4864 l’ater
3449 4816 3500 4864 in
3540 4829 3637 4865 me.
3668 4817 3777 4866 bon

2217 4897 2493 4949 corporum
2523 4882 2942 4947 eoujunctionctn
2989 4883 3132 4940 dicit,
3163 4882 3254 4934 sed
3295 4897 3573 4934 sensorum
3619 4884 3775 4933 animi

2218 4952 2731 5017 eontctiiplationetn.
2782 4950 2890 5016 Ego
2943 4952 2992 5000 in
3042 4949 3232 5012 Putre;
3279 4950 3435 5001 Pater
3473 4953 3617 5003 enim
3664 4954 3775 5003 sine

2220 5018 2350 5071 Filio
2396 5036 2495 5070 non
2551 5019 2904 5087 cognoscitur.
2937 5018 3001 5069 Et
3028 5018 3183 5070 Pater
3224 5020 3400 5079 inme;
3430 5019 3597 5072 Filius
3642 5035 3779 5073 enim

2220 5094 2332 5139 sine
2379 5088 2530 5139 Patre
2574 5104 2677 5139 non
2723 5098 2937 5153 apparet
2986 5104 2997 5136 :
3046 5089 3482 5152 quemadmodum
3529 5102 3681 5141 ntens
3729 5106 3779 5140 nt

2220 5171 2489 5220 sermone,
2531 5168 2581 5208 ct
2608 5171 2783 5209 sermo
2815 5158 2864 5207 in
2894 5165 3064 5208 mente
3088 5158 3470 5209 consideratur.
3504 5157 3779 5211 Undenam

2220 5234 2447 5278 mentem
2471 5234 2607 5276 tuam
2630 5227 2764 5276 scire
2781 5237 3016 5291 possunt,
3041 5228 3137 5276 nisi
3163 5240 3254 5292 per
3275 5239 3574 5278 sermonem
3601 5228 3781 5277 tumo?

2220 5295 2406 5346 Seruio
2452 5304 2567 5345 tuus
2615 5302 2842 5345 ttietttettt
2893 5304 3029 5344 tnattt
3074 5294 3338 5351 declarat;
3387 5310 3646 5361 mensque
3699 5307 3781 5347 tua

2224 5364 2453 5415 \‘iciSsiln
2499 5364 2759 5414 sermonis
2786 5361 2854 5413 tui
2902 5362 3156 5429 interpres
3197 5373 3293 5414 est.
3326 5362 3465 5415 Fieri
3516 5374 3698 5430 potest
3733 5374 3784 5416 ut

2220 5433 2337 5499 quis
2355 5445 2651 5483 sermooem
2682 5430 2949 5497 percipiat,
2979 5446 3144 5499 neque
3166 5432 3477 5482 sententiam
3504 5433 3783 5500 intcliigat.

2222 5516 2392 5566 neque
2437 5514 2649 5551 sensum
2687 5501 2968 5617 percipiat.
3021 5500 3118 5550 nisi
3166 5515 3338 5552 sermo
3384 5501 3636 5564 explicet.
3670 5507 3785 5553 lttzo

2222 5568 2538 5617 evangelista
2566 5568 2656 5617 ait.
2721 5584 2751 5617 η
2782 5568 3033 5617 principio
3054 5578 3158 5617 erat
3190 5567 3394 5617 Verbum
3419 5569 3598 5617 (Joan.
3633 5573 3686 5617 Ι-
3718 5573 3785 5617 it-

2221 5568 2538 5638 cvangcltsla
2566 5568 2656 5630 ait,
2687 5567 2751 5638 in
2780 5568 3033 5634 principio
3054 5578 3158 5620 erat
3190 5567 3394 5638 Verbum
3419 5569 3598 5638 (Joan.
3633 5573 3686 5624 I.
3718 5573 3786 5637 ii,

2224 5646 2280 5689 ut
2306 5637 2658 5703 generationis
2683 5636 3147 5703 impassibtlitatem
3173 5636 3497 5705 ostenderet.
3528 5638 3685 5705 Quod
3710 5651 3787 5694 est

2230 5708 2442 5761 verbum
2470 5719 2590 5774 erga
2619 5714 2869 5773 mentem,
2902 5705 3027 5760 illud
3054 5716 3134 5761 est
3163 5704 3461 5775 unigenitus
3486 5704 3637 5766 Deus
3660 5710 3789 5764 Ver-
