  <div class='ocr_page' id='page_1' title='image "/cluster/home/n/w/nwhite01/storage/ocr_20150623/56/nnc1.0114695758/544.png"; bbox 0 0 3976 6218; ppageno 0'>
   <div class='ocr_carea' id='block_1_1' title="bbox 103 355 220 408">
    <p class='ocr_par' dir='ltr' id='par_1_1' title="bbox 103 355 220 408">
     <span class='ocr_line' id='line_1_1' title="bbox 103 355 220 408; baseline 0.009 -1"><span class='ocrx_word' id='word_1_1' title='bbox 103 355 220 408; x_wconf 80' lang='grc'><strong>557</strong></span> 
     </span>
    </p>
   </div>
   <div class='ocr_carea' id='block_1_2' title="bbox 104 422 1684 504">
    <p class='ocr_par' dir='ltr' id='par_1_2' title="bbox 104 422 1684 504">
     <span class='ocr_line' id='line_1_2' title="bbox 104 422 1684 504; baseline -0.009 -13"><span class='ocrx_word' id='word_1_2' title='bbox 104 444 233 492; x_wconf 79' lang='lat' dir='ltr'><strong>bam</strong></span> <span class='ocrx_word' id='word_1_3' title='bbox 260 446 381 504; x_wconf 84' lang='lat' dir='ltr'><strong>erga</strong></span> <span class='ocrx_word' id='word_1_4' title='bbox 404 431 610 486; x_wconf 71' lang='lat' dir='ltr'><strong>i‘atrem</strong></span> <span class='ocrx_word' id='word_1_5' title='bbox 635 444 651 485; x_wconf 73' lang='grc' dir='ltr'><strong><em>τ</em></strong></span> <span class='ocrx_word' id='word_1_6' title='bbox 674 427 919 504; x_wconf 86' lang='lat' dir='ltr'><strong>quodque</strong></span> <span class='ocrx_word' id='word_1_7' title='bbox 938 427 1127 504; x_wconf 79' lang='lat' dir='ltr'><strong>mirum</strong></span> <span class='ocrx_word' id='word_1_8' title='bbox 1150 436 1232 504; x_wconf 75' lang='lat' dir='ltr'><strong>est</strong></span> <span class='ocrx_word' id='word_1_9' title='bbox 1252 423 1518 504; x_wconf 70' lang='lat' dir='ltr'><strong>(quaedam</strong></span> <span class='ocrx_word' id='word_1_10' title='bbox 1540 422 1684 478; x_wconf 91' lang='lat' dir='ltr'><strong>enim</strong></span> 
     </span>
    </p>
   </div>
   <div class='ocr_carea' id='block_1_3' title="bbox 100 496 1686 575">
    <p class='ocr_par' dir='ltr' id='par_1_3' title="bbox 100 496 1686 575">
     <span class='ocr_line' id='line_1_3' title="bbox 100 496 1686 575; baseline -0.006 -20"><span class='ocrx_word' id='word_1_11' title='bbox 100 506 214 575; x_wconf 80' lang='lat' dir='ltr'><strong>jam</strong></span> <span class='ocrx_word' id='word_1_12' title='bbox 244 496 509 574; x_wconf 55' lang='lat' dir='ltr'><strong>praemissa</strong></span> <span class='ocrx_word' id='word_1_13' title='bbox 535 496 1011 570; x_wconf 79' lang='lat' dir='ltr'><strong>repetam),iiuper</strong></span> <span class='ocrx_word' id='word_1_14' title='bbox 1036 496 1364 564; x_wconf 83' lang='lat' dir='ltr'><strong>dicebamus,</strong></span> <span class='ocrx_word' id='word_1_15' title='bbox 1390 510 1457 575; x_wconf 70' lang='lat' dir='ltr'><strong>ex</strong></span> <span class='ocrx_word' id='word_1_16' title='bbox 1486 496 1547 548; x_wconf 85' lang='lat' dir='ltr'><strong>iis</strong></span> <span class='ocrx_word' id='word_1_17' title='bbox 1568 506 1686 575; x_wconf 64' lang='lat' dir='ltr'><strong>qute</strong></span> 
     </span>
    </p>
   </div>
   <div class='ocr_carea' id='block_1_4' title="bbox 103 566 1687 640">
    <p class='ocr_par' dir='ltr' id='par_1_4' title="bbox 103 566 1687 640">
     <span class='ocr_line' id='line_1_4' title="bbox 103 566 1687 640; baseline -0.008 -12"><span class='ocrx_word' id='word_1_18' title='bbox 103 566 176 629; x_wconf 69' lang='lat' dir='ltr'><strong>ad</strong></span> <span class='ocrx_word' id='word_1_19' title='bbox 209 566 303 627; x_wconf 83' lang='lat' dir='ltr'><strong>nos</strong></span> <span class='ocrx_word' id='word_1_20' title='bbox 333 566 613 640; x_wconf 49' lang='lat' dir='ltr'><strong>spectantf</strong></span> <span class='ocrx_word' id='word_1_21' title='bbox 635 585 696 623; x_wconf 89' lang='lat' dir='ltr'><strong>ea</strong></span> <span class='ocrx_word' id='word_1_22' title='bbox 729 566 846 637; x_wconf 74' lang='lat' dir='ltr'><strong>qua:</strong></span> <span class='ocrx_word' id='word_1_23' title='bbox 884 566 1174 640; x_wconf 8' lang='lat' dir='ltr'><strong>supragnos</strong></span> <span class='ocrx_word' id='word_1_24' title='bbox 1200 577 1325 620; x_wconf 89' lang='lat' dir='ltr'><strong>sunt</strong></span> <span class='ocrx_word' id='word_1_25' title='bbox 1357 566 1596 620; x_wconf 87' lang='lat' dir='ltr'><strong>ediscere</strong></span> <span class='ocrx_word' id='word_1_26' title='bbox 1632 569 1687 616; x_wconf 90' lang='lat' dir='ltr'><strong>et</strong></span> 
     </span>
    </p>
   </div>
   <div class='ocr_carea' id='block_1_5' title="bbox 105 638 1681 714">
    <p class='ocr_par' dir='ltr' id='par_1_5' title="bbox 105 638 1681 714">
     <span class='ocr_line' id='line_1_5' title="bbox 105 638 1681 714; baseline -0.008 -16"><span class='ocrx_word' id='word_1_27' title='bbox 105 645 251 714; x_wconf 87' lang='lat' dir='ltr'><strong>loqui</strong></span> <span class='ocrx_word' id='word_1_28' title='bbox 286 638 583 712; x_wconf 72' lang='lat' dir='ltr'><strong>possumus.</strong></span> <span class='ocrx_word' id='word_1_29' title='bbox 627 640 814 714; x_wconf 77' lang='lat' dir='ltr'><strong>Sermo</strong></span> <span class='ocrx_word' id='word_1_30' title='bbox 840 638 1189 714; x_wconf 45' lang='lat' dir='ltr'><strong>nosternintus</strong></span> <span class='ocrx_word' id='word_1_31' title='bbox 1217 645 1297 690; x_wconf 88' lang='lat' dir='ltr'><strong>est</strong></span> <span class='ocrx_word' id='word_1_32' title='bbox 1335 650 1454 689; x_wconf 91' lang='lat' dir='ltr'><strong>cum</strong></span> <span class='ocrx_word' id='word_1_33' title='bbox 1483 640 1681 714; x_wconf 53' lang='lat' dir='ltr'><strong>mente,</strong></span> 
     </span>
    </p>
   </div>
   <div class='ocr_carea' id='block_1_6' title="bbox 104 701 1685 783">
    <p class='ocr_par' dir='ltr' id='par_1_6' title="bbox 104 701 1685 783">
     <span class='ocr_line' id='line_1_6' title="bbox 104 701 1685 783; baseline -0.009 -16"><span class='ocrx_word' id='word_1_34' title='bbox 104 701 227 783; x_wconf 54' lang='lat' dir='ltr'><strong>quin</strong></span> <span class='ocrx_word' id='word_1_35' title='bbox 254 701 420 779; x_wconf 77' lang='lat' dir='ltr'><strong>ipsum</strong></span> <span class='ocrx_word' id='word_1_36' title='bbox 447 712 734 783; x_wconf 77' lang='lat' dir='ltr'><strong>generavit.</strong></span> <span class='ocrx_word' id='word_1_37' title='bbox 760 706 1275 783; x_wconf 71' lang='lat' dir='ltr'><strong>Nttm__visibilis_cst</strong></span> <span class='ocrx_word' id='word_1_38' title='bbox 1294 721 1414 783; x_wconf 73' lang='lat' dir='ltr'><strong>cum</strong></span> <span class='ocrx_word' id='word_1_39' title='bbox 1448 702 1637 783; x_wconf 76' lang='lat' dir='ltr'><strong>visibili</strong></span> <span class='ocrx_word' id='word_1_40' title='bbox 1662 701 1685 753; x_wconf 66' lang='grc' dir='ltr'><strong>ἰ)</strong></span> 
     </span>
    </p>
   </div>
   <div class='ocr_carea' id='block_1_7' title="bbox 104 773 1683 845">
    <p class='ocr_par' dir='ltr' id='par_1_7' title="bbox 104 773 1683 845">
     <span class='ocr_line' id='line_1_7' title="bbox 104 773 1683 845; baseline -0.009 -8"><span class='ocrx_word' id='word_1_41' title='bbox 104 773 389 837; x_wconf 65' lang='lat' dir='ltr'><strong>Invisibilis</strong></span> <span class='ocrx_word' id='word_1_42' title='bbox 430 773 509 836; x_wconf 62' lang='lat' dir='ltr'><strong>Est</strong></span> <span class='ocrx_word' id='word_1_43' title='bbox 540 795 659 834; x_wconf 91' lang='lat' dir='ltr'><strong>cum</strong></span> <span class='ocrx_word' id='word_1_44' title='bbox 713 776 978 841; x_wconf 88' lang='lat' dir='ltr'><strong>invisibili,</strong></span> <span class='ocrx_word' id='word_1_45' title='bbox 1038 774 1550 845; x_wconf 77' lang='lat' dir='ltr'><strong>intelligibilis_cum</strong></span> <span class='ocrx_word' id='word_1_46' title='bbox 1603 773 1683 825; x_wconf 85' lang='lat' dir='ltr'><strong>in-</strong></span> 
     </span>
    </p>
   </div>
   <div class='ocr_carea' id='block_1_8' title="bbox 105 842 1685 921">
    <p class='ocr_par' dir='ltr' id='par_1_8' title="bbox 105 842 1685 921">
     <span class='ocr_line' id='line_1_8' title="bbox 105 842 1685 921; baseline -0.009 -15"><span class='ocrx_word' id='word_1_47' title='bbox 105 852 363 921; x_wconf 85' lang='lat' dir='ltr'><strong>telligibili</strong></span> <span class='ocrx_word' id='word_1_48' title='bbox 392 892 407 915; x_wconf 93' lang='lat'><strong>,</strong></span> <span class='ocrx_word' id='word_1_49' title='bbox 450 852 792 921; x_wconf 82' lang='lat' dir='ltr'><strong>incorporeus</strong></span> <span class='ocrx_word' id='word_1_50' title='bbox 829 863 947 899; x_wconf 92' lang='lat' dir='ltr'><strong>cum</strong></span> <span class='ocrx_word' id='word_1_51' title='bbox 997 842 1327 921; x_wconf 68' lang='lat' dir='ltr'><strong>incorporeo.</strong></span> <span class='ocrx_word' id='word_1_52' title='bbox 1380 842 1522 921; x_wconf 72' lang='lat' dir='ltr'><strong>Cunr</strong></span> <span class='ocrx_word' id='word_1_53' title='bbox 1560 857 1685 921; x_wconf 74' lang='lat' dir='ltr'><strong>prn-</strong></span> 
     </span>
    </p>
   </div>
   <div class='ocr_carea' id='block_1_9' title="bbox 102 911 1687 984">
    <p class='ocr_par' dir='ltr' id='par_1_9' title="bbox 102 911 1687 984">
     <span class='ocr_line' id='line_1_9' title="bbox 102 911 1687 984; baseline -0.009 -8"><span class='ocrx_word' id='word_1_54' title='bbox 102 911 314 976; x_wconf 63' lang='lat' dir='ltr'><strong>ditui&#39;us</strong></span> <span class='ocrx_word' id='word_1_55' title='bbox 352 911 434 974; x_wconf 80' lang='lat' dir='ltr'><strong>est</strong></span> <span class='ocrx_word' id='word_1_56' title='bbox 470 911 674 983; x_wconf 81' lang='lat' dir='ltr'><strong>sermo,</strong></span> <span class='ocrx_word' id='word_1_57' title='bbox 729 919 779 970; x_wconf 92' lang='lat' dir='ltr'><strong>in</strong></span> <span class='ocrx_word' id='word_1_58' title='bbox 805 931 865 970; x_wconf 92' lang='lat' dir='ltr'><strong>os</strong></span> <span class='ocrx_word' id='word_1_59' title='bbox 902 917 1072 979; x_wconf 91' lang='lat' dir='ltr'><strong>venit,</strong></span> <span class='ocrx_word' id='word_1_60' title='bbox 1116 911 1290 984; x_wconf 78' lang='lat' dir='ltr'><strong>ibique</strong></span> <span class='ocrx_word' id='word_1_61' title='bbox 1329 927 1461 967; x_wconf 90' lang='lat' dir='ltr'><strong>voce</strong></span> <span class='ocrx_word' id='word_1_62' title='bbox 1514 911 1687 984; x_wconf 82' lang='lat' dir='ltr'><strong>indui-_-</strong></span> 
     </span>
    </p>
   </div>
   <div class='ocr_carea' id='block_1_10' title="bbox 106 980 1683 1055">
    <p class='ocr_par' dir='ltr' id='par_1_10' title="bbox 106 980 1683 1055">
     <span class='ocr_line' id='line_1_10' title="bbox 106 980 1683 1055; baseline -0.008 -11"><span class='ocrx_word' id='word_1_63' title='bbox 106 1003 226 1055; x_wconf 90' lang='lat' dir='ltr'><strong>tur;</strong></span> <span class='ocrx_word' id='word_1_64' title='bbox 283 1005 386 1044; x_wconf 94' lang='lat' dir='ltr'><strong>non</strong></span> <span class='ocrx_word' id='word_1_65' title='bbox 425 990 525 1042; x_wconf 91' lang='lat' dir='ltr'><strong>alia</strong></span> <span class='ocrx_word' id='word_1_66' title='bbox 568 980 750 1041; x_wconf 81' lang='lat' dir='ltr'><strong>natura</strong></span> <span class='ocrx_word' id='word_1_67' title='bbox 788 1001 968 1040; x_wconf 88' lang='lat' dir='ltr'><strong>vocem</strong></span> <span class='ocrx_word' id='word_1_68' title='bbox 1016 986 1111 1055; x_wconf 89' lang='lat' dir='ltr'><strong>ipsi</strong></span> <span class='ocrx_word' id='word_1_69' title='bbox 1155 980 1544 1055; x_wconf 79' lang='lat' dir='ltr'><strong>suppeditante,</strong></span> <span class='ocrx_word' id='word_1_70' title='bbox 1592 980 1683 1033; x_wconf 83' lang='lat' dir='ltr'><strong>sed</strong></span> 
     </span>
    </p>
   </div>
   <div class='ocr_carea' id='block_1_11' title="bbox 104 1053 1682 1128">
    <p class='ocr_par' dir='ltr' id='par_1_11' title="bbox 104 1053 1682 1128">
     <span class='ocr_line' id='line_1_11' title="bbox 104 1053 1682 1128; baseline -0.01 -13"><span class='ocrx_word' id='word_1_71' title='bbox 104 1053 221 1128; x_wconf 82' lang='lat' dir='ltr'><strong>ipse</strong></span> <span class='ocrx_word' id='word_1_72' title='bbox 247 1074 422 1114; x_wconf 85' lang='lat' dir='ltr'><strong>sermo</strong></span> <span class='ocrx_word' id='word_1_73' title='bbox 459 1060 558 1112; x_wconf 90' lang='lat' dir='ltr'><strong>sibi</strong></span> <span class='ocrx_word' id='word_1_74' title='bbox 588 1053 1140 1128; x_wconf 14' lang='lat' dir='ltr'><strong>dictionemtexitIAEt</strong></span> <span class='ocrx_word' id='word_1_75' title='bbox 1182 1053 1460 1107; x_wconf 90' lang='lat' dir='ltr'><strong>invisibilis</strong></span> <span class='ocrx_word' id='word_1_76' title='bbox 1500 1059 1682 1128; x_wconf 73' lang='lat' dir='ltr'><strong>natura</strong></span> 
     </span>
    </p>
   </div>
   <div class='ocr_carea' id='block_1_12' title="bbox 101 1119 1686 1197">
    <p class='ocr_par' dir='ltr' id='par_1_12' title="bbox 101 1119 1686 1197">
     <span class='ocr_line' id='line_1_12' title="bbox 101 1119 1686 1197; baseline -0.008 -13"><span class='ocrx_word' id='word_1_77' title='bbox 101 1119 229 1184; x_wconf 57' lang='lat' dir='ltr'><strong>c&#39;nm</strong></span> <span class='ocrx_word' id='word_1_78' title='bbox 273 1140 444 1197; x_wconf 90' lang='lat' dir='ltr'><strong>patre,</strong></span> <span class='ocrx_word' id='word_1_79' title='bbox 484 1142 602 1181; x_wconf 89' lang='lat' dir='ltr'><strong>cum</strong></span> <span class='ocrx_word' id='word_1_80' title='bbox 650 1135 826 1197; x_wconf 79' lang='lat' dir='ltr'><strong>mente</strong></span> <span class='ocrx_word' id='word_1_81' title='bbox 865 1125 1002 1197; x_wconf 85' lang='lat' dir='ltr'><strong>dico,</strong></span> <span class='ocrx_word' id='word_1_82' title='bbox 1046 1124 1258 1177; x_wconf 88' lang='lat' dir='ltr'><strong>indutus</strong></span> <span class='ocrx_word' id='word_1_83' title='bbox 1287 1138 1416 1197; x_wconf 71' lang='lat' dir='ltr'><strong>voce</strong></span> <span class='ocrx_word' id='word_1_84' title='bbox 1461 1119 1588 1197; x_wconf 79' lang='lat' dir='ltr'><strong>exit,</strong></span> <span class='ocrx_word' id='word_1_85' title='bbox 1632 1127 1686 1171; x_wconf 82' lang='lat' dir='ltr'><strong>et</strong></span> 
     </span>
    </p>
   </div>
   <div class='ocr_carea' id='block_1_13' title="bbox 100 1190 1684 1263">
    <p class='ocr_par' dir='ltr' id='par_1_13' title="bbox 100 1190 1684 1263">
     <span class='ocr_line' id='line_1_13' title="bbox 100 1190 1684 1263; baseline -0.008 -10"><span class='ocrx_word' id='word_1_86' title='bbox 100 1190 354 1254; x_wconf 78' lang='lat' dir='ltr'><strong>omnibus</strong></span> <span class='ocrx_word' id='word_1_87' title='bbox 386 1190 440 1250; x_wconf 85' lang='lat' dir='ltr'><strong>fit</strong></span> <span class='ocrx_word' id='word_1_88' title='bbox 467 1206 624 1250; x_wconf 89' lang='lat' dir='ltr'><strong>notus</strong></span> <span class='ocrx_word' id='word_1_89' title='bbox 650 1196 738 1263; x_wconf 92' lang='lat' dir='ltr'><strong>qui</strong></span> <span class='ocrx_word' id='word_1_90' title='bbox 778 1204 899 1247; x_wconf 92' lang='lat' dir='ltr'><strong>ante</strong></span> <span class='ocrx_word' id='word_1_91' title='bbox 930 1195 1136 1262; x_wconf 89' lang='lat' dir='ltr'><strong>ignotus</strong></span> <span class='ocrx_word' id='word_1_92' title='bbox 1162 1204 1293 1247; x_wconf 90' lang='lat' dir='ltr'><strong>erat.</strong></span> <span class='ocrx_word' id='word_1_93' title='bbox 1323 1190 1521 1245; x_wconf 88' lang='lat' dir='ltr'><strong>Deinde</strong></span> <span class='ocrx_word' id='word_1_94' title='bbox 1565 1204 1684 1263; x_wconf 85' lang='lat' dir='ltr'><strong>cum</strong></span> 
     </span>
    </p>
   </div>
   <div class='ocr_carea' id='block_1_14' title="bbox 102 1259 1685 1338">
    <p class='ocr_par' dir='ltr' id='par_1_14' title="bbox 102 1259 1685 1338">
     <span class='ocr_line' id='line_1_14' title="bbox 102 1259 1685 1338; baseline -0.008 -14"><span class='ocrx_word' id='word_1_95' title='bbox 102 1271 323 1338; x_wconf 89' lang='lat' dir='ltr'><strong>prodiit,</strong></span> <span class='ocrx_word' id='word_1_96' title='bbox 345 1276 400 1322; x_wconf 92' lang='lat' dir='ltr'><strong>et</strong></span> <span class='ocrx_word' id='word_1_97' title='bbox 418 1266 591 1321; x_wconf 81' lang='lat' dir='ltr'><strong>omnia</strong></span> <span class='ocrx_word' id='word_1_98' title='bbox 615 1259 819 1338; x_wconf 75' lang='lat' dir='ltr'><strong>implet,</strong></span> <span class='ocrx_word' id='word_1_99' title='bbox 842 1277 895 1338; x_wconf 85' lang='lat' dir='ltr'><strong>et</strong></span> <span class='ocrx_word' id='word_1_100' title='bbox 915 1259 1143 1338; x_wconf 34' lang='lat' dir='ltr'><strong>aimente</strong></span> <span class='ocrx_word' id='word_1_101' title='bbox 1163 1278 1282 1332; x_wconf 77' lang='lat' dir='ltr'><strong>qua:</strong></span> <span class='ocrx_word' id='word_1_102' title='bbox 1310 1263 1478 1338; x_wconf 78' lang='lat' dir='ltr'><strong>ipsum</strong></span> <span class='ocrx_word' id='word_1_103' title='bbox 1506 1259 1685 1338; x_wconf 87' lang='lat' dir='ltr'><strong>genuit</strong></span> 
     </span>
    </p>
   </div>
   <div class='ocr_carea' id='block_1_15' title="bbox 102 1330 1684 1405">
    <p class='ocr_par' dir='ltr' id='par_1_15' title="bbox 102 1330 1684 1405">
     <span class='ocr_line' id='line_1_15' title="bbox 102 1330 1684 1405; baseline -0.008 -14"><span class='ocrx_word' id='word_1_104' title='bbox 102 1330 211 1393; x_wconf 72' lang='lat' dir='ltr'><strong>non</strong></span> <span class='ocrx_word' id='word_1_105' title='bbox 263 1330 555 1405; x_wconf 80' lang='lat' dir='ltr'><strong>separatur.</strong></span> <span class='ocrx_word' id='word_1_106' title='bbox 602 1330 731 1405; x_wconf 85' lang='lat' dir='ltr'><strong>Quis</strong></span> <span class='ocrx_word' id='word_1_107' title='bbox 775 1335 914 1405; x_wconf 89' lang='lat' dir='ltr'><strong>enim</strong></span> <span class='ocrx_word' id='word_1_108' title='bbox 948 1330 1239 1405; x_wconf 71' lang='lat' dir='ltr'><strong>hominum,</strong></span> <span class='ocrx_word' id='word_1_109' title='bbox 1273 1346 1394 1384; x_wconf 89' lang='lat' dir='ltr'><strong>cum</strong></span> <span class='ocrx_word' id='word_1_110' title='bbox 1438 1330 1684 1396; x_wconf 72' lang='lat' dir='ltr'><strong>loquutus</strong></span> 
     </span>
    </p>
   </div>
   <div class='ocr_carea' id='block_1_16' title="bbox 102 1402 1684 1471">
    <p class='ocr_par' dir='ltr' id='par_1_16' title="bbox 102 1402 1684 1471">
     <span class='ocr_line' id='line_1_16' title="bbox 102 1402 1684 1471; baseline -0.007 -10"><span class='ocrx_word' id='word_1_111' title='bbox 102 1408 269 1462; x_wconf 87' lang='lat' dir='ltr'><strong>fuerit</strong></span> <span class='ocrx_word' id='word_1_112' title='bbox 296 1402 532 1464; x_wconf 80' lang='lat' dir='ltr'><strong>verbum.</strong></span> <span class='ocrx_word' id='word_1_113' title='bbox 579 1404 815 1471; x_wconf 86' lang='lat' dir='ltr'><strong>aliosque</strong></span> <span class='ocrx_word' id='word_1_114' title='bbox 858 1403 1118 1466; x_wconf 90' lang='lat' dir='ltr'><strong>docuerit,</strong></span> <span class='ocrx_word' id='word_1_115' title='bbox 1163 1402 1394 1471; x_wconf 85' lang='lat' dir='ltr'><strong>seipsum</strong></span> <span class='ocrx_word' id='word_1_116' title='bbox 1436 1412 1684 1471; x_wconf 77' lang='lat' dir='ltr'><strong>sermone</strong></span> 
     </span>
    </p>
   </div>
   <div class='ocr_carea' id='block_1_17' title="bbox 105 1468 1680 1542">
    <p class='ocr_par' dir='ltr' id='par_1_17' title="bbox 105 1468 1680 1542">
     <span class='ocr_line' id='line_1_17' title="bbox 105 1468 1680 1542; baseline -0.006 -15"><span class='ocrx_word' id='word_1_117' title='bbox 105 1493 336 1530; x_wconf 86' lang='lat' dir='ltr'><strong>vacuum</strong></span> <span class='ocrx_word' id='word_1_118' title='bbox 367 1475 575 1529; x_wconf 89' lang='lat' dir='ltr'><strong>reddit?</strong></span> <span class='ocrx_word' id='word_1_119' title='bbox 604 1475 683 1527; x_wconf 79' lang='lat' dir='ltr'><strong>An</strong></span> <span class='ocrx_word' id='word_1_120' title='bbox 730 1468 772 1526; x_wconf 81' lang='lat' dir='ltr'><strong>si</strong></span> <span class='ocrx_word' id='word_1_121' title='bbox 818 1472 941 1542; x_wconf 93' lang='lat' dir='ltr'><strong>quid</strong></span> <span class='ocrx_word' id='word_1_122' title='bbox 983 1471 1170 1539; x_wconf 87' lang='lat' dir='ltr'><strong>loquar</strong></span> <span class='ocrx_word' id='word_1_123' title='bbox 1194 1468 1334 1539; x_wconf 89' lang='lat' dir='ltr'><strong>quod</strong></span> <span class='ocrx_word' id='word_1_124' title='bbox 1377 1470 1437 1542; x_wconf 72' lang='lat' dir='ltr'><strong>in</strong></span> <span class='ocrx_word' id='word_1_125' title='bbox 1460 1468 1680 1542; x_wconf 78' lang='lat' dir='ltr'><strong>aliorum</strong></span> 
     </span>
    </p>
   </div>
   <div class='ocr_carea' id='block_1_18' title="bbox 101 1538 1685 1616">
    <p class='ocr_par' dir='ltr' id='par_1_18' title="bbox 101 1538 1685 1616">
     <span class='ocr_line' id='line_1_18' title="bbox 101 1538 1685 1616; baseline -0.008 -15"><span class='ocrx_word' id='word_1_126' title='bbox 101 1562 263 1601; x_wconf 81' lang='lat' dir='ltr'><strong>aures</strong></span> <span class='ocrx_word' id='word_1_127' title='bbox 288 1546 577 1616; x_wconf 84' lang='lat' dir='ltr'><strong>perveniat,</strong></span> <span class='ocrx_word' id='word_1_128' title='bbox 605 1538 1026 1616; x_wconf 58' lang='lat' dir='ltr'><strong>mentem&#39;meam</strong></span> <span class='ocrx_word' id='word_1_129' title='bbox 1056 1538 1315 1594; x_wconf 82' lang='lat' dir='ltr'><strong>desertam</strong></span> <span class='ocrx_word' id='word_1_130' title='bbox 1344 1538 1570 1606; x_wconf 85' lang='lat' dir='ltr'><strong>reliqui?</strong></span> <span class='ocrx_word' id='word_1_131' title='bbox 1591 1552 1685 1589; x_wconf 85' lang='lat' dir='ltr'><strong>an-</strong></span> 
     </span>
    </p>
   </div>
   <div class='ocr_carea' id='block_1_19' title="bbox 101 1610 1686 1669">
    <p class='ocr_par' dir='ltr' id='par_1_19' title="bbox 101 1610 1686 1669">
     <span class='ocr_line' id='line_1_19' title="bbox 101 1610 1686 1669; baseline -0.006 -1"><span class='ocrx_word' id='word_1_132' title='bbox 101 1632 211 1669; x_wconf 89' lang='lat' dir='ltr'><strong>non</strong></span> <span class='ocrx_word' id='word_1_133' title='bbox 235 1610 409 1669; x_wconf 70' lang='lat' dir='ltr'><strong>Sermo</strong></span> <span class='ocrx_word' id='word_1_134' title='bbox 426 1614 553 1668; x_wconf 85' lang='lat' dir='ltr'><strong>exiit</strong></span> <span class='ocrx_word' id='word_1_135' title='bbox 571 1624 622 1666; x_wconf 92' lang='lat' dir='ltr'><strong>et</strong></span> <span class='ocrx_word' id='word_1_136' title='bbox 639 1614 777 1664; x_wconf 91' lang='lat' dir='ltr'><strong>intus</strong></span> <span class='ocrx_word' id='word_1_137' title='bbox 798 1610 1019 1665; x_wconf 80' lang='lat' dir='ltr'><strong>mansit?</strong></span> <span class='ocrx_word' id='word_1_138' title='bbox 1039 1625 1212 1663; x_wconf 92' lang='lat' dir='ltr'><strong>annon</strong></span> <span class='ocrx_word' id='word_1_139' title='bbox 1235 1618 1511 1664; x_wconf 87' lang='lat' dir='ltr'><strong>sexcentas</strong></span> <span class='ocrx_word' id='word_1_140' title='bbox 1530 1619 1686 1659; x_wconf 92' lang='lat' dir='ltr'><strong>aures</strong></span> 
     </span>
    </p>
   </div>
   <div class='ocr_carea' id='block_1_20' title="bbox 103 1675 1682 1753">
    <p class='ocr_par' dir='ltr' id='par_1_20' title="bbox 103 1675 1682 1753">
     <span class='ocr_line' id='line_1_20' title="bbox 103 1675 1682 1753; baseline -0.007 -15"><span class='ocrx_word' id='word_1_141' title='bbox 103 1685 365 1753; x_wconf 86' lang='lat' dir='ltr'><strong>implevit,</strong></span> <span class='ocrx_word' id='word_1_142' title='bbox 398 1695 450 1738; x_wconf 91' lang='lat' dir='ltr'><strong>et</strong></span> <span class='ocrx_word' id='word_1_143' title='bbox 487 1698 515 1735; x_wconf 91' lang='lat' dir='ltr'><strong>a</strong></span> <span class='ocrx_word' id='word_1_144' title='bbox 547 1690 834 1751; x_wconf 79' lang='lat' dir='ltr'><strong>generante</strong></span> <span class='ocrx_word' id='word_1_145' title='bbox 870 1690 1048 1733; x_wconf 91' lang='lat' dir='ltr'><strong>mente</strong></span> <span class='ocrx_word' id='word_1_146' title='bbox 1078 1694 1180 1733; x_wconf 94' lang='lat' dir='ltr'><strong>non</strong></span> <span class='ocrx_word' id='word_1_147' title='bbox 1227 1676 1520 1753; x_wconf 76' lang='lat' dir='ltr'><strong>abscessit?</strong></span> <span class='ocrx_word' id='word_1_148' title='bbox 1566 1675 1682 1730; x_wconf 82' lang='lat' dir='ltr'><strong>Jam</strong></span> 
     </span>
    </p>
   </div>
   <div class='ocr_carea' id='block_1_21' title="bbox 100 1747 1687 1815">
    <p class='ocr_par' dir='ltr' id='par_1_21' title="bbox 100 1747 1687 1815">
     <span class='ocr_line' id='line_1_21' title="bbox 100 1747 1687 1815; baseline -0.004 -10"><span class='ocrx_word' id='word_1_149' title='bbox 100 1747 233 1809; x_wconf 79' lang='lat' dir='ltr'><strong>vero</strong></span> <span class='ocrx_word' id='word_1_150' title='bbox 260 1747 521 1807; x_wconf 85' lang='lat' dir='ltr'><strong>humanus</strong></span> <span class='ocrx_word' id='word_1_151' title='bbox 553 1747 735 1805; x_wconf 77' lang='lat' dir='ltr'><strong>sermo</strong></span> <span class='ocrx_word' id='word_1_152' title='bbox 776 1766 805 1803; x_wconf 93' lang='lat' dir='ltr'><strong>a</strong></span> <span class='ocrx_word' id='word_1_153' title='bbox 832 1759 1117 1815; x_wconf 81' lang='lat' dir='ltr'><strong>generante</strong></span> <span class='ocrx_word' id='word_1_154' title='bbox 1153 1756 1329 1802; x_wconf 88' lang='lat' dir='ltr'><strong>mente</strong></span> <span class='ocrx_word' id='word_1_155' title='bbox 1356 1747 1601 1807; x_wconf 85' lang='lat' dir='ltr'><strong>emissus,</strong></span> <span class='ocrx_word' id='word_1_156' title='bbox 1630 1754 1687 1800; x_wconf 86' lang='lat' dir='ltr'><strong>et</strong></span> 
     </span>
    </p>
   </div>
   <div class='ocr_carea' id='block_1_22' title="bbox 102 1817 1682 1891">
    <p class='ocr_par' dir='ltr' id='par_1_22' title="bbox 102 1817 1682 1891">
     <span class='ocr_line' id='line_1_22' title="bbox 102 1817 1682 1891; baseline -0.007 -14"><span class='ocrx_word' id='word_1_157' title='bbox 102 1825 251 1878; x_wconf 85' lang='lat' dir='ltr'><strong>foras</strong></span> <span class='ocrx_word' id='word_1_158' title='bbox 282 1822 475 1891; x_wconf 87' lang='lat' dir='ltr'><strong>prodit,</strong></span> <span class='ocrx_word' id='word_1_159' title='bbox 504 1830 559 1875; x_wconf 89' lang='lat' dir='ltr'><strong>et</strong></span> <span class='ocrx_word' id='word_1_160' title='bbox 582 1830 918 1891; x_wconf 85' lang='lat' dir='ltr'><strong>generantem</strong></span> <span class='ocrx_word' id='word_1_161' title='bbox 951 1834 1054 1873; x_wconf 88' lang='lat' dir='ltr'><strong>non</strong></span> <span class='ocrx_word' id='word_1_162' title='bbox 1089 1818 1375 1891; x_wconf 82' lang='lat' dir='ltr'><strong>relinquit?</strong></span> <span class='ocrx_word' id='word_1_163' title='bbox 1418 1817 1556 1869; x_wconf 87' lang='lat' dir='ltr'><strong>Deus</strong></span> <span class='ocrx_word' id='word_1_164' title='bbox 1585 1830 1682 1891; x_wconf 83' lang='lat' dir='ltr'><strong>au-</strong></span> 
     </span>
    </p>
   </div>
   <div class='ocr_carea' id='block_1_23' title="bbox 102 1885 1680 1959">
    <p class='ocr_par' dir='ltr' id='par_1_23' title="bbox 102 1885 1680 1959">
     <span class='ocr_line' id='line_1_23' title="bbox 102 1885 1680 1959; baseline -0.007 -12"><span class='ocrx_word' id='word_1_165' title='bbox 102 1904 213 1947; x_wconf 91' lang='lat' dir='ltr'><strong>tem</strong></span> <span class='ocrx_word' id='word_1_166' title='bbox 246 1885 493 1949; x_wconf 75' lang='lat' dir='ltr'><strong>verbum.</strong></span> <span class='ocrx_word' id='word_1_167' title='bbox 544 1885 662 1959; x_wconf 78' lang='lat' dir='ltr'><strong>quia</strong></span> <span class='ocrx_word' id='word_1_168' title='bbox 690 1896 907 1959; x_wconf 88' lang='lat' dir='ltr'><strong>propter</strong></span> <span class='ocrx_word' id='word_1_169' title='bbox 952 1891 1137 1959; x_wconf 13' lang='lat' dir='ltr'><strong>nosiin</strong></span> <span class='ocrx_word' id='word_1_170' title='bbox 1185 1888 1381 1941; x_wconf 92' lang='lat' dir='ltr'><strong>mundo</strong></span> <span class='ocrx_word' id='word_1_171' title='bbox 1419 1885 1680 1959; x_wconf 72' lang='lat' dir='ltr'><strong>apparuit,</strong></span> 
     </span>
    </p>
   </div>
   <div class='ocr_carea' id='block_1_24' title="bbox 102 1954 1684 2032">
    <p class='ocr_par' dir='ltr' id='par_1_24' title="bbox 102 1954 1684 2032">
     <span class='ocr_line' id='line_1_24' title="bbox 102 1954 1684 2032; baseline -0.005 -17"><span class='ocrx_word' id='word_1_172' title='bbox 102 1976 357 2032; x_wconf 84' lang='lat' dir='ltr'><strong>paternos</strong></span> <span class='ocrx_word' id='word_1_173' title='bbox 408 1954 574 2032; x_wconf 41' lang='lat' dir='ltr'><strong>sinus:</strong></span> <span class='ocrx_word' id='word_1_174' title='bbox 594 1954 804 2032; x_wconf 54' lang='lat' dir='ltr'><strong>vacuos:</strong></span> <span class='ocrx_word' id='word_1_175' title='bbox 828 1958 1133 2032; x_wconf 86' lang='lat' dir='ltr'><strong>reliquerit?</strong></span> <span class='ocrx_word' id='word_1_176' title='bbox 1179 1971 1507 2032; x_wconf 81' lang='lat' dir='ltr'><strong>nequaquam</strong></span> <span class='ocrx_word' id='word_1_177' title='bbox 1521 1974 1552 2032; x_wconf 53' lang='grc' dir='ltr'>ί</span> <span class='ocrx_word' id='word_1_178' title='bbox 1592 1954 1684 2008; x_wconf 77' lang='lat' dir='ltr'><strong>sed</strong></span> 
     </span>
    </p>
   </div>
   <div class='ocr_carea' id='block_1_25' title="bbox 100 2025 1683 2099">
    <p class='ocr_par' dir='ltr' id='par_1_25' title="bbox 100 2025 1683 2099">
     <span class='ocr_line' id='line_1_25' title="bbox 100 2025 1683 2099; baseline -0.003 -16"><span class='ocrx_word' id='word_1_179' title='bbox 100 2025 244 2099; x_wconf 73' lang='lat' dir='ltr'><strong>quod</strong></span> <span class='ocrx_word' id='word_1_180' title='bbox 293 2030 600 2085; x_wconf 87' lang='lat' dir='ltr'><strong>admirabile</strong></span> <span class='ocrx_word' id='word_1_181' title='bbox 644 2038 744 2094; x_wconf 91' lang='lat' dir='ltr'><strong>est,</strong></span> <span class='ocrx_word' id='word_1_182' title='bbox 793 2025 1049 2099; x_wconf 87' lang='lat' dir='ltr'><strong>innumeri</strong></span> <span class='ocrx_word' id='word_1_183' title='bbox 1090 2042 1250 2099; x_wconf 87' lang='lat' dir='ltr'><strong>unum</strong></span> <span class='ocrx_word' id='word_1_184' title='bbox 1301 2026 1470 2095; x_wconf 90' lang='lat' dir='ltr'><strong>ipsum</strong></span> <span class='ocrx_word' id='word_1_185' title='bbox 1519 2025 1683 2079; x_wconf 91' lang='lat' dir='ltr'><strong>Deum</strong></span> 
     </span>
    </p>
   </div>
   <div class='ocr_carea' id='block_1_26' title="bbox 105 2096 1682 2165">
    <p class='ocr_par' dir='ltr' id='par_1_26' title="bbox 105 2096 1682 2165">
     <span class='ocr_line' id='line_1_26' title="bbox 105 2096 1682 2165; baseline -0.004 -11"><span class='ocrx_word' id='word_1_186' title='bbox 105 2096 339 2156; x_wconf 72' lang='lat' dir='ltr'><strong>Verbum</strong></span> <span class='ocrx_word' id='word_1_187' title='bbox 372 2102 609 2162; x_wconf 88' lang='lat' dir='ltr'><strong>audiunt,</strong></span> <span class='ocrx_word' id='word_1_188' title='bbox 636 2108 689 2152; x_wconf 91' lang='lat' dir='ltr'><strong>et</strong></span> <span class='ocrx_word' id='word_1_189' title='bbox 716 2114 834 2151; x_wconf 87' lang='lat' dir='ltr'><strong>cum</strong></span> <span class='ocrx_word' id='word_1_190' title='bbox 864 2098 1033 2165; x_wconf 88' lang='lat' dir='ltr'><strong>ipsum</strong></span> <span class='ocrx_word' id='word_1_191' title='bbox 1061 2096 1124 2149; x_wconf 89' lang='lat' dir='ltr'><strong>ad</strong></span> <span class='ocrx_word' id='word_1_192' title='bbox 1153 2105 1226 2149; x_wconf 91' lang='lat' dir='ltr'><strong>tot</strong></span> <span class='ocrx_word' id='word_1_193' title='bbox 1256 2104 1533 2160; x_wconf 88' lang='lat' dir='ltr'><strong>tantosque</strong></span> <span class='ocrx_word' id='word_1_194' title='bbox 1562 2110 1682 2162; x_wconf 82' lang='lat' dir='ltr'><strong>per-</strong></span> 
     </span>
    </p>
   </div>
   <div class='ocr_carea' id='block_1_27' title="bbox 101 2164 1684 2235">
    <p class='ocr_par' dir='ltr' id='par_1_27' title="bbox 101 2164 1684 2235">
     <span class='ocr_line' id='line_1_27' title="bbox 101 2164 1684 2235; baseline -0.004 -12"><span class='ocrx_word' id='word_1_195' title='bbox 101 2173 280 2235; x_wconf 89' lang='lat' dir='ltr'><strong>vadat,</strong></span> <span class='ocrx_word' id='word_1_196' title='bbox 313 2186 415 2224; x_wconf 92' lang='lat' dir='ltr'><strong>non</strong></span> <span class='ocrx_word' id='word_1_197' title='bbox 441 2180 611 2223; x_wconf 89' lang='lat' dir='ltr'><strong>tamen</strong></span> <span class='ocrx_word' id='word_1_198' title='bbox 642 2164 910 2231; x_wconf 78' lang='lat' dir='ltr'><strong>dividitur,</strong></span> <span class='ocrx_word' id='word_1_199' title='bbox 941 2167 1034 2221; x_wconf 91' lang='lat' dir='ltr'><strong>sed</strong></span> <span class='ocrx_word' id='word_1_200' title='bbox 1071 2175 1151 2219; x_wconf 91' lang='lat' dir='ltr'><strong>est</strong></span> <span class='ocrx_word' id='word_1_201' title='bbox 1180 2175 1342 2219; x_wconf 91' lang='lat' dir='ltr'><strong>totum</strong></span> <span class='ocrx_word' id='word_1_202' title='bbox 1372 2168 1424 2218; x_wconf 88' lang='lat' dir='ltr'><strong>in</strong></span> <span class='ocrx_word' id='word_1_203' title='bbox 1464 2164 1684 2235; x_wconf 78' lang='lat' dir='ltr'><strong>singulis</strong></span> 
     </span>
    </p>
   </div>
   <div class='ocr_carea' id='block_1_28' title="bbox 104 2234 1685 2299">
    <p class='ocr_par' dir='ltr' id='par_1_28' title="bbox 104 2234 1685 2299">
     <span class='ocr_line' id='line_1_28' title="bbox 104 2234 1685 2299; baseline -0.006 -4"><span class='ocrx_word' id='word_1_204' title='bbox 104 2234 345 2295; x_wconf 86' lang='lat' dir='ltr'><strong>nostrum</strong></span> <span class='ocrx_word' id='word_1_205' title='bbox 375 2240 717 2299; x_wconf 90' lang='lat' dir='ltr'><strong>audientium,</strong></span> <span class='ocrx_word' id='word_1_206' title='bbox 747 2246 910 2290; x_wconf 90' lang='lat' dir='ltr'><strong>totum</strong></span> <span class='ocrx_word' id='word_1_207' title='bbox 933 2251 1051 2289; x_wconf 91' lang='lat' dir='ltr'><strong>cum</strong></span> <span class='ocrx_word' id='word_1_208' title='bbox 1077 2234 1345 2296; x_wconf 81' lang='lat' dir='ltr'><strong>omnibus.</strong></span> <span class='ocrx_word' id='word_1_209' title='bbox 1376 2244 1429 2288; x_wconf 90' lang='lat' dir='ltr'><strong>et</strong></span> <span class='ocrx_word' id='word_1_210' title='bbox 1454 2236 1497 2287; x_wconf 91' lang='lat' dir='ltr'><strong>si</strong></span> <span class='ocrx_word' id='word_1_211' title='bbox 1528 2234 1685 2287; x_wconf 83' lang='lat' dir='ltr'><strong>Pater</strong></span> 
     </span>
    </p>
   </div>
   <div class='ocr_carea' id='block_1_29' title="bbox 104 2304 1685 2376">
    <p class='ocr_par' dir='ltr' id='par_1_29' title="bbox 104 2304 1685 2376">
     <span class='ocr_line' id='line_1_29' title="bbox 104 2304 1685 2376; baseline -0.004 -13"><span class='ocrx_word' id='word_1_212' title='bbox 104 2311 251 2364; x_wconf 85' lang='lat' dir='ltr'><strong>fluxu</strong></span> <span class='ocrx_word' id='word_1_213' title='bbox 284 2310 507 2376; x_wconf 88' lang='lat' dir='ltr'><strong>quodam</strong></span> <span class='ocrx_word' id='word_1_214' title='bbox 530 2318 581 2361; x_wconf 91' lang='lat' dir='ltr'><strong>et</strong></span> <span class='ocrx_word' id='word_1_215' title='bbox 610 2307 843 2376; x_wconf 85' lang='lat' dir='ltr'><strong>sectione</strong></span> <span class='ocrx_word' id='word_1_216' title='bbox 862 2306 1063 2376; x_wconf 79' lang='lat' dir='ltr'><strong>genuit,</strong></span> <span class='ocrx_word' id='word_1_217' title='bbox 1094 2320 1156 2359; x_wconf 90' lang='lat' dir='ltr'><strong>ac</strong></span> <span class='ocrx_word' id='word_1_218' title='bbox 1185 2304 1383 2376; x_wconf 73' lang='lat' dir='ltr'><strong>divisus</strong></span> <span class='ocrx_word' id='word_1_219' title='bbox 1404 2313 1685 2376; x_wconf 68' lang='lat' dir='ltr'><strong>sectusque</strong></span> 
     </span>
    </p>
   </div>
   <div class='ocr_carea' id='block_1_30' title="bbox 103 2372 1685 2441">
    <p class='ocr_par' dir='ltr' id='par_1_30' title="bbox 103 2372 1685 2441">
     <span class='ocr_line' id='line_1_30' title="bbox 103 2372 1685 2441; baseline -0.007 -7"><span class='ocrx_word' id='word_1_220' title='bbox 103 2390 211 2441; x_wconf 87' lang='lat' dir='ltr'><strong>est,</strong></span> <span class='ocrx_word' id='word_1_221' title='bbox 265 2372 321 2432; x_wconf 82' lang='lat' dir='ltr'><strong>ut</strong></span> <span class='ocrx_word' id='word_1_222' title='bbox 362 2380 525 2441; x_wconf 89' lang='lat' dir='ltr'><strong>aiunt,</strong></span> <span class='ocrx_word' id='word_1_223' title='bbox 558 2378 697 2430; x_wconf 88' lang='lat' dir='ltr'><strong>dicat</strong></span> <span class='ocrx_word' id='word_1_224' title='bbox 738 2375 836 2428; x_wconf 89' lang='lat' dir='ltr'><strong>illis</strong></span> <span class='ocrx_word' id='word_1_225' title='bbox 865 2375 1154 2428; x_wconf 88' lang='lat' dir='ltr'><strong>Servator:</strong></span> <span class='ocrx_word' id='word_1_226' title='bbox 1198 2373 1507 2427; x_wconf 85' lang='lat' dir='ltr'><strong>Scrutamini</strong></span> <span class='ocrx_word' id='word_1_227' title='bbox 1543 2372 1685 2425; x_wconf 80' lang='lat' dir='ltr'><strong>Scri-</strong></span> 
     </span>
    </p>
   </div>
   <div class='ocr_carea' id='block_1_31' title="bbox 106 2442 1680 2519">
    <p class='ocr_par' dir='ltr' id='par_1_31' title="bbox 106 2442 1680 2519">
     <span class='ocr_line' id='line_1_31' title="bbox 106 2442 1680 2519; baseline -0.003 -21"><span class='ocrx_word' id='word_1_228' title='bbox 106 2461 283 2517; x_wconf 67' lang='lat' dir='ltr'><strong>ptura;</strong></span> <span class='ocrx_word' id='word_1_229' title='bbox 330 2448 504 2519; x_wconf 84' lang='lat' dir='ltr'><strong>(Joan.</strong></span> <span class='ocrx_word' id='word_1_230' title='bbox 557 2448 608 2501; x_wconf 85' lang='lat'><strong>5.</strong></span> <span class='ocrx_word' id='word_1_231' title='bbox 644 2444 783 2519; x_wconf 69' lang='lat'><strong>_59)._</strong></span> <span class='ocrx_word' id='word_1_232' title='bbox 815 2443 1145 2519; x_wconf 73' lang='lat' dir='ltr'><strong>_Scrutamini,</strong></span> <span class='ocrx_word' id='word_1_233' title='bbox 1202 2458 1268 2495; x_wconf 93' lang='lat' dir='ltr'><strong>ne</strong></span> <span class='ocrx_word' id='word_1_234' title='bbox 1313 2442 1680 2519; x_wconf 72' lang='lat' dir='ltr'><strong>corrumpatis.</strong></span> 
     </span>
    </p>
   </div>
   <div class='ocr_carea' id='block_1_32' title="bbox 103 2511 1681 2582">
    <p class='ocr_par' dir='ltr' id='par_1_32' title="bbox 103 2511 1681 2582">
     <span class='ocr_line' id='line_1_32' title="bbox 103 2511 1681 2582; baseline -0.006 -9"><span class='ocrx_word' id='word_1_235' title='bbox 103 2511 451 2581; x_wconf 77' lang='lat' dir='ltr'><strong>Scrutanimi,</strong></span> <span class='ocrx_word' id='word_1_236' title='bbox 482 2532 585 2569; x_wconf 92' lang='lat' dir='ltr'><strong>non</strong></span> <span class='ocrx_word' id='word_1_237' title='bbox 613 2511 921 2579; x_wconf 89' lang='lat' dir='ltr'><strong>simpliciter</strong></span> <span class='ocrx_word' id='word_1_238' title='bbox 952 2513 1209 2582; x_wconf 80' lang='lat' dir='ltr'><strong>legentes,</strong></span> <span class='ocrx_word' id='word_1_239' title='bbox 1238 2511 1329 2565; x_wconf 87' lang='lat' dir='ltr'><strong>sed</strong></span> <span class='ocrx_word' id='word_1_240' title='bbox 1366 2511 1681 2582; x_wconf 85' lang='lat' dir='ltr'><strong>profundum</strong></span> 
     </span>
    </p>
   </div>
   <div class='ocr_carea' id='block_1_33' title="bbox 102 2581 1681 2652">
    <p class='ocr_par' dir='ltr' id='par_1_33' title="bbox 102 2581 1681 2652">
     <span class='ocr_line' id='line_1_33' title="bbox 102 2581 1681 2652; baseline -0.006 -11"><span class='ocrx_word' id='word_1_241' title='bbox 102 2589 491 2641; x_wconf 88' lang='lat' dir='ltr'><strong>sententiarum</strong></span> <span class='ocrx_word' id='word_1_242' title='bbox 544 2584 938 2652; x_wconf 88' lang='lat' dir='ltr'><strong>investigantes.</strong></span> <span class='ocrx_word' id='word_1_243' title='bbox 990 2581 1128 2635; x_wconf 89' lang='lat' dir='ltr'><strong>Deus</strong></span> <span class='ocrx_word' id='word_1_244' title='bbox 1174 2582 1472 2650; x_wconf 84' lang='lat' dir='ltr'><strong>Scripturas</strong></span> <span class='ocrx_word' id='word_1_245' title='bbox 1517 2581 1681 2652; x_wconf 81' lang='lat' dir='ltr'><strong>dedit,</strong></span> 
     </span>
    </p>
   </div>
   <div class='ocr_carea' id='block_1_34' title="bbox 103 2650 1685 2721">
    <p class='ocr_par' dir='ltr' id='par_1_34' title="bbox 103 2650 1685 2721">
     <span class='ocr_line' id='line_1_34' title="bbox 103 2650 1685 2721; baseline -0.004 -12"><span class='ocrx_word' id='word_1_246' title='bbox 103 2658 199 2710; x_wconf 85' lang='lat' dir='ltr'><strong>sed</strong></span> <span class='ocrx_word' id='word_1_247' title='bbox 224 2657 382 2709; x_wconf 81' lang='lat' dir='ltr'><strong>altam</strong></span> <span class='ocrx_word' id='word_1_248' title='bbox 413 2669 593 2710; x_wconf 91' lang='lat' dir='ltr'><strong>earum</strong></span> <span class='ocrx_word' id='word_1_249' title='bbox 620 2650 847 2706; x_wconf 79' lang='lat' dir='ltr'><strong>nieniem</strong></span> <span class='ocrx_word' id='word_1_250' title='bbox 873 2668 977 2705; x_wconf 90' lang='lat' dir='ltr'><strong>non</strong></span> <span class='ocrx_word' id='word_1_251' title='bbox 1005 2652 1273 2721; x_wconf 70' lang='lat' dir='ltr'><strong>patefecit,</strong></span> <span class='ocrx_word' id='word_1_252' title='bbox 1306 2666 1485 2705; x_wconf 89' lang='lat' dir='ltr'><strong>verum</strong></span> <span class='ocrx_word' id='word_1_253' title='bbox 1517 2650 1685 2721; x_wconf 86' lang='lat' dir='ltr'><strong>medi-</strong></span> 
     </span>
    </p>
   </div>
   <div class='ocr_carea' id='block_1_35' title="bbox 102 2720 1687 2790">
    <p class='ocr_par' dir='ltr' id='par_1_35' title="bbox 102 2720 1687 2790">
     <span class='ocr_line' id='line_1_35' title="bbox 102 2720 1687 2790; baseline -0.004 -11"><span class='ocrx_word' id='word_1_254' title='bbox 102 2726 322 2779; x_wconf 85' lang='lat' dir='ltr'><strong>tationis</strong></span> <span class='ocrx_word' id='word_1_255' title='bbox 345 2734 445 2778; x_wconf 75' lang='lat' dir='ltr'><strong>tune</strong></span> <span class='ocrx_word' id='word_1_256' title='bbox 470 2724 643 2777; x_wconf 87' lang='lat' dir='ltr'><strong>cursui</strong></span> <span class='ocrx_word' id='word_1_257' title='bbox 666 2723 894 2790; x_wconf 89' lang='lat' dir='ltr'><strong>reliquit,</strong></span> <span class='ocrx_word' id='word_1_258' title='bbox 924 2731 977 2773; x_wconf 93' lang='lat' dir='ltr'><strong>ut</strong></span> <span class='ocrx_word' id='word_1_259' title='bbox 1008 2720 1320 2789; x_wconf 77' lang='lat' dir='ltr'><strong>probitatem</strong></span> <span class='ocrx_word' id='word_1_260' title='bbox 1345 2731 1483 2773; x_wconf 92' lang='lat' dir='ltr'><strong>tuam</strong></span> <span class='ocrx_word' id='word_1_261' title='bbox 1506 2720 1687 2790; x_wconf 76' lang='lat' dir='ltr'><strong>explo-</strong></span> 
     </span>
    </p>
   </div>
   <div class='ocr_carea' id='block_1_36' title="bbox 104 2789 1684 2862">
    <p class='ocr_par' dir='ltr' id='par_1_36' title="bbox 104 2789 1684 2862">
     <span class='ocr_line' id='line_1_36' title="bbox 104 2789 1684 2862; baseline -0.005 -13"><span class='ocrx_word' id='word_1_262' title='bbox 104 2804 273 2858; x_wconf 86' lang='lat' dir='ltr'><strong>raret,</strong></span> <span class='ocrx_word' id='word_1_263' title='bbox 303 2808 357 2848; x_wconf 89' lang='lat' dir='ltr'><strong>et</strong></span> <span class='ocrx_word' id='word_1_264' title='bbox 382 2794 700 2862; x_wconf 76' lang='lat' dir='ltr'><strong>diligentiam</strong></span> <span class='ocrx_word' id='word_1_265' title='bbox 731 2789 1069 2862; x_wconf 80' lang='lat' dir='ltr'><strong>perspiceret,</strong></span> <span class='ocrx_word' id='word_1_266' title='bbox 1102 2790 1408 2862; x_wconf 84' lang='lat' dir='ltr'><strong>videretque</strong></span> <span class='ocrx_word' id='word_1_267' title='bbox 1448 2804 1513 2862; x_wconf 81' lang='lat' dir='ltr'><strong>an</strong></span> <span class='ocrx_word' id='word_1_268' title='bbox 1539 2789 1684 2862; x_wconf 81' lang='lat' dir='ltr'><strong>scri-</strong></span> 
     </span>
    </p>
   </div>
   <div class='ocr_carea' id='block_1_37' title="bbox 104 2857 1685 2933">
    <p class='ocr_par' dir='ltr' id='par_1_37' title="bbox 104 2857 1685 2933">
     <span class='ocr_line' id='line_1_37' title="bbox 104 2857 1685 2933; baseline -0.003 -17"><span class='ocrx_word' id='word_1_269' title='bbox 104 2857 278 2933; x_wconf 90' lang='lat' dir='ltr'><strong>ptnris</strong></span> <span class='ocrx_word' id='word_1_270' title='bbox 315 2857 587 2926; x_wconf 72' lang='lat' dir='ltr'><strong>inservias,</strong></span> <span class='ocrx_word' id='word_1_271' title='bbox 620 2877 684 2915; x_wconf 90' lang='lat' dir='ltr'><strong>an</strong></span> <span class='ocrx_word' id='word_1_272' title='bbox 710 2857 814 2914; x_wconf 80' lang='lat' dir='ltr'><strong>vim</strong></span> <span class='ocrx_word' id='word_1_273' title='bbox 842 2860 1204 2933; x_wconf 72' lang='lat' dir='ltr'><strong>ipsis_iii[eras.</strong></span> <span class='ocrx_word' id='word_1_274' title='bbox 1232 2857 1685 2923; x_wconf 76' lang='lat' dir='ltr'><strong>Quemadmodum</strong></span> 
     </span>
    </p>
   </div>
   <div class='ocr_carea' id='block_1_38' title="bbox 103 2929 1684 2999">
    <p class='ocr_par' dir='ltr' id='par_1_38' title="bbox 103 2929 1684 2999">
     <span class='ocr_line' id='line_1_38' title="bbox 103 2929 1684 2999; baseline -0.005 -12"><span class='ocrx_word' id='word_1_275' title='bbox 103 2929 266 2988; x_wconf 72' lang='lat' dir='ltr'><strong>etiam</strong></span> <span class='ocrx_word' id='word_1_276' title='bbox 297 2946 511 2986; x_wconf 91' lang='lat' dir='ltr'><strong>naturas</strong></span> <span class='ocrx_word' id='word_1_277' title='bbox 540 2948 714 2985; x_wconf 85' lang='lat' dir='ltr'><strong>rerum</strong></span> <span class='ocrx_word' id='word_1_278' title='bbox 742 2930 1013 2999; x_wconf 82' lang='lat' dir='ltr'><strong>proposuit</strong></span> <span class='ocrx_word' id='word_1_279' title='bbox 1054 2929 1207 2992; x_wconf 85' lang='lat' dir='ltr'><strong>Deus,</strong></span> <span class='ocrx_word' id='word_1_280' title='bbox 1256 2936 1399 2981; x_wconf 85' lang='lat' dir='ltr'><strong>artes</strong></span> <span class='ocrx_word' id='word_1_281' title='bbox 1434 2942 1560 2981; x_wconf 89' lang='lat' dir='ltr'><strong>vero</strong></span> <span class='ocrx_word' id='word_1_282' title='bbox 1594 2942 1684 2980; x_wconf 84' lang='lat' dir='ltr'><strong>oc-</strong></span> 
     </span>
    </p>
   </div>
   <div class='ocr_carea' id='block_1_39' title="bbox 103 2999 1682 3065">
    <p class='ocr_par' dir='ltr' id='par_1_39' title="bbox 103 2999 1682 3065">
     <span class='ocr_line' id='line_1_39' title="bbox 103 2999 1682 3065; baseline -0.004 -9"><span class='ocrx_word' id='word_1_283' title='bbox 103 3005 327 3056; x_wconf 85' lang='lat' dir='ltr'><strong>cultavit</strong></span> <span class='ocrx_word' id='word_1_284' title='bbox 356 3022 369 3056; x_wconf 93' lang='lat'><strong>:</strong></span> <span class='ocrx_word' id='word_1_285' title='bbox 402 3013 455 3056; x_wconf 91' lang='lat' dir='ltr'><strong>et</strong></span> <span class='ocrx_word' id='word_1_286' title='bbox 489 3002 664 3055; x_wconf 88' lang='lat' dir='ltr'><strong>omnia</strong></span> <span class='ocrx_word' id='word_1_287' title='bbox 702 3016 729 3053; x_wconf 91' lang='lat' dir='ltr'><strong>a</strong></span> <span class='ocrx_word' id='word_1_288' title='bbox 767 3000 873 3052; x_wconf 90' lang='lat' dir='ltr'><strong>Deo</strong></span> <span class='ocrx_word' id='word_1_289' title='bbox 900 3000 948 3051; x_wconf 93' lang='lat' dir='ltr'><strong>iu</strong></span> <span class='ocrx_word' id='word_1_290' title='bbox 988 2999 1163 3051; x_wconf 81' lang='lat' dir='ltr'><strong>medio</strong></span> <span class='ocrx_word' id='word_1_291' title='bbox 1201 3000 1365 3065; x_wconf 91' lang='lat' dir='ltr'><strong>posita</strong></span> <span class='ocrx_word' id='word_1_292' title='bbox 1406 3007 1549 3059; x_wconf 89' lang='lat' dir='ltr'><strong>sunt,</strong></span> <span class='ocrx_word' id='word_1_293' title='bbox 1595 3012 1682 3049; x_wconf 91' lang='lat' dir='ltr'><strong>ars</strong></span> 
     </span>
    </p>
   </div>
   <div class='ocr_carea' id='block_1_40' title="bbox 105 3066 1685 3136">
    <p class='ocr_par' dir='ltr' id='par_1_40' title="bbox 105 3066 1685 3136">
     <span class='ocr_line' id='line_1_40' title="bbox 105 3066 1685 3136; baseline -0.004 -13"><span class='ocrx_word' id='word_1_294' title='bbox 105 3088 236 3125; x_wconf 85' lang='lat' dir='ltr'><strong>vero</strong></span> <span class='ocrx_word' id='word_1_295' title='bbox 261 3073 327 3125; x_wconf 86' lang='lat' dir='ltr'><strong>ab</strong></span> <span class='ocrx_word' id='word_1_296' title='bbox 354 3073 578 3125; x_wconf 86' lang='lat' dir='ltr'><strong>humana</strong></span> <span class='ocrx_word' id='word_1_297' title='bbox 604 3080 781 3123; x_wconf 88' lang='lat' dir='ltr'><strong>mente</strong></span> <span class='ocrx_word' id='word_1_298' title='bbox 803 3069 1056 3136; x_wconf 78' lang='lat' dir='ltr'><strong>originem</strong></span> <span class='ocrx_word' id='word_1_299' title='bbox 1088 3067 1236 3121; x_wconf 84' lang='lat' dir='ltr'><strong>duxit</strong></span> <span class='ocrx_word' id='word_1_300' title='bbox 1260 3086 1271 3119; x_wconf 89' lang='lat'><strong>:</strong></span> <span class='ocrx_word' id='word_1_301' title='bbox 1294 3068 1370 3119; x_wconf 89' lang='lat' dir='ltr'><strong>sic</strong></span> <span class='ocrx_word' id='word_1_302' title='bbox 1391 3077 1441 3119; x_wconf 89' lang='lat' dir='ltr'><strong>et</strong></span> <span class='ocrx_word' id='word_1_303' title='bbox 1466 3068 1516 3120; x_wconf 92' lang='lat' dir='ltr'><strong>in</strong></span> <span class='ocrx_word' id='word_1_304' title='bbox 1543 3066 1685 3121; x_wconf 89' lang='lat' dir='ltr'><strong>Scri-</strong></span> 
     </span>
    </p>
   </div>
   <div class='ocr_carea' id='block_1_41' title="bbox 107 3136 1681 3209">
    <p class='ocr_par' dir='ltr' id='par_1_41' title="bbox 107 3136 1681 3209">
     <span class='ocr_line' id='line_1_41' title="bbox 107 3136 1681 3209; baseline 0 -20"><span class='ocrx_word' id='word_1_305' title='bbox 107 3143 277 3209; x_wconf 86' lang='lat' dir='ltr'><strong>ptnris</strong></span> <span class='ocrx_word' id='word_1_306' title='bbox 309 3142 503 3194; x_wconf 87' lang='lat' dir='ltr'><strong>evenit.</strong></span> <span class='ocrx_word' id='word_1_307' title='bbox 534 3140 665 3209; x_wconf 81' lang='lat' dir='ltr'><strong>Rem</strong></span> <span class='ocrx_word' id='word_1_308' title='bbox 693 3139 897 3209; x_wconf 83' lang='lat' dir='ltr'><strong>planius</strong></span> <span class='ocrx_word' id='word_1_309' title='bbox 923 3137 1155 3190; x_wconf 88' lang='lat' dir='ltr'><strong>declaro.</strong></span> <span class='ocrx_word' id='word_1_310' title='bbox 1201 3136 1363 3209; x_wconf 66' lang='lat' dir='ltr'><strong>Dedit</strong></span> <span class='ocrx_word' id='word_1_311' title='bbox 1382 3136 1519 3209; x_wconf 86' lang='lat' dir='ltr'><strong>Deus</strong></span> <span class='ocrx_word' id='word_1_312' title='bbox 1551 3137 1681 3203; x_wconf 89' lang='lat' dir='ltr'><strong>lapi-</strong></span> 
     </span>
    </p>
   </div>
   <div class='ocr_carea' id='block_1_42' title="bbox 106 3205 1682 3275">
    <p class='ocr_par' dir='ltr' id='par_1_42' title="bbox 106 3205 1682 3275">
     <span class='ocr_line' id='line_1_42' title="bbox 106 3205 1682 3275; baseline -0.004 -11"><span class='ocrx_word' id='word_1_313' title='bbox 106 3205 221 3269; x_wconf 87' lang='lat' dir='ltr'><strong>des.</strong></span> <span class='ocrx_word' id='word_1_314' title='bbox 247 3210 393 3263; x_wconf 83' lang='lat' dir='ltr'><strong>dedit</strong></span> <span class='ocrx_word' id='word_1_315' title='bbox 416 3211 551 3264; x_wconf 90' lang='lat' dir='ltr'><strong>Deus</strong></span> <span class='ocrx_word' id='word_1_316' title='bbox 573 3207 798 3275; x_wconf 89' lang='lat' dir='ltr'><strong>lapidum</strong></span> <span class='ocrx_word' id='word_1_317' title='bbox 825 3218 1084 3264; x_wconf 84' lang='lat' dir='ltr'><strong>naturam.</strong></span> <span class='ocrx_word' id='word_1_318' title='bbox 1108 3221 1210 3259; x_wconf 92' lang='lat' dir='ltr'><strong>non</strong></span> <span class='ocrx_word' id='word_1_319' title='bbox 1234 3205 1450 3258; x_wconf 70' lang='lat' dir='ltr'><strong>aedilicia</strong></span> <span class='ocrx_word' id='word_1_320' title='bbox 1468 3215 1644 3273; x_wconf 86' lang='lat' dir='ltr'><strong>parata</strong></span> <span class='ocrx_word' id='word_1_321' title='bbox 1670 3224 1682 3258; x_wconf 91' lang='lat'>:</span> 
     </span>
    </p>
   </div>
   <div class='ocr_carea' id='block_1_43' title="bbox 107 3275 1682 3344">
    <p class='ocr_par' dir='ltr' id='par_1_43' title="bbox 107 3275 1682 3344">
     <span class='ocr_line' id='line_1_43' title="bbox 107 3275 1682 3344; baseline -0.004 -12"><span class='ocrx_word' id='word_1_322' title='bbox 107 3280 253 3333; x_wconf 87' lang='lat' dir='ltr'><strong>dedit</strong></span> <span class='ocrx_word' id='word_1_323' title='bbox 295 3279 636 3341; x_wconf 81' lang='lat' dir='ltr'><strong>frumentum,</strong></span> <span class='ocrx_word' id='word_1_324' title='bbox 678 3292 782 3329; x_wconf 90' lang='lat' dir='ltr'><strong>non</strong></span> <span class='ocrx_word' id='word_1_325' title='bbox 815 3290 1035 3344; x_wconf 90' lang='lat' dir='ltr'><strong>panem;</strong></span> <span class='ocrx_word' id='word_1_326' title='bbox 1076 3276 1221 3329; x_wconf 89' lang='lat' dir='ltr'><strong>dedit</strong></span> <span class='ocrx_word' id='word_1_327' title='bbox 1249 3289 1421 3335; x_wconf 90' lang='lat' dir='ltr'><strong>uvam,</strong></span> <span class='ocrx_word' id='word_1_328' title='bbox 1461 3289 1565 3326; x_wconf 87' lang='lat' dir='ltr'><strong>non</strong></span> <span class='ocrx_word' id='word_1_329' title='bbox 1606 3275 1682 3326; x_wconf 87' lang='lat' dir='ltr'><strong>vi-</strong></span> 
     </span>
    </p>
   </div>
   <div class='ocr_carea' id='block_1_44' title="bbox 107 3344 1684 3413">
    <p class='ocr_par' dir='ltr' id='par_1_44' title="bbox 107 3344 1684 3413">
     <span class='ocr_line' id='line_1_44' title="bbox 107 3344 1684 3413; baseline -0.003 -12"><span class='ocrx_word' id='word_1_330' title='bbox 107 3365 272 3413; x_wconf 86' lang='lat' dir='ltr'><strong>num;</strong></span> <span class='ocrx_word' id='word_1_331' title='bbox 304 3349 449 3402; x_wconf 82' lang='lat' dir='ltr'><strong>dedit</strong></span> <span class='ocrx_word' id='word_1_332' title='bbox 476 3350 609 3402; x_wconf 68' lang='lat' dir='ltr'><strong>lanae</strong></span> <span class='ocrx_word' id='word_1_333' title='bbox 648 3356 910 3409; x_wconf 90' lang='lat' dir='ltr'><strong>naturam,</strong></span> <span class='ocrx_word' id='word_1_334' title='bbox 954 3361 1055 3397; x_wconf 91' lang='lat' dir='ltr'><strong>non</strong></span> <span class='ocrx_word' id='word_1_335' title='bbox 1093 3344 1499 3413; x_wconf 66' lang='lat' dir='ltr'><strong>vestimentum;</strong></span> <span class='ocrx_word' id='word_1_336' title='bbox 1541 3344 1684 3396; x_wconf 88' lang='lat' dir='ltr'><strong>dedit</strong></span> 
     </span>
    </p>
   </div>
   <div class='ocr_carea' id='block_1_45' title="bbox 109 3412 1681 3479">
    <p class='ocr_par' dir='ltr' id='par_1_45' title="bbox 109 3412 1681 3479">
     <span class='ocr_line' id='line_1_45' title="bbox 109 3412 1681 3479; baseline -0.003 -9"><span class='ocrx_word' id='word_1_337' title='bbox 109 3412 304 3471; x_wconf 69' lang='lat' dir='ltr'><strong>terrain</strong></span> <span class='ocrx_word' id='word_1_338' title='bbox 346 3434 475 3472; x_wconf 90' lang='lat' dir='ltr'><strong>auro</strong></span> <span class='ocrx_word' id='word_1_339' title='bbox 520 3416 817 3470; x_wconf 78' lang='lat' dir='ltr'><strong>fecundam.</strong></span> <span class='ocrx_word' id='word_1_340' title='bbox 850 3430 952 3467; x_wconf 91' lang='lat' dir='ltr'><strong>non</strong></span> <span class='ocrx_word' id='word_1_341' title='bbox 984 3429 1187 3467; x_wconf 85' lang='lat' dir='ltr'><strong>aurum.</strong></span> <span class='ocrx_word' id='word_1_342' title='bbox 1220 3413 1426 3479; x_wconf 80' lang='lat' dir='ltr'><strong>Quare?</strong></span> <span class='ocrx_word' id='word_1_343' title='bbox 1461 3412 1590 3479; x_wconf 88' lang='lat' dir='ltr'><strong>Quia</strong></span> <span class='ocrx_word' id='word_1_344' title='bbox 1618 3413 1681 3466; x_wconf 89' lang='lat' dir='ltr'><strong>ad</strong></span> 
     </span>
    </p>
   </div>
   <div class='ocr_carea' id='block_1_46' title="bbox 110 3483 1684 3557">
    <p class='ocr_par' dir='ltr' id='par_1_46' title="bbox 110 3483 1684 3557">
     <span class='ocr_line' id='line_1_46' title="bbox 110 3483 1684 3557; baseline -0.005 -16"><span class='ocrx_word' id='word_1_345' title='bbox 110 3489 392 3557; x_wconf 80' lang='lat' dir='ltr'><strong>imaginem</strong></span> <span class='ocrx_word' id='word_1_346' title='bbox 426 3489 512 3540; x_wconf 92' lang='lat' dir='ltr'><strong>Dei</strong></span> <span class='ocrx_word' id='word_1_347' title='bbox 556 3487 679 3540; x_wconf 88' lang='lat' dir='ltr'><strong>fecit</strong></span> <span class='ocrx_word' id='word_1_348' title='bbox 699 3484 992 3557; x_wconf 78' lang='lat' dir='ltr'><strong>hominem,</strong></span> <span class='ocrx_word' id='word_1_349' title='bbox 1034 3483 1312 3537; x_wconf 86' lang='lat' dir='ltr'><strong>creationis</strong></span> <span class='ocrx_word' id='word_1_350' title='bbox 1351 3496 1483 3557; x_wconf 83' lang='lat' dir='ltr'><strong>opus</strong></span> <span class='ocrx_word' id='word_1_351' title='bbox 1521 3483 1684 3549; x_wconf 88' lang='lat' dir='ltr'><strong>parti-</strong></span> 
     </span>
    </p>
   </div>
   <div class='ocr_carea' id='block_1_47' title="bbox 110 3553 1686 3625">
    <p class='ocr_par' dir='ltr' id='par_1_47' title="bbox 110 3553 1686 3625">
     <span class='ocr_line' id='line_1_47' title="bbox 110 3553 1686 3625; baseline -0.003 -16"><span class='ocrx_word' id='word_1_352' title='bbox 110 3568 195 3609; x_wconf 90' lang='lat' dir='ltr'><strong>tur</strong></span> <span class='ocrx_word' id='word_1_353' title='bbox 222 3553 237 3610; x_wconf 79' lang='grc' dir='ltr'>Ξ</span> <span class='ocrx_word' id='word_1_354' title='bbox 272 3557 383 3625; x_wconf 91' lang='lat' dir='ltr'><strong>ipse</strong></span> <span class='ocrx_word' id='word_1_355' title='bbox 410 3565 571 3619; x_wconf 87' lang='lat' dir='ltr'><strong>creat,</strong></span> <span class='ocrx_word' id='word_1_356' title='bbox 614 3555 831 3625; x_wconf 80' lang='lat' dir='ltr'><strong>etillius</strong></span> <span class='ocrx_word' id='word_1_357' title='bbox 858 3564 969 3625; x_wconf 81' lang='lat' dir='ltr'><strong>arte</strong></span> <span class='ocrx_word' id='word_1_358' title='bbox 1002 3562 1295 3625; x_wconf 78' lang='lat' dir='ltr'><strong>creaturam</strong></span> <span class='ocrx_word' id='word_1_359' title='bbox 1322 3553 1602 3625; x_wconf 79' lang='lat' dir='ltr'><strong>concinnat</strong></span> <span class='ocrx_word' id='word_1_360' title='bbox 1631 3562 1686 3604; x_wconf 92' lang='lat' dir='ltr'><strong>et</strong></span> 
     </span>
    </p>
   </div>
   <div class='ocr_carea' id='block_1_48' title="bbox 108 3620 1681 3689">
    <p class='ocr_par' dir='ltr' id='par_1_48' title="bbox 108 3620 1681 3689">
     <span class='ocr_line' id='line_1_48' title="bbox 108 3620 1681 3689; baseline -0.004 -11"><span class='ocrx_word' id='word_1_361' title='bbox 108 3620 306 3678; x_wconf 56' lang='lat' dir='ltr'><strong>ornatf</strong></span> <span class='ocrx_word' id='word_1_362' title='bbox 333 3626 587 3689; x_wconf 89' lang='lat' dir='ltr'><strong>Quoniam</strong></span> <span class='ocrx_word' id='word_1_363' title='bbox 631 3623 695 3675; x_wconf 91' lang='lat' dir='ltr'><strong>ad</strong></span> <span class='ocrx_word' id='word_1_364' title='bbox 742 3622 1020 3689; x_wconf 79' lang='lat' dir='ltr'><strong>imaginem</strong></span> <span class='ocrx_word' id='word_1_365' title='bbox 1060 3637 1205 3675; x_wconf 89' lang='lat' dir='ltr'><strong>suam</strong></span> <span class='ocrx_word' id='word_1_366' title='bbox 1240 3621 1361 3674; x_wconf 89' lang='lat' dir='ltr'><strong>fecit</strong></span> <span class='ocrx_word' id='word_1_367' title='bbox 1393 3620 1681 3684; x_wconf 91' lang='lat' dir='ltr'><strong>hominem,</strong></span> 
     </span>
    </p>
   </div>
   <div class='ocr_carea' id='block_1_49' title="bbox 109 3690 1685 3762">
    <p class='ocr_par' dir='ltr' id='par_1_49' title="bbox 109 3690 1685 3762">
     <span class='ocr_line' id='line_1_49' title="bbox 109 3690 1685 3762; baseline -0.004 -14"><span class='ocrx_word' id='word_1_368' title='bbox 109 3696 441 3762; x_wconf 88' lang='lat' dir='ltr'><strong>opiliciorum</strong></span> <span class='ocrx_word' id='word_1_369' title='bbox 478 3693 812 3762; x_wconf 76' lang='lat' dir='ltr'><strong>nobilitatem</strong></span> <span class='ocrx_word' id='word_1_370' title='bbox 844 3706 961 3743; x_wconf 90' lang='lat' dir='ltr'><strong>cum</strong></span> <span class='ocrx_word' id='word_1_371' title='bbox 1002 3693 1114 3759; x_wconf 89' lang='lat' dir='ltr'><strong>ipso</strong></span> <span class='ocrx_word' id='word_1_372' title='bbox 1156 3692 1525 3762; x_wconf 79' lang='lat' dir='ltr'><strong>communicat.</strong></span> <span class='ocrx_word' id='word_1_373' title='bbox 1572 3690 1685 3756; x_wconf 89' lang='lat' dir='ltr'><strong>Ipse</strong></span> 
     </span>
    </p>
   </div>
   <div class='ocr_carea' id='block_1_50' title="bbox 109 3760 1685 3833">
    <p class='ocr_par' dir='ltr' id='par_1_50' title="bbox 109 3760 1685 3833">
     <span class='ocr_line' id='line_1_50' title="bbox 109 3760 1685 3833; baseline -0.006 -14"><span class='ocrx_word' id='word_1_374' title='bbox 109 3760 363 3833; x_wconf 81' lang='lat' dir='ltr'><strong>operatur</strong></span> <span class='ocrx_word' id='word_1_375' title='bbox 392 3773 448 3816; x_wconf 92' lang='lat' dir='ltr'><strong>ut</strong></span> <span class='ocrx_word' id='word_1_376' title='bbox 472 3764 691 3833; x_wconf 88' lang='lat' dir='ltr'><strong>Creator</strong></span> <span class='ocrx_word' id='word_1_377' title='bbox 715 3770 767 3814; x_wconf 87' lang='lat' dir='ltr'><strong>et</strong></span> <span class='ocrx_word' id='word_1_378' title='bbox 797 3761 953 3821; x_wconf 85' lang='lat' dir='ltr'><strong>Deus,</strong></span> <span class='ocrx_word' id='word_1_379' title='bbox 995 3775 1057 3812; x_wconf 88' lang='lat' dir='ltr'><strong>ex</strong></span> <span class='ocrx_word' id='word_1_380' title='bbox 1077 3775 1193 3833; x_wconf 85' lang='lat' dir='ltr'><strong>_non</strong></span> <span class='ocrx_word' id='word_1_381' title='bbox 1222 3760 1550 3811; x_wconf 82' lang='lat' dir='ltr'><strong>exstantibus</strong></span> <span class='ocrx_word' id='word_1_382' title='bbox 1570 3773 1685 3833; x_wconf 84' lang='lat' dir='ltr'><strong>om-</strong></span> 
     </span>
    </p>
   </div>
   <div class='ocr_carea' id='block_1_51' title="bbox 112 3829 1683 3901">
    <p class='ocr_par' dir='ltr' id='par_1_51' title="bbox 112 3829 1683 3901">
     <span class='ocr_line' id='line_1_51' title="bbox 112 3829 1683 3901; baseline -0.007 -13"><span class='ocrx_word' id='word_1_383' title='bbox 112 3829 197 3888; x_wconf 83' lang='lat' dir='ltr'><strong>nia</strong></span> <span class='ocrx_word' id='word_1_384' title='bbox 233 3834 561 3901; x_wconf 84' lang='lat' dir='ltr'><strong>producens;</strong></span> <span class='ocrx_word' id='word_1_385' title='bbox 607 3832 698 3883; x_wconf 81' lang='lat' dir='ltr'><strong>ille</strong></span> <span class='ocrx_word' id='word_1_386' title='bbox 738 3839 976 3901; x_wconf 86' lang='lat' dir='ltr'><strong>naturam</strong></span> <span class='ocrx_word' id='word_1_387' title='bbox 1002 3830 1218 3901; x_wconf 89' lang='lat' dir='ltr'><strong>_edncit,</strong></span> <span class='ocrx_word' id='word_1_388' title='bbox 1247 3843 1366 3901; x_wconf 78' lang='lat' dir='ltr'><strong>qua:</strong></span> <span class='ocrx_word' id='word_1_389' title='bbox 1409 3842 1512 3879; x_wconf 90' lang='lat' dir='ltr'><strong>non</strong></span> <span class='ocrx_word' id='word_1_390' title='bbox 1542 3829 1683 3901; x_wconf 74' lang='lat' dir='ltr'><strong>exsi-</strong></span> 
     </span>
    </p>
   </div>
   <div class='ocr_carea' id='block_1_52' title="bbox 111 3896 1684 3972">
    <p class='ocr_par' dir='ltr' id='par_1_52' title="bbox 111 3896 1684 3972">
     <span class='ocr_line' id='line_1_52' title="bbox 111 3896 1684 3972; baseline -0.005 -15"><span class='ocrx_word' id='word_1_391' title='bbox 111 3896 284 3958; x_wconf 84' lang='lat' dir='ltr'><strong>stebat</strong></span> <span class='ocrx_word' id='word_1_392' title='bbox 324 3922 336 3955; x_wconf 88' lang='lat'><strong>:</strong></span> <span class='ocrx_word' id='word_1_393' title='bbox 378 3902 585 3972; x_wconf 79' lang='lat' dir='ltr'><strong>imagini</strong></span> <span class='ocrx_word' id='word_1_394' title='bbox 632 3915 761 3954; x_wconf 92' lang='lat' dir='ltr'><strong>vero</strong></span> <span class='ocrx_word' id='word_1_395' title='bbox 795 3915 917 3972; x_wconf 72' lang='lat' dir='ltr'><strong>sua:</strong></span> <span class='ocrx_word' id='word_1_396' title='bbox 956 3898 1016 3972; x_wconf 89' lang='lat' dir='ltr'><strong>_id</strong></span> <span class='ocrx_word' id='word_1_397' title='bbox 1062 3897 1322 3958; x_wconf 86' lang='lat' dir='ltr'><strong>concedit,</strong></span> <span class='ocrx_word' id='word_1_398' title='bbox 1374 3904 1428 3949; x_wconf 93' lang='lat' dir='ltr'><strong>ut</strong></span> <span class='ocrx_word' id='word_1_399' title='bbox 1478 3896 1684 3972; x_wconf 79' lang='lat' dir='ltr'><strong>Opificia</strong></span> 
     </span>
    </p>
   </div>
   <div class='ocr_carea' id='block_1_53' title="bbox 110 3966 1682 4040">
    <p class='ocr_par' dir='ltr' id='par_1_53' title="bbox 110 3966 1682 4040">
     <span class='ocr_line' id='line_1_53' title="bbox 110 3966 1682 4040; baseline -0.008 -13"><span class='ocrx_word' id='word_1_400' title='bbox 110 3983 358 4027; x_wconf 80' lang='lat' dir='ltr'><strong>exornet.</strong></span> <span class='ocrx_word' id='word_1_401' title='bbox 382 3966 558 4040; x_wconf 81' lang='lat' dir='ltr'><strong>Cogita</strong></span> <span class='ocrx_word' id='word_1_402' title='bbox 582 3972 698 4037; x_wconf 83' lang='lat' dir='ltr'><strong>quis</strong></span> <span class='ocrx_word' id='word_1_403' title='bbox 730 3971 927 4040; x_wconf 89' lang='lat' dir='ltr'><strong>primus</strong></span> <span class='ocrx_word' id='word_1_404' title='bbox 955 3969 1110 4019; x_wconf 88' lang='lat' dir='ltr'><strong>homo</strong></span> <span class='ocrx_word' id='word_1_405' title='bbox 1137 3976 1368 4040; x_wconf 72' lang='lat' dir='ltr'><strong>aratrum</strong></span> <span class='ocrx_word' id='word_1_406' title='bbox 1400 3966 1682 4040; x_wconf 74' lang='lat' dir='ltr'><strong>compegit,</strong></span> 
     </span>
    </p>
   </div>
   <div class='ocr_carea' id='block_1_54' title="bbox 110 4035 1683 4109">
    <p class='ocr_par' dir='ltr' id='par_1_54' title="bbox 110 4035 1683 4109">
     <span class='ocr_line' id='line_1_54' title="bbox 110 4035 1683 4109; baseline -0.004 -16"><span class='ocrx_word' id='word_1_407' title='bbox 110 4042 379 4109; x_wconf 89' lang='lat' dir='ltr'><strong>quomodo</strong></span> <span class='ocrx_word' id='word_1_408' title='bbox 400 4035 775 4108; x_wconf 71' lang='lat' dir='ltr'><strong>excogitaverit</strong></span> <span class='ocrx_word' id='word_1_409' title='bbox 799 4039 991 4109; x_wconf 88' lang='lat' dir='ltr'><strong>lignum</strong></span> <span class='ocrx_word' id='word_1_410' title='bbox 1014 4050 1213 4109; x_wconf 80' lang='lat' dir='ltr'><strong>secare,</strong></span> <span class='ocrx_word' id='word_1_411' title='bbox 1236 4035 1438 4109; x_wconf 74' lang='lat' dir='ltr'><strong>ferrum</strong></span> <span class='ocrx_word' id='word_1_412' title='bbox 1456 4036 1683 4109; x_wconf 83' lang='lat' dir='ltr'><strong>medium</strong></span> 
     </span>
    </p>
   </div>
   <div class='ocr_carea' id='block_1_55' title="bbox 113 4105 1682 4173">
    <p class='ocr_par' dir='ltr' id='par_1_55' title="bbox 113 4105 1682 4173">
     <span class='ocr_line' id='line_1_55' title="bbox 113 4105 1682 4173; baseline -0.005 -9"><span class='ocrx_word' id='word_1_413' title='bbox 113 4105 418 4171; x_wconf 84' lang='lat' dir='ltr'><strong>immittere,</strong></span> <span class='ocrx_word' id='word_1_414' title='bbox 452 4105 708 4163; x_wconf 75' lang='lat' dir='ltr'><strong>concinne</strong></span> <span class='ocrx_word' id='word_1_415' title='bbox 731 4108 1115 4173; x_wconf 86' lang='lat' dir='ltr'><strong>constringere,</strong></span> <span class='ocrx_word' id='word_1_416' title='bbox 1136 4105 1318 4173; x_wconf 84' lang='lat' dir='ltr'><strong>jugutn</strong></span> <span class='ocrx_word' id='word_1_417' title='bbox 1358 4105 1682 4167; x_wconf 85' lang='lat' dir='ltr'><strong>adinvenire,</strong></span> 
     </span>
    </p>
   </div>
   <div class='ocr_carea' id='block_1_56' title="bbox 114 4175 1680 4247">
    <p class='ocr_par' dir='ltr' id='par_1_56' title="bbox 114 4175 1680 4247">
     <span class='ocr_line' id='line_1_56' title="bbox 114 4175 1680 4247; baseline -0.005 -15"><span class='ocrx_word' id='word_1_418' title='bbox 114 4191 381 4234; x_wconf 80' lang='lat' dir='ltr'><strong>temonem</strong></span> <span class='ocrx_word' id='word_1_419' title='bbox 410 4181 655 4247; x_wconf 84' lang='lat' dir='ltr'><strong>dirigere,</strong></span> <span class='ocrx_word' id='word_1_420' title='bbox 698 4179 860 4231; x_wconf 88' lang='lat' dir='ltr'><strong>boves</strong></span> <span class='ocrx_word' id='word_1_421' title='bbox 888 4182 1127 4247; x_wconf 66' lang='lat' dir='ltr'><strong>iungere.</strong></span> <span class='ocrx_word' id='word_1_422' title='bbox 1160 4175 1510 4247; x_wconf 58' lang='lat' dir='ltr'><strong>Lignum_jatn_</strong></span> <span class='ocrx_word' id='word_1_423' title='bbox 1549 4184 1680 4247; x_wconf 71' lang='lat' dir='ltr'><strong>erat,</strong></span> 
     </span>
    </p>
   </div>
   <div class='ocr_carea' id='block_1_57' title="bbox 116 4241 1687 4312">
    <p class='ocr_par' dir='ltr' id='par_1_57' title="bbox 116 4241 1687 4312">
     <span class='ocr_line' id='line_1_57' title="bbox 116 4241 1687 4312; baseline -0.005 -11"><span class='ocrx_word' id='word_1_424' title='bbox 116 4251 317 4303; x_wconf 80' lang='lat' dir='ltr'><strong>ferrum</strong></span> <span class='ocrx_word' id='word_1_425' title='bbox 355 4258 489 4312; x_wconf 89' lang='lat' dir='ltr'><strong>erat,</strong></span> <span class='ocrx_word' id='word_1_426' title='bbox 514 4241 620 4301; x_wconf 58' lang='lat' dir='ltr'><strong>&#39;sed</strong></span> <span class='ocrx_word' id='word_1_427' title='bbox 659 4262 745 4299; x_wconf 87' lang='lat' dir='ltr'><strong>ars</strong></span> <span class='ocrx_word' id='word_1_428' title='bbox 784 4260 887 4298; x_wconf 94' lang='lat' dir='ltr'><strong>non</strong></span> <span class='ocrx_word' id='word_1_429' title='bbox 918 4241 1118 4297; x_wconf 63' lang='lat' dir='ltr'><strong>aderat.</strong></span> <span class='ocrx_word' id='word_1_430' title='bbox 1165 4241 1293 4308; x_wconf 85' lang='lat' dir='ltr'><strong>Quis</strong></span> <span class='ocrx_word' id='word_1_431' title='bbox 1330 4243 1420 4294; x_wconf 88' lang='lat' dir='ltr'><strong>tibi</strong></span> <span class='ocrx_word' id='word_1_432' title='bbox 1462 4241 1624 4312; x_wconf 82' lang='lat' dir='ltr'><strong>dixit,</strong></span> <span class='ocrx_word' id='word_1_433' title='bbox 1654 4257 1687 4312; x_wconf 92' lang='lat' dir='ltr'><strong>o</strong></span> 
     </span>
    </p>
   </div>
   <div class='ocr_carea' id='block_1_58' title="bbox 114 4311 1685 4380">
    <p class='ocr_par' dir='ltr' id='par_1_58' title="bbox 114 4311 1685 4380">
     <span class='ocr_line' id='line_1_58' title="bbox 114 4311 1685 4380; baseline -0.005 -9"><span class='ocrx_word' id='word_1_434' title='bbox 114 4318 297 4375; x_wconf 88' lang='lat' dir='ltr'><strong>homo.</strong></span> <span class='ocrx_word' id='word_1_435' title='bbox 330 4328 558 4370; x_wconf 90' lang='lat' dir='ltr'><strong>aratrum</strong></span> <span class='ocrx_word' id='word_1_436' title='bbox 601 4316 699 4368; x_wconf 91' lang='lat' dir='ltr'><strong>hoc</strong></span> <span class='ocrx_word' id='word_1_437' title='bbox 726 4316 883 4367; x_wconf 87' lang='lat' dir='ltr'><strong>modo</strong></span> <span class='ocrx_word' id='word_1_438' title='bbox 909 4313 1136 4366; x_wconf 86' lang='lat' dir='ltr'><strong>eenlici?</strong></span> <span class='ocrx_word' id='word_1_439' title='bbox 1160 4312 1275 4380; x_wconf 87' lang='lat' dir='ltr'><strong>quis</strong></span> <span class='ocrx_word' id='word_1_440' title='bbox 1306 4312 1563 4379; x_wconf 88' lang='lat' dir='ltr'><strong>suggessit</strong></span> <span class='ocrx_word' id='word_1_441' title='bbox 1596 4311 1685 4363; x_wconf 88' lang='lat' dir='ltr'><strong>tibi</strong></span> 
     </span>
    </p>
   </div>
   <div class='ocr_carea' id='block_1_59' title="bbox 115 4382 1688 4451">
    <p class='ocr_par' dir='ltr' id='par_1_59' title="bbox 115 4382 1688 4451">
     <span class='ocr_line' id='line_1_59' title="bbox 115 4382 1688 4451; baseline -0.006 -11"><span class='ocrx_word' id='word_1_442' title='bbox 115 4387 423 4441; x_wconf 86' lang='lat' dir='ltr'><strong>indomitam</strong></span> <span class='ocrx_word' id='word_1_443' title='bbox 457 4386 574 4439; x_wconf 87' lang='lat' dir='ltr'><strong>ferri</strong></span> <span class='ocrx_word' id='word_1_444' title='bbox 599 4396 833 4438; x_wconf 91' lang='lat' dir='ltr'><strong>naturam</strong></span> <span class='ocrx_word' id='word_1_445' title='bbox 864 4384 981 4451; x_wconf 84' lang='lat' dir='ltr'><strong>igne</strong></span> <span class='ocrx_word' id='word_1_446' title='bbox 1002 4382 1263 4435; x_wconf 78' lang='lat' dir='ltr'><strong>emolliri?</strong></span> <span class='ocrx_word' id='word_1_447' title='bbox 1288 4383 1402 4449; x_wconf 85' lang='lat' dir='ltr'><strong>quis</strong></span> <span class='ocrx_word' id='word_1_448' title='bbox 1421 4390 1688 4451; x_wconf 80' lang='lat' dir='ltr'><strong>monstra-</strong></span> 
     </span>
    </p>
   </div>
   <div class='ocr_carea' id='block_1_60' title="bbox 116 4449 1686 4519">
    <p class='ocr_par' dir='ltr' id='par_1_60' title="bbox 116 4449 1686 4519">
     <span class='ocr_line' id='line_1_60' title="bbox 116 4449 1686 4519; baseline -0.004 -12"><span class='ocrx_word' id='word_1_449' title='bbox 116 4458 194 4509; x_wconf 85' lang='lat' dir='ltr'><strong>vit</strong></span> <span class='ocrx_word' id='word_1_450' title='bbox 223 4458 311 4509; x_wconf 80' lang='lat' dir='ltr'><strong>tibi</strong></span> <span class='ocrx_word' id='word_1_451' title='bbox 342 4471 403 4509; x_wconf 89' lang='lat' dir='ltr'><strong>ex</strong></span> <span class='ocrx_word' id='word_1_452' title='bbox 437 4465 574 4509; x_wconf 90' lang='lat' dir='ltr'><strong>tanta</strong></span> <span class='ocrx_word' id='word_1_453' title='bbox 598 4449 943 4507; x_wconf 86' lang='lat' dir='ltr'><strong>crassitudine</strong></span> <span class='ocrx_word' id='word_1_454' title='bbox 964 4454 1201 4519; x_wconf 84' lang='lat' dir='ltr'><strong>exiguam</strong></span> <span class='ocrx_word' id='word_1_455' title='bbox 1232 4466 1381 4505; x_wconf 90' lang='lat' dir='ltr'><strong>acum</strong></span> <span class='ocrx_word' id='word_1_456' title='bbox 1410 4449 1686 4503; x_wconf 87' lang='lat' dir='ltr'><strong>fabricari?</strong></span> 
     </span>
    </p>
   </div>
   <div class='ocr_carea' id='block_1_61' title="bbox 114 4523 1685 4595">
    <p class='ocr_par' dir='ltr' id='par_1_61' title="bbox 114 4523 1685 4595">
     <span class='ocr_line' id='line_1_61' title="bbox 114 4523 1685 4595; baseline -0.003 -18"><span class='ocrx_word' id='word_1_457' title='bbox 114 4527 236 4595; x_wconf 80' lang='lat' dir='ltr'><strong>quis</strong></span> <span class='ocrx_word' id='word_1_458' title='bbox 284 4526 598 4593; x_wconf 85' lang='lat' dir='ltr'><strong>excogitavit</strong></span> <span class='ocrx_word' id='word_1_459' title='bbox 638 4540 715 4595; x_wconf 86' lang='lat' dir='ltr'><strong>ex</strong></span> <span class='ocrx_word' id='word_1_460' title='bbox 757 4523 1011 4595; x_wconf 87' lang='lat' dir='ltr'><strong>lapidibus</strong></span> <span class='ocrx_word' id='word_1_461' title='bbox 1058 4524 1335 4595; x_wconf 83' lang='lat' dir='ltr'><strong>januarum</strong></span> <span class='ocrx_word' id='word_1_462' title='bbox 1380 4530 1685 4595; x_wconf 82' lang='lat' dir='ltr'><strong>apparatum</strong></span> 
     </span>
    </p>
   </div>
   <div class='ocr_carea' id='block_1_62' title="bbox 119 4588 1689 4656">
    <p class='ocr_par' dir='ltr' id='par_1_62' title="bbox 119 4588 1689 4656">
     <span class='ocr_line' id='line_1_62' title="bbox 119 4588 1689 4656; baseline -0.004 -7"><span class='ocrx_word' id='word_1_463' title='bbox 119 4588 467 4649; x_wconf 61' lang='lat' dir='ltr'><strong>construere?</strong></span> <span class='ocrx_word' id='word_1_464' title='bbox 493 4595 574 4648; x_wconf 88' lang='lat' dir='ltr'><strong>dic</strong></span> <span class='ocrx_word' id='word_1_465' title='bbox 596 4594 741 4656; x_wconf 89' lang='lat' dir='ltr'><strong>mihi,</strong></span> <span class='ocrx_word' id='word_1_466' title='bbox 772 4588 949 4652; x_wconf 77' lang='lat' dir='ltr'><strong>homo,</strong></span> <span class='ocrx_word' id='word_1_467' title='bbox 982 4599 1234 4643; x_wconf 65' lang='lat' dir='ltr'><strong>tecturum</strong></span> <span class='ocrx_word' id='word_1_468' title='bbox 1260 4588 1524 4643; x_wconf 85' lang='lat' dir='ltr'><strong>inventum</strong></span> <span class='ocrx_word' id='word_1_469' title='bbox 1550 4588 1689 4642; x_wconf 85' lang='lat' dir='ltr'><strong>unde</strong></span> 
     </span>
    </p>
   </div>
   <div class='ocr_carea' id='block_1_63' title="bbox 116 4660 1684 4728">
    <p class='ocr_par' dir='ltr' id='par_1_63' title="bbox 116 4660 1684 4728">
     <span class='ocr_line' id='line_1_63' title="bbox 116 4660 1684 4728; baseline -0.005 -10"><span class='ocrx_word' id='word_1_470' title='bbox 116 4665 414 4718; x_wconf 87' lang='lat' dir='ltr'><strong>edidicisti?</strong></span> <span class='ocrx_word' id='word_1_471' title='bbox 443 4664 656 4716; x_wconf 76' lang='lat' dir='ltr'><strong>Multum</strong></span> <span class='ocrx_word' id='word_1_472' title='bbox 701 4673 900 4728; x_wconf 84' lang='lat' dir='ltr'><strong>stupes,</strong></span> <span class='ocrx_word' id='word_1_473' title='bbox 933 4661 1149 4728; x_wconf 88' lang='lat' dir='ltr'><strong>inquiet,</strong></span> <span class='ocrx_word' id='word_1_474' title='bbox 1183 4668 1359 4726; x_wconf 90' lang='lat' dir='ltr'><strong>utpote</strong></span> <span class='ocrx_word' id='word_1_475' title='bbox 1394 4660 1684 4727; x_wconf 88' lang='lat' dir='ltr'><strong>imperitus.</strong></span> 
     </span>
    </p>
   </div>
   <div class='ocr_carea' id='block_1_64' title="bbox 120 4728 1687 4801">
    <p class='ocr_par' dir='ltr' id='par_1_64' title="bbox 120 4728 1687 4801">
     <span class='ocr_line' id='line_1_64' title="bbox 120 4728 1687 4801; baseline -0.004 -15"><span class='ocrx_word' id='word_1_476' title='bbox 120 4734 403 4801; x_wconf 87' lang='lat' dir='ltr'><strong>Imaginem</strong></span> <span class='ocrx_word' id='word_1_477' title='bbox 429 4734 516 4785; x_wconf 92' lang='lat' dir='ltr'><strong>Dei</strong></span> <span class='ocrx_word' id='word_1_478' title='bbox 539 4733 702 4795; x_wconf 88' lang='lat' dir='ltr'><strong>vides,</strong></span> <span class='ocrx_word' id='word_1_479' title='bbox 724 4742 775 4784; x_wconf 90' lang='lat' dir='ltr'><strong>et</strong></span> <span class='ocrx_word' id='word_1_480' title='bbox 795 4728 1113 4782; x_wconf 75' lang='lat' dir='ltr'><strong>sciscitaris?</strong></span> <span class='ocrx_word' id='word_1_481' title='bbox 1139 4728 1278 4791; x_wconf 81' lang='lat' dir='ltr'><strong>ideo,</strong></span> <span class='ocrx_word' id='word_1_482' title='bbox 1300 4728 1477 4791; x_wconf 77' lang='lat' dir='ltr'><strong>frater,</strong></span> <span class='ocrx_word' id='word_1_483' title='bbox 1505 4737 1687 4779; x_wconf 88' lang='lat' dir='ltr'><strong>natura</strong></span> 
     </span>
    </p>
   </div>
   <div class='ocr_carea' id='block_1_65' title="bbox 118 4802 1686 4860">
    <p class='ocr_par' dir='ltr' id='par_1_65' title="bbox 118 4802 1686 4860">
     <span class='ocr_line' id='line_1_65' title="bbox 118 4802 1686 4860; baseline -0.004 -6"><span class='ocrx_word' id='word_1_484' title='bbox 118 4804 347 4855; x_wconf 89' lang='lat' dir='ltr'><strong>humana</strong></span> <span class='ocrx_word' id='word_1_485' title='bbox 400 4804 673 4855; x_wconf 79' lang='lat' dir='ltr'><strong>ltouiinum</strong></span> <span class='ocrx_word' id='word_1_486' title='bbox 721 4802 950 4853; x_wconf 85' lang='lat' dir='ltr'><strong>imitatur</strong></span> <span class='ocrx_word' id='word_1_487' title='bbox 993 4814 1165 4860; x_wconf 83' lang='lat' dir='ltr'><strong>suum,</strong></span> <span class='ocrx_word' id='word_1_488' title='bbox 1213 4806 1265 4849; x_wconf 93' lang='lat' dir='ltr'><strong>et</strong></span> <span class='ocrx_word' id='word_1_489' title='bbox 1308 4808 1419 4848; x_wconf 86' lang='lat' dir='ltr'><strong>arte</strong></span> <span class='ocrx_word' id='word_1_490' title='bbox 1452 4807 1686 4849; x_wconf 82' lang='lat' dir='ltr'><strong>naturam</strong></span> 
     </span>
    </p>
   </div>
   <div class='ocr_carea' id='block_1_66' title="bbox 118 4866 1685 4938">
    <p class='ocr_par' dir='ltr' id='par_1_66' title="bbox 118 4866 1685 4938">
     <span class='ocr_line' id='line_1_66' title="bbox 118 4866 1685 4938; baseline -0.005 -13"><span class='ocrx_word' id='word_1_491' title='bbox 118 4881 367 4926; x_wconf 84' lang='lat' dir='ltr'><strong>exornat.</strong></span> <span class='ocrx_word' id='word_1_492' title='bbox 395 4870 587 4923; x_wconf 78' lang='lat' dir='ltr'><strong>Verum</strong></span> <span class='ocrx_word' id='word_1_493' title='bbox 614 4871 861 4938; x_wconf 84' lang='lat' dir='ltr'><strong>quamdiu</strong></span> <span class='ocrx_word' id='word_1_494' title='bbox 890 4867 1097 4920; x_wconf 88' lang='lat' dir='ltr'><strong>modum</strong></span> <span class='ocrx_word' id='word_1_495' title='bbox 1122 4875 1322 4938; x_wconf 75' lang='lat' dir='ltr'><strong>servat,</strong></span> <span class='ocrx_word' id='word_1_496' title='bbox 1344 4866 1557 4932; x_wconf 88' lang='lat' dir='ltr'><strong>pulchra</strong></span> <span class='ocrx_word' id='word_1_497' title='bbox 1586 4876 1685 4926; x_wconf 88' lang='lat' dir='ltr'><strong>cst,</strong></span> 
     </span>
    </p>
   </div>
   <div class='ocr_carea' id='block_1_67' title="bbox 118 4935 1688 4997">
    <p class='ocr_par' dir='ltr' id='par_1_67' title="bbox 118 4935 1688 4997">
     <span class='ocr_line' id='line_1_67' title="bbox 118 4935 1688 4997; baseline -0.006 -3"><span class='ocrx_word' id='word_1_498' title='bbox 118 4943 209 4994; x_wconf 89' lang='lat' dir='ltr'><strong>ubi</strong></span> <span class='ocrx_word' id='word_1_499' title='bbox 250 4951 424 4994; x_wconf 89' lang='lat' dir='ltr'><strong>autem</strong></span> <span class='ocrx_word' id='word_1_500' title='bbox 471 4935 680 4991; x_wconf 83' lang='lat' dir='ltr'><strong>modum</strong></span> <span class='ocrx_word' id='word_1_501' title='bbox 725 4938 947 4997; x_wconf 71' lang='lat' dir='ltr'><strong>excedit,</strong></span> <span class='ocrx_word' id='word_1_502' title='bbox 998 4935 1325 4988; x_wconf 83' lang='lat' dir='ltr'><strong>iinmoderati</strong></span> <span class='ocrx_word' id='word_1_503' title='bbox 1370 4950 1491 4985; x_wconf 87' lang='lat' dir='ltr'><strong>usus</strong></span> <span class='ocrx_word' id='word_1_504' title='bbox 1534 4949 1688 4985; x_wconf 86' lang='lat' dir='ltr'><strong>causa</strong></span> 
     </span>
    </p>
   </div>
   <div class='ocr_carea' id='block_1_68' title="bbox 118 5004 1691 5072">
    <p class='ocr_par' dir='ltr' id='par_1_68' title="bbox 118 5004 1691 5072">
     <span class='ocr_line' id='line_1_68' title="bbox 118 5004 1691 5072; baseline -0.005 -9"><span class='ocrx_word' id='word_1_505' title='bbox 118 5010 454 5063; x_wconf 70' lang='lat' dir='ltr'><strong>contumeliae</strong></span> <span class='ocrx_word' id='word_1_506' title='bbox 496 5017 576 5061; x_wconf 92' lang='lat' dir='ltr'><strong>est</strong></span> <span class='ocrx_word' id='word_1_507' title='bbox 606 5009 849 5060; x_wconf 84' lang='lat' dir='ltr'><strong>obnoxia.</strong></span> <span class='ocrx_word' id='word_1_508' title='bbox 889 5005 1121 5072; x_wconf 73' lang='lat' dir='ltr'><strong>Exempli</strong></span> <span class='ocrx_word' id='word_1_509' title='bbox 1162 5018 1339 5065; x_wconf 88' lang='lat' dir='ltr'><strong>causa,</strong></span> <span class='ocrx_word' id='word_1_510' title='bbox 1379 5004 1691 5070; x_wconf 77' lang='lat' dir='ltr'><strong>excogitavit</strong></span> 
     </span>
    </p>
   </div>
   <div class='ocr_carea' id='block_1_69' title="bbox 120 5073 1692 5147">
    <p class='ocr_par' dir='ltr' id='par_1_69' title="bbox 120 5073 1692 5147">
     <span class='ocr_line' id='line_1_69' title="bbox 120 5073 1692 5147; baseline -0.005 -16"><span class='ocrx_word' id='word_1_511' title='bbox 120 5080 386 5147; x_wconf 89' lang='lat' dir='ltr'><strong>quomodo</strong></span> <span class='ocrx_word' id='word_1_512' title='bbox 408 5078 686 5144; x_wconf 79' lang='lat' dir='ltr'><strong>subjiCerct</strong></span> <span class='ocrx_word' id='word_1_513' title='bbox 705 5079 912 5147; x_wconf 87' lang='lat' dir='ltr'><strong>bovem,</strong></span> <span class='ocrx_word' id='word_1_514' title='bbox 935 5073 1448 5147; x_wconf 78' lang='lat' dir='ltr'><strong>eqnuin._catnelunt,</strong></span> <span class='ocrx_word' id='word_1_515' title='bbox 1475 5085 1527 5125; x_wconf 89' lang='lat' dir='ltr'><strong>et</strong></span> <span class='ocrx_word' id='word_1_516' title='bbox 1553 5088 1692 5138; x_wconf 76' lang='lat' dir='ltr'><strong>qua:-</strong></span> 
     </span>
    </p>
   </div>
   <div class='ocr_carea' id='block_1_70' title="bbox 120 5142 1691 5217">
    <p class='ocr_par' dir='ltr' id='par_1_70' title="bbox 120 5142 1691 5217">
     <span class='ocr_line' id='line_1_70' title="bbox 120 5142 1691 5217; baseline -0.005 -16"><span class='ocrx_word' id='word_1_517' title='bbox 120 5142 349 5217; x_wconf 62' lang='lat' dir='ltr'><strong>cbrnquc</strong></span> <span class='ocrx_word' id='word_1_518' title='bbox 378 5148 474 5199; x_wconf 89' lang='lat' dir='ltr'><strong>alia</strong></span> <span class='ocrx_word' id='word_1_519' title='bbox 501 5142 785 5217; x_wconf 75' lang='lat' dir='ltr'><strong>animantia</strong></span> <span class='ocrx_word' id='word_1_520' title='bbox 812 5144 1251 5217; x_wconf 76' lang='lat' dir='ltr'><strong>ad_m_ii_iister_ium</strong></span> <span class='ocrx_word' id='word_1_521' title='bbox 1284 5142 1401 5195; x_wconf 81' lang='lat' dir='ltr'><strong>data</strong></span> <span class='ocrx_word' id='word_1_522' title='bbox 1431 5150 1553 5193; x_wconf 87' lang='lat' dir='ltr'><strong>sunt</strong></span> <span class='ocrx_word' id='word_1_523' title='bbox 1581 5157 1591 5190; x_wconf 91' lang='lat'><strong>:</strong></span> <span class='ocrx_word' id='word_1_524' title='bbox 1627 5155 1691 5193; x_wconf 83' lang='lat' dir='ltr'><strong>ex</strong></span> 
     </span>
    </p>
   </div>
   <div class='ocr_carea' id='block_1_71' title="bbox 121 5213 1689 5279">
    <p class='ocr_par' dir='ltr' id='par_1_71' title="bbox 121 5213 1689 5279">
     <span class='ocr_line' id='line_1_71' title="bbox 121 5213 1689 5279; baseline -0.004 -11"><span class='ocrx_word' id='word_1_525' title='bbox 121 5213 341 5269; x_wconf 82' lang='lat' dir='ltr'><strong>avaritia</strong></span> <span class='ocrx_word' id='word_1_526' title='bbox 388 5227 560 5269; x_wconf 91' lang='lat' dir='ltr'><strong>autem</strong></span> <span class='ocrx_word' id='word_1_527' title='bbox 609 5214 920 5279; x_wconf 72' lang='lat' dir='ltr'><strong>exciigitavit</strong></span> <span class='ocrx_word' id='word_1_528' title='bbox 959 5214 1039 5263; x_wconf 89' lang='lat' dir='ltr'><strong>illa</strong></span> <span class='ocrx_word' id='word_1_529' title='bbox 1086 5213 1306 5264; x_wconf 72' lang='lat' dir='ltr'><strong>miscere</strong></span> <span class='ocrx_word' id='word_1_530' title='bbox 1349 5226 1466 5275; x_wconf 63' lang='lat' dir='ltr'><strong>qua:</strong></span> <span class='ocrx_word' id='word_1_531' title='bbox 1508 5219 1689 5261; x_wconf 83' lang='lat' dir='ltr'><strong>natura</strong></span> 
     </span>
    </p>
   </div>
   <div class='ocr_carea' id='block_1_72' title="bbox 119 5279 1692 5348">
    <p class='ocr_par' dir='ltr' id='par_1_72' title="bbox 119 5279 1692 5348">
     <span class='ocr_line' id='line_1_72' title="bbox 119 5279 1692 5348; baseline -0.008 -9"><span class='ocrx_word' id='word_1_532' title='bbox 119 5288 328 5341; x_wconf 87' lang='lat' dir='ltr'><strong>diversa</strong></span> <span class='ocrx_word' id='word_1_533' title='bbox 357 5296 527 5339; x_wconf 89' lang='lat' dir='ltr'><strong>erant.</strong></span> <span class='ocrx_word' id='word_1_534' title='bbox 555 5283 756 5336; x_wconf 84' lang='lat' dir='ltr'><strong>Miscuit</strong></span> <span class='ocrx_word' id='word_1_535' title='bbox 786 5283 987 5333; x_wconf 90' lang='lat' dir='ltr'><strong>asinum</strong></span> <span class='ocrx_word' id='word_1_536' title='bbox 1016 5296 1151 5348; x_wconf 91' lang='lat' dir='ltr'><strong>equo</strong></span> <span class='ocrx_word' id='word_1_537' title='bbox 1180 5290 1368 5347; x_wconf 57' lang='lat' dir='ltr'><strong>praeter</strong></span> <span class='ocrx_word' id='word_1_538' title='bbox 1390 5279 1479 5332; x_wconf 87' lang='lat' dir='ltr'><strong>Dei</strong></span> <span class='ocrx_word' id='word_1_539' title='bbox 1511 5280 1692 5329; x_wconf 89' lang='lat' dir='ltr'><strong>volun-</strong></span> 
     </span>
    </p>
   </div>
   <div class='ocr_carea' id='block_1_73' title="bbox 123 5348 1691 5423">
    <p class='ocr_par' dir='ltr' id='par_1_73' title="bbox 123 5348 1691 5423">
     <span class='ocr_line' id='line_1_73' title="bbox 123 5348 1691 5423; baseline -0.007 -14"><span class='ocrx_word' id='word_1_540' title='bbox 123 5366 305 5416; x_wconf 83' lang='lat' dir='ltr'><strong>tatem,</strong></span> <span class='ocrx_word' id='word_1_541' title='bbox 338 5357 422 5423; x_wconf 93' lang='lat' dir='ltr'><strong>qui</strong></span> <span class='ocrx_word' id='word_1_542' title='bbox 449 5355 514 5407; x_wconf 90' lang='lat' dir='ltr'><strong>ab</strong></span> <span class='ocrx_word' id='word_1_543' title='bbox 541 5354 683 5406; x_wconf 90' lang='lat' dir='ltr'><strong>initio</strong></span> <span class='ocrx_word' id='word_1_544' title='bbox 705 5353 905 5404; x_wconf 77' lang='lat' dir='ltr'><strong>dixerat</strong></span> <span class='ocrx_word' id='word_1_545' title='bbox 926 5350 1169 5423; x_wconf 5' lang='lat' dir='ltr'><strong>gzﬂEducat</strong></span> <span class='ocrx_word' id='word_1_546' title='bbox 1196 5361 1328 5423; x_wconf 65' lang='lat' dir='ltr'><strong>terra</strong></span> <span class='ocrx_word' id='word_1_547' title='bbox 1346 5348 1691 5423; x_wconf 68' lang='lat' dir='ltr'><strong>quadrupedes</strong></span> 
     </span>
    </p>
   </div>
   <div class='ocr_carea' id='block_1_74' title="bbox 124 5417 1691 5491">
    <p class='ocr_par' dir='ltr' id='par_1_74' title="bbox 124 5417 1691 5491">
     <span class='ocr_line' id='line_1_74' title="bbox 124 5417 1691 5491; baseline -0.008 -12"><span class='ocrx_word' id='word_1_548' title='bbox 124 5438 174 5479; x_wconf 85' lang='lat' dir='ltr'><strong>et</strong></span> <span class='ocrx_word' id='word_1_549' title='bbox 200 5417 397 5491; x_wconf 79' lang='lat' dir='ltr'><strong>reptilia</strong></span> <span class='ocrx_word' id='word_1_550' title='bbox 434 5423 703 5477; x_wconf 71' lang='lat' dir='ltr'><strong>secundum</strong></span> <span class='ocrx_word' id='word_1_551' title='bbox 733 5436 886 5489; x_wconf 84' lang='lat' dir='ltr'><strong>genus</strong></span> <span class='ocrx_word' id='word_1_552' title='bbox 917 5417 1062 5484; x_wconf 86' lang='lat' dir='ltr'><strong>(Gen.</strong></span> <span class='ocrx_word' id='word_1_553' title='bbox 1094 5421 1155 5491; x_wconf 43' lang='grc' dir='ltr'>ιε</span> <span class='ocrx_word' id='word_1_554' title='bbox 1188 5419 1301 5486; x_wconf 70' lang='grc'><strong>24).</strong></span> <span class='ocrx_word' id='word_1_555' title='bbox 1331 5418 1559 5491; x_wconf 75' lang='lat' dir='ltr'><strong>Avaritia</strong></span> <span class='ocrx_word' id='word_1_556' title='bbox 1591 5418 1691 5467; x_wconf 90' lang='lat' dir='ltr'><strong>mi-</strong></span> 
     </span>
    </p>
   </div>
   <div class='ocr_carea' id='block_1_75' title="bbox 124 5485 1689 5572">
    <p class='ocr_par' dir='ltr' id='par_1_75' title="bbox 124 5485 1689 5572">
     <span class='ocr_line' id='line_1_75' title="bbox 124 5485 1689 5572; baseline -0.006 -28"><span class='ocrx_word' id='word_1_557' title='bbox 124 5485 265 5572; x_wconf 64' lang='lat' dir='ltr'><strong>scuit</strong></span> <span class='ocrx_word' id='word_1_558' title='bbox 283 5508 343 5547; x_wconf 87' lang='lat' dir='ltr'><strong>ea</strong></span> <span class='ocrx_word' id='word_1_559' title='bbox 365 5509 481 5572; x_wconf 70' lang='lat' dir='ltr'><strong>qua:</strong></span> <span class='ocrx_word' id='word_1_560' title='bbox 504 5502 682 5544; x_wconf 91' lang='lat' dir='ltr'><strong>natura</strong></span> <span class='ocrx_word' id='word_1_561' title='bbox 709 5485 1107 5567; x_wconf 71' lang='lat' dir='ltr'><strong>diversaerant.</strong></span> <span class='ocrx_word' id='word_1_562' title='bbox 1135 5485 1271 5567; x_wconf 82' lang='lat' dir='ltr'><strong>Deus</strong></span> <span class='ocrx_word' id='word_1_563' title='bbox 1296 5495 1468 5539; x_wconf 90' lang='lat' dir='ltr'><strong>autem</strong></span> <span class='ocrx_word' id='word_1_564' title='bbox 1504 5485 1689 5537; x_wconf 87' lang='lat' dir='ltr'><strong>inuno-</strong></span> 
     </span>
    </p>
   </div>
   <div class='ocr_carea' id='block_1_76' title="bbox 124 5557 1693 5627">
    <p class='ocr_par' dir='ltr' id='par_1_76' title="bbox 124 5557 1693 5627">
     <span class='ocr_line' id='line_1_76' title="bbox 124 5557 1693 5627; baseline -0.007 -10"><span class='ocrx_word' id='word_1_565' title='bbox 124 5562 360 5617; x_wconf 86' lang='lat' dir='ltr'><strong>deratam</strong></span> <span class='ocrx_word' id='word_1_566' title='bbox 385 5557 524 5615; x_wconf 88' lang='lat' dir='ltr'><strong>illam</strong></span> <span class='ocrx_word' id='word_1_567' title='bbox 544 5558 1019 5627; x_wconf 89' lang='lat' dir='ltr'><strong>concupiscentiam</strong></span> <span class='ocrx_word' id='word_1_568' title='bbox 1036 5557 1314 5627; x_wconf 75' lang='lat' dir='ltr'><strong>castigans,</strong></span> <span class='ocrx_word' id='word_1_569' title='bbox 1338 5563 1693 5627; x_wconf 82' lang='lat' dir='ltr'><strong>commentum</strong></span> 
     </span>
    </p>
   </div>
   <div class='ocr_carea' id='block_1_77' title="bbox 126 5622 1690 5693">
    <p class='ocr_par' dir='ltr' id='par_1_77' title="bbox 126 5622 1690 5693">
     <span class='ocr_line' id='line_1_77' title="bbox 126 5622 1690 5693; baseline -0.006 -7"><span class='ocrx_word' id='word_1_570' title='bbox 126 5631 461 5686; x_wconf 88' lang='lat' dir='ltr'><strong>infecundum</strong></span> <span class='ocrx_word' id='word_1_571' title='bbox 492 5622 737 5684; x_wconf 68' lang='lat' dir='ltr'><strong>reddidit.</strong></span> <span class='ocrx_word' id='word_1_572' title='bbox 787 5627 905 5681; x_wconf 88' lang='lat' dir='ltr'><strong>Ideo</strong></span> <span class='ocrx_word' id='word_1_573' title='bbox 946 5626 1085 5679; x_wconf 88' lang='lat' dir='ltr'><strong>mula</strong></span> <span class='ocrx_word' id='word_1_574' title='bbox 1121 5622 1223 5679; x_wconf 82' lang='lat' dir='ltr'><strong>non</strong></span> <span class='ocrx_word' id='word_1_575' title='bbox 1254 5624 1407 5693; x_wconf 91' lang='lat' dir='ltr'><strong>parit,</strong></span> <span class='ocrx_word' id='word_1_576' title='bbox 1438 5622 1556 5691; x_wconf 91' lang='lat' dir='ltr'><strong>quia</strong></span> <span class='ocrx_word' id='word_1_577' title='bbox 1585 5636 1690 5693; x_wconf 84' lang='lat' dir='ltr'><strong>non</strong></span> 
     </span>
    </p>
   </div>
   <div class='ocr_carea' id='block_1_78' title="bbox 128 5691 1686 5770">
    <p class='ocr_par' dir='ltr' id='par_1_78' title="bbox 128 5691 1686 5770">
     <span class='ocr_line' id='line_1_78' title="bbox 128 5691 1686 5770; baseline -0.008 -11"><span class='ocrx_word' id='word_1_578' title='bbox 128 5711 211 5759; x_wconf 69' lang='lat' dir='ltr'><strong>est</strong></span> <span class='ocrx_word' id='word_1_579' title='bbox 233 5717 295 5759; x_wconf 82' lang='lat' dir='ltr'><strong>ex</strong></span> <span class='ocrx_word' id='word_1_580' title='bbox 323 5715 543 5758; x_wconf 86' lang='lat' dir='ltr'><strong>numero</strong></span> <span class='ocrx_word' id='word_1_581' title='bbox 569 5714 752 5757; x_wconf 89' lang='lat' dir='ltr'><strong>eorum</strong></span> <span class='ocrx_word' id='word_1_582' title='bbox 782 5712 897 5770; x_wconf 67' lang='lat' dir='ltr'><strong>quae</strong></span> <span class='ocrx_word' id='word_1_583' title='bbox 926 5704 1047 5752; x_wconf 88' lang='lat' dir='ltr'><strong>tunc</strong></span> <span class='ocrx_word' id='word_1_584' title='bbox 1092 5694 1227 5751; x_wconf 80' lang='lat' dir='ltr'><strong>facta</strong></span> <span class='ocrx_word' id='word_1_585' title='bbox 1252 5691 1394 5763; x_wconf 75' lang='lat' dir='ltr'><strong>Sunt,</strong></span> <span class='ocrx_word' id='word_1_586' title='bbox 1422 5701 1476 5748; x_wconf 90' lang='lat' dir='ltr'><strong>ct</strong></span> <span class='ocrx_word' id='word_1_587' title='bbox 1503 5691 1686 5747; x_wconf 87' lang='lat' dir='ltr'><strong>audie-</strong></span> 
     </span>
    </p>
   </div>
   <div class='ocr_carea' id='block_1_79' title="bbox 1057 308 2417 381">
    <p class='ocr_par' dir='ltr' id='par_1_79' title="bbox 1057 308 2417 381">
     <span class='ocr_line' id='line_1_79' title="bbox 1057 308 2417 381; baseline -0.001 -10"><span class='ocrx_word' id='word_1_588' title='bbox 1057 313 1122 371; x_wconf 84' lang='lat' dir='ltr'><strong>lN</strong></span> <span class='ocrx_word' id='word_1_589' title='bbox 1162 312 1386 381; x_wconf 80' lang='lat' dir='ltr'><strong>ILLUD,</strong></span> <span class='ocrx_word' id='word_1_590' title='bbox 1428 311 1604 369; x_wconf 81' lang='lat' dir='ltr'><strong>PONE</strong></span> <span class='ocrx_word' id='word_1_591' title='bbox 1643 308 1885 368; x_wconf 75' lang='lat' dir='ltr'><strong>MANUII</strong></span> <span class='ocrx_word' id='word_1_592' title='bbox 1923 312 2132 381; x_wconf 72' lang='lat' dir='ltr'><strong>TUAM,</strong></span> <span class='ocrx_word' id='word_1_593' title='bbox 2172 312 2417 372; x_wconf 73' lang='lat' dir='ltr'><strong>SERMO.</strong></span> 
     </span>
    </p>
   </div>
   <div class='ocr_carea' id='block_1_80' title="bbox 3282 348 3395 405">
    <p class='ocr_par' dir='ltr' id='par_1_80' title="bbox 3282 348 3395 405">
     <span class='ocr_line' id='line_1_80' title="bbox 3282 348 3395 405; baseline 0.044 -5"><span class='ocrx_word' id='word_1_594' title='bbox 3282 348 3395 405; x_wconf 83' lang='grc'><strong>558</strong></span> 
     </span>
    </p>
   </div>
   <div class='ocr_carea' id='block_1_81' title="bbox 1800 424 3375 505">
    <p class='ocr_par' dir='ltr' id='par_1_81' title="bbox 1800 424 3375 505">
     <span class='ocr_line' id='line_1_81' title="bbox 1800 424 3375 505; baseline 0.01 -28"><span class='ocrx_word' id='word_1_595' title='bbox 1800 436 1942 505; x_wconf 75' lang='lat' dir='ltr'><strong>runt,</strong></span> <span class='ocrx_word' id='word_1_596' title='bbox 1973 424 2189 505; x_wconf 69' lang='lat' dir='ltr'><strong>Crescitc</strong></span> <span class='ocrx_word' id='word_1_597' title='bbox 2226 437 2275 505; x_wconf 68' lang='lat' dir='ltr'><strong>et</strong></span> <span class='ocrx_word' id='word_1_598' title='bbox 2302 429 2691 505; x_wconf 67' lang='lat' dir='ltr'><strong>repletetrrram</strong></span> <span class='ocrx_word' id='word_1_599' title='bbox 2720 429 2869 505; x_wconf 68' lang='lat' dir='ltr'><strong>(Gen.</strong></span> <span class='ocrx_word' id='word_1_600' title='bbox 2898 432 2949 487; x_wconf 78' lang='grc'><strong>1.</strong></span> <span class='ocrx_word' id='word_1_601' title='bbox 2980 430 3094 505; x_wconf 65' lang='grc' dir='ltr'><strong>28)ἶ</strong></span> <span class='ocrx_word' id='word_1_602' title='bbox 3128 434 3375 492; x_wconf 75' lang='lat' dir='ltr'><strong>Attamen</strong></span> 
     </span>
    </p>
   </div>
   <div class='ocr_carea' id='block_1_82' title="bbox 1794 498 3373 575">
    <p class='ocr_par' dir='ltr' id='par_1_82' title="bbox 1794 498 3373 575">
     <span class='ocr_line' id='line_1_82' title="bbox 1794 498 3373 575; baseline 0.008 -29"><span class='ocrx_word' id='word_1_603' title='bbox 1794 498 1942 575; x_wconf 74' lang='lat' dir='ltr'><strong>prius</strong></span> <span class='ocrx_word' id='word_1_604' title='bbox 1966 511 2133 575; x_wconf 42' lang='lat' dir='ltr'><strong>quam‘</strong></span> <span class='ocrx_word' id='word_1_605' title='bbox 2153 498 2328 559; x_wconf 88' lang='lat' dir='ltr'><strong>faciat,</strong></span> <span class='ocrx_word' id='word_1_606' title='bbox 2362 498 2571 575; x_wconf 74' lang='lat' dir='ltr'><strong>imagini</strong></span> <span class='ocrx_word' id='word_1_607' title='bbox 2614 498 2855 575; x_wconf 73' lang='lat' dir='ltr'><strong>concedit</strong></span> <span class='ocrx_word' id='word_1_608' title='bbox 2884 513 2935 554; x_wconf 91' lang='lat' dir='ltr'><strong>ut</strong></span> <span class='ocrx_word' id='word_1_609' title='bbox 2968 517 3032 575; x_wconf 86' lang='lat' dir='ltr'><strong>_ea</strong></span> <span class='ocrx_word' id='word_1_610' title='bbox 3053 498 3226 575; x_wconf 64' lang='lat' dir='ltr'><strong>&#39;faciat</strong></span> <span class='ocrx_word' id='word_1_611' title='bbox 3252 522 3373 575; x_wconf 75' lang='lat' dir='ltr'><strong>qua:</strong></span> 
     </span>
    </p>
   </div>
   <div class='ocr_carea' id='block_1_83' title="bbox 1794 564 3372 648">
    <p class='ocr_par' dir='ltr' id='par_1_83' title="bbox 1794 564 3372 648">
     <span class='ocr_line' id='line_1_83' title="bbox 1794 564 3372 648; baseline 0.01 -33"><span class='ocrx_word' id='word_1_612' title='bbox 1794 564 1939 629; x_wconf 89' lang='lat' dir='ltr'><strong>velit,</strong></span> <span class='ocrx_word' id='word_1_613' title='bbox 1986 575 2043 619; x_wconf 91' lang='lat' dir='ltr'><strong>ut</strong></span> <span class='ocrx_word' id='word_1_614' title='bbox 2070 566 2199 648; x_wconf 67' lang='lat' dir='ltr'><strong>_ejns</strong></span> <span class='ocrx_word' id='word_1_615' title='bbox 2242 564 2531 636; x_wconf 75' lang='lat' dir='ltr'><strong>potentiam</strong></span> <span class='ocrx_word' id='word_1_616' title='bbox 2562 570 2824 635; x_wconf 79' lang='lat' dir='ltr'><strong>ostendat,</strong></span> <span class='ocrx_word' id='word_1_617' title='bbox 2871 580 2924 625; x_wconf 89' lang='lat' dir='ltr'><strong>et</strong></span> <span class='ocrx_word' id='word_1_618' title='bbox 2966 564 3372 630; x_wconf 67' lang='lat' dir='ltr'><strong>immoderatam</strong></span> 
     </span>
    </p>
   </div>
   <div class='ocr_carea' id='block_1_84' title="bbox 1795 644 2211 701">
    <p class='ocr_par' dir='ltr' id='par_1_84' title="bbox 1795 644 2211 701">
     <span class='ocr_line' id='line_1_84' title="bbox 1795 644 2211 701; baseline 0.002 -15"><span class='ocrx_word' id='word_1_619' title='bbox 1795 648 1947 687; x_wconf 90' lang='lat' dir='ltr'><strong>usum</strong></span> <span class='ocrx_word' id='word_1_620' title='bbox 1974 644 2211 701; x_wconf 73' lang='lat' dir='ltr'><strong>castiget.</strong></span> 
     </span>
    </p>
   </div>
   <div class='ocr_carea' id='block_1_85' title="bbox 1865 704 3361 780">
    <p class='ocr_par' dir='ltr' id='par_1_85' title="bbox 1865 704 3361 780">
     <span class='ocr_line' id='line_1_85' title="bbox 1865 704 3361 780; baseline 0.008 -24"><span class='ocrx_word' id='word_1_621' title='bbox 1865 704 1918 780; x_wconf 43' lang='grc' dir='ltr'><strong>ἦ.</strong></span> <span class='ocrx_word' id='word_1_622' title='bbox 1960 706 2161 759; x_wconf 82' lang='lat' dir='ltr'><strong>Rursus</strong></span> <span class='ocrx_word' id='word_1_623' title='bbox 2188 706 2529 780; x_wconf 78' lang='lat' dir='ltr'><strong>immoderata</strong></span> <span class='ocrx_word' id='word_1_624' title='bbox 2570 708 2829 780; x_wconf 86' lang='lat' dir='ltr'><strong>cupiditas</strong></span> <span class='ocrx_word' id='word_1_625' title='bbox 2867 712 3129 780; x_wconf 89' lang='lat' dir='ltr'><strong>suggessit</strong></span> <span class='ocrx_word' id='word_1_626' title='bbox 3159 712 3361 769; x_wconf 83' lang='lat' dir='ltr'><strong>homini</strong></span> 
     </span>
    </p>
   </div>
   <div class='ocr_carea' id='block_1_86' title="bbox 1800 773 3368 851">
    <p class='ocr_par' dir='ltr' id='par_1_86' title="bbox 1800 773 3368 851">
     <span class='ocr_line' id='line_1_86' title="bbox 1800 773 3368 851; baseline 0.007 -26"><span class='ocrx_word' id='word_1_627' title='bbox 1800 783 1858 827; x_wconf 93' lang='lat' dir='ltr'><strong>ut</strong></span> <span class='ocrx_word' id='word_1_628' title='bbox 1884 773 2116 851; x_wconf 24' lang='lat' dir='ltr'><strong>formam.</strong></span> <span class='ocrx_word' id='word_1_629' title='bbox 2150 776 2427 851; x_wconf 78' lang='lat' dir='ltr'><strong>effingeret</strong></span> <span class='ocrx_word' id='word_1_630' title='bbox 2472 773 2698 830; x_wconf 86' lang='lat' dir='ltr'><strong>hominis</strong></span> <span class='ocrx_word' id='word_1_631' title='bbox 2723 818 2737 836; x_wconf 89' lang='lat'><strong>.</strong></span> <span class='ocrx_word' id='word_1_632' title='bbox 2770 773 2991 851; x_wconf 40' lang='lat' dir='ltr'><strong>Denm&#39;,’</strong></span> <span class='ocrx_word' id='word_1_633' title='bbox 3009 792 3063 834; x_wconf 89' lang='lat' dir='ltr'><strong>ut</strong></span> <span class='ocrx_word' id='word_1_634' title='bbox 3093 782 3203 844; x_wconf 88' lang='lat' dir='ltr'><strong>ait,</strong></span> <span class='ocrx_word' id='word_1_635' title='bbox 3233 798 3368 851; x_wconf 77' lang='lat' dir='ltr'><strong>ope-</strong></span> 
     </span>
    </p>
   </div>
   <div class='ocr_carea' id='block_1_87' title="bbox 1794 846 3368 924">
    <p class='ocr_par' dir='ltr' id='par_1_87' title="bbox 1794 846 3368 924">
     <span class='ocr_line' id='line_1_87' title="bbox 1794 846 3368 924; baseline 0.008 -29"><span class='ocrx_word' id='word_1_636' title='bbox 1794 852 1998 924; x_wconf 77' lang='lat' dir='ltr'><strong>rantem</strong></span> <span class='ocrx_word' id='word_1_637' title='bbox 2033 846 2565 924; x_wconf 64' lang='lat' dir='ltr'><strong>imitapsintaginem</strong></span> <span class='ocrx_word' id='word_1_638' title='bbox 2580 850 2819 924; x_wconf 75' lang='lat' dir='ltr'><strong>corporis</strong></span> <span class='ocrx_word' id='word_1_639' title='bbox 2848 849 3025 924; x_wconf 70' lang='lat' dir='ltr'><strong>efficit,</strong></span> <span class='ocrx_word' id='word_1_640' title='bbox 3059 860 3111 903; x_wconf 88' lang='lat' dir='ltr'><strong>et</strong></span> <span class='ocrx_word' id='word_1_641' title='bbox 3136 862 3251 905; x_wconf 88' lang='lat' dir='ltr'><strong>arte</strong></span> <span class='ocrx_word' id='word_1_642' title='bbox 3271 846 3368 907; x_wconf 78' lang='lat' dir='ltr'><strong>sua</strong></span> 
     </span>
    </p>
   </div>
   <div class='ocr_carea' id='block_1_88' title="bbox 1794 916 3362 993">
    <p class='ocr_par' dir='ltr' id='par_1_88' title="bbox 1794 916 3362 993">
     <span class='ocr_line' id='line_1_88' title="bbox 1794 916 3362 993; baseline 0.008 -30"><span class='ocrx_word' id='word_1_643' title='bbox 1794 916 1899 993; x_wconf 78' lang='lat' dir='ltr'><strong>vim</strong></span> <span class='ocrx_word' id='word_1_644' title='bbox 1948 925 2148 993; x_wconf 64' lang='lat' dir='ltr'><strong>natura:</strong></span> <span class='ocrx_word' id='word_1_645' title='bbox 2178 916 2370 993; x_wconf 85' lang='lat' dir='ltr'><strong>infert._</strong></span> <span class='ocrx_word' id='word_1_646' title='bbox 2395 918 2456 969; x_wconf 80' lang='lat' dir='ltr'><strong>Et</strong></span> <span class='ocrx_word' id='word_1_647' title='bbox 2481 917 2601 993; x_wconf 78' lang='lat' dir='ltr'><strong>quia</strong></span> <span class='ocrx_word' id='word_1_648' title='bbox 2630 918 2826 971; x_wconf 88' lang='lat' dir='ltr'><strong>audivit</strong></span> <span class='ocrx_word' id='word_1_649' title='bbox 2858 919 3020 972; x_wconf 89' lang='lat' dir='ltr'><strong>Deum</strong></span> <span class='ocrx_word' id='word_1_650' title='bbox 3053 935 3081 972; x_wconf 92' lang='lat' dir='ltr'><strong>e</strong></span> <span class='ocrx_word' id='word_1_651' title='bbox 3102 930 3252 993; x_wconf 87' lang='lat' dir='ltr'><strong>_terra</strong></span> <span class='ocrx_word' id='word_1_652' title='bbox 3283 922 3362 975; x_wconf 85' lang='lat' dir='ltr'><strong>fe-</strong></span> 
     </span>
    </p>
   </div>
   <div class='ocr_carea' id='block_1_89' title="bbox 1800 983 3367 1057">
    <p class='ocr_par' dir='ltr' id='par_1_89' title="bbox 1800 983 3367 1057">
     <span class='ocr_line' id='line_1_89' title="bbox 1800 983 3367 1057; baseline 0.007 -22"><span class='ocrx_word' id='word_1_653' title='bbox 1800 983 1937 1037; x_wconf 91' lang='lat' dir='ltr'><strong>cisse</strong></span> <span class='ocrx_word' id='word_1_654' title='bbox 1970 983 2330 1057; x_wconf 78' lang='lat' dir='ltr'><strong>formasseque</strong></span> <span class='ocrx_word' id='word_1_655' title='bbox 2358 985 2662 1057; x_wconf 84' lang='lat' dir='ltr'><strong>hominem,</strong></span> <span class='ocrx_word' id='word_1_656' title='bbox 2692 1003 2809 1041; x_wconf 92' lang='lat' dir='ltr'><strong>eum</strong></span> <span class='ocrx_word' id='word_1_657' title='bbox 2843 1003 2944 1041; x_wconf 94' lang='lat' dir='ltr'><strong>non</strong></span> <span class='ocrx_word' id='word_1_658' title='bbox 2975 990 3140 1057; x_wconf 90' lang='lat' dir='ltr'><strong>possit</strong></span> <span class='ocrx_word' id='word_1_659' title='bbox 3163 1006 3250 1044; x_wconf 87' lang='lat' dir='ltr'><strong>ars</strong></span> <span class='ocrx_word' id='word_1_660' title='bbox 3278 993 3367 1047; x_wconf 82' lang='lat' dir='ltr'><strong>illa</strong></span> 
     </span>
    </p>
   </div>
   <div class='ocr_carea' id='block_1_90' title="bbox 1794 1052 3365 1125">
    <p class='ocr_par' dir='ltr' id='par_1_90' title="bbox 1794 1052 3365 1125">
     <span class='ocr_line' id='line_1_90' title="bbox 1794 1052 3365 1125; baseline 0.008 -21"><span class='ocrx_word' id='word_1_661' title='bbox 1794 1052 2083 1125; x_wconf 75' lang='lat' dir='ltr'><strong>secundum</strong></span> <span class='ocrx_word' id='word_1_662' title='bbox 2113 1055 2185 1106; x_wconf 93' lang='lat' dir='ltr'><strong>rei</strong></span> <span class='ocrx_word' id='word_1_663' title='bbox 2218 1056 2489 1109; x_wconf 88' lang='lat' dir='ltr'><strong>veritatem</strong></span> <span class='ocrx_word' id='word_1_664' title='bbox 2520 1056 2795 1109; x_wconf 89' lang='lat' dir='ltr'><strong>Dominum</strong></span> <span class='ocrx_word' id='word_1_665' title='bbox 2822 1052 2989 1112; x_wconf 34' lang='lat' dir='ltr'><strong>suum-</strong></span> <span class='ocrx_word' id='word_1_666' title='bbox 3006 1060 3195 1112; x_wconf 87' lang='lat' dir='ltr'><strong>imitari</strong></span> <span class='ocrx_word' id='word_1_667' title='bbox 3220 1101 3235 1125; x_wconf 94' lang='lat'><strong>,</strong></span> <span class='ocrx_word' id='word_1_668' title='bbox 3274 1076 3365 1115; x_wconf 88' lang='lat' dir='ltr'><strong>so-</strong></span> 
     </span>
    </p>
   </div>
   <div class='ocr_carea' id='block_1_91' title="bbox 1795 1121 3365 1202">
    <p class='ocr_par' dir='ltr' id='par_1_91' title="bbox 1795 1121 3365 1202">
     <span class='ocr_line' id='line_1_91' title="bbox 1795 1121 3365 1202; baseline 0.008 -29"><span class='ocrx_word' id='word_1_669' title='bbox 1795 1121 1946 1202; x_wconf 74' lang='lat' dir='ltr'><strong>lertia</strong></span> <span class='ocrx_word' id='word_1_670' title='bbox 1974 1137 2065 1175; x_wconf 88' lang='lat' dir='ltr'><strong>sua</strong></span> <span class='ocrx_word' id='word_1_671' title='bbox 2092 1139 2202 1202; x_wconf 67' lang='lat' dir='ltr'><strong>rem</strong></span> <span class='ocrx_word' id='word_1_672' title='bbox 2224 1164 2236 1185; x_wconf 94' lang='lat'><strong>,</strong></span> <span class='ocrx_word' id='word_1_673' title='bbox 2266 1140 2397 1202; x_wconf 50' lang='lat' dir='ltr'><strong>quae</strong></span> <span class='ocrx_word' id='word_1_674' title='bbox 2417 1125 2527 1202; x_wconf 79' lang='lat' dir='ltr'><strong>fieri</strong></span> <span class='ocrx_word' id='word_1_675' title='bbox 2560 1135 2785 1202; x_wconf 77' lang='lat' dir='ltr'><strong>nequeat</strong></span> <span class='ocrx_word' id='word_1_676' title='bbox 2804 1168 2831 1202; x_wconf 23' lang='grc' dir='ltr'><strong>,Α</strong></span> <span class='ocrx_word' id='word_1_677' title='bbox 2850 1121 3238 1195; x_wconf 86' lang='lat' dir='ltr'><strong>quodammodo</strong></span> <span class='ocrx_word' id='word_1_678' title='bbox 3267 1144 3365 1185; x_wconf 83' lang='lat' dir='ltr'><strong>ex-</strong></span> 
     </span>
    </p>
   </div>
   <div class='ocr_carea' id='block_1_92' title="bbox 1793 1193 3367 1271">
    <p class='ocr_par' dir='ltr' id='par_1_92' title="bbox 1793 1193 3367 1271">
     <span class='ocr_line' id='line_1_92' title="bbox 1793 1193 3367 1271; baseline 0.008 -29"><span class='ocrx_word' id='word_1_679' title='bbox 1793 1193 1973 1271; x_wconf 80' lang='lat' dir='ltr'><strong>primit</strong></span> <span class='ocrx_word' id='word_1_680' title='bbox 2007 1210 2018 1244; x_wconf 93' lang='lat'>:</span> <span class='ocrx_word' id='word_1_681' title='bbox 2047 1193 2253 1271; x_wconf 78' lang='lat' dir='ltr'><strong>radices</strong></span> <span class='ocrx_word' id='word_1_682' title='bbox 2278 1194 2495 1262; x_wconf 90' lang='lat' dir='ltr'><strong>colligit,</strong></span> <span class='ocrx_word' id='word_1_683' title='bbox 2529 1193 2735 1271; x_wconf 73' lang='lat' dir='ltr'><strong>Colores</strong></span> <span class='ocrx_word' id='word_1_684' title='bbox 2766 1193 2983 1271; x_wconf 60' lang='lat' dir='ltr'><strong>miscet,</strong></span> <span class='ocrx_word' id='word_1_685' title='bbox 3026 1198 3367 1267; x_wconf 83' lang='lat' dir='ltr'><strong>imitaturque</strong></span> 
     </span>
    </p>
   </div>
   <div class='ocr_carea' id='block_1_93' title="bbox 1792 1261 3362 1335">
    <p class='ocr_par' dir='ltr' id='par_1_93' title="bbox 1792 1261 3362 1335">
     <span class='ocr_line' id='line_1_93' title="bbox 1792 1261 3362 1335; baseline 0.006 -21"><span class='ocrx_word' id='word_1_686' title='bbox 1792 1261 2002 1314; x_wconf 89' lang='lat' dir='ltr'><strong>oculum</strong></span> <span class='ocrx_word' id='word_1_687' title='bbox 2032 1263 2297 1315; x_wconf 88' lang='lat' dir='ltr'><strong>videntem</strong></span> <span class='ocrx_word' id='word_1_688' title='bbox 2318 1303 2331 1326; x_wconf 93' lang='lat'><strong>,</strong></span> <span class='ocrx_word' id='word_1_689' title='bbox 2378 1261 2431 1316; x_wconf 65' lang='lat' dir='ltr'><strong>ei</strong></span> <span class='ocrx_word' id='word_1_690' title='bbox 2460 1266 2855 1335; x_wconf 12' lang='lat' dir='ltr'><strong>nonividentem</strong></span> <span class='ocrx_word' id='word_1_691' title='bbox 2882 1303 2896 1329; x_wconf 87' lang='lat'><strong>,</strong></span> <span class='ocrx_word' id='word_1_692' title='bbox 2937 1267 3053 1319; x_wconf 88' lang='lat' dir='ltr'><strong>licet</strong></span> <span class='ocrx_word' id='word_1_693' title='bbox 3083 1261 3322 1335; x_wconf 80' lang='lat' dir='ltr'><strong>apertum</strong></span> <span class='ocrx_word' id='word_1_694' title='bbox 3344 1310 3362 1335; x_wconf 84' lang='lat'><strong>,</strong></span> 
     </span>
    </p>
   </div>
   <div class='ocr_carea' id='block_1_94' title="bbox 1798 1334 3363 1401">
    <p class='ocr_par' dir='ltr' id='par_1_94' title="bbox 1798 1334 3363 1401">
     <span class='ocr_line' id='line_1_94' title="bbox 1798 1334 3363 1401; baseline 0.007 -19"><span class='ocrx_word' id='word_1_695' title='bbox 1798 1345 1956 1383; x_wconf 90' lang='lat' dir='ltr'><strong>aures</strong></span> <span class='ocrx_word' id='word_1_696' title='bbox 1985 1341 2194 1397; x_wconf 83' lang='lat' dir='ltr'><strong>apertas</strong></span> <span class='ocrx_word' id='word_1_697' title='bbox 2219 1372 2231 1393; x_wconf 89' lang='lat'><strong>,</strong></span> <span class='ocrx_word' id='word_1_698' title='bbox 2260 1342 2308 1383; x_wconf 91' lang='lat' dir='ltr'><strong>et</strong></span> <span class='ocrx_word' id='word_1_699' title='bbox 2338 1348 2440 1385; x_wconf 94' lang='lat' dir='ltr'><strong>non</strong></span> <span class='ocrx_word' id='word_1_700' title='bbox 2482 1334 2757 1388; x_wconf 87' lang='lat' dir='ltr'><strong>audientes</strong></span> <span class='ocrx_word' id='word_1_701' title='bbox 2788 1352 2800 1387; x_wconf 91' lang='lat'><strong>:</strong></span> <span class='ocrx_word' id='word_1_702' title='bbox 2830 1349 2985 1389; x_wconf 87' lang='lat' dir='ltr'><strong>nares</strong></span> <span class='ocrx_word' id='word_1_703' title='bbox 3011 1334 3185 1389; x_wconf 85' lang='lat' dir='ltr'><strong>rectas</strong></span> <span class='ocrx_word' id='word_1_704' title='bbox 3210 1377 3226 1401; x_wconf 87' lang='lat'><strong>,</strong></span> <span class='ocrx_word' id='word_1_705' title='bbox 3268 1334 3363 1393; x_wconf 82' lang='lat' dir='ltr'><strong>sed</strong></span> 
     </span>
    </p>
   </div>
   <div class='ocr_carea' id='block_1_95' title="bbox 1793 1401 3365 1480">
    <p class='ocr_par' dir='ltr' id='par_1_95' title="bbox 1793 1401 3365 1480">
     <span class='ocr_line' id='line_1_95' title="bbox 1793 1401 3365 1480; baseline 0.008 -31"><span class='ocrx_word' id='word_1_706' title='bbox 1793 1414 1911 1480; x_wconf 70' lang='lat' dir='ltr'><strong>qua:</strong></span> <span class='ocrx_word' id='word_1_707' title='bbox 1943 1401 2333 1480; x_wconf 82' lang='lat' dir='ltr'><strong>respirare_non</strong></span> <span class='ocrx_word' id='word_1_708' title='bbox 2364 1402 2596 1469; x_wconf 90' lang='lat' dir='ltr'><strong>possint,</strong></span> <span class='ocrx_word' id='word_1_709' title='bbox 2629 1418 2691 1480; x_wconf 82' lang='lat' dir='ltr'><strong>os</strong></span> <span class='ocrx_word' id='word_1_710' title='bbox 2716 1404 3044 1480; x_wconf 82' lang='lat' dir='ltr'><strong>ell‘ormatum</strong></span> <span class='ocrx_word' id='word_1_711' title='bbox 3064 1445 3079 1469; x_wconf 87' lang='lat'><strong>,</strong></span> <span class='ocrx_word' id='word_1_712' title='bbox 3108 1405 3207 1480; x_wconf 89' lang='lat' dir='ltr'><strong>_sed</strong></span> <span class='ocrx_word' id='word_1_713' title='bbox 3235 1422 3365 1462; x_wconf 89' lang='lat' dir='ltr'><strong>voce</strong></span> 
     </span>
    </p>
   </div>
   <div class='ocr_carea' id='block_1_96' title="bbox 1794 1472 3363 1539">
    <p class='ocr_par' dir='ltr' id='par_1_96' title="bbox 1794 1472 3363 1539">
     <span class='ocr_line' id='line_1_96' title="bbox 1794 1472 3363 1539; baseline 0.007 -19"><span class='ocrx_word' id='word_1_714' title='bbox 1794 1472 2052 1539; x_wconf 86' lang='lat' dir='ltr'><strong>privatum</strong></span> <span class='ocrx_word' id='word_1_715' title='bbox 2079 1510 2093 1533; x_wconf 93' lang='lat'><strong>,</strong></span> <span class='ocrx_word' id='word_1_716' title='bbox 2126 1472 2286 1539; x_wconf 88' lang='lat' dir='ltr'><strong>pedes</strong></span> <span class='ocrx_word' id='word_1_717' title='bbox 2326 1482 2469 1525; x_wconf 78' lang='lat' dir='ltr'><strong>recte</strong></span> <span class='ocrx_word' id='word_1_718' title='bbox 2510 1474 2855 1526; x_wconf 87' lang='lat' dir='ltr'><strong>concinnatos</strong></span> <span class='ocrx_word' id='word_1_719' title='bbox 2878 1514 2892 1537; x_wconf 92' lang='lat'><strong>,</strong></span> <span class='ocrx_word' id='word_1_720' title='bbox 2939 1475 3031 1527; x_wconf 91' lang='lat' dir='ltr'><strong>sed</strong></span> <span class='ocrx_word' id='word_1_721' title='bbox 3057 1474 3120 1527; x_wconf 90' lang='lat' dir='ltr'><strong>ad</strong></span> <span class='ocrx_word' id='word_1_722' title='bbox 3148 1490 3363 1530; x_wconf 88' lang='lat' dir='ltr'><strong>cursum</strong></span> 
     </span>
    </p>
   </div>
   <div class='ocr_carea' id='block_1_97' title="bbox 1794 1538 3363 1617">
    <p class='ocr_par' dir='ltr' id='par_1_97' title="bbox 1794 1538 3363 1617">
     <span class='ocr_line' id='line_1_97' title="bbox 1794 1538 3363 1617; baseline 0.005 -26"><span class='ocrx_word' id='word_1_723' title='bbox 1794 1538 2056 1617; x_wconf 78' lang='lat' dir='ltr'><strong>inhabiles</strong></span> <span class='ocrx_word' id='word_1_724' title='bbox 2087 1538 2185 1617; x_wconf 43' lang='lat' dir='ltr'><strong>aut</strong></span> <span class='ocrx_word' id='word_1_725' title='bbox 2229 1540 2554 1617; x_wconf 72' lang='lat' dir='ltr'><strong>demonstret</strong></span> <span class='ocrx_word' id='word_1_726' title='bbox 2595 1542 2718 1611; x_wconf 89' lang='lat' dir='ltr'><strong>quid</strong></span> <span class='ocrx_word' id='word_1_727' title='bbox 2753 1542 2841 1617; x_wconf 81' lang='lat' dir='ltr'><strong>ille</strong></span> <span class='ocrx_word' id='word_1_728' title='bbox 2884 1544 3097 1617; x_wconf 68' lang='lat' dir='ltr'><strong>imagini</strong></span> <span class='ocrx_word' id='word_1_729' title='bbox 3139 1559 3363 1617; x_wconf 83' lang='lat' dir='ltr'><strong>conces-</strong></span> 
     </span>
    </p>
   </div>
   <div class='ocr_carea' id='block_1_98' title="bbox 1792 1608 3366 1679">
    <p class='ocr_par' dir='ltr' id='par_1_98' title="bbox 1792 1608 3366 1679">
     <span class='ocr_line' id='line_1_98' title="bbox 1792 1608 3366 1679; baseline 0.007 -20"><span class='ocrx_word' id='word_1_730' title='bbox 1792 1610 1956 1672; x_wconf 89' lang='lat' dir='ltr'><strong>serit,</strong></span> <span class='ocrx_word' id='word_1_731' title='bbox 2007 1616 2059 1661; x_wconf 87' lang='lat' dir='ltr'><strong>et</strong></span> <span class='ocrx_word' id='word_1_732' title='bbox 2104 1608 2225 1662; x_wconf 91' lang='lat' dir='ltr'><strong>hinc</strong></span> <span class='ocrx_word' id='word_1_733' title='bbox 2276 1609 2449 1663; x_wconf 90' lang='lat' dir='ltr'><strong>divina</strong></span> <span class='ocrx_word' id='word_1_734' title='bbox 2482 1612 2561 1664; x_wconf 92' lang='lat' dir='ltr'><strong>vis</strong></span> <span class='ocrx_word' id='word_1_735' title='bbox 2606 1608 2933 1666; x_wconf 75' lang='lat' dir='ltr'><strong>ostendatur.</strong></span> <span class='ocrx_word' id='word_1_736' title='bbox 2976 1608 3089 1665; x_wconf 84' lang='lat' dir='ltr'><strong>Non</strong></span> <span class='ocrx_word' id='word_1_737' title='bbox 3124 1616 3366 1679; x_wconf 85' lang='lat' dir='ltr'><strong>permisit</strong></span> 
     </span>
    </p>
   </div>
   <div class='ocr_carea' id='block_1_99' title="bbox 1791 1679 3363 1749">
    <p class='ocr_par' dir='ltr' id='par_1_99' title="bbox 1791 1679 3363 1749">
     <span class='ocr_line' id='line_1_99' title="bbox 1791 1679 3363 1749; baseline 0.007 -22"><span class='ocrx_word' id='word_1_738' title='bbox 1791 1686 1988 1749; x_wconf 82' lang='lat' dir='ltr'><strong>autem,</strong></span> <span class='ocrx_word' id='word_1_739' title='bbox 2014 1686 2067 1729; x_wconf 89' lang='lat' dir='ltr'><strong>ut</strong></span> <span class='ocrx_word' id='word_1_740' title='bbox 2087 1679 2257 1730; x_wconf 84' lang='lat' dir='ltr'><strong>omnia</strong></span> <span class='ocrx_word' id='word_1_741' title='bbox 2282 1681 2669 1748; x_wconf 65' lang='lat' dir='ltr'><strong>aggrederetur,</strong></span> <span class='ocrx_word' id='word_1_742' title='bbox 2692 1696 2758 1734; x_wconf 92' lang='lat' dir='ltr'><strong>ne</strong></span> <span class='ocrx_word' id='word_1_743' title='bbox 2781 1684 2829 1733; x_wconf 94' lang='lat' dir='ltr'><strong>in</strong></span> <span class='ocrx_word' id='word_1_744' title='bbox 2852 1682 3202 1749; x_wconf 85' lang='lat' dir='ltr'><strong>arrogantiam</strong></span> <span class='ocrx_word' id='word_1_745' title='bbox 3223 1684 3363 1738; x_wconf 83' lang='lat' dir='ltr'><strong>elata</strong></span> 
     </span>
    </p>
   </div>
   <div class='ocr_carea' id='block_1_100' title="bbox 1791 1746 3352 1827">
    <p class='ocr_par' dir='ltr' id='par_1_100' title="bbox 1791 1746 3352 1827">
     <span class='ocr_line' id='line_1_100' title="bbox 1791 1746 3352 1827; baseline 0.006 -28"><span class='ocrx_word' id='word_1_746' title='bbox 1791 1746 1943 1827; x_wconf 79' lang='lat' dir='ltr'><strong>dese</strong></span> <span class='ocrx_word' id='word_1_747' title='bbox 1968 1761 2165 1827; x_wconf 85' lang='lat' dir='ltr'><strong>suaque</strong></span> <span class='ocrx_word' id='word_1_748' title='bbox 2192 1746 2367 1827; x_wconf 64' lang='lat' dir='ltr'><strong>Salute</strong></span> <span class='ocrx_word' id='word_1_749' title='bbox 2390 1750 2926 1827; x_wconf 74' lang='lat' dir='ltr'><strong>posteadesperaret.</strong></span> <span class='ocrx_word' id='word_1_750' title='bbox 2958 1746 3200 1806; x_wconf 56' lang='lat' dir='ltr'><strong>A&#39;ttatnen</strong></span> <span class='ocrx_word' id='word_1_751' title='bbox 3231 1768 3352 1822; x_wconf 81' lang='lat' dir='ltr'><strong>per-</strong></span> 
     </span>
    </p>
   </div>
   <div class='ocr_carea' id='block_1_101' title="bbox 1794 1816 3367 1889">
    <p class='ocr_par' dir='ltr' id='par_1_101' title="bbox 1794 1816 3367 1889">
     <span class='ocr_line' id='line_1_101' title="bbox 1794 1816 3367 1889; baseline 0.005 -20"><span class='ocrx_word' id='word_1_752' title='bbox 1794 1816 1939 1889; x_wconf 63' lang='lat' dir='ltr'><strong>misit</strong></span> <span class='ocrx_word' id='word_1_753' title='bbox 1966 1826 2021 1869; x_wconf 93' lang='grc' dir='ltr'><strong>ιιι</strong></span> <span class='ocrx_word' id='word_1_754' title='bbox 2046 1819 2275 1889; x_wconf 82' lang='lat' dir='ltr'><strong>pictores</strong></span> <span class='ocrx_word' id='word_1_755' title='bbox 2303 1816 2368 1870; x_wconf 90' lang='lat' dir='ltr'><strong>de</strong></span> <span class='ocrx_word' id='word_1_756' title='bbox 2396 1816 2537 1872; x_wconf 86' lang='lat' dir='ltr'><strong>terra</strong></span> <span class='ocrx_word' id='word_1_757' title='bbox 2581 1820 2629 1872; x_wconf 92' lang='lat' dir='ltr'><strong>id</strong></span> <span class='ocrx_word' id='word_1_758' title='bbox 2656 1816 3013 1886; x_wconf 75' lang='lat' dir='ltr'><strong>exprimerent</strong></span> <span class='ocrx_word' id='word_1_759' title='bbox 3038 1862 3050 1884; x_wconf 91' lang='lat'><strong>,</strong></span> <span class='ocrx_word' id='word_1_760' title='bbox 3080 1831 3135 1873; x_wconf 92' lang='lat' dir='ltr'><strong>nt</strong></span> <span class='ocrx_word' id='word_1_761' title='bbox 3162 1816 3367 1889; x_wconf 79' lang='lat' dir='ltr'><strong>pudore</strong></span> 
     </span>
    </p>
   </div>
   <div class='ocr_carea' id='block_1_102' title="bbox 1792 1884 3363 1957">
    <p class='ocr_par' dir='ltr' id='par_1_102' title="bbox 1792 1884 3363 1957">
     <span class='ocr_line' id='line_1_102' title="bbox 1792 1884 3363 1957; baseline 0.005 -19"><span class='ocrx_word' id='word_1_762' title='bbox 1792 1884 2025 1957; x_wconf 76' lang='lat' dir='ltr'><strong>afficeret</strong></span> <span class='ocrx_word' id='word_1_763' title='bbox 2053 1901 2147 1940; x_wconf 89' lang='lat' dir='ltr'><strong>eos</strong></span> <span class='ocrx_word' id='word_1_764' title='bbox 2189 1887 2277 1955; x_wconf 85' lang='lat' dir='ltr'><strong>qui</strong></span> <span class='ocrx_word' id='word_1_765' title='bbox 2324 1899 2575 1957; x_wconf 86' lang='lat' dir='ltr'><strong>negarent</strong></span> <span class='ocrx_word' id='word_1_766' title='bbox 2607 1884 2768 1941; x_wconf 85' lang='lat' dir='ltr'><strong>Deum</strong></span> <span class='ocrx_word' id='word_1_767' title='bbox 2798 1889 2865 1943; x_wconf 94' lang='lat' dir='ltr'><strong>de</strong></span> <span class='ocrx_word' id='word_1_768' title='bbox 2911 1901 3044 1943; x_wconf 89' lang='lat' dir='ltr'><strong>terra</strong></span> <span class='ocrx_word' id='word_1_769' title='bbox 3092 1884 3363 1946; x_wconf 79' lang='lat' dir='ltr'><strong>hominem</strong></span> 
     </span>
    </p>
   </div>
   <div class='ocr_carea' id='block_1_103' title="bbox 1791 1955 3362 2017">
    <p class='ocr_par' dir='ltr' id='par_1_103' title="bbox 1791 1955 3362 2017">
     <span class='ocr_line' id='line_1_103' title="bbox 1791 1955 3362 2017; baseline 0.005 -9"><span class='ocrx_word' id='word_1_770' title='bbox 1791 1955 2113 2010; x_wconf 84' lang='lat' dir='ltr'><strong>efforniasse.</strong></span> <span class='ocrx_word' id='word_1_771' title='bbox 2148 1955 2507 2011; x_wconf 59' lang='lat' dir='ltr'><strong>Attamen&#39;ars</strong></span> <span class='ocrx_word' id='word_1_772' title='bbox 2534 1958 2729 2011; x_wconf 82' lang='lat' dir='ltr'><strong>imitata</strong></span> <span class='ocrx_word' id='word_1_773' title='bbox 2756 1970 2836 2012; x_wconf 90' lang='lat' dir='ltr'><strong>est</strong></span> <span class='ocrx_word' id='word_1_774' title='bbox 2864 1959 3185 2013; x_wconf 86' lang='lat' dir='ltr'><strong>Creatorem.</strong></span> <span class='ocrx_word' id='word_1_775' title='bbox 3219 1959 3362 2017; x_wconf 78' lang='lat' dir='ltr'><strong>Vidit</strong></span> 
     </span>
    </p>
   </div>
   <div class='ocr_carea' id='block_1_104' title="bbox 1791 2026 3361 2095">
    <p class='ocr_par' dir='ltr' id='par_1_104' title="bbox 1791 2026 3361 2095">
     <span class='ocr_line' id='line_1_104' title="bbox 1791 2026 3361 2095; baseline 0.006 -20"><span class='ocrx_word' id='word_1_776' title='bbox 1791 2039 1985 2095; x_wconf 81' lang='lat' dir='ltr'><strong>corpus</strong></span> <span class='ocrx_word' id='word_1_777' title='bbox 2013 2026 2152 2079; x_wconf 90' lang='lat' dir='ltr'><strong>ferro</strong></span> <span class='ocrx_word' id='word_1_778' title='bbox 2179 2036 2415 2091; x_wconf 91' lang='lat' dir='ltr'><strong>sectum;</strong></span> <span class='ocrx_word' id='word_1_779' title='bbox 2448 2028 2674 2095; x_wconf 87' lang='lat' dir='ltr'><strong>exempli</strong></span> <span class='ocrx_word' id='word_1_780' title='bbox 2701 2042 2887 2093; x_wconf 74' lang='lat' dir='ltr'><strong>causa,</strong></span> <span class='ocrx_word' id='word_1_781' title='bbox 2921 2038 3187 2095; x_wconf 88' lang='lat' dir='ltr'><strong>amputata</strong></span> <span class='ocrx_word' id='word_1_782' title='bbox 3218 2031 3361 2085; x_wconf 80' lang='lat' dir='ltr'><strong>ferro</strong></span> 
     </span>
    </p>
   </div>
   <div class='ocr_carea' id='block_1_105' title="bbox 1792 2094 3357 2175">
    <p class='ocr_par' dir='ltr' id='par_1_105' title="bbox 1792 2094 3357 2175">
     <span class='ocr_line' id='line_1_105' title="bbox 1792 2094 3357 2175; baseline 0.004 -28"><span class='ocrx_word' id='word_1_783' title='bbox 1792 2094 2084 2175; x_wconf 64' lang='lat' dir='ltr'><strong>fuitcarnis</strong></span> <span class='ocrx_word' id='word_1_784' title='bbox 2128 2096 2467 2175; x_wconf 44' lang='lat' dir='ltr'><strong>aliquanpars</strong></span> <span class='ocrx_word' id='word_1_785' title='bbox 2497 2113 2510 2149; x_wconf 92' lang='lat'><strong>:</strong></span> <span class='ocrx_word' id='word_1_786' title='bbox 2541 2094 2750 2164; x_wconf 86' lang='lat' dir='ltr'><strong>oportet</strong></span> <span class='ocrx_word' id='word_1_787' title='bbox 2795 2094 3357 2175; x_wconf 22' lang='lat' dir='ltr'><strong>impleri’exca‘vatutn</strong></span> 
     </span>
    </p>
   </div>
   <div class='ocr_carea' id='block_1_106' title="bbox 1792 2164 3361 2233">
    <p class='ocr_par' dir='ltr' id='par_1_106' title="bbox 1792 2164 3361 2233">
     <span class='ocr_line' id='line_1_106' title="bbox 1792 2164 3361 2233; baseline 0.004 -17"><span class='ocrx_word' id='word_1_788' title='bbox 1792 2164 1940 2229; x_wconf 93' lang='lat' dir='ltr'><strong>illud,</strong></span> <span class='ocrx_word' id='word_1_789' title='bbox 1970 2174 2175 2230; x_wconf 87' lang='lat' dir='ltr'><strong>nportet</strong></span> <span class='ocrx_word' id='word_1_790' title='bbox 2202 2165 2449 2219; x_wconf 71' lang='lat' dir='ltr'><strong>tediflcari</strong></span> <span class='ocrx_word' id='word_1_791' title='bbox 2473 2176 2836 2233; x_wconf 80' lang='lat' dir='ltr'><strong>consumptam</strong></span> <span class='ocrx_word' id='word_1_792' title='bbox 2860 2164 3070 2221; x_wconf 85' lang='lat' dir='ltr'><strong>carnem</strong></span> <span class='ocrx_word' id='word_1_793' title='bbox 3097 2185 3110 2219; x_wconf 89' lang='lat'><strong>:</strong></span> <span class='ocrx_word' id='word_1_794' title='bbox 3141 2167 3361 2222; x_wconf 85' lang='lat' dir='ltr'><strong>Creator</strong></span> 
     </span>
    </p>
   </div>
   <div class='ocr_carea' id='block_1_107' title="bbox 1792 2234 3359 2307">
    <p class='ocr_par' dir='ltr' id='par_1_107' title="bbox 1792 2234 3359 2307">
     <span class='ocr_line' id='line_1_107' title="bbox 1792 2234 3359 2307; baseline 0.004 -22"><span class='ocrx_word' id='word_1_795' title='bbox 1792 2234 2097 2307; x_wconf 65' lang='lat' dir='ltr'><strong>ttou_adesl,</strong></span> <span class='ocrx_word' id='word_1_796' title='bbox 2121 2235 2206 2303; x_wconf 89' lang='lat' dir='ltr'><strong>qui</strong></span> <span class='ocrx_word' id='word_1_797' title='bbox 2238 2250 2425 2307; x_wconf 83' lang='lat' dir='ltr'><strong>carnes</strong></span> <span class='ocrx_word' id='word_1_798' title='bbox 2452 2235 2709 2291; x_wconf 82' lang='lat' dir='ltr'><strong>eil&#39;ormet.</strong></span> <span class='ocrx_word' id='word_1_799' title='bbox 2730 2236 2867 2307; x_wconf 89' lang='lat' dir='ltr'><strong>Quid</strong></span> <span class='ocrx_word' id='word_1_800' title='bbox 2896 2236 3092 2305; x_wconf 85' lang='lat' dir='ltr'><strong>igitur?</strong></span> <span class='ocrx_word' id='word_1_801' title='bbox 3117 2237 3359 2307; x_wconf 89' lang='lat' dir='ltr'><strong>lmaginis</strong></span> 
     </span>
    </p>
   </div>
   <div class='ocr_carea' id='block_1_108' title="bbox 1789 2304 3360 2373">
    <p class='ocr_par' dir='ltr' id='par_1_108' title="bbox 1789 2304 3360 2373">
     <span class='ocr_line' id='line_1_108' title="bbox 1789 2304 3360 2373; baseline 0.006 -19"><span class='ocrx_word' id='word_1_802' title='bbox 1789 2315 1877 2355; x_wconf 88' lang='lat' dir='ltr'><strong>ars</strong></span> <span class='ocrx_word' id='word_1_803' title='bbox 1908 2304 2109 2357; x_wconf 91' lang='lat' dir='ltr'><strong>Domini</strong></span> <span class='ocrx_word' id='word_1_804' title='bbox 2142 2315 2379 2357; x_wconf 81' lang='lat' dir='ltr'><strong>naturam</strong></span> <span class='ocrx_word' id='word_1_805' title='bbox 2407 2305 2605 2359; x_wconf 86' lang='lat' dir='ltr'><strong>imitata</strong></span> <span class='ocrx_word' id='word_1_806' title='bbox 2632 2346 2646 2370; x_wconf 89' lang='lat'><strong>,</strong></span> <span class='ocrx_word' id='word_1_807' title='bbox 2676 2306 2739 2359; x_wconf 92' lang='lat' dir='ltr'><strong>ad</strong></span> <span class='ocrx_word' id='word_1_808' title='bbox 2773 2304 2963 2360; x_wconf 77' lang='lat' dir='ltr'><strong>terrain</strong></span> <span class='ocrx_word' id='word_1_809' title='bbox 2995 2304 3262 2373; x_wconf 55' lang='lat' dir='ltr'><strong>cucurrit&#39;,</strong></span> <span class='ocrx_word' id='word_1_810' title='bbox 3293 2323 3360 2363; x_wconf 78' lang='lat' dir='ltr'><strong>ex</strong></span> 
     </span>
    </p>
   </div>
   <div class='ocr_carea' id='block_1_109' title="bbox 1790 2373 3357 2443">
    <p class='ocr_par' dir='ltr' id='par_1_109' title="bbox 1790 2373 3357 2443">
     <span class='ocr_line' id='line_1_109' title="bbox 1790 2373 3357 2443; baseline 0.006 -19"><span class='ocrx_word' id='word_1_811' title='bbox 1790 2387 1889 2440; x_wconf 90' lang='lat' dir='ltr'><strong>qua</strong></span> <span class='ocrx_word' id='word_1_812' title='bbox 1917 2388 2131 2442; x_wconf 83' lang='lat' dir='ltr'><strong>corpus,</strong></span> <span class='ocrx_word' id='word_1_813' title='bbox 2164 2373 2544 2427; x_wconf 87' lang='lat' dir='ltr'><strong>medicamenta</strong></span> <span class='ocrx_word' id='word_1_814' title='bbox 2578 2386 2743 2442; x_wconf 85' lang='lat' dir='ltr'><strong>parat,</strong></span> <span class='ocrx_word' id='word_1_815' title='bbox 2774 2376 3056 2443; x_wconf 88' lang='lat' dir='ltr'><strong>emplastra</strong></span> <span class='ocrx_word' id='word_1_816' title='bbox 3096 2377 3313 2431; x_wconf 83' lang='lat' dir='ltr'><strong>conficit</strong></span> <span class='ocrx_word' id='word_1_817' title='bbox 3342 2396 3357 2433; x_wconf 91' lang='lat'><strong>:</strong></span> 
     </span>
    </p>
   </div>
   <div class='ocr_carea' id='block_1_110' title="bbox 1791 2443 3357 2511">
    <p class='ocr_par' dir='ltr' id='par_1_110' title="bbox 1791 2443 3357 2511">
     <span class='ocr_line' id='line_1_110' title="bbox 1791 2443 3357 2511; baseline 0.004 -17"><span class='ocrx_word' id='word_1_818' title='bbox 1791 2450 1845 2494; x_wconf 90' lang='lat' dir='ltr'><strong>et</strong></span> <span class='ocrx_word' id='word_1_819' title='bbox 1874 2443 1960 2495; x_wconf 89' lang='lat' dir='ltr'><strong>illa</strong></span> <span class='ocrx_word' id='word_1_820' title='bbox 1986 2444 2197 2508; x_wconf 88' lang='lat' dir='ltr'><strong>quidem</strong></span> <span class='ocrx_word' id='word_1_821' title='bbox 2224 2452 2497 2511; x_wconf 87' lang='lat' dir='ltr'><strong>expurgat,</strong></span> <span class='ocrx_word' id='word_1_822' title='bbox 2525 2443 2638 2497; x_wconf 66' lang='lat' dir='ltr'><strong>hmo</strong></span> <span class='ocrx_word' id='word_1_823' title='bbox 2666 2454 2841 2497; x_wconf 92' lang='lat' dir='ltr'><strong>autem</strong></span> <span class='ocrx_word' id='word_1_824' title='bbox 2870 2445 3109 2499; x_wconf 84' lang='lat' dir='ltr'><strong>a-dilicat.</strong></span> <span class='ocrx_word' id='word_1_825' title='bbox 3145 2449 3208 2498; x_wconf 67' lang='lat' dir='ltr'><strong>lit</strong></span> <span class='ocrx_word' id='word_1_826' title='bbox 3240 2446 3357 2501; x_wconf 85' lang='lat' dir='ltr'><strong>vide</strong></span> 
     </span>
    </p>
   </div>
   <div class='ocr_carea' id='block_1_111' title="bbox 1790 2513 3352 2591">
    <p class='ocr_par' dir='ltr' id='par_1_111' title="bbox 1790 2513 3352 2591">
     <span class='ocr_line' id='line_1_111' title="bbox 1790 2513 3352 2591; baseline 0.004 -28"><span class='ocrx_word' id='word_1_827' title='bbox 1790 2526 1901 2591; x_wconf 76' lang='lat' dir='ltr'><strong>rem</strong></span> <span class='ocrx_word' id='word_1_828' title='bbox 1934 2513 2262 2591; x_wconf 73' lang='lat' dir='ltr'><strong>mirabilem.</strong></span> <span class='ocrx_word' id='word_1_829' title='bbox 2299 2514 2445 2591; x_wconf 71' lang='lat' dir='ltr'><strong>Deus</strong></span> <span class='ocrx_word' id='word_1_830' title='bbox 2462 2513 2611 2591; x_wconf 80' lang='lat' dir='ltr'><strong>sedet</strong></span> <span class='ocrx_word' id='word_1_831' title='bbox 2637 2514 2783 2591; x_wconf 85' lang='lat' dir='ltr'><strong>quasi</strong></span> <span class='ocrx_word' id='word_1_832' title='bbox 2817 2523 2963 2591; x_wconf 83' lang='lat' dir='ltr'><strong>pater</strong></span> <span class='ocrx_word' id='word_1_833' title='bbox 2989 2523 3042 2567; x_wconf 91' lang='lat' dir='ltr'><strong>et</strong></span> <span class='ocrx_word' id='word_1_834' title='bbox 3069 2515 3317 2591; x_wconf 83' lang='lat' dir='ltr'><strong>magister</strong></span> <span class='ocrx_word' id='word_1_835' title='bbox 3338 2558 3352 2576; x_wconf 89' lang='lat'><strong>.</strong></span> 
     </span>
    </p>
   </div>
   <div class='ocr_carea' id='block_1_112' title="bbox 1791 2582 3355 2659">
    <p class='ocr_par' dir='ltr' id='par_1_112' title="bbox 1791 2582 3355 2659">
     <span class='ocr_line' id='line_1_112' title="bbox 1791 2582 3355 2659; baseline 0.004 -27"><span class='ocrx_word' id='word_1_836' title='bbox 1791 2582 2033 2659; x_wconf 78' lang='lat' dir='ltr'><strong>imaginis</strong></span> <span class='ocrx_word' id='word_1_837' title='bbox 2072 2596 2180 2659; x_wconf 51' lang='lat' dir='ltr'><strong>suae</strong></span> <span class='ocrx_word' id='word_1_838' title='bbox 2209 2596 2369 2659; x_wconf 69' lang='lat' dir='ltr'><strong>opera</strong></span> <span class='ocrx_word' id='word_1_839' title='bbox 2400 2582 2602 2659; x_wconf 59' lang='lat' dir='ltr'><strong>videns.</strong></span> <span class='ocrx_word' id='word_1_840' title='bbox 2634 2586 2716 2659; x_wconf 77' lang='lat' dir='ltr'><strong>Ae</strong></span> <span class='ocrx_word' id='word_1_841' title='bbox 2743 2584 3183 2659; x_wconf 80' lang='lat' dir='ltr'><strong>quemadmodum</strong></span> <span class='ocrx_word' id='word_1_842' title='bbox 3202 2594 3355 2659; x_wconf 81' lang='lat' dir='ltr'><strong>pater</strong></span> 
     </span>
    </p>
   </div>
   <div class='ocr_carea' id='block_1_113' title="bbox 1792 2652 3357 2721">
    <p class='ocr_par' dir='ltr' id='par_1_113' title="bbox 1792 2652 3357 2721">
     <span class='ocr_line' id='line_1_113' title="bbox 1792 2652 3357 2721; baseline 0.003 -18"><span class='ocrx_word' id='word_1_843' title='bbox 1792 2652 2081 2721; x_wconf 88' lang='lat' dir='ltr'><strong>interrogat</strong></span> <span class='ocrx_word' id='word_1_844' title='bbox 2104 2652 2266 2721; x_wconf 83' lang='lat' dir='ltr'><strong>lilium</strong></span> <span class='ocrx_word' id='word_1_845' title='bbox 2292 2691 2307 2712; x_wconf 88' lang='lat'><strong>,</strong></span> <span class='ocrx_word' id='word_1_846' title='bbox 2330 2652 2465 2717; x_wconf 91' lang='lat' dir='ltr'><strong>Quid</strong></span> <span class='ocrx_word' id='word_1_847' title='bbox 2505 2652 2605 2706; x_wconf 88' lang='lat' dir='ltr'><strong>sibi</strong></span> <span class='ocrx_word' id='word_1_848' title='bbox 2633 2653 2743 2705; x_wconf 91' lang='lat' dir='ltr'><strong>vult</strong></span> <span class='ocrx_word' id='word_1_849' title='bbox 2787 2652 2900 2707; x_wconf 70' lang='lat' dir='ltr'><strong>haec</strong></span> <span class='ocrx_word' id='word_1_850' title='bbox 2937 2652 3223 2721; x_wconf 87' lang='lat' dir='ltr'><strong>cogitatio?</strong></span> <span class='ocrx_word' id='word_1_851' title='bbox 3253 2669 3357 2707; x_wconf 91' lang='lat' dir='ltr'><strong>non</strong></span> 
     </span>
    </p>
   </div>
   <div class='ocr_carea' id='block_1_114' title="bbox 1791 2719 3361 2801">
    <p class='ocr_par' dir='ltr' id='par_1_114' title="bbox 1791 2719 3361 2801">
     <span class='ocr_line' id='line_1_114' title="bbox 1791 2719 3361 2801; baseline 0.004 -28"><span class='ocrx_word' id='word_1_852' title='bbox 1791 2728 1849 2801; x_wconf 75' lang='grc' dir='ltr'><strong>ιιι</strong></span> <span class='ocrx_word' id='word_1_853' title='bbox 1888 2719 2055 2801; x_wconf 79' lang='lat' dir='ltr'><strong>discat</strong></span> <span class='ocrx_word' id='word_1_854' title='bbox 2078 2761 2093 2783; x_wconf 90' lang='lat'><strong>,</strong></span> <span class='ocrx_word' id='word_1_855' title='bbox 2124 2719 2228 2801; x_wconf 85' lang='lat' dir='ltr'><strong>sed_</strong></span> <span class='ocrx_word' id='word_1_856' title='bbox 2262 2731 2317 2774; x_wconf 90' lang='lat' dir='ltr'><strong>ut</strong></span> <span class='ocrx_word' id='word_1_857' title='bbox 2354 2721 2601 2801; x_wconf 76' lang='lat' dir='ltr'><strong>exploret</strong></span> <span class='ocrx_word' id='word_1_858' title='bbox 2631 2740 2643 2774; x_wconf 91' lang='lat'><strong>:</strong></span> <span class='ocrx_word' id='word_1_859' title='bbox 2674 2723 2741 2801; x_wconf 74' lang='lat' dir='ltr'><strong>ita</strong></span> <span class='ocrx_word' id='word_1_860' title='bbox 2764 2737 2971 2800; x_wconf 85' lang='lat' dir='ltr'><strong>quoque</strong></span> <span class='ocrx_word' id='word_1_861' title='bbox 2999 2719 3221 2801; x_wconf 69' lang='lat' dir='ltr'><strong>semper</strong></span> <span class='ocrx_word' id='word_1_862' title='bbox 3241 2722 3361 2779; x_wconf 86' lang='lat' dir='ltr'><strong>fons</strong></span> 
     </span>
    </p>
   </div>
   <div class='ocr_carea' id='block_1_115' title="bbox 1791 2790 3359 2860">
    <p class='ocr_par' dir='ltr' id='par_1_115' title="bbox 1791 2790 3359 2860">
     <span class='ocr_line' id='line_1_115' title="bbox 1791 2790 3359 2860; baseline 0.003 -18"><span class='ocrx_word' id='word_1_863' title='bbox 1791 2790 1877 2860; x_wconf 88' lang='lat' dir='ltr'><strong>ille</strong></span> <span class='ocrx_word' id='word_1_864' title='bbox 1900 2791 2180 2852; x_wconf 84' lang='lat' dir='ltr'><strong>bonorum,</strong></span> <span class='ocrx_word' id='word_1_865' title='bbox 2212 2790 2490 2860; x_wconf 81' lang='lat' dir='ltr'><strong>imaginem</strong></span> <span class='ocrx_word' id='word_1_866' title='bbox 2520 2806 2668 2844; x_wconf 92' lang='lat' dir='ltr'><strong>suam</strong></span> <span class='ocrx_word' id='word_1_867' title='bbox 2697 2793 2974 2844; x_wconf 85' lang='lat' dir='ltr'><strong>instituens</strong></span> <span class='ocrx_word' id='word_1_868' title='bbox 2995 2832 3010 2853; x_wconf 95' lang='lat'><strong>,</strong></span> <span class='ocrx_word' id='word_1_869' title='bbox 3040 2792 3359 2860; x_wconf 71' lang='lat' dir='ltr'><strong>qnzrsliones</strong></span> 
     </span>
    </p>
   </div>
   <div class='ocr_carea' id='block_1_116' title="bbox 1792 2859 3358 2928">
    <p class='ocr_par' dir='ltr' id='par_1_116' title="bbox 1792 2859 3358 2928">
     <span class='ocr_line' id='line_1_116' title="bbox 1792 2859 3358 2928; baseline 0.003 -17"><span class='ocrx_word' id='word_1_870' title='bbox 1792 2859 1888 2926; x_wconf 89' lang='lat' dir='ltr'><strong>ipsi</strong></span> <span class='ocrx_word' id='word_1_871' title='bbox 1921 2860 2183 2928; x_wconf 89' lang='lat' dir='ltr'><strong>proponit.</strong></span> <span class='ocrx_word' id='word_1_872' title='bbox 2226 2859 2458 2912; x_wconf 87' lang='lat' dir='ltr'><strong>Adduxit</strong></span> <span class='ocrx_word' id='word_1_873' title='bbox 2486 2860 2551 2913; x_wconf 88' lang='lat' dir='ltr'><strong>ad</strong></span> <span class='ocrx_word' id='word_1_874' title='bbox 2592 2861 2848 2913; x_wconf 82' lang='lat' dir='ltr'><strong>Adamum</strong></span> <span class='ocrx_word' id='word_1_875' title='bbox 2892 2862 3041 2913; x_wconf 91' lang='lat' dir='ltr'><strong>bruta</strong></span> <span class='ocrx_word' id='word_1_876' title='bbox 3062 2859 3358 2917; x_wconf 77' lang='lat' dir='ltr'><strong>animantia</strong></span> 
     </span>
    </p>
   </div>
   <div class='ocr_carea' id='block_1_117' title="bbox 1790 2928 3357 2998">
    <p class='ocr_par' dir='ltr' id='par_1_117' title="bbox 1790 2928 3357 2998">
     <span class='ocr_line' id='line_1_117' title="bbox 1790 2928 3357 2998; baseline 0.003 -16"><span class='ocrx_word' id='word_1_877' title='bbox 1790 2939 1843 2982; x_wconf 92' lang='lat' dir='ltr'><strong>et</strong></span> <span class='ocrx_word' id='word_1_878' title='bbox 1867 2930 2117 2993; x_wconf 85' lang='lat' dir='ltr'><strong>volatilia,</strong></span> <span class='ocrx_word' id='word_1_879' title='bbox 2148 2938 2202 2982; x_wconf 92' lang='lat' dir='ltr'><strong>ut</strong></span> <span class='ocrx_word' id='word_1_880' title='bbox 2231 2929 2431 2982; x_wconf 89' lang='lat' dir='ltr'><strong>videret</strong></span> <span class='ocrx_word' id='word_1_881' title='bbox 2457 2928 2581 2997; x_wconf 88' lang='lat' dir='ltr'><strong>quid</strong></span> <span class='ocrx_word' id='word_1_882' title='bbox 2612 2940 2821 2982; x_wconf 89' lang='lat' dir='ltr'><strong>vocaret</strong></span> <span class='ocrx_word' id='word_1_883' title='bbox 2847 2944 2905 2982; x_wconf 89' lang='lat' dir='ltr'><strong>ea</strong></span> <span class='ocrx_word' id='word_1_884' title='bbox 2930 2934 2946 2998; x_wconf 91' lang='lat'>(</span> <span class='ocrx_word' id='word_1_885' title='bbox 2973 2930 3098 2983; x_wconf 85' lang='lat' dir='ltr'><strong>Gen.</strong></span> <span class='ocrx_word' id='word_1_886' title='bbox 3122 2931 3177 2983; x_wconf 74' lang='lat'><strong>2.</strong></span> <span class='ocrx_word' id='word_1_887' title='bbox 3208 2931 3273 2985; x_wconf 86' lang='lat' dir='ltr'><strong>l9</strong></span> <span class='ocrx_word' id='word_1_888' title='bbox 3300 2935 3357 2997; x_wconf 88' lang='lat'><strong>),</strong></span> 
     </span>
    </p>
   </div>
   <div class='ocr_carea' id='block_1_118' title="bbox 1794 2999 3356 3068">
    <p class='ocr_par' dir='ltr' id='par_1_118' title="bbox 1794 2999 3356 3068">
     <span class='ocr_line' id='line_1_118' title="bbox 1794 2999 3356 3068; baseline 0.001 -17"><span class='ocrx_word' id='word_1_889' title='bbox 1794 3013 1898 3068; x_wconf 83' lang='lat' dir='ltr'><strong>non</strong></span> <span class='ocrx_word' id='word_1_890' title='bbox 1936 3008 1991 3051; x_wconf 92' lang='lat' dir='ltr'><strong>ut</strong></span> <span class='ocrx_word' id='word_1_891' title='bbox 2021 2999 2276 3052; x_wconf 88' lang='lat' dir='ltr'><strong>edisceret</strong></span> <span class='ocrx_word' id='word_1_892' title='bbox 2309 2999 2351 3051; x_wconf 90' lang='lat' dir='ltr'><strong>is</strong></span> <span class='ocrx_word' id='word_1_893' title='bbox 2377 3000 2464 3064; x_wconf 89' lang='lat' dir='ltr'><strong>qui</strong></span> <span class='ocrx_word' id='word_1_894' title='bbox 2491 3000 2665 3051; x_wconf 90' lang='lat' dir='ltr'><strong>omnia</strong></span> <span class='ocrx_word' id='word_1_895' title='bbox 2698 3000 2985 3067; x_wconf 89' lang='lat' dir='ltr'><strong>prospicit,</strong></span> <span class='ocrx_word' id='word_1_896' title='bbox 3018 2999 3110 3053; x_wconf 90' lang='lat' dir='ltr'><strong>sed</strong></span> <span class='ocrx_word' id='word_1_897' title='bbox 3144 3010 3197 3051; x_wconf 90' lang='lat' dir='ltr'><strong>ut</strong></span> <span class='ocrx_word' id='word_1_898' title='bbox 3231 3016 3356 3068; x_wconf 84' lang='lat' dir='ltr'><strong>pro-</strong></span> 
     </span>
    </p>
   </div>
   <div class='ocr_carea' id='block_1_119' title="bbox 1791 3066 3356 3137">
    <p class='ocr_par' dir='ltr' id='par_1_119' title="bbox 1791 3066 3356 3137">
     <span class='ocr_line' id='line_1_119' title="bbox 1791 3066 3356 3137; baseline 0.003 -16"><span class='ocrx_word' id='word_1_899' title='bbox 1791 3066 1942 3121; x_wconf 87' lang='lat' dir='ltr'><strong>barct</strong></span> <span class='ocrx_word' id='word_1_900' title='bbox 1985 3068 2265 3137; x_wconf 89' lang='lat' dir='ltr'><strong>imaginem</strong></span> <span class='ocrx_word' id='word_1_901' title='bbox 2318 3084 2440 3120; x_wconf 92' lang='lat' dir='ltr'><strong>num</strong></span> <span class='ocrx_word' id='word_1_902' title='bbox 2481 3080 2600 3136; x_wconf 89' lang='lat' dir='ltr'><strong>apta</strong></span> <span class='ocrx_word' id='word_1_903' title='bbox 2642 3076 2786 3121; x_wconf 89' lang='lat' dir='ltr'><strong>esset</strong></span> <span class='ocrx_word' id='word_1_904' title='bbox 2825 3066 2889 3120; x_wconf 76' lang='lat' dir='ltr'><strong>ad</strong></span> <span class='ocrx_word' id='word_1_905' title='bbox 2932 3066 3356 3137; x_wconf 85' lang='lat' dir='ltr'><strong>excogitandum.</strong></span> 
     </span>
    </p>
   </div>
   <div class='ocr_carea' id='block_1_120' title="bbox 1794 3136 3362 3206">
    <p class='ocr_par' dir='ltr' id='par_1_120' title="bbox 1794 3136 3362 3206">
     <span class='ocr_line' id='line_1_120' title="bbox 1794 3136 3362 3206; baseline 0.003 -18"><span class='ocrx_word' id='word_1_906' title='bbox 1794 3136 2028 3205; x_wconf 88' lang='lat' dir='ltr'><strong>lngressa</strong></span> <span class='ocrx_word' id='word_1_907' title='bbox 2053 3136 2130 3190; x_wconf 80' lang='lat' dir='ltr'><strong>est</strong></span> <span class='ocrx_word' id='word_1_908' title='bbox 2160 3152 2245 3190; x_wconf 90' lang='lat' dir='ltr'><strong>ars</strong></span> <span class='ocrx_word' id='word_1_909' title='bbox 2272 3138 2562 3189; x_wconf 70' lang='lat' dir='ltr'><strong>mdilicandi</strong></span> <span class='ocrx_word' id='word_1_910' title='bbox 2589 3138 2793 3199; x_wconf 82' lang='lat' dir='ltr'><strong>domos,</strong></span> <span class='ocrx_word' id='word_1_911' title='bbox 2822 3138 3051 3206; x_wconf 87' lang='lat' dir='ltr'><strong>ingressa</strong></span> <span class='ocrx_word' id='word_1_912' title='bbox 3074 3136 3161 3192; x_wconf 78' lang='lat' dir='ltr'><strong>est</strong></span> <span class='ocrx_word' id='word_1_913' title='bbox 3186 3142 3362 3193; x_wconf 82' lang='lat' dir='ltr'><strong>archi-</strong></span> 
     </span>
    </p>
   </div>
   <div class='ocr_carea' id='block_1_121' title="bbox 1793 3207 3358 3272">
    <p class='ocr_par' dir='ltr' id='par_1_121' title="bbox 1793 3207 3358 3272">
     <span class='ocr_line' id='line_1_121' title="bbox 1793 3207 3358 3272; baseline 0.001 -13"><span class='ocrx_word' id='word_1_914' title='bbox 1793 3209 2071 3269; x_wconf 83' lang='lat' dir='ltr'><strong>tectonica,</strong></span> <span class='ocrx_word' id='word_1_915' title='bbox 2107 3208 2336 3268; x_wconf 86' lang='lat' dir='ltr'><strong>nautica,</strong></span> <span class='ocrx_word' id='word_1_916' title='bbox 2369 3208 2553 3259; x_wconf 74' lang='lat' dir='ltr'><strong>mraria</strong></span> <span class='ocrx_word' id='word_1_917' title='bbox 2588 3209 2603 3238; x_wconf 76' lang='grc'>⁸</span> <span class='ocrx_word' id='word_1_918' title='bbox 2625 3247 2639 3272; x_wconf 90' lang='grc'><em>,</em></span> <span class='ocrx_word' id='word_1_919' title='bbox 2670 3207 2887 3259; x_wconf 87' lang='lat' dir='ltr'><strong>scientia</strong></span> <span class='ocrx_word' id='word_1_920' title='bbox 2918 3216 3183 3261; x_wconf 91' lang='lat' dir='ltr'><strong>astrorum</strong></span> <span class='ocrx_word' id='word_1_921' title='bbox 3208 3249 3221 3269; x_wconf 85' lang='lat'><strong>,</strong></span> <span class='ocrx_word' id='word_1_922' title='bbox 3252 3225 3358 3262; x_wconf 89' lang='lat' dir='ltr'><strong>non</strong></span> 
     </span>
    </p>
   </div>
   <div class='ocr_carea' id='block_1_122' title="bbox 1793 3276 3361 3347">
    <p class='ocr_par' dir='ltr' id='par_1_122' title="bbox 1793 3276 3361 3347">
     <span class='ocr_line' id='line_1_122' title="bbox 1793 3276 3361 3347; baseline 0.004 -20"><span class='ocrx_word' id='word_1_923' title='bbox 1793 3277 1876 3328; x_wconf 89' lang='lat' dir='ltr'><strong>illa</strong></span> <span class='ocrx_word' id='word_1_924' title='bbox 1902 3277 2131 3347; x_wconf 87' lang='lat' dir='ltr'><strong>curiosa,</strong></span> <span class='ocrx_word' id='word_1_925' title='bbox 2159 3278 2250 3329; x_wconf 89' lang='lat' dir='ltr'><strong>sed</strong></span> <span class='ocrx_word' id='word_1_926' title='bbox 2274 3292 2390 3347; x_wconf 72' lang='lat' dir='ltr'><strong>qum</strong></span> <span class='ocrx_word' id='word_1_927' title='bbox 2416 3291 2598 3328; x_wconf 88' lang='lat' dir='ltr'><strong>eorum</strong></span> <span class='ocrx_word' id='word_1_928' title='bbox 2623 3276 2931 3347; x_wconf 82' lang='lat' dir='ltr'><strong>positiOnem</strong></span> <span class='ocrx_word' id='word_1_929' title='bbox 2954 3280 3211 3347; x_wconf 83' lang='lat' dir='ltr'><strong>explorat,</strong></span> <span class='ocrx_word' id='word_1_930' title='bbox 3240 3293 3361 3347; x_wconf 72' lang='lat' dir='ltr'><strong>qua:</strong></span> 
     </span>
    </p>
   </div>
   <div class='ocr_carea' id='block_1_123' title="bbox 1791 3345 3353 3413">
    <p class='ocr_par' dir='ltr' id='par_1_123' title="bbox 1791 3345 3353 3413">
     <span class='ocr_line' id='line_1_123' title="bbox 1791 3345 3353 3413; baseline 0.003 -17"><span class='ocrx_word' id='word_1_931' title='bbox 1791 3346 2155 3413; x_wconf 85' lang='lat' dir='ltr'><strong>navigantibus</strong></span> <span class='ocrx_word' id='word_1_932' title='bbox 2181 3346 2323 3398; x_wconf 88' lang='lat' dir='ltr'><strong>utilis</strong></span> <span class='ocrx_word' id='word_1_933' title='bbox 2350 3355 2450 3403; x_wconf 85' lang='lat' dir='ltr'><strong>est.</strong></span> <span class='ocrx_word' id='word_1_934' title='bbox 2479 3361 2595 3412; x_wconf 73' lang='lat' dir='ltr'><strong>qua:</strong></span> <span class='ocrx_word' id='word_1_935' title='bbox 2619 3345 2865 3397; x_wconf 84' lang='lat' dir='ltr'><strong>observat</strong></span> <span class='ocrx_word' id='word_1_936' title='bbox 2890 3346 3157 3399; x_wconf 86' lang='lat' dir='ltr'><strong>stellarum</strong></span> <span class='ocrx_word' id='word_1_937' title='bbox 3179 3345 3353 3413; x_wconf 75' lang='lat' dir='ltr'><strong>ortus,</strong></span> 
     </span>
    </p>
   </div>
   <div class='ocr_carea' id='block_1_124' title="bbox 1790 3415 3357 3485">
    <p class='ocr_par' dir='ltr' id='par_1_124' title="bbox 1790 3415 3357 3485">
     <span class='ocr_line' id='line_1_124' title="bbox 1790 3415 3357 3485; baseline 0.001 -16"><span class='ocrx_word' id='word_1_938' title='bbox 1790 3424 1841 3469; x_wconf 92' lang='lat' dir='ltr'><strong>et</strong></span> <span class='ocrx_word' id='word_1_939' title='bbox 1860 3415 2423 3485; x_wconf 83' lang='lat' dir='ltr'><strong>tempusnavigationis</strong></span> <span class='ocrx_word' id='word_1_940' title='bbox 2443 3415 2656 3485; x_wconf 82' lang='lat' dir='ltr'><strong>indicat,</strong></span> <span class='ocrx_word' id='word_1_941' title='bbox 2680 3429 2781 3466; x_wconf 90' lang='lat' dir='ltr'><strong>non</strong></span> <span class='ocrx_word' id='word_1_942' title='bbox 2801 3428 2917 3482; x_wconf 72' lang='lat' dir='ltr'><strong>qua:</strong></span> <span class='ocrx_word' id='word_1_943' title='bbox 2932 3416 3165 3483; x_wconf 89' lang='lat' dir='ltr'><strong>genesim</strong></span> <span class='ocrx_word' id='word_1_944' title='bbox 3191 3416 3357 3485; x_wconf 84' lang='lat' dir='ltr'><strong>fingit:</strong></span> 
     </span>
    </p>
   </div>
   <div class='ocr_carea' id='block_1_125' title="bbox 1791 3483 3347 3552">
    <p class='ocr_par' dir='ltr' id='par_1_125' title="bbox 1791 3483 3347 3552">
     <span class='ocr_line' id='line_1_125' title="bbox 1791 3483 3347 3552; baseline 0.001 -14"><span class='ocrx_word' id='word_1_945' title='bbox 1791 3494 1845 3538; x_wconf 92' lang='lat' dir='ltr'><strong>et</strong></span> <span class='ocrx_word' id='word_1_946' title='bbox 1871 3484 2031 3537; x_wconf 82' lang='lat' dir='ltr'><strong>fatum</strong></span> <span class='ocrx_word' id='word_1_947' title='bbox 2062 3484 2342 3543; x_wconf 86' lang='lat' dir='ltr'><strong>fabulatur.</strong></span> <span class='ocrx_word' id='word_1_948' title='bbox 2372 3483 2465 3536; x_wconf 91' lang='lat' dir='ltr'><strong>sed</strong></span> <span class='ocrx_word' id='word_1_949' title='bbox 2493 3499 2610 3551; x_wconf 65' lang='lat' dir='ltr'><strong>qua:</strong></span> <span class='ocrx_word' id='word_1_950' title='bbox 2637 3485 2871 3552; x_wconf 89' lang='lat' dir='ltr'><strong>sequitur</strong></span> <span class='ocrx_word' id='word_1_951' title='bbox 2904 3498 3082 3537; x_wconf 87' lang='lat' dir='ltr'><strong>vocem</strong></span> <span class='ocrx_word' id='word_1_952' title='bbox 3119 3483 3347 3548; x_wconf 83' lang='lat' dir='ltr'><strong>Domini.</strong></span> 
     </span>
    </p>
   </div>
   <div class='ocr_carea' id='block_1_126' title="bbox 1782 3552 3359 3621">
    <p class='ocr_par' dir='ltr' id='par_1_126' title="bbox 1782 3552 3359 3621">
     <span class='ocr_line' id='line_1_126' title="bbox 1782 3552 3359 3621; baseline 0.003 -15"><span class='ocrx_word' id='word_1_953' title='bbox 1782 3553 2061 3607; x_wconf 71' lang='lat' dir='ltr'><strong>Faciamus</strong></span> <span class='ocrx_word' id='word_1_954' title='bbox 2087 3555 2356 3606; x_wconf 83' lang='lat' dir='ltr'><strong>luminaria</strong></span> <span class='ocrx_word' id='word_1_955' title='bbox 2383 3554 2433 3604; x_wconf 85' lang='lat' dir='ltr'><strong>in</strong></span> <span class='ocrx_word' id='word_1_956' title='bbox 2461 3552 2584 3621; x_wconf 72' lang='lat' dir='ltr'><strong>ca&#39;lo</strong></span> <span class='ocrx_word' id='word_1_957' title='bbox 2604 3593 2617 3617; x_wconf 92' lang='lat'><strong>,</strong></span> <span class='ocrx_word' id='word_1_958' title='bbox 2651 3563 2697 3605; x_wconf 86' lang='lat' dir='ltr'><strong>et</strong></span> <span class='ocrx_word' id='word_1_959' title='bbox 2730 3554 2828 3605; x_wconf 69' lang='lat' dir='ltr'><strong>sint</strong></span> <span class='ocrx_word' id='word_1_960' title='bbox 2854 3554 2905 3605; x_wconf 86' lang='lat' dir='ltr'><strong>in</strong></span> <span class='ocrx_word' id='word_1_961' title='bbox 2934 3555 3076 3621; x_wconf 76' lang='lat' dir='ltr'><strong>signa</strong></span> <span class='ocrx_word' id='word_1_962' title='bbox 3100 3565 3145 3606; x_wconf 86' lang='lat' dir='ltr'><strong>et</strong></span> <span class='ocrx_word' id='word_1_963' title='bbox 3166 3554 3219 3605; x_wconf 83' lang='lat' dir='ltr'><strong>in</strong></span> <span class='ocrx_word' id='word_1_964' title='bbox 3254 3557 3359 3610; x_wconf 73' lang='lat' dir='ltr'><strong>dies</strong></span> 
     </span>
    </p>
   </div>
   <div class='ocr_carea' id='block_1_127' title="bbox 1791 3619 3361 3702">
    <p class='ocr_par' dir='ltr' id='par_1_127' title="bbox 1791 3619 3361 3702">
     <span class='ocr_line' id='line_1_127' title="bbox 1791 3619 3361 3702; baseline 0 -25"><span class='ocrx_word' id='word_1_965' title='bbox 1791 3625 1907 3678; x_wconf 83' lang='lat' dir='ltr'><strong>etin</strong></span> <span class='ocrx_word' id='word_1_966' title='bbox 1931 3638 2152 3702; x_wconf 69' lang='lat' dir='ltr'><strong>tempora</strong></span> <span class='ocrx_word' id='word_1_967' title='bbox 2174 3622 2323 3694; x_wconf 87' lang='lat' dir='ltr'><strong>(Gen.</strong></span> <span class='ocrx_word' id='word_1_968' title='bbox 2346 3624 2397 3675; x_wconf 83' lang='lat' dir='ltr'><strong>l.</strong></span> <span class='ocrx_word' id='word_1_969' title='bbox 2568 3622 2765 3702; x_wconf 65' lang='lat' dir='ltr'><strong>Prodiit</strong></span> <span class='ocrx_word' id='word_1_970' title='bbox 2793 3619 3069 3702; x_wconf 84' lang='lat' dir='ltr'><strong>imagoilla</strong></span> <span class='ocrx_word' id='word_1_971' title='bbox 3091 3665 3103 3685; x_wconf 89' lang='lat'><strong>,</strong></span> <span class='ocrx_word' id='word_1_972' title='bbox 3132 3635 3182 3702; x_wconf 85' lang='lat' dir='ltr'><strong>e_t</strong></span> <span class='ocrx_word' id='word_1_973' title='bbox 3210 3634 3361 3702; x_wconf 71' lang='lat' dir='ltr'><strong>natu-</strong></span> 
     </span>
    </p>
   </div>
   <div class='ocr_carea' id='block_1_128' title="bbox 1792 3692 3361 3761">
    <p class='ocr_par' dir='ltr' id='par_1_128' title="bbox 1792 3692 3361 3761">
     <span class='ocr_line' id='line_1_128' title="bbox 1792 3692 3361 3761; baseline 0 -14"><span class='ocrx_word' id='word_1_974' title='bbox 1792 3709 1902 3747; x_wconf 91' lang='lat' dir='ltr'><strong>ram</strong></span> <span class='ocrx_word' id='word_1_975' title='bbox 1932 3692 2205 3760; x_wconf 85' lang='lat' dir='ltr'><strong>investigat</strong></span> <span class='ocrx_word' id='word_1_976' title='bbox 2242 3710 2253 3743; x_wconf 89' lang='lat'><strong>:</strong></span> <span class='ocrx_word' id='word_1_977' title='bbox 2286 3694 2476 3761; x_wconf 67' lang='lat' dir='ltr'><strong>quaerit</strong></span> <span class='ocrx_word' id='word_1_978' title='bbox 2503 3692 2711 3755; x_wconf 81' lang='lat' dir='ltr'><strong>herbas,</strong></span> <span class='ocrx_word' id='word_1_979' title='bbox 2743 3692 2938 3745; x_wconf 87' lang='lat' dir='ltr'><strong>invenit</strong></span> <span class='ocrx_word' id='word_1_980' title='bbox 2966 3710 2979 3745; x_wconf 91' lang='lat'><strong>:</strong></span> <span class='ocrx_word' id='word_1_981' title='bbox 3006 3695 3192 3761; x_wconf 56' lang='lat' dir='ltr'><strong>quaerit</strong></span> <span class='ocrx_word' id='word_1_982' title='bbox 3218 3695 3361 3747; x_wconf 78' lang='lat' dir='ltr'><strong>radi-</strong></span> 
     </span>
    </p>
   </div>
   <div class='ocr_carea' id='block_1_129' title="bbox 1794 3761 3363 3830">
    <p class='ocr_par' dir='ltr' id='par_1_129' title="bbox 1794 3761 3363 3830">
     <span class='ocr_line' id='line_1_129' title="bbox 1794 3761 3363 3830; baseline 0.003 -15"><span class='ocrx_word' id='word_1_983' title='bbox 1794 3778 1926 3823; x_wconf 91' lang='lat' dir='ltr'><strong>ces,</strong></span> <span class='ocrx_word' id='word_1_984' title='bbox 1972 3761 2359 3830; x_wconf 63' lang='lat' dir='ltr'><strong>deprehendit,</strong></span> <span class='ocrx_word' id='word_1_985' title='bbox 2410 3762 2642 3814; x_wconf 90' lang='lat' dir='ltr'><strong>omnium</strong></span> <span class='ocrx_word' id='word_1_986' title='bbox 2689 3761 2873 3813; x_wconf 79' lang='lat' dir='ltr'><strong>artifex</strong></span> <span class='ocrx_word' id='word_1_987' title='bbox 2920 3769 3077 3828; x_wconf 85' lang='lat' dir='ltr'><strong>atque</strong></span> <span class='ocrx_word' id='word_1_988' title='bbox 3122 3763 3363 3819; x_wconf 84' lang='lat' dir='ltr'><strong>inventor</strong></span> 
     </span>
    </p>
   </div>
   <div class='ocr_carea' id='block_1_130' title="bbox 1791 3830 3357 3909">
    <p class='ocr_par' dir='ltr' id='par_1_130' title="bbox 1791 3830 3357 3909">
     <span class='ocr_line' id='line_1_130' title="bbox 1791 3830 3357 3909; baseline 0 -24"><span class='ocrx_word' id='word_1_989' title='bbox 1791 3831 2218 3909; x_wconf 82' lang='lat' dir='ltr'><strong>deprehenditur.</strong></span> <span class='ocrx_word' id='word_1_990' title='bbox 2247 3830 2437 3909; x_wconf 60' lang='lat' dir='ltr'><strong>Verum</strong></span> <span class='ocrx_word' id='word_1_991' title='bbox 2462 3845 2525 3883; x_wconf 90' lang='lat' dir='ltr'><strong>ne</strong></span> <span class='ocrx_word' id='word_1_992' title='bbox 2548 3839 2691 3909; x_wconf 87' lang='lat' dir='ltr'><strong>putet</strong></span> <span class='ocrx_word' id='word_1_993' title='bbox 2716 3844 2774 3883; x_wconf 87' lang='lat' dir='ltr'><strong>se</strong></span> <span class='ocrx_word' id='word_1_994' title='bbox 2791 3842 2855 3909; x_wconf 82' lang='lat' dir='ltr'><strong>ex</strong></span> <span class='ocrx_word' id='word_1_995' title='bbox 2878 3830 3050 3897; x_wconf 83' lang='lat' dir='ltr'><strong>seipsa</strong></span> <span class='ocrx_word' id='word_1_996' title='bbox 3074 3832 3357 3909; x_wconf 71' lang='lat' dir='ltr'><strong>invenisse,</strong></span> 
     </span>
    </p>
   </div>
   <div class='ocr_carea' id='block_1_131' title="bbox 1793 3900 3358 3968">
    <p class='ocr_par' dir='ltr' id='par_1_131' title="bbox 1793 3900 3358 3968">
     <span class='ocr_line' id='line_1_131' title="bbox 1793 3900 3358 3968; baseline 0 -14"><span class='ocrx_word' id='word_1_997' title='bbox 1793 3918 1896 3955; x_wconf 90' lang='lat' dir='ltr'><strong>non</strong></span> <span class='ocrx_word' id='word_1_998' title='bbox 1923 3911 2096 3955; x_wconf 89' lang='lat' dir='ltr'><strong>autem</strong></span> <span class='ocrx_word' id='word_1_999' title='bbox 2122 3900 2311 3953; x_wconf 90' lang='lat' dir='ltr'><strong>virtute</strong></span> <span class='ocrx_word' id='word_1_1000' title='bbox 2337 3900 2451 3968; x_wconf 84' lang='lat' dir='ltr'><strong>ejus</strong></span> <span class='ocrx_word' id='word_1_1001' title='bbox 2474 3900 2562 3968; x_wconf 91' lang='lat' dir='ltr'><strong>qui</strong></span> <span class='ocrx_word' id='word_1_1002' title='bbox 2586 3911 2783 3952; x_wconf 73' lang='lat' dir='ltr'><strong>natura:</strong></span> <span class='ocrx_word' id='word_1_1003' title='bbox 2811 3903 3054 3951; x_wconf 68' lang='lat' dir='ltr'><strong>virtutem</strong></span> <span class='ocrx_word' id='word_1_1004' title='bbox 3081 3900 3358 3968; x_wconf 88' lang='lat' dir='ltr'><strong>indiderat,</strong></span> 
     </span>
    </p>
   </div>
   <div class='ocr_carea' id='block_1_132' title="bbox 1794 3968 3360 4026">
    <p class='ocr_par' dir='ltr' id='par_1_132' title="bbox 1794 3968 3360 4026">
     <span class='ocr_line' id='line_1_132' title="bbox 1794 3968 3360 4026; baseline 0.002 -5"><span class='ocrx_word' id='word_1_1005' title='bbox 1794 3987 1899 4026; x_wconf 91' lang='lat' dir='ltr'><strong>uno</strong></span> <span class='ocrx_word' id='word_1_1006' title='bbox 1924 3972 2088 4025; x_wconf 90' lang='lat' dir='ltr'><strong>verbo</strong></span> <span class='ocrx_word' id='word_1_1007' title='bbox 2113 3970 2440 4023; x_wconf 87' lang='lat' dir='ltr'><strong>demonstrat</strong></span> <span class='ocrx_word' id='word_1_1008' title='bbox 2465 3978 2663 4021; x_wconf 81' lang='lat' dir='ltr'><strong>natum-</strong></span> <span class='ocrx_word' id='word_1_1009' title='bbox 2685 3979 2877 4021; x_wconf 74' lang='lat' dir='ltr'><strong>nostra:</strong></span> <span class='ocrx_word' id='word_1_1010' title='bbox 2901 3984 3059 4021; x_wconf 91' lang='lat' dir='ltr'><strong>unum</strong></span> <span class='ocrx_word' id='word_1_1011' title='bbox 3086 3968 3360 4025; x_wconf 89' lang='lat' dir='ltr'><strong>doctorem</strong></span> 
     </span>
    </p>
   </div>
   <div class='ocr_carea' id='block_1_133' title="bbox 1793 4037 3363 4107">
    <p class='ocr_par' dir='ltr' id='par_1_133' title="bbox 1793 4037 3363 4107">
     <span class='ocr_line' id='line_1_133' title="bbox 1793 4037 3363 4107; baseline -0.001 -12"><span class='ocrx_word' id='word_1_1012' title='bbox 1793 4042 1953 4095; x_wconf 85' lang='lat' dir='ltr'><strong>fuisse</strong></span> <span class='ocrx_word' id='word_1_1013' title='bbox 1999 4041 2183 4092; x_wconf 91' lang='lat' dir='ltr'><strong>Deum.</strong></span> <span class='ocrx_word' id='word_1_1014' title='bbox 2230 4038 2430 4091; x_wconf 90' lang='lat' dir='ltr'><strong>Prodiit</strong></span> <span class='ocrx_word' id='word_1_1015' title='bbox 2471 4038 2654 4091; x_wconf 85' lang='lat' dir='ltr'><strong>beatus</strong></span> <span class='ocrx_word' id='word_1_1016' title='bbox 2685 4037 2933 4091; x_wconf 85' lang='lat' dir='ltr'><strong>Salomon</strong></span> <span class='ocrx_word' id='word_1_1017' title='bbox 2985 4037 3208 4091; x_wconf 82' lang='lat' dir='ltr'><strong>dicens:</strong></span> <span class='ocrx_word' id='word_1_1018' title='bbox 3242 4038 3363 4107; x_wconf 72' lang='lat' dir='ltr'><strong>Ipsa</strong></span> 
     </span>
    </p>
   </div>
   <div class='ocr_carea' id='block_1_134' title="bbox 1794 4108 3362 4177">
    <p class='ocr_par' dir='ltr' id='par_1_134' title="bbox 1794 4108 3362 4177">
     <span class='ocr_line' id='line_1_134' title="bbox 1794 4108 3362 4177; baseline -0.001 -13"><span class='ocrx_word' id='word_1_1019' title='bbox 1794 4115 1923 4164; x_wconf 84' lang='lat' dir='ltr'><strong>enim</strong></span> <span class='ocrx_word' id='word_1_1020' title='bbox 1944 4110 2079 4163; x_wconf 82' lang='lat' dir='ltr'><strong>dedit</strong></span> <span class='ocrx_word' id='word_1_1021' title='bbox 2104 4110 2223 4160; x_wconf 81' lang='lat' dir='ltr'><strong>mihi</strong></span> <span class='ocrx_word' id='word_1_1022' title='bbox 2249 4124 2414 4160; x_wconf 80' lang='lat' dir='ltr'><strong>rerum</strong></span> <span class='ocrx_word' id='word_1_1023' title='bbox 2435 4108 2765 4177; x_wconf 83' lang='lat' dir='ltr'><strong>cognitionem</strong></span> <span class='ocrx_word' id='word_1_1024' title='bbox 2793 4118 2996 4166; x_wconf 86' lang='lat' dir='ltr'><strong>certam.</strong></span> <span class='ocrx_word' id='word_1_1025' title='bbox 3021 4108 3087 4158; x_wconf 88' lang='lat' dir='ltr'><strong>ad</strong></span> <span class='ocrx_word' id='word_1_1026' title='bbox 3107 4110 3362 4163; x_wconf 73' lang='lat' dir='ltr'><strong>sciendum</strong></span> 
     </span>
    </p>
   </div>
   <div class='ocr_carea' id='block_1_135' title="bbox 1792 4177 3358 4245">
    <p class='ocr_par' dir='ltr' id='par_1_135' title="bbox 1792 4177 3358 4245">
     <span class='ocr_line' id='line_1_135' title="bbox 1792 4177 3358 4245; baseline -0.002 -11"><span class='ocrx_word' id='word_1_1027' title='bbox 1792 4181 2185 4234; x_wconf 80' lang='lat' dir='ltr'><strong>constitutionem</strong></span> <span class='ocrx_word' id='word_1_1028' title='bbox 2215 4179 2408 4243; x_wconf 87' lang='lat' dir='ltr'><strong>mundi,</strong></span> <span class='ocrx_word' id='word_1_1029' title='bbox 2437 4187 2481 4229; x_wconf 87' lang='lat' dir='ltr'><strong>et</strong></span> <span class='ocrx_word' id='word_1_1030' title='bbox 2508 4178 2855 4229; x_wconf 72' lang='lat' dir='ltr'><strong>elementorum</strong></span> <span class='ocrx_word' id='word_1_1031' title='bbox 2881 4177 3171 4245; x_wconf 70' lang='lat' dir='ltr'><strong>efficaciam,</strong></span> <span class='ocrx_word' id='word_1_1032' title='bbox 3214 4180 3358 4244; x_wconf 69' lang='lat' dir='ltr'><strong>ﬁnes,</strong></span> 
     </span>
    </p>
   </div>
   <div class='ocr_carea' id='block_1_136' title="bbox 1796 4246 3361 4319">
    <p class='ocr_par' dir='ltr' id='par_1_136' title="bbox 1796 4246 3361 4319">
     <span class='ocr_line' id='line_1_136' title="bbox 1796 4246 3361 4319; baseline 0.001 -19"><span class='ocrx_word' id='word_1_1033' title='bbox 1796 4252 2039 4319; x_wconf 82' lang='lat' dir='ltr'><strong>principia</strong></span> <span class='ocrx_word' id='word_1_1034' title='bbox 2061 4258 2104 4301; x_wconf 84' lang='lat' dir='ltr'><strong>et</strong></span> <span class='ocrx_word' id='word_1_1035' title='bbox 2130 4249 2290 4301; x_wconf 83' lang='lat' dir='ltr'><strong>media</strong></span> <span class='ocrx_word' id='word_1_1036' title='bbox 2320 4258 2617 4319; x_wconf 83' lang='lat' dir='ltr'><strong>temporum,</strong></span> <span class='ocrx_word' id='word_1_1037' title='bbox 2639 4246 2758 4298; x_wconf 85' lang='lat' dir='ltr'><strong>anni</strong></span> <span class='ocrx_word' id='word_1_1038' title='bbox 2779 4246 3010 4309; x_wconf 79' lang='lat' dir='ltr'><strong>circulos,</strong></span> <span class='ocrx_word' id='word_1_1039' title='bbox 3042 4256 3086 4299; x_wconf 75' lang='lat' dir='ltr'><strong>rt</strong></span> <span class='ocrx_word' id='word_1_1040' title='bbox 3106 4249 3361 4319; x_wconf 71' lang='lat' dir='ltr'><strong>stellarum</strong></span> 
     </span>
    </p>
   </div>
   <div class='ocr_carea' id='block_1_137' title="bbox 1794 4317 3359 4389">
    <p class='ocr_par' dir='ltr' id='par_1_137' title="bbox 1794 4317 3359 4389">
     <span class='ocr_line' id='line_1_137' title="bbox 1794 4317 3359 4389; baseline -0.003 -18"><span class='ocrx_word' id='word_1_1041' title='bbox 1794 4317 2081 4389; x_wconf 67' lang='lat' dir='ltr'><strong>positiOnes,</strong></span> <span class='ocrx_word' id='word_1_1042' title='bbox 2104 4328 2320 4389; x_wconf 68' lang='lat' dir='ltr'><strong>natura:</strong></span> <span class='ocrx_word' id='word_1_1043' title='bbox 2349 4318 2661 4389; x_wconf 78' lang='lat' dir='ltr'><strong>animalium,</strong></span> <span class='ocrx_word' id='word_1_1044' title='bbox 2692 4321 2958 4389; x_wconf 27' lang='lat' dir='ltr'><strong>etufurorcs</strong></span> <span class='ocrx_word' id='word_1_1045' title='bbox 2986 4322 3226 4384; x_wconf 80' lang='lat' dir='ltr'><strong>ferarum,</strong></span> <span class='ocrx_word' id='word_1_1046' title='bbox 3256 4317 3359 4381; x_wconf 75' lang='lat' dir='ltr'><strong>dif-</strong></span> 
     </span>
    </p>
   </div>
   <div class='ocr_carea' id='block_1_138' title="bbox 1795 4385 3362 4459">
    <p class='ocr_par' dir='ltr' id='par_1_138' title="bbox 1795 4385 3362 4459">
     <span class='ocr_line' id='line_1_138' title="bbox 1795 4385 3362 4459; baseline -0.003 -20"><span class='ocrx_word' id='word_1_1047' title='bbox 1795 4385 2027 4459; x_wconf 63' lang='lat' dir='ltr'><strong>ferentias</strong></span> <span class='ocrx_word' id='word_1_1048' title='bbox 2056 4388 2342 4455; x_wconf 84' lang='lat' dir='ltr'><strong>plantarum</strong></span> <span class='ocrx_word' id='word_1_1049' title='bbox 2367 4388 2636 4459; x_wconf 70' lang='lat' dir='ltr'><strong>et_virtutes</strong></span> <span class='ocrx_word' id='word_1_1050' title='bbox 2654 4385 2897 4459; x_wconf 61' lang='lat' dir='ltr'><strong>r_adicnpr,</strong></span> <span class='ocrx_word' id='word_1_1051' title='bbox 2922 4396 3166 4459; x_wconf 40' lang='lat' dir='ltr'><strong>quassant</strong></span> <span class='ocrx_word' id='word_1_1052' title='bbox 3186 4396 3362 4459; x_wconf 83' lang='lat' dir='ltr'><strong>_aperta</strong></span> 
     </span>
    </p>
   </div>
   <div class='ocr_carea' id='block_1_139' title="bbox 1794 4452 3362 4523">
    <p class='ocr_par' dir='ltr' id='par_1_139' title="bbox 1794 4452 3362 4523">
     <span class='ocr_line' id='line_1_139' title="bbox 1794 4452 3362 4523; baseline -0.002 -12"><span class='ocrx_word' id='word_1_1053' title='bbox 1794 4452 1841 4512; x_wconf 71' lang='lat' dir='ltr'><strong>ct</strong></span> <span class='ocrx_word' id='word_1_1054' title='bbox 1882 4452 2076 4510; x_wconf 80' lang='lat' dir='ltr'><strong>occulta</strong></span> <span class='ocrx_word' id='word_1_1055' title='bbox 2100 4496 2115 4520; x_wconf 92' lang='lat'><strong>,</strong></span> <span class='ocrx_word' id='word_1_1056' title='bbox 2147 4472 2257 4508; x_wconf 77' lang='lat' dir='ltr'><strong>nam</strong></span> <span class='ocrx_word' id='word_1_1057' title='bbox 2296 4472 2384 4523; x_wconf 78' lang='lat' dir='ltr'><strong>ego</strong></span> <span class='ocrx_word' id='word_1_1058' title='bbox 2408 4455 2558 4523; x_wconf 68' lang='lat' dir='ltr'><strong>homo</strong></span> <span class='ocrx_word' id='word_1_1059' title='bbox 2609 4454 2779 4521; x_wconf 84' lang='lat' dir='ltr'><strong>(Sap.</strong></span> <span class='ocrx_word' id='word_1_1060' title='bbox 2826 4454 2877 4523; x_wconf 90' lang='lat'><strong>7_.</strong></span> <span class='ocrx_word' id='word_1_1061' title='bbox 2920 4452 3081 4523; x_wconf 50' lang='grc'><strong>17³21</strong></span> <span class='ocrx_word' id='word_1_1062' title='bbox 3112 4456 3150 4521; x_wconf 88' lang='grc'><strong>).</strong></span> <span class='ocrx_word' id='word_1_1063' title='bbox 3185 4452 3362 4523; x_wconf 82' lang='lat' dir='ltr'><strong>Imago</strong></span> 
     </span>
    </p>
   </div>
   <div class='ocr_carea' id='block_1_140' title="bbox 1795 4521 3362 4596">
    <p class='ocr_par' dir='ltr' id='par_1_140' title="bbox 1795 4521 3362 4596">
     <span class='ocr_line' id='line_1_140' title="bbox 1795 4521 3362 4596; baseline -0.003 -16"><span class='ocrx_word' id='word_1_1064' title='bbox 1795 4528 2059 4596; x_wconf 87' lang='lat' dir='ltr'><strong>quomodo</strong></span> <span class='ocrx_word' id='word_1_1065' title='bbox 2081 4521 2361 4593; x_wconf 70' lang='lat' dir='ltr'><strong>cognovit?</strong></span> <span class='ocrx_word' id='word_1_1066' title='bbox 2386 4522 2619 4577; x_wconf 87' lang='lat' dir='ltr'><strong>Omnium</strong></span> <span class='ocrx_word' id='word_1_1067' title='bbox 2658 4523 2788 4596; x_wconf 85' lang='lat' dir='ltr'><strong>enim</strong></span> <span class='ocrx_word' id='word_1_1068' title='bbox 2832 4521 3016 4588; x_wconf 73' lang='lat' dir='ltr'><strong>Opifex</strong></span> <span class='ocrx_word' id='word_1_1069' title='bbox 3061 4525 3228 4574; x_wconf 81' lang='lat' dir='ltr'><strong>docuit</strong></span> <span class='ocrx_word' id='word_1_1070' title='bbox 3284 4521 3362 4577; x_wconf 77' lang='lat' dir='ltr'><strong>me</strong></span> 
     </span>
    </p>
   </div>
   <div class='ocr_carea' id='block_1_141' title="bbox 1795 4594 3357 4665">
    <p class='ocr_par' dir='ltr' id='par_1_141' title="bbox 1795 4594 3357 4665">
     <span class='ocr_line' id='line_1_141' title="bbox 1795 4594 3357 4665; baseline -0.004 -14"><span class='ocrx_word' id='word_1_1071' title='bbox 1795 4594 2108 4665; x_wconf 66' lang='lat' dir='ltr'><strong>sapientiam.</strong></span> <span class='ocrx_word' id='word_1_1072' title='bbox 2139 4596 2321 4647; x_wconf 88' lang='lat' dir='ltr'><strong>Docuit</strong></span> <span class='ocrx_word' id='word_1_1073' title='bbox 2350 4602 2399 4646; x_wconf 91' lang='lat' dir='ltr'><strong>te</strong></span> <span class='ocrx_word' id='word_1_1074' title='bbox 2425 4608 2543 4661; x_wconf 67' lang='lat' dir='ltr'><strong>quae</strong></span> <span class='ocrx_word' id='word_1_1075' title='bbox 2563 4594 2845 4665; x_wconf 83' lang='lat' dir='ltr'><strong>secundum</strong></span> <span class='ocrx_word' id='word_1_1076' title='bbox 2870 4607 3165 4665; x_wconf 84' lang='lat' dir='ltr'><strong>mensuram</strong></span> <span class='ocrx_word' id='word_1_1077' title='bbox 3186 4604 3357 4657; x_wconf 88' lang='lat' dir='ltr'><strong>erant,</strong></span> 
     </span>
    </p>
   </div>
   <div class='ocr_carea' id='block_1_142' title="bbox 1797 4662 3359 4733">
    <p class='ocr_par' dir='ltr' id='par_1_142' title="bbox 1797 4662 3359 4733">
     <span class='ocr_line' id='line_1_142' title="bbox 1797 4662 3359 4733; baseline -0.003 -13"><span class='ocrx_word' id='word_1_1078' title='bbox 1797 4662 1903 4721; x_wconf 71' lang='lat' dir='ltr'><strong>nan</strong></span> <span class='ocrx_word' id='word_1_1079' title='bbox 1932 4681 2049 4733; x_wconf 63' lang='lat' dir='ltr'><strong>quae</strong></span> <span class='ocrx_word' id='word_1_1080' title='bbox 2090 4680 2262 4717; x_wconf 84' lang='lat' dir='ltr'><strong>secus.</strong></span> <span class='ocrx_word' id='word_1_1081' title='bbox 2293 4665 2519 4715; x_wconf 89' lang='lat' dir='ltr'><strong>Attende</strong></span> <span class='ocrx_word' id='word_1_1082' title='bbox 2547 4664 2687 4715; x_wconf 91' lang='lat' dir='ltr'><strong>enim</strong></span> <span class='ocrx_word' id='word_1_1083' title='bbox 2720 4662 2769 4714; x_wconf 92' lang='lat' dir='ltr'><strong>in</strong></span> <span class='ocrx_word' id='word_1_1084' title='bbox 2797 4671 2987 4729; x_wconf 84' lang='lat' dir='ltr'><strong>quanta</strong></span> <span class='ocrx_word' id='word_1_1085' title='bbox 3021 4662 3359 4733; x_wconf 78' lang='lat' dir='ltr'><strong>modumex-</strong></span> 
     </span>
    </p>
   </div>
   <div class='ocr_carea' id='block_1_143' title="bbox 1797 4732 3355 4798">
    <p class='ocr_par' dir='ltr' id='par_1_143' title="bbox 1797 4732 3355 4798">
     <span class='ocr_line' id='line_1_143' title="bbox 1797 4732 3355 4798; baseline -0.004 -8"><span class='ocrx_word' id='word_1_1086' title='bbox 1797 4732 2033 4790; x_wconf 83' lang='lat' dir='ltr'><strong>cedentia</strong></span> <span class='ocrx_word' id='word_1_1087' title='bbox 2058 4734 2239 4787; x_wconf 79' lang='lat' dir='ltr'><strong>effudit</strong></span> <span class='ocrx_word' id='word_1_1088' title='bbox 2267 4747 2323 4785; x_wconf 92' lang='lat' dir='ltr'><strong>se</strong></span> <span class='ocrx_word' id='word_1_1089' title='bbox 2350 4747 2437 4785; x_wconf 90' lang='lat' dir='ltr'><strong>ars</strong></span> <span class='ocrx_word' id='word_1_1090' title='bbox 2464 4732 2688 4785; x_wconf 89' lang='lat' dir='ltr'><strong>humana</strong></span> <span class='ocrx_word' id='word_1_1091' title='bbox 2710 4770 2724 4793; x_wconf 92' lang='lat'><strong>,</strong></span> <span class='ocrx_word' id='word_1_1092' title='bbox 2752 4746 2869 4798; x_wconf 71' lang='lat' dir='ltr'><strong>qua:</strong></span> <span class='ocrx_word' id='word_1_1093' title='bbox 2898 4739 3008 4783; x_wconf 91' lang='lat' dir='ltr'><strong>erat</strong></span> <span class='ocrx_word' id='word_1_1094' title='bbox 3039 4732 3208 4798; x_wconf 89' lang='lat' dir='ltr'><strong>imago</strong></span> <span class='ocrx_word' id='word_1_1095' title='bbox 3241 4732 3355 4787; x_wconf 90' lang='lat' dir='ltr'><strong>Dei.</strong></span> 
     </span>
    </p>
   </div>
   <div class='ocr_carea' id='block_1_144' title="bbox 1800 4801 3363 4872">
    <p class='ocr_par' dir='ltr' id='par_1_144' title="bbox 1800 4801 3363 4872">
     <span class='ocr_line' id='line_1_144' title="bbox 1800 4801 3363 4872; baseline -0.004 -13"><span class='ocrx_word' id='word_1_1096' title='bbox 1800 4805 2123 4872; x_wconf 82' lang='lat' dir='ltr'><strong>Excogitavit</strong></span> <span class='ocrx_word' id='word_1_1097' title='bbox 2161 4802 2424 4871; x_wconf 88' lang='lat' dir='ltr'><strong>quomodo</strong></span> <span class='ocrx_word' id='word_1_1098' title='bbox 2470 4803 2615 4853; x_wconf 88' lang='lat' dir='ltr'><strong>vocis</strong></span> <span class='ocrx_word' id='word_1_1099' title='bbox 2650 4814 2905 4872; x_wconf 82' lang='lat' dir='ltr'><strong>organum</strong></span> <span class='ocrx_word' id='word_1_1100' title='bbox 2937 4801 3124 4872; x_wconf 62' lang='lat' dir='ltr'><strong>datum</strong></span> <span class='ocrx_word' id='word_1_1101' title='bbox 3156 4804 3261 4866; x_wconf 89' lang='lat' dir='ltr'><strong>sit,</strong></span> <span class='ocrx_word' id='word_1_1102' title='bbox 3310 4812 3363 4857; x_wconf 86' lang='lat' dir='ltr'><strong>et</strong></span> 
     </span>
    </p>
   </div>
   <div class='ocr_carea' id='block_1_145' title="bbox 1800 4869 3363 4941">
    <p class='ocr_par' dir='ltr' id='par_1_145' title="bbox 1800 4869 3363 4941">
     <span class='ocr_line' id='line_1_145' title="bbox 1800 4869 3363 4941; baseline -0.003 -12"><span class='ocrx_word' id='word_1_1103' title='bbox 1800 4869 2062 4929; x_wconf 75' lang='lat' dir='ltr'><strong>intellccta</strong></span> <span class='ocrx_word' id='word_1_1104' title='bbox 2112 4869 2293 4925; x_wconf 81' lang='lat' dir='ltr'><strong>natura</strong></span> <span class='ocrx_word' id='word_1_1105' title='bbox 2346 4880 2456 4923; x_wconf 88' lang='lat' dir='ltr'><strong>arte</strong></span> <span class='ocrx_word' id='word_1_1106' title='bbox 2497 4880 2731 4923; x_wconf 83' lang='lat' dir='ltr'><strong>naturam</strong></span> <span class='ocrx_word' id='word_1_1107' title='bbox 2789 4869 3037 4941; x_wconf 83' lang='lat' dir='ltr'><strong>imitatur.</strong></span> <span class='ocrx_word' id='word_1_1108' title='bbox 3070 4869 3363 4941; x_wconf 83' lang='lat' dir='ltr'><strong>_Excogitat</strong></span> 
     </span>
    </p>
   </div>
   <div class='ocr_carea' id='block_1_146' title="bbox 1798 4938 3362 5012">
    <p class='ocr_par' dir='ltr' id='par_1_146' title="bbox 1798 4938 3362 5012">
     <span class='ocr_line' id='line_1_146' title="bbox 1798 4938 3362 5012; baseline 0 -16"><span class='ocrx_word' id='word_1_1109' title='bbox 1798 4946 1978 5012; x_wconf 85' lang='lat' dir='ltr'><strong>organi</strong></span> <span class='ocrx_word' id='word_1_1110' title='bbox 2008 4954 2266 5003; x_wconf 88' lang='lat' dir='ltr'><strong>naturam,</strong></span> <span class='ocrx_word' id='word_1_1111' title='bbox 2297 4941 2764 5012; x_wconf 73' lang='lat' dir='ltr'><strong>organi,_inquam,_</strong></span> <span class='ocrx_word' id='word_1_1112' title='bbox 2781 4938 2958 5012; x_wconf 78' lang='lat' dir='ltr'><strong>multis</strong></span> <span class='ocrx_word' id='word_1_1113' title='bbox 2989 4939 3152 5012; x_wconf 72' lang='lat' dir='ltr'><strong>tibiis,</strong></span> <span class='ocrx_word' id='word_1_1114' title='bbox 3184 4938 3362 4996; x_wconf 80' lang='lat' dir='ltr'><strong>multis</strong></span> 
     </span>
    </p>
   </div>
   <div class='ocr_carea' id='block_1_147' title="bbox 1800 5007 3363 5078">
    <p class='ocr_par' dir='ltr' id='par_1_147' title="bbox 1800 5007 3363 5078">
     <span class='ocr_line' id='line_1_147' title="bbox 1800 5007 3363 5078; baseline -0.003 -11"><span class='ocrx_word' id='word_1_1115' title='bbox 1800 5007 1985 5067; x_wconf 73' lang='lat' dir='ltr'><strong>fistulis</strong></span> <span class='ocrx_word' id='word_1_1116' title='bbox 2045 5013 2299 5065; x_wconf 86' lang='lat' dir='ltr'><strong>instructi.</strong></span> <span class='ocrx_word' id='word_1_1117' title='bbox 2362 5011 2425 5062; x_wconf 85' lang='lat' dir='ltr'><strong>Et</strong></span> <span class='ocrx_word' id='word_1_1118' title='bbox 2472 5008 2586 5062; x_wconf 84' lang='lat' dir='ltr'><strong>vide</strong></span> <span class='ocrx_word' id='word_1_1119' title='bbox 2644 5010 2767 5061; x_wconf 86' lang='lat' dir='ltr'><strong>mihi</strong></span> <span class='ocrx_word' id='word_1_1120' title='bbox 2816 5008 2936 5076; x_wconf 90' lang='lat' dir='ltr'><strong>quid</strong></span> <span class='ocrx_word' id='word_1_1121' title='bbox 2982 5007 3175 5072; x_wconf 81' lang='lat' dir='ltr'><strong>faciat,</strong></span> <span class='ocrx_word' id='word_1_1122' title='bbox 3234 5026 3363 5078; x_wconf 90' lang='lat' dir='ltr'><strong>quo-</strong></span> 
     </span>
    </p>
   </div>
   <div class='ocr_carea' id='block_1_148' title="bbox 1800 5078 3361 5147">
    <p class='ocr_par' dir='ltr' id='par_1_148' title="bbox 1800 5078 3361 5147">
     <span class='ocr_line' id='line_1_148' title="bbox 1800 5078 3361 5147; baseline -0.002 -10"><span class='ocrx_word' id='word_1_1123' title='bbox 1800 5084 1955 5137; x_wconf 90' lang='lat' dir='ltr'><strong>modo</strong></span> <span class='ocrx_word' id='word_1_1124' title='bbox 1981 5097 2068 5134; x_wconf 91' lang='lat' dir='ltr'><strong>ars</strong></span> <span class='ocrx_word' id='word_1_1125' title='bbox 2096 5081 2157 5131; x_wconf 91' lang='lat' dir='ltr'><strong>ad</strong></span> <span class='ocrx_word' id='word_1_1126' title='bbox 2192 5089 2429 5131; x_wconf 89' lang='lat' dir='ltr'><strong>naturam</strong></span> <span class='ocrx_word' id='word_1_1127' title='bbox 2470 5078 2863 5147; x_wconf 82' lang='lat' dir='ltr'><strong>exprimendam</strong></span> <span class='ocrx_word' id='word_1_1128' title='bbox 2910 5092 3025 5131; x_wconf 84' lang='lat' dir='ltr'><strong>sese</strong></span> <span class='ocrx_word' id='word_1_1129' title='bbox 3069 5088 3361 5145; x_wconf 85' lang='lat' dir='ltr'><strong>comparet.</strong></span> 
     </span>
    </p>
   </div>
   <div class='ocr_carea' id='block_1_149' title="bbox 1800 5148 3363 5216">
    <p class='ocr_par' dir='ltr' id='par_1_149' title="bbox 1800 5148 3363 5216">
     <span class='ocr_line' id='line_1_149' title="bbox 1800 5148 3363 5216; baseline -0.004 -9"><span class='ocrx_word' id='word_1_1130' title='bbox 1800 5154 2002 5207; x_wconf 86' lang='lat' dir='ltr'><strong>Invenit</strong></span> <span class='ocrx_word' id='word_1_1131' title='bbox 2032 5162 2175 5202; x_wconf 89' lang='lat' dir='ltr'><strong>utres</strong></span> <span class='ocrx_word' id='word_1_1132' title='bbox 2200 5190 2213 5213; x_wconf 97' lang='lat'><strong>,</strong></span> <span class='ocrx_word' id='word_1_1133' title='bbox 2254 5150 2339 5216; x_wconf 91' lang='lat' dir='ltr'><strong>qni</strong></span> <span class='ocrx_word' id='word_1_1134' title='bbox 2368 5164 2468 5200; x_wconf 92' lang='lat' dir='ltr'><strong>non</strong></span> <span class='ocrx_word' id='word_1_1135' title='bbox 2498 5165 2562 5200; x_wconf 87' lang='lat' dir='ltr'><strong>ex</strong></span> <span class='ocrx_word' id='word_1_1136' title='bbox 2592 5149 2779 5215; x_wconf 84' lang='lat' dir='ltr'><strong>seipsis</strong></span> <span class='ocrx_word' id='word_1_1137' title='bbox 2818 5148 3058 5215; x_wconf 86' lang='lat' dir='ltr'><strong>spiritum</strong></span> <span class='ocrx_word' id='word_1_1138' title='bbox 3100 5160 3149 5200; x_wconf 89' lang='lat' dir='ltr'><strong>et</strong></span> <span class='ocrx_word' id='word_1_1139' title='bbox 3175 5162 3363 5201; x_wconf 77' lang='lat' dir='ltr'><strong>SOIilllll</strong></span> 
     </span>
    </p>
   </div>
   <div class='ocr_carea' id='block_1_150' title="bbox 1800 5216 3362 5285">
    <p class='ocr_par' dir='ltr' id='par_1_150' title="bbox 1800 5216 3362 5285">
     <span class='ocr_line' id='line_1_150' title="bbox 1800 5216 3362 5285; baseline -0.003 -9"><span class='ocrx_word' id='word_1_1140' title='bbox 1800 5223 2037 5283; x_wconf 70' lang='lat' dir='ltr'><strong>ederent,</strong></span> <span class='ocrx_word' id='word_1_1141' title='bbox 2064 5218 2152 5272; x_wconf 87' lang='lat' dir='ltr'><strong>sed</strong></span> <span class='ocrx_word' id='word_1_1142' title='bbox 2176 5220 2260 5285; x_wconf 88' lang='lat' dir='ltr'><strong>qui</strong></span> <span class='ocrx_word' id='word_1_1143' title='bbox 2280 5218 2520 5284; x_wconf 76' lang='lat' dir='ltr'><strong>explicati</strong></span> <span class='ocrx_word' id='word_1_1144' title='bbox 2551 5226 2825 5271; x_wconf 89' lang='lat' dir='ltr'><strong>externum</strong></span> <span class='ocrx_word' id='word_1_1145' title='bbox 2867 5218 3123 5285; x_wconf 86' lang='lat' dir='ltr'><strong>accipiant</strong></span> <span class='ocrx_word' id='word_1_1146' title='bbox 3160 5216 3362 5271; x_wconf 84' lang='lat' dir='ltr'><strong>flatum.</strong></span> 
     </span>
    </p>
   </div>
   <div class='ocr_carea' id='block_1_151' title="bbox 1802 5285 3363 5353">
    <p class='ocr_par' dir='ltr' id='par_1_151' title="bbox 1802 5285 3363 5353">
     <span class='ocr_line' id='line_1_151' title="bbox 1802 5285 3363 5353; baseline -0.003 -10"><span class='ocrx_word' id='word_1_1147' title='bbox 1802 5291 1999 5344; x_wconf 87' lang='lat' dir='ltr'><strong>Deinde</strong></span> <span class='ocrx_word' id='word_1_1148' title='bbox 2029 5306 2089 5339; x_wconf 89' lang='lat' dir='ltr'><strong>ex</strong></span> <span class='ocrx_word' id='word_1_1149' title='bbox 2136 5288 2340 5340; x_wconf 88' lang='lat' dir='ltr'><strong>duobus</strong></span> <span class='ocrx_word' id='word_1_1150' title='bbox 2390 5288 2592 5339; x_wconf 90' lang='lat' dir='ltr'><strong>utribus</strong></span> <span class='ocrx_word' id='word_1_1151' title='bbox 2622 5286 2669 5339; x_wconf 92' lang='lat' dir='ltr'><strong>in</strong></span> <span class='ocrx_word' id='word_1_1152' title='bbox 2699 5285 2853 5339; x_wconf 79' lang='lat' dir='ltr'><strong>[latus</strong></span> <span class='ocrx_word' id='word_1_1153' title='bbox 2882 5288 3120 5339; x_wconf 86' lang='lat' dir='ltr'><strong>canalem</strong></span> <span class='ocrx_word' id='word_1_1154' title='bbox 3149 5324 3162 5346; x_wconf 90' lang='lat'><strong>,</strong></span> <span class='ocrx_word' id='word_1_1155' title='bbox 3204 5287 3363 5353; x_wconf 80' lang='lat' dir='ltr'><strong>inque</strong></span> 
     </span>
    </p>
   </div>
   <div class='ocr_carea' id='block_1_152' title="bbox 1800 5354 3365 5421">
    <p class='ocr_par' dir='ltr' id='par_1_152' title="bbox 1800 5354 3365 5421">
     <span class='ocr_line' id='line_1_152' title="bbox 1800 5354 3365 5421; baseline -0.003 -8"><span class='ocrx_word' id='word_1_1156' title='bbox 1800 5374 1984 5413; x_wconf 88' lang='lat' dir='ltr'><strong>omnes</strong></span> <span class='ocrx_word' id='word_1_1157' title='bbox 2026 5359 2256 5410; x_wconf 86' lang='lat' dir='ltr'><strong>calamos</strong></span> <span class='ocrx_word' id='word_1_1158' title='bbox 2294 5357 2471 5409; x_wconf 86' lang='lat' dir='ltr'><strong>[latum</strong></span> <span class='ocrx_word' id='word_1_1159' title='bbox 2501 5357 2745 5409; x_wconf 87' lang='lat' dir='ltr'><strong>emittens</strong></span> <span class='ocrx_word' id='word_1_1160' title='bbox 2771 5396 2784 5418; x_wconf 86' lang='lat'><strong>,</strong></span> <span class='ocrx_word' id='word_1_1161' title='bbox 2814 5355 3125 5421; x_wconf 83' lang='lat' dir='ltr'><strong>excogitavit</strong></span> <span class='ocrx_word' id='word_1_1162' title='bbox 3155 5365 3207 5406; x_wconf 90' lang='lat' dir='ltr'><strong>ut</strong></span> <span class='ocrx_word' id='word_1_1163' title='bbox 3238 5354 3365 5409; x_wconf 80' lang='lat' dir='ltr'><strong>ﬂatu</strong></span> 
     </span>
    </p>
   </div>
   <div class='ocr_carea' id='block_1_153' title="bbox 1801 5422 3364 5494">
    <p class='ocr_par' dir='ltr' id='par_1_153' title="bbox 1801 5422 3364 5494">
     <span class='ocr_line' id='line_1_153' title="bbox 1801 5422 3364 5494; baseline -0.003 -11"><span class='ocrx_word' id='word_1_1164' title='bbox 1801 5436 1957 5483; x_wconf 83' lang='lat' dir='ltr'><strong>etiam</strong></span> <span class='ocrx_word' id='word_1_1165' title='bbox 1984 5427 2271 5494; x_wconf 90' lang='lat' dir='ltr'><strong>prodeunte</strong></span> <span class='ocrx_word' id='word_1_1166' title='bbox 2297 5426 2435 5477; x_wconf 88' lang='lat' dir='ltr'><strong>nulla</strong></span> <span class='ocrx_word' id='word_1_1167' title='bbox 2457 5440 2555 5479; x_wconf 90' lang='lat' dir='ltr'><strong>vox</strong></span> <span class='ocrx_word' id='word_1_1168' title='bbox 2586 5434 2746 5488; x_wconf 90' lang='lat' dir='ltr'><strong>esset,</strong></span> <span class='ocrx_word' id='word_1_1169' title='bbox 2770 5426 2937 5478; x_wconf 89' lang='lat' dir='ltr'><strong>donec</strong></span> <span class='ocrx_word' id='word_1_1170' title='bbox 2964 5422 3155 5494; x_wconf 89' lang='lat' dir='ltr'><strong>_digitus</strong></span> <span class='ocrx_word' id='word_1_1171' title='bbox 3176 5438 3364 5494; x_wconf 80' lang='lat' dir='ltr'><strong>sonum</strong></span> 
     </span>
    </p>
   </div>
   <div class='ocr_carea' id='block_1_154' title="bbox 1802 5491 3367 5558">
    <p class='ocr_par' dir='ltr' id='par_1_154' title="bbox 1802 5491 3367 5558">
     <span class='ocr_line' id='line_1_154' title="bbox 1802 5491 3367 5558; baseline -0.002 -6"><span class='ocrx_word' id='word_1_1172' title='bbox 1802 5491 2121 5552; x_wconf 73' lang='lat' dir='ltr'><strong>ell‘ormaret.</strong></span> <span class='ocrx_word' id='word_1_1173' title='bbox 2157 5497 2219 5548; x_wconf 79' lang='lat' dir='ltr'><strong>Et</strong></span> <span class='ocrx_word' id='word_1_1174' title='bbox 2240 5495 2375 5547; x_wconf 87' lang='lat' dir='ltr'><strong>unde</strong></span> <span class='ocrx_word' id='word_1_1175' title='bbox 2398 5494 2525 5558; x_wconf 91' lang='lat' dir='ltr'><strong>hoc,</strong></span> <span class='ocrx_word' id='word_1_1176' title='bbox 2553 5496 2621 5547; x_wconf 92' lang='lat' dir='ltr'><strong>mi</strong></span> <span class='ocrx_word' id='word_1_1177' title='bbox 2652 5493 2844 5547; x_wconf 87' lang='lat' dir='ltr'><strong>homo?</strong></span> <span class='ocrx_word' id='word_1_1178' title='bbox 2876 5491 3011 5545; x_wconf 90' lang='lat' dir='ltr'><strong>unde</strong></span> <span class='ocrx_word' id='word_1_1179' title='bbox 3031 5491 3367 5549; x_wconf 82' lang='lat' dir='ltr'><strong>concinnasti</strong></span> 
     </span>
    </p>
   </div>
   <div class='ocr_carea' id='block_1_155' title="bbox 1803 5561 3368 5638">
    <p class='ocr_par' dir='ltr' id='par_1_155' title="bbox 1803 5561 3368 5638">
     <span class='ocr_line' id='line_1_155' title="bbox 1803 5561 3368 5638; baseline 0 -16"><span class='ocrx_word' id='word_1_1180' title='bbox 1803 5582 2057 5638; x_wconf 84' lang='lat' dir='ltr'><strong>organum</strong></span> <span class='ocrx_word' id='word_1_1181' title='bbox 2080 5576 2132 5619; x_wconf 86' lang='lat' dir='ltr'><strong>et</strong></span> <span class='ocrx_word' id='word_1_1182' title='bbox 2156 5565 2548 5633; x_wconf 88' lang='lat' dir='ltr'><strong>receptaculum</strong></span> <span class='ocrx_word' id='word_1_1183' title='bbox 2573 5563 2827 5634; x_wconf 80' lang='lat' dir='ltr'><strong>Spiritus?</strong></span> <span class='ocrx_word' id='word_1_1184' title='bbox 2851 5576 2943 5617; x_wconf 90' lang='lat' dir='ltr'><strong>cur</strong></span> <span class='ocrx_word' id='word_1_1185' title='bbox 2963 5561 3184 5619; x_wconf 79' lang='lat' dir='ltr'><strong>efﬂuens</strong></span> <span class='ocrx_word' id='word_1_1186' title='bbox 3211 5564 3368 5622; x_wconf 68' lang='lat' dir='ltr'><strong>flatus</strong></span> 
     </span>
    </p>
   </div>
   <div class='ocr_carea' id='block_1_156' title="bbox 1870 5695 2901 5762">
    <p class='ocr_par' dir='ltr' id='par_1_156' title="bbox 1870 5695 2901 5762">
     <span class='ocr_line' id='line_1_156' title="bbox 1870 5695 2901 5762; baseline 0.001 -13"><span class='ocrx_word' id='word_1_1187' title='bbox 1870 5700 1886 5732; x_wconf 80' lang='grc' dir='ltr'><strong>ι</strong></span> <span class='ocrx_word' id='word_1_1188' title='bbox 1922 5706 2045 5758; x_wconf 73' lang='lat' dir='ltr'><strong>Post,</strong></span> <span class='ocrx_word' id='word_1_1189' title='bbox 2064 5695 2260 5760; x_wconf 76' lang='lat' dir='ltr'><strong>(amrin,</strong></span> <span class='ocrx_word' id='word_1_1190' title='bbox 2281 5698 2376 5750; x_wconf 82' lang='lat' dir='ltr'><strong>duo</strong></span> <span class='ocrx_word' id='word_1_1191' title='bbox 2398 5699 2591 5762; x_wconf 74' lang='lat' dir='ltr'><strong>addunt,</strong></span> <span class='ocrx_word' id='word_1_1192' title='bbox 2610 5712 2692 5751; x_wconf 73' lang='lat' dir='ltr'><strong>ars</strong></span> <span class='ocrx_word' id='word_1_1193' title='bbox 2713 5698 2901 5751; x_wconf 80' lang='lat' dir='ltr'><strong>suendi.</strong></span> 
     </span>
    </p>
   </div>
  </div>
