3976 6218
608 359 722 414 559

602 470 792 510 sonum
834 469 942 510 non
989 451 1184 510 emittit
1221 451 1416 520 apertis
1460 449 1639 520 tibiis?
1673 449 1932 520 Multum,
1966 448 2167 520 inquit,

604 525 954 592 obstupescis,
985 523 1106 592 quia
1136 519 1412 589 imperitus
1439 535 1518 574 es.
1549 519 1714 592 Paulo
1739 529 1861 592 ante
1881 519 2120 573 dicebam
2154 537 2168 572 :

603 589 780 664 Imago
804 610 947 664 sum,
972 589 1209 664 naturam
1239 606 1410 664 meam
1432 591 1691 664 perspexi,
1719 598 1774 644 et
1795 589 2026 664 imitatus
2053 603 2170 664 sum

608 657 888 733 meipsum.
919 661 1194 733 Quomodo
1223 657 1449 729 teipsuni
1481 657 1710 714 imitatus
1737 659 1836 714 es?
1867 657 1980 733 Vidi
2007 657 2166 710 etiam

605 736 657 786 in
686 728 1094 803 nieipsojtlatum
1136 728 1322 793 illum,
1367 744 1524 798 quem
1556 738 1738 783 mutuo
1781 728 1957 803 accepi
1989 741 2172 803 :_s:epe

606 796 831 870 namque
872 801 1057 853 thorax
1086 815 1346 870 expansos
1374 796 1426 853 et
1444 811 1788 870 compressus
1825 799 1964 851 aeris
1991 796 2170 850 ﬂatum

603 866 812 938 accipit.
845 870 1008 923 Video
1034 866 1253 938 arterias
1280 869 1410 938 duas
1437 866 1616 922 natum
1637 869 1962 930 emittentes,
1991 881 2089 935 per
2110 880 2171 919 os

605 935 753 1011 quasi
788 955 882 1011 per
903 937 1358 1011 canalem.‘_\'ideo
1384 935 1563 991 ﬂatum
1595 938 1826 1011 prodire,
1855 950 2026 1011 neque
2046 950 2164 1011 ver-

608 1003 729 1066 bum
757 1003 1016 1078 proferri,
1047 1007 1145 1060 nisi
1174 1007 1349 1078 lingua
1388 1021 1573 1060 sonum
1596 1003 2028 1061 conformavcrit.
2059 1003 2169 1078 ιιυ-

606 1073 800 1151 ipsum,
823 1079 1040 1151 inquam
1064 1077 1212 1151 ,_vidi
1238 1073 1337 1151 {et
1362 1078 1643 1151 annulatus
1678 1089 1843 1151 sum,
1860 1073 2172 1151 citumei‘pso

602 1141 773 1205 a'rtem
822 1141 1022 1200 Domini
1067 1141 1394 1212 deprehendi
1425 1185 1440 1208 ,
1485 1155 1541 1196 nt
1569 1147 1641 1198 ait
1686 1145 1844 1197 David
1875 1160 1888 1195 :
1922 1141 2170 1196 Mirabilis

607 1228 740 1283 ,ccla
767 1227 838 1269 est
860 1217 1065 1268 scientia
1099 1226 1184 1267 tua
1211 1232 1273 1268 ea:
1307 1231 1387 1267 me
1410 1215 1430 1284 (
1450 1213 1591 1267 Ρωι.
1634 1215 1754 1269 158.
1786 1216 1816 1268 6
1845 1213 2169 1284 ).7Mcipsum

602 1287 751 1351 vidi,
794 1296 847 1339 et
873 1287 1144 1339 Artillcem
1184 1285 1384 1337 laudavi
1415 1283 1428 1337 ἐ
1463 1284 1693 1336 imitatus
1731 1298 1848 1337 sum
1896 1283 2170 1335 Dominum

600 1360 780 1408 "meum
811 1372 823 1407 :
855 1364 966 1407 arte
997 1363 1233 1408 naturam
1256 1353 1516 1421 expressi.
1545 1351 1726 1421 Neque
1752 1353 1892 1407 enim
1916 1366 2168 1419 organum

605 1433 758 1493 turpe
783 1433 884 1487 est,
915 1425 1015 1476 nisi
1041 1438 1159 1476 cum
1191 1422 2170 1493 turpiumeantilenaruminstrumen-

604 1489 714 1545 tum
761 1493 1037 1546 efficitur:
1090 1491 1529 1561 quemadmodum
1573 1489 1746 1544 divina
1789 1491 1916 1546 olim
1963 1489 2172 1561 emitte-

603 1562 828 1626 bantur;
856 1577 959 1616 non
989 1557 1140 1615 erant
1171 1561 1408 1628 profana,
1441 1563 1538 1613 nisi
1568 1575 1688 1613 cum
1720 1571 1898 1626 postea
1929 1559 2048 1612 talia
2078 1557 2172 1611 ad-

603 1632 821 1686 iuventa
844 1643 966 1685 sunt
985 1632 1049 1684 ad
1080 1631 1419 1699 voluptatem;
1443 1639 1676 1683 attamen
1692 1631 1736 1684 si
1757 1645 1905 1683 sacra
1927 1628 2168 1699 fuissent,

602 1709 660 1768 ut
685 1701 753 1752 ab
779 1701 950 1765 initio,
982 1697 1332 1768 profananon
1362 1707 1562 1755 essent.
1590 1699 1942 1765 Quamobrem
1971 1697 2130 1750 David
2153 1736 2167 1760 ,

600 1767 832 1847 Laudare
851 1787 972 1847 eum.
985 1767 1034 1822 in
1061 1769 1356 1847 psalterio-et
1379 1768 1590 1847 cithara,
1676 1769 1879 1847 chordis
1896 1777 1948 1847 et.
1960 1781 2168 1847 organo,

601 1839 655 1891 iu
684 1841 921 1909 cymbalis
953 1837 1074 1892 bene
1087 1840 1392 1909 sonantibus.
1413 1839 1467 1909 in
1492 1837 1733 1909 cymbalis
1745 1837 2058 1908 jubilationis
2076 1875 2102 1909 ,_
2119 1837 2172 1890 in

602 1905 841 1977 tympano
866 1920 912 1962 et
937 1911 1086 1962 choro
1115 1908 1134 1976 (
1165 1907 1303 1961 Psal.
1336 1908 1455 1961 150.
1488 1905 1540 1961 51
1566 1908 1601 1962 4
1624 1908 1663 1975 ).
1697 1905 1908 1962 Utinam
1937 1921 2065 1974 ergo
2090 1905 2171 1958 in-

602 1986 818 2032 ventum
856 1979 983 2032 illud
1014 1992 1118 2031 non
1149 1979 1202 2032 in
1233 1978 1552 2045 voluptatem
1581 1988 1635 2045 et
1665 1977 1929 2031 lasciviam
1962 1989 2170 2030 versom

607 2056 770 2112 esset,
805 2063 975 2117 neque
995 2049 1046 2101 in
1075 2047 1334 2117 idolorum
1358 2044 1584 2117 cultum!
1611 2044 1713 2117 sed
1741 2047 1786 2100 si
1811 2061 2016 2108 eorum,
2047 2059 2166 2113 qua:

602 2115 991 2184 excogitaverat
1017 2118 1196 2178 homo,
1224 2115 1450 2170 fructum
1484 2116 1591 2169 Deo
1618 2115 1915 2179 obtulisset,
1946 2128 2048 2168 non
2078 2128 2168 2167 re-

605 2186 863 2250 prehensa
892 2187 1073 2240 fuisset
1099 2187 1228 2240 artis
1251 2187 1464 2240 solertia
1486 2227 1501 2250 ,
1532 2186 1576 2238 si
1602 2185 1668 2238 ad
1698 2185 1902 2238 Domini
1931 2184 2168 2238 notitiam

604 2265 855 2323 usurpata
885 2255 1088 2310 fuisset.
1119 2256 1232 2310 Non
1263 2255 1585 2323 reprehensa
1615 2253 1802 2308 fuisset
1839 2254 2037 2307 cithara
2058 2293 2073 2316 ,
2123 2254 2167 2305 si

606 2324 746 2393 Deus
787 2339 882 2393 per
923 2325 1181 2379 citharam
1229 2325 1542 2392 praedicatus
1580 2323 1786 2378 fuisset.
1827 2324 1950 2378 Ideo
1980 2324 2166 2376 beatus

606 2392 804 2457 David,
833 2409 952 2450 cum
973 2395 1228 2449 citharam
1259 2395 1641 2463 conipegisset,
1671 2409 1767 2448 nec
1791 2408 1886 2462 per
1913 2394 2168 2447 citharam

602 2470 786 2534 turpes
815 2463 1040 2534 hymnos
1063 2473 1296 2527 caueret,
1329 2465 1420 2517 sed
1447 2477 1628 2534 sacros
1652 2472 1837 2534 cautus
1866 2463 2168 2516 modulare-

604 2541 706 2603 tur,
736 2533 786 2586 id
807 2533 1163 2603 consequutus
1184 2544 1264 2587 est
1285 2542 1341 2587 ut
1359 2536 1473 2600 ejus
1493 2533 1692 2586 cithara
1715 2533 1821 2586 Deo
1841 2541 2166 2603 consecrata,

608 2601 887 2656 daimouas
916 2601 1138 2672 fugaret.
1165 2605 1298 2656 Cum
1329 2605 1467 2654 enim
1497 2603 1710 2656 Sat'tlem
1745 2617 1921 2671 regem
1961 2601 2166 2672 daemon

610 2671 900 2739 exagitaret
921 2711 936 2734 ,
964 2671 1189 2726 cit-deret
1213 2713 1228 2734 ,
1262 2680 1656 2739 prosterneret,
1684 2671 1894 2738 quando
1919 2709 1933 2732 ,
1961 2671 2166 2737 inquit,

610 2739 794 2794 beatus
843 2741 1004 2794 David
1047 2741 1302 2795 citharam
1351 2741 1624 2808 pulsabat,
1666 2739 1800 2792 bene
1847 2755 1906 2794 se
1948 2739 2171 2793 habebat

603 2809 728 2863 Sat'tl
750 2850 762 2872 ,
807 2818 861 2864 et
900 2811 1225 2864 allevabatur
1266 2810 1343 2877 (1.
1370 2810 1494 2878 Reg.
1530 2808 1615 2862 16.
1645 2808 1768 2876 25).
1797 2809 1978 2862 Videu’
1998 2817 2163 2861 artem

604 2893 838 2942 onmem,
869 2879 911 2932 si
936 2880 1000 2932 ad
1033 2880 1122 2932 Dei
1151 2881 1400 2948 placitum
1423 2880 1790 2942 concinnetur,
1821 2880 1948 2931 nihil
1973 2879 2167 2932 habere

604 2948 750 3011 mali,
780 2951 884 3003 imo
909 2951 985 3003 sic
1009 2951 1188 3004 omnia
1209 2949 1360 3004 nobis
1388 2948 1674 3002 secundum
1705 2948 1926 3002 lubitum
1950 2961 2162 3017 proces-

604 3031 727 3071 sura
757 3019 951 3073 fuisse?

675 3087 727 3140 5.
752 3088 855 3140 Sed
892 3103 996 3155 quo
1019 3089 1240 3142 consilio
1267 3104 1332 3143 ex
1365 3087 1622 3156 theologia
1648 3087 1698 3139 in
1726 3095 1890 3140 artem
1913 3097 1966 3140 et
1988 3088 2170 3155 imagi-

607 3155 689 3208 nis
724 3156 1068 3210 imitationem
1109 3173 1416 3226 progressus
1454 3155 1605 3210 sum?
1636 3156 1704 3212 Ut
1729 3157 2042 3210 dominicam
2073 3174 2166 3208 vo-

603 3241 719 3297 cem
747 3236 928 3279 contra
957 3225 1234 3297 haireticos
1269 3228 1471 3296 (Contra
1497 3225 1806 3297 Auommos)
1835 3242 2164 3294 usurpamus.

603 3294 930 3365 Quamnam?
975 3294 1284 3365 llypocritte,
1319 3297 1493 3363 faciem
1521 3295 1630 3348 ca'li
1657 3307 1702 3347 et
1732 3294 1876 3348 terra:
1905 3298 2059 3349 nostis
2077 3299 2166 3364 ju-

601 3362 771 3417 dicare
799 3364 948 3430 (Luc.
984 3362 1071 3418 12.
1098 3367 1208 3433 56);
1235 3362 1375 3419 artes
1423 3365 1711 3424 invenistis,
1749 3366 1957 3420 iuventa
2007 3362 2164 3420 multa

603 3434 914 3501 protulistis,
941 3445 995 3487 et
1017 3437 1251 3487 omnium
1296 3435 1570 3488 Dominum
1599 3435 1957 3502 Opificemque
1979 3449 2161 3488 contu-

602 3502 758 3556 tnelia
787 3505 1030 3557 atﬁcitis?
1058 3504 1136 3557 Tu
1168 3520 1263 3571 per
1291 3515 1456 3556 artem
1490 3515 1628 3555 tuam
1656 3504 1887 3557 imitatus
1911 3520 1968 3557 es
1991 3505 2163 3558 Domi-

603 3585 753 3636 num,
767 3580 820 3626 et
840 3574 1026 3624 similis
1045 3574 1141 3641 ipsi
1161 3574 1484 3625 renuntiatus
1501 3589 1558 3626 es
1575 3574 1861 3625 secundum
1886 3574 2164 3641 imaginem

607 3649 663 3693 et
677 3640 1092 3706 similitudinem,
1112 3651 1164 3696 et
1184 3657 1268 3696 mc
1286 3642 1587 3695 Creatorem
1609 3643 1913 3695 dissimilem
1931 3640 2166 3696 Genitori

603 3710 894 3776 pradicas?
935 3712 1043 3781 Ego
1081 3727 1173 3764 vos
1205 3723 1415 3778 peccato
1442 3711 1703 3778 subjectos
1729 3712 1970 3773 liberavi,
2003 3722 2056 3765 ct
2085 3729 2167 3765 me

601 3781 835 3832 nuntium
887 3781 1160 3834 Dominum
1205 3781 1255 3834 in
1301 3781 1678 3848 snhjcctionem
1716 3781 1948 3834 vocatis?
1972 3781 2162 3848 Etiam,

602 3849 788 3914 inquit,
826 3852 1078 3917 scriptum
1124 3861 1222 3913 est,
1247 3851 1385 3918 quod
1431 3849 1594 3903 Filius
1634 3850 2016 3918 subjicieturU.
2048 3851 2162 3904 Cor.

601 3919 686 3969 15.
719 3919 1041 3989 28).Dictum
1085 3921 1295 3988 quidem
1326 3931 1425 3980 est,
1458 3921 1548 3973 sed
1590 3921 1878 3972 secundum
1905 3920 1992 3973 Dei
2024 3931 2166 3988 pote-

599 3995 808 4039 statem.
853 3989 1030 4055 Neque
1060 4000 1237 4041 nostra
1266 3990 1346 4040 illa
1374 3989 1534 4053 dicta,
1571 3989 1661 4042 sed
1683 4004 1710 4040 a
1742 3989 1848 4042 Deo
1889 3991 2167 4056 prmdiCata

601 4067 741 4109 sunt.
765 4057 882 4110 .Iam
927 4074 1076 4121 vero,
1105 4068 1160 4110 ut
1185 4059 1378 4110 dictum
1429 4059 1554 4110 illud
1592 4073 1802 4125 sequar,
1846 4061 2078 4112 Concedo
2106 4062 2167 4115 iis

602 4126 690 4197 qui
737 4127 1038 4186 audierunt,
1064 4139 1119 4178 ut
1169 4127 1291 4178 illud
1333 4128 1501 4194 ipsum
1545 4128 1854 4193 intelligant.
1880 4127 1949 4181 Ut
1993 4131 2166 4197 itaque

601 4194 800 4246 dictum
851 4197 976 4249 illud
1005 4211 1212 4264 sequar,
1244 4212 1365 4247 mnu
1392 4197 1438 4246 in
1475 4199 1639 4246 littora
1673 4197 1762 4248 illa
1801 4194 2164 4260 creatione,_in

600 4266 988 4334 resurrectione
1009 4266 1344 4334 subjicietur?
1368 4267 1431 4317 At
1457 4277 1578 4317 tunc
1599 4273 1652 4316 tu
1670 4266 1866 4332 angelis
1883 4267 1986 4318 eris
2003 4283 2170 4334 mqua-

602 4333 683 4384 lis.
717 4333 844 4386 Nam
867 4335 938 4387 ait
973 4336 1240 4394 Servator,
1264 4333 1327 4386 In
1362 4335 1716 4387 resurrectione
1758 4351 1912 4400 neque
1956 4333 2162 4399 nubunt,

602 4417 759 4470 neque
793 4405 1082 4466 nubuutur,
1133 4405 1219 4457 sed
1258 4414 1371 4457 sunt
1417 4416 1469 4455 ut
1511 4405 1676 4472 angeli
1721 4403 1809 4456 Dei
1841 4405 2048 4468 (.‘llattli.
2084 4406 2163 4458 19..

600 4472 712 4541 25).
778 4473 854 4525 Tn
886 4490 950 4525 ex
989 4475 1172 4526 ordine
1218 4485 1305 4526 tuo
1337 4475 1385 4525 in
1425 4473 1664 4526 altiorem
1695 4488 1751 4524 es
1781 4475 2081 4541 erigendus,
2115 4486 2168 4528 ct

603 4539 766 4592 Filius
796 4558 861 4594 ex
891 4544 1157 4596 dominatu
1182 4545 1229 4595 in
1271 4543 1646 4608 subjectioncm
1692 4539 1905 4596 veniet?
1932 4544 2044 4598 Non
2071 4561 2164 4596 au-

601 4609 723 4662 disli
752 4611 970 4664 Paulum
1009 4615 1267 4665 dicentem
1302 4629 1314 4662 :
1358 4613 1573 4663 Vanitati
1614 4614 1742 4663 enim
1782 4624 2008 4665 creatura
2045 4615 2165 4667 sub-

592 4679 731 4748 jecta
761 4691 852 4741 est,
875 4682 991 4745 quia
1015 4693 1059 4734 et
1091 4684 1199 4747 ipsa
1237 4693 1462 4732 creatura
1503 4683 1652 4751 simul
1682 4684 1954 4751 ingemiscit
1980 4694 2024 4736 et
2051 4702 2168 4751 pur-

601 4751 722 4800 turit
757 4765 909 4817 usque
935 4769 1066 4803 nunc
1094 4751 1264 4822 (Rom.
1374 4751 1459 4802 20.
1493 4750 1606 4819 22).
1652 4750 1912 4817 Creatura,
1954 4750 2161 4814 caelum,

601 4830 740 4872 terra
769 4831 822 4872 et
847 4830 1034 4873 ca'tera
1067 4820 1260 4873 omnia.
1305 4820 1516 4871 Vanitati
1543 4823 1671 4871 enim
1699 4832 1922 4873 creatura
1947 4824 2164 4886 subjecta

602 4899 692 4950 est,
722 4906 820 4941 non
850 4893 1034 4944 volens.
1055 4891 1146 4944 Cui
1178 4890 1426 4942 vanitati?
1459 4890 1729 4941 Humana}.
1755 4891 1859 4944 Cur
1886 4892 2161 4959 ipsumvo-

603 4967 686 5008 cat
713 4959 1032 5012 vanitatem?
1063 4961 1189 5026 Quia
1220 4976 1285 5014 ex
1319 4961 1399 5012 illa
1436 4960 1658 5026 imagine
1687 4961 1736 5011 in
1765 4961 2158 5013 similitudinem

603 5027 771 5078 hrntoi
791 5029 1255 5098 um_dcgcneravit.
1281 5031 1404 5081 Nam
1450 5027 1972 5098 i'aiiitas_uatii!atuiit,
1999 5031 2164 5082 omnia

601 5097 794 5149 ranitas
847 5095 1037 5164 (Eccie.
1078 5099 1126 5150 1.
1171 5099 1252 5167 2).
1302 5101 1366 5151 lit
1412 5098 1609 5150 David:
1638 5096 2008 5167 AVerumtamcu
2048 5104 2164 5150 um-

598 5182 742 5218 rersa
782 5170 996 5238 vanitas,
1037 5165 1215 5220 cumis
1241 5169 1569 5220 Immorivens
1601 5165 1768 5237 (Psnl.
1802 5169 1886 5220 58.
1925 5168 1996 5238 (5).
2037 5168 2164 5221 Iluic

601 5250 726 5302 ergo
767 5237 1000 5294 vanitati.
1025 5238 1219 5288 homini
1259 5249 1503 5304 corrupto
1542 5246 1776 5289 creatura
1802 5237 2031 5303 subjeCta
2062 5249 2158 5290 est.

601 5307 876 5368 Quomodo
919 5307 1186 5375 subjecta?
1229 5308 1405 5358 Oritur
1451 5306 1526 5357 sol
1571 5305 1828 5372 indignis,
1876 5309 2164 5359 scaturiunt

603 5377 773 5445 lentes
801 5377 1038 5445 ingratis,
1071 5386 1208 5429 terra
1254 5376 1453 5427 fructus
1479 5390 1602 5445 suos
1653 5379 1849 5440 prolert
1889 5376 2158 5444 improbis.

602 5443 1019 5515 Suhjecta'e'rgo
1057 5457 1136 5499 est
1185 5456 1424 5515 creatura
1475 5443 1687 5515 vanitati
1730 5460 1829 5496 non
1877 5447 2076 5498 volens.
2107 5446 2160 5498 Si

600 5514 740 5566 enim
760 5531 822 5566 ex
841 5512 1204 5580 ers'arbitrio,
1226 5531 1327 5567 non
1348 5513 1533 5567 lubens
1550 5512 1890 5582 subjici-retur
1907 5515 2158 5582 indignis;

600 5583 691 5634 sed
721 5594 932 5651 propter
951 5601 1069 5638 eum
1091 5587 1177 5652 qui
1200 5601 1257 5639 se
1277 5582 1502 5650 subjecit
1518 5581 1805 5652 subjicitur.
1834 5586 1946 5648 Quo
1965 5581 2162 5650 scopo?

599 5650 734 5718 Spei
757 5653 866 5718 Qua
909 5656 1036 5722 spe?
1062 5650 1212 5718 Quia.
1257 5663 1390 5707 ter-te
1417 5651 1598 5722 Paulo,
1639 5650 1922 5722 liberabitur
1949 5671 1978 5704 a
2006 5656 2160 5722 servi-

599 5732 700 5776 tute
718 5718 1050 5793 corruptionis
1076 5728 1126 5776 in
1149 5725 1415 5779 libertatem
1439 5721 1612 5790 gloriw
1630 5718 1848 5786 ﬁliorum
1871 5720 1963 5776 Dei
1984 5721 2154 5794 (Rom.

2073 334 2343 393 SPIlRIA.

3748 351 3858 406 560

2281 449 2333 505 8.
2361 448 2476 520 2t).
2509 446 2831 520 Creatoranf.
2871 457 2996 502 tunc
3034 447 3311 520 liberatur,
3334 457 3384 504 et
3414 448 3580 520 Filius
3611 449 3673 504 in
3699 455 3864 504 servi-

2280 517 2442 572 tutem
2475 517 2757 586 redigitur?
2787 517 3093 572 εει-ιιιαωίηὲ
3133 517 3424 586 Scriptura:
3450 519 3634 587 (latin.
3665 520 3726 573 5.
3752 520 3860 586 59),

2280 604 2346 643 ne
2374 587 2799 658 calumniemini;
2843 588 3149 658 scrutamini
3181 603 3248 642 ne
3275 589 3532 642 curiosius
3575 591 3861 658 perquira-

2278 658 2380 721 tis;
2411 657 2716 711 scrutamini
2754 656 3048 718 credentes,
3073 671 3176 710 non
3209 656 3658 713 contradicentes.
3713 657 3858 714 Unde

2279 726 2392 782 hzec
2412 727 2593 780 dicere
2617 726 2861 787 didicisti,
2886 726 2988 796 Qui
3014 736 3129 796 erat
3164 729 3369 786 genitus
3401 737 3500 790 est,
3533 744 3602 782 an
3630 731 3736 796 qui
3757 744 3853 782 non

2276 796 2428 850 erat?
2473 796 2611 849 unde
2646 795 2825 850 dicere
2865 795 3114 866 didicisti,
3164 796 3389 864 Gignere
3415 810 3466 850 et
3492 795 3693 851 creare
3721 801 3853 866 apud

2278 867 2443 920 Deum
2493 866 2718 932 idipsum
2759 865 2878 919 est?
2907 881 3030 917 num
3057 865 3242 918 Petrus
3264 867 3375 918 hinc
3401 877 3450 921 te
3472 867 3704 920 docuit?
3734 865 3855 921 ιιιιιιι

2278 935 2471 990 Paulus
2514 935 2806 1003 suggessit?
2854 934 2922 988 At
2958 934 3225 998 Servatur,
3267 935 3488 1003 inquies,
3531 938 3655 990 ha-c
3707 939 3852 990 notus

2277 1005 2508 1058 tradidit.
2551 1003 2690 1070 Lege
2718 1003 3061 1073 Scripturam,
3095 1016 3147 1058 et
3175 1004 3340 1072 legem
3385 1021 3657 1059 reverere.
3687 1006 3851 1062 Caele-

2277 1091 2392 1128 rum
2438 1089 2608 1142 neque
2637 1075 2688 1126 in
2715 1073 2866 1128 dictis
2902 1073 3012 1127 suis
3038 1074 3134 1128 sibi
3163 1083 3387 1128 constat.
3427 1074 3559 1128 Cum
3594 1076 3750 1129 enim
3773 1077 3850 1130 iu-

2279 1153 2528 1212 terrogat,
2567 1143 2698 1196 Cum
2733 1152 2894 1205 esset,
2928 1142 3135 1210 genitus
3163 1152 3263 1207 est,
3290 1158 3354 1196 an
3378 1158 3498 1197 eum
3525 1159 3634 1198 non
3675 1146 3852 1200 esset?

2277 1215 2547 1267 mentitur.
2563 1213 2692 1267 Nam
2711 1212 2761 1266 id
2781 1213 2919 1282 quod
2942 1227 3045 1265 non
3061 1213 3340 1266 contitetur
3354 1215 3645 1275 examinat,
3670 1215 3847 1269 Primo

2275 1283 2549 1346 conﬁtere,
2594 1283 2733 1352 quod
2779 1283 3112 1353 genitus_sit.
3142 1290 3196 1336 et
3239 1292 3360 1336 tunc
3401 1283 3703 1353 interroga,
3751 1285 3845 1350 Qui

2275 1362 2408 1414 erat,
2437 1368 2502 1404 an
2528 1351 2627 1421 qui
2662 1367 2765 1404 non
2792 1351 2956 1421 erat?
2983 1351 3116 1405 Rem
3147 1366 3324 1419 negas,
3367 1362 3420 1406 et
3460 1351 3630 1406 verba
3668 1357 3846 1418 explo-

2276 1423 2400 1474 ras?
2434 1422 2599 1486 Quem
2647 1437 2749 1474 non
2789 1420 3058 1474 conﬁteris
3094 1422 3325 1487 genitum
3363 1436 3502 1487 esse,
3531 1436 3633 1476 cur
3660 1422 3730 1476 dc
3759 1424 3844 1475 illo

2274 1493 2616 1559 quaestionem
2640 1491 2851 1546 moves?
2879 1491 2976 1556 Qui
3005 1500 3138 1550 erat,
3162 1492 3368 1558 genitus
3391 1501 3490 1553 est,
3524 1507 3590 1544 an
3619 1493 3713 1561 qui
3744 1509 3841 1544 non

2277 1576 2379 1630 non
2405 1561 2550 1614 erat?
2572 1561 2801 1615 Primum
2834 1575 2968 1628 pone
2995 1561 3228 1630 genitum
3253 1575 3389 1623 esse,
3411 1570 3466 1614 et
3489 1571 3618 1615 tunc
3641 1577 3837 1630 qua-re.

2274 1629 2523 1683 Naturam
2555 1646 2735 1698 negas,
2756 1639 2810 1700 et
2837 1630 2988 1682 verba
3006 1629 3299 1700 exploras?
3319 1631 3512 1684 Creare
3542 1640 3598 1684 et
3627 1629 3840 1700 gignere

2276 1700 2502 1767 idipsum
2544 1702 2660 1754 est?
2691 1699 2961 1755 Uudenam
3002 1698 3202 1752 Filius?
3229 1699 3369 1752 dicat
3397 1701 3588 1766 aliquis
3635 1698 3835 1754 eorum.

2273 1768 2383 1823 Nisi
2412 1769 2556 1839 prius
2599 1770 2820 1824 duorum
2850 1767 2981 1822 ordo
3005 1768 3319 1839 constitutus
3345 1769 3514 1839 palam
3540 1772 3628 1832 sit,
3660 1786 3836 1824 mens-

2273 1854 2376 1907 que
2399 1837 2672 1901 cousonet,
2715 1853 2819 1893 non
2861 1853 3077 1907 possum
3114 1837 3310 1901 dicere,
3340 1837 3478 1906 quod
3522 1854 3750 1895 cernere
3788 1850 3838 1892 et

2274 1909 2456 1964 videre
2496 1925 2658 1963 unum
2699 1909 2768 1962 sit
2799 1926 2812 1960 :
2840 1923 3001 1962 unum
3048 1922 3276 1977 namque
3297 1907 3424 1961 dixi.
3453 1907 3507 1961 Si
3535 1919 3718 1963 autem
3765 1910 3838 1963 di-

2274 1993 2421 2042 xero,
2451 1979 2634 2033 audire
2661 1988 2714 2032 et
2742 1978 2923 2032 videre
2948 1993 3106 2032 unum
3135 1992 3271 2041 esse,
3306 1987 3430 2031 tunc
3458 1979 3646 2032 videor
3671 1980 3838 2047 dispa-

2275 2056 2383 2101 rata
2427 2047 2624 2104 dicere.
2664 2058 2917 2115 quantum
2956 2047 3021 2100 ad
3047 2048 3241 2109 visum,
3288 2057 3647 2101 consentanea
3693 2064 3832 2112 vero,

2273 2128 2525 2186 quantum
2553 2118 2620 2172 ad
2641 2117 2873 2171 auditum
2902 2134 2915 2168 :
2944 2117 3193 2186 quoniam
3229 2117 3568 2186 apudDeum
3615 2118 3833 2186 idipsum

2272 2185 2372 2240 est.
2424 2187 2571 2242 Unde
2615 2187 2750 2241 nosti
2792 2185 2973 2240 creare
3005 2196 3056 2239 et
3083 2187 3296 2309 gignere
3341 2185 3568 2252 idipsum
3607 2185 3759 2242 esse?
3785 2187 3832 2241 Si

2272 2258 2412 2309 enim
2455 2258 2637 2309 genuit
2655 2267 2708 2309 et
2731 2257 2948 2309 creavit.
2995 2271 3090 2309 oro
3191 2256 3323 2309 dicis
3369 2255 3596 2309 idinsum
3624 2272 3761 2309 esse.
3784 2259 3832 2309 Si

2272 2258 2412 2309 enim
2455 2258 2708 2325 genuitet
2731 2257 2948 2319 creavit,
2995 2255 3156 2324 probe
3191 2256 3323 2309 dicis
3369 2255 3596 2323 idipsum
3624 2272 3761 2311 esse.
3784 2259 3832 2309 Si

2273 2341 2401 2380 vero
2429 2327 2720 2381 secundum
2744 2337 2793 2379 te
2811 2340 3094 2395 numquam
3122 2326 3322 2393 genuit,
3346 2326 3442 2395 scd,
3467 2327 3691 2387 creavit,
3714 2343 3837 2394 quo.

2274 2396 2432 2449 modo
2471 2398 2686 2464 gignere
2705 2405 2761 2449 et
2786 2394 2970 2449 creare
3019 2394 3242 2462 idipsum
3286 2395 3391 2448 sit?
3430 2394 3603 2448 Verba
3654 2396 3833 2457 t‘ntilia,

2273 2466 2432 2519 verba
2475 2482 2630 2531 vana,
2659 2481 2835 2520 rerum
2880 2465 3074 2519 veritas
3117 2473 3346 2518 constat.
3387 2465 3492 2517 Cur
3517 2466 3661 2518 circa
3715 2467 3834 2517 illud

2271 2535 2484 2603 gignere
2509 2545 2563 2590 et
2603 2550 2784 2589 creare
2821 2533 3159 2601 argutantur?
3206 2533 3362 2593 Deus,
3403 2535 3666 2598 inquiunt,
3717 2537 3837 2586 sim-

2275 2605 2390 2671 plex
2417 2614 2516 2666 est,
2535 2615 2586 2658 et
2611 2621 2715 2657 non
2744 2604 2879 2657 sicut
2899 2603 3113 2671 nos,qni
3141 2617 3232 2670 per
3259 2611 3457 2670 partem
3485 2603 3642 2655 aliam
3671 2605 3832 2670 gigni-

2274 2688 2410 2738 mus,
2440 2689 2533 2740 per
2577 2675 2730 2726 aliam
2774 2671 3082 2734 condimus;
3113 2672 3257 2725 verbi
3304 2673 3491 2739 gratia,
3521 2674 3833 2737 genitalibus

2273 2743 2524 2797 membris
2566 2743 2860 2811 gignimus,
2913 2757 3069 2795 manu
3122 2742 3415 2811 condimus.
3459 2743 3563 2795 Sed
3615 2759 3721 2794 non
3771 2743 3833 2794 ita

2272 2811 2410 2865 Deus
2441 2830 2454 2864 :
2487 2809 2706 2880 simplex
2753 2814 2893 2865 enim
2939 2821 3021 2864 est
3063 2819 3116 2880 et
3159 2809 3337 2878 ﬁgura:
3380 2826 3571 2879 expers
3605 2823 3700 2864 :at
3735 2828 3834 2880 quo

2272 2882 2430 2934 modo
2474 2879 2656 2950 gignit,
2706 2881 2894 2934 eodem
2939 2879 3137 2933 condit.
3193 2881 3326 2932 Cum
3374 2880 3440 2934 de
3486 2879 3834 2933 invisibilibus

2271 2951 2551 3015 edisseras,
2598 2953 2891 3020 importuna
2943 2950 3028 3002 illa
3053 2958 3107 3003 et
3131 2965 3260 3002 vana
3306 2950 3634 3020 phil050phia
3693 2951 3837 3002 inﬂa-

2273 3031 2376 3086 tus,
2409 3023 2491 3075 vel
2519 3037 2617 3074 una
2647 3019 2708 3073 ex
2737 3021 2894 3074 rebus
2918 3035 3036 3086 quze
3062 3020 3159 3073 sub
3187 3029 3454 3084 aspectum
3482 3019 3698 3079 cadunt,
3726 3035 3836 3072 rem

2273 3091 2362 3144 tibi
2400 3092 2708 3156 persuadeat
2737 3107 2749 3144 :
2785 3105 2971 3157 nempe
2995 3089 3178 3143 eodem
3209 3089 3363 3156 plane
3384 3090 3561 3151 modo,
3583 3105 3688 3140 non
3722 3093 3836 3156 pul-

2271 3159 2454 3214 chrum
2502 3160 2649 3225 fore,
2690 3161 2732 3213 si
2779 3175 2895 3228 qua:
2945 3159 3075 3212 facta
3123 3167 3246 3211 sunt
3299 3159 3536 3210 eamdem
3585 3160 3838 3212 haberent

2273 3231 2538 3283 virtutem.
2585 3232 2779 3296 Accipe
2826 3244 3035 3280 manum
3067 3243 3235 3280 meam
3283 3243 3399 3294 qtae
3428 3229 3526 3279 sub
3567 3239 3836 3294 aspectum

2271 3300 2430 3363 cadit,
2465 3311 2518 3352 ut
2547 3314 2610 3352 ex
2639 3299 2927 3351 visibilibns
2952 3297 3016 3349 ad
3047 3297 3324 3349 invisibilia
3353 3307 3720 3364 argumentum
3743 3298 3840 3350 du.

2271 3379 2438 3422 catur.
2465 3370 2643 3422 Manus
2670 3370 2780 3421 ha-c
2809 3383 2927 3418 cum
2953 3382 3044 3433 per
3073 3367 3297 3432 seipSam
3327 3381 3424 3416 una
3446 3367 3533 3428 sit,
3559 3376 3610 3419 ct
3629 3365 3834 3420 diversi

2273 3449 2542 3506 operetur,
2571 3453 2675 3490 non
2705 3444 2955 3506 potestea
2983 3451 3098 3506 qua:
3129 3435 3470 3506 perﬁciuntur
3499 3437 3596 3506 sub
3623 3451 3732 3489 uno
3753 3452 3838 3489 eo.

2271 3504 2466 3574 gitandi
2497 3521 2689 3573 genere
2713 3505 2983 3558 exhibere.
3008 3505 3240 3571 Exempli
3268 3519 3448 3574 causa,
3473 3504 3656 3558 eadem
3679 3521 3833 3558 manu

2271 3573 2442 3628 cilicio
2481 3576 2804 3636 ettlcstruo;
2849 3589 3042 3640 ergone
3085 3575 3201 3640 quia
3244 3573 3479 3640 ejusdem
3532 3590 3722 3629 manus
3762 3586 3836 3628 est

2271 3645 2478 3699 el'ticere
2508 3656 2559 3697 et
2602 3645 2891 3704 destruere,
2943 3651 3220 3713 utrumque
3261 3643 3486 3710 idipsum
3527 3645 3639 3697 est?
3680 3646 3836 3713 Atqui

2274 3730 2376 3767 non
2424 3715 2646 3782 idipsum
2678 3723 2777 3767 est.
2807 3712 3236 3780 Quandoquidem
3277 3715 3463 3766 dicunt
3489 3714 3583 3778 illi,
3610 3729 3708 3767 nos
3737 3712 3834 3766 alio

2273 3785 2429 3837 modo
2474 3786 2707 3852 gignere,
2751 3783 2855 3837 alio
2895 3783 3102 3852 operari
3138 3782 3346 3836 :dieam
3392 3793 3444 3835 et
3492 3800 3612 3852 ego,
3650 3785 3831 3837 eodem

2275 3853 2454 3918 modo,
2482 3851 2671 3907 eadem
2717 3868 2874 3905 manu
2920 3851 3109 3915 condo,
3137 3853 3321 3906 cadent
3370 3851 3608 3912 destruo.
3636 3864 3686 3906 et
3724 3870 3834 3903 ver-

2271 3923 2418 3988 bero,
2447 3932 2497 3975 et
2522 3938 2670 3977 curo.
2713 3921 2893 3975 Eritne
2934 3921 3088 3988 igitur
3131 3921 3408 3975 verberare
3443 3931 3508 3991 et.
3533 3936 3719 3975 curare
3764 3923 3835 3973 id-

2271 3994 2472 4058 ipsum?
2487 3993 2681 4046 Eadcm
2700 4007 2857 4044 manu
2879 3999 3100 4043 stantem
3124 3991 3356 4057 impello,
3373 4001 3425 4042 et
3446 3991 3652 4057 lapsmn
3671 3993 3827 4057 erigo,

2271 4063 2454 4116 cadent
2501 4078 2656 4115 manu
2701 4062 2956 4114 calculum
2986 4074 3144 4124 pono,
3185 4059 3366 4113 eadem
3395 4059 3628 4112 resolvo.
3660 4061 3831 4113 Eritne.

2271 4147 2397 4198 ergo
2426 4132 2679 4184 calculum
2705 4144 2902 4195 ponere
2927 4136 2980 4180 et
3009 4130 3270 4198 resolvere
3298 4129 3471 4182 idem?
3515 4132 3700 4182 Annon
3730 4131 3831 4181 ha-c

2271 4197 2478 4253 omnem
2505 4202 2759 4252 insaniam
2789 4207 3035 4264 superant
3061 4197 3083 4248 ?
3107 4213 3279 4250 annon
3310 4199 3422 4249 lia‘c
3453 4199 3640 4250 fabula:
3675 4210 3727 4252 et
3762 4201 3832 4249 in-

2272 4271 2458 4334 eptiic?
2485 4273 2666 4322 Annon
2695 4269 2837 4322 Pauli
2862 4269 3066 4319 animus
3089 4268 3419 4335 ingemiscit?
3448 4284 3631 4321 annon
3658 4269 3830 4322 l'etrus

2276 4339 2593 4402 indignatur,
2616 4355 2731 4390 eum
2776 4347 2850 4390 tot
2880 4337 3052 4390 verbis
3082 4349 3260 4390 centra
3289 4337 3520 4389 divinatn
3548 4338 3827 4390 doctrinam

2272 4407 2698 4461 debacchentur?
2745 4407 3010 4460 Christum
3055 4407 3359 4474 repudiasti,
3404 4418 3455 4461 ct
3494 4409 3714 4460 aliorum
3742 4409 3827 4460 do-

2272 4478 2490 4530 ctrinam
2515 4479 2786 4544 amplexus
2815 4491 2891 4527 es.
2925 4478 3109 4528 Annon
3139 4477 3327 4529 audisti
3353 4476 3623 4530 Christum
3664 4479 3828 4530 dicen-

2274 4557 2398 4604 tem.
2432 4547 2529 4610 Qui
2554 4563 2630 4598 me
2654 4547 2898 4597 erubuerit
2921 4556 2963 4596 et
2985 4562 3232 4597 sermones
3263 4563 3395 4597 meos
3421 4546 3610 4614 (.ilarc.
3641 4549 3690 4600 8.
3723 4548 3826 4606 58f?

2272 4617 2417 4669 Multi
2444 4632 2583 4682 srepe
2627 4616 2890 4668 (ﬁlii-istum
2936 4619 3270 4675 comitentur,
3295 4632 3429 4682 quos
3461 4629 3635 4668 tamen
3682 4618 3825 4684 pudet

2270 4686 2523 4739 doctrina:
2559 4686 2691 4753 ejus.
2738 4684 3029 4736 Couﬁtetur
3070 4684 3334 4737 Christum
3388 4686 3691 4751 hereticus,
3729 4702 3825 4738 Ser-

2273 4772 2481 4809 monem
2508 4767 2683 4807 autem
2713 4767 2884 4806 movet
2905 4754 2968 4805 de
3000 4754 3152 4806 Patre
3173 4767 3223 4806 ct
3246 4754 3400 4814 Filio,
3423 4765 3474 4807 et
3506 4756 3666 4821 pudet
3695 4759 3821 4809 illum

2271 4826 2415 4890 dicti,
2446 4826 2618 4893 aitque
2654 4844 2665 4876 :
2698 4824 2825 4876 Nutu
2854 4827 3053 4890 genuit,
3082 4824 3167 4890 qui
3220 4824 3481 4893 passionis
3509 4834 3592 4877 est
3618 4828 3824 4893 expers?

2272 4895 2409 4963 Ergo
2431 4892 2821 4963 per'el‘lluxnm,
2854 4909 2978 4956 ergo
3007 4909 3096 4956 per
3122 4892 3508 4963 operationem.

2340 4960 2390 5017 (ἶ.
2431 4960 2610 5016 Viden'
2643 4978 2794 5028 quam
2829 4963 2995 5027 ipsum
3026 4960 3168 5013 vei-bi
3200 4964 3431 5027 pudeat?
3460 4963 3502 5014 0
3531 4965 3820 5016 stultitiam?

2270 5032 2444 5085 Verba
2489 5041 2829 5097 aucupantur,
2876 5040 2925 5081 et
2959 5031 3195 5081 virtutem
3231 5048 3330 5084 non
3361 5047 3608 5085 aecurme
3637 5050 3821 5086 crant:-

2272 5110 2396 5153 nant
2442 5120 2452 5153 :
2484 5105 2657 5154 omnia
2697 5102 2884 5166 quippe
2926 5099 3250 5152 labefactavit
3280 5104 3501 5154 vanitas.
3536 5105 3685 5167 Quod
3713 5119 3824 5154 vero

2270 5187 2410 5235 sepe
2463 5170 2596 5232 dixi,
2633 5170 2991 5220 Ini-retieorum
3022 5169 3128 5220 ha-e
3156 5175 3430 5239 principia.
3461 5173 3511 5223 hi
3540 5177 3708 5224 loutes
3733 5188 3825 5222 Ina-

2271 5240 2443 5292 tiil‘esti
2476 5248 2614 5292 sunt.
2646 5239 2788 5290 lianc
2829 5239 3121 5289 lnet‘ctieam
3152 5240 3444 5292 doctrinam
3481 5242 3713 5294 Ecclesia
3744 5242 3821 5292 ha-

2273 5311 2356 5360 bet
2378 5350 2390 5369 ,
2434 5309 2688 5374 inquiunt.
2735 5308 2825 5359 Dic
2847 5346 2857 5366 .
2888 5310 3000 5374 quis
3028 5309 3407 5362 existiiizaverit
3437 5314 3672 5376 genitum
3701 5326 3818 5363 esse.

2269 5380 2395 5443 Quis
2445 5379 2692 5443 hujusce,
2741 5392 2892 5442 quam
2939 5389 2988 5427 ιιι
3030 5388 3180 5445 putas
3220 5380 3445 5431 lucresiu
3477 5397 3630 5440 esse,
3663 5392 3822 5432 auctor

2270 5457 2348 5498 est
2367 5449 2386 5497 ?
2415 5449 2453 5498 Α
2489 5447 2740 5514 principio
2765 5447 2984 5512 apostoli
3014 5448 3362 5512 pra-dicarunt
3388 5492 3399 5506 ,
3430 5460 3548 5514 post
3573 5452 3822 5515 apostolos

2269 5517 2479 5567 Nicarna
2526 5518 2756 5582 synodus
2801 5517 3147 5567 continuavit.
3203 5516 3266 5569 Ut
3293 5528 3471 5568 autem
3507 5519 3675 5583 palam
3703 5531 3821 5571 esset

2271 5585 2409 5637 hanc
2459 5586 2616 5636 totius
2662 5585 2799 5656 ortus
2829 5600 2945 5636 esse
2976 5585 3127 5636 tidem
3151 5626 3163 5644 ,
3197 5601 3259 5656 ex
3289 5596 3364 5637 tot
3391 5589 3724 5656 congregatis
3748 5603 3822 5640 Se-

2274 5665 2414 5719 ptem
2465 5663 2663 5706 tanluin
2705 5655 3093 5715 dissenserunt,
3132 5655 3217 5721 qui
3246 5665 3330 5706 e'i.
3356 5671 3406 5706 ιιι
3440 5655 3669 5709 abdicati
3697 5669 3821 5711 sunt.

2274 5724 2433 5779 Totus
2459 5723 2601 5778 orbis
2630 5728 2914 5791 consensit,
2943 5726 3061 5794 quia
3090 5739 3152 5778 cx
3183 5737 3209 5774 ι.
3255 5736 3352 5776 iSsa
3388 5727 3676 5792 apostolica
3707 5739 3820 5780 erat.
