3976 6218
58 387 193 443 561

64 482 165 536 Ac
196 478 316 535 vide
345 493 457 536 rem
499 476 816 550 mirabilem.
845 477 1026 535 Divina
1057 480 1449 550 dispensatione
1475 477 1667 550 factum

63 559 171 605 est
194 594 209 614 ,
253 558 309 604 ut
337 550 537 604 Novum
566 549 965 605 Testamentum
994 547 1155 605 Vetus
1194 550 1510 603 imitaretur.
1539 547 1669 602 Cum

69 635 253 689 reges
294 620 632 689 Assyriorum
680 620 731 673 in
781 620 1115 674 Palaestinam
1167 622 1503 687 irruperunt,
1546 618 1674 671 exnit

68 688 364 743 Abraham
402 688 589 743 contra
620 689 979 755 aiienigenas,
1009 700 1193 743 contra
1223 691 1454 758 quinque
1484 702 1632 758 reges
1657 703 1671 747 ;

69 760 266 813 exivit
292 759 434 812 solus
466 758 651 813 ﬁdelis.
676 760 813 825 Quot
834 760 1085 813 adversus
1112 775 1206 813 eos
1237 756 1455 812 educit?
1481 756 1675 810 Servos

69 836 362 898 trecentos
389 837 440 881 et
471 829 784 891 octodecim,
821 829 1068 898 ipsosque
1099 843 1307 898 vernas.
1341 827 1479 898 Quot
1508 827 1676 879 Abra-

75 897 217 949 liam
264 897 439 951 educit
482 907 663 953 contra
704 895 1061 967 alienigenas,
1106 907 1182 951 tot
1223 897 1403 950 eduxit
1436 895 1675 967 Christus

68 976 278 1037 contra
325 966 556 1022 lirereses
598 985 609 1019 :
650 977 777 1036 quot
816 966 997 1021 contra
1044 967 1338 1037 allophylos
1385 966 1674 1033 produxit,

74 1036 201 1088 imo
245 1051 424 1090 secum
470 1038 649 1090 eduxit
676 1037 940 1092 Abraham
962 1079 976 1100 ,
1009 1045 1085 1089 tot
1109 1036 1350 1089 Christus
1377 1051 1553 1089 secum
1586 1051 1675 1087 ar-

72 1107 261 1158 mavit
303 1117 489 1160 contra
541 1106 791 1161 hicreses.
839 1107 1081 1160 Trecenti
1123 1108 1305 1159 dccein
1334 1114 1385 1158 et
1415 1113 1533 1158 octo
1560 1106 1675 1169 epi-

72 1176 242 1240 scopi
277 1175 465 1230 Niczeaa
487 1185 665 1237 erant,
698 1185 750 1229 et
776 1177 880 1230 illic
909 1177 1125 1231 trecenti
1157 1177 1339 1229 decem
1368 1184 1421 1227 et
1446 1187 1566 1226 octo
1593 1172 1673 1226 fa~

78 1246 226 1298 muli
260 1246 523 1299 vernaculi
552 1246 797 1299 Abrahtn.
822 1245 927 1299 Cur
948 1262 1135 1299 vernas
1158 1244 1405 1299 vocavit?
1428 1243 1678 1297 liabuerit

72 1316 235 1367 enim
283 1317 441 1369 etiam
484 1317 749 1383 emptitios
792 1334 804 1368 :
843 1316 935 1368 sed
968 1315 1120 1369 tidem
1154 1315 1361 1368 familia:
1392 1313 1673 1367 ostendere

72 1385 282 1438 voluit.
327 1384 475 1438 Nunc
512 1400 721 1454 quoque
768 1384 1009 1439 Christus
1054 1386 1103 1437 in
1135 1386 1327 1438 bellum
1359 1384 1540 1454 eduxit
1569 1397 1671 1434 non

70 1469 287 1508 omnes
307 1496 322 1518 ,
374 1455 464 1507 sed
492 1470 679 1507 vernas
700 1496 713 1516 ,
740 1458 831 1523 qui
861 1454 1215 1523 prmdicabant
1243 1469 1362 1507 eum
1390 1453 1475 1520 qui
1506 1462 1586 1506 est
1612 1468 1675 1505 es

76 1539 155 1576 no
204 1524 294 1592 qui
340 1534 453 1585 est,
499 1524 758 1578 viventem
789 1540 852 1578 ex
887 1525 1121 1589 vivente,
1156 1526 1329 1577 lumen
1362 1523 1428 1575 de
1457 1523 1673 1575 lumine.

72 1593 236 1659 Quid
280 1594 388 1656 ais,
438 1593 613 1647 iumen
658 1594 726 1646 de
772 1594 1011 1647 lumine?
1057 1609 1173 1662 qure
1200 1593 1489 1646 differentia
1518 1592 1676 1644 vitam

80 1664 237 1717 inter
280 1672 331 1716 et
379 1664 581 1716 vitam?
630 1664 765 1732 quod
814 1663 1148 1717 discrimen?
1189 1662 1445 1729 Quodque
1486 1662 1675 1732 mirum

79 1744 173 1785 est
202 1774 216 1797 ,
250 1734 408 1787 Pater
440 1734 615 1787 lumen
647 1729 819 1786 dictus
848 1746 959 1797 est,
987 1733 1148 1787 Filius
1179 1749 1302 1786 vero
1326 1747 1443 1783 cum
1476 1729 1674 1783 addito.

80 1804 182 1856 Ait
210 1802 463 1865 Joannes,
487 1802 619 1856 Dem
639 1804 729 1855 lux
756 1812 825 1856 est
852 1804 924 1869 (1.
948 1801 1103 1855 Joan.
1138 1804 1191 1856 1.
1222 1803 1275 1869 5)
1302 1819 1314 1855 :
1341 1801 1407 1854 de
1429 1799 1561 1852 Filio
1580 1815 1676 1853 au-

81 1882 222 1937 tem,
253 1872 379 1925 Erat
410 1874 498 1925 lux
523 1888 635 1924 vera
666 1872 841 1935 (Joan.
876 1874 925 1926 1.
959 1872 1035 1941 9).
1070 1872 1224 1927 Pater
1246 1872 1482 1925 absolute
1496 1873 1674 1941 lumen

78 1950 330 1996 VoCatur.
369 1942 497 2008 Quia
522 1943 660 1996 enim
688 1941 920 1995 hazretici
947 1950 1127 1995 contra
1159 1942 1325 1994 Patris
1346 1940 1675 1994 divinitatem

90 2027 207 2064 non
234 2012 385 2066 facile
418 2022 677 2081 pugnant,
710 2013 807 2065 etsi
838 2028 897 2065 ea
926 2027 1042 2080 qua:
1071 2021 1253 2064 c0utra
1274 2010 1541 2064 Christum
1568 2023 1680 2061 mo-

84 2082 330 2144 liuntur,
375 2081 425 2134 in
466 2081 633 2134 Patris
663 2081 890 2135 maxime
916 2082 1287 2134 contumeliam
1315 2088 1534 2148 vergant
1555 2119 1568 2139 ,
1601 2087 1678 2130 ta—

84 2168 215 2204 iuen
266 2152 534 2219 Scriptura
561 2152 699 2218 quod
731 2153 778 2203 in
808 2151 1050 2204 confesso
1080 2160 1158 2204 est
1189 2150 1409 2219 simplici
1442 2150 1679 2201 oratione

82 2226 393 2285 construit,
440 2222 580 2289 quod
623 2231 797 2274 autem
826 2222 1257 2283 controvertitur,
1288 2220 1505 2273 veritate
1529 2232 1674 2271 com-

88 2293 287 2344 munit.
318 2291 518 2345 Lumcn
551 2300 636 2344 est
663 2292 835 2356 Pater,
868 2291 980 2343 sine
1006 2291 1109 2342 ullo
1135 2289 1493 2343 additamento
1520 2305 1531 2339 :
1558 2300 1675 2338 nam

82 2363 132 2412 si
163 2370 543 2429 cognoscatur,
578 2362 766 2414 sufficit
796 2372 851 2414 ut
884 2360 1212 2427 pr:cdicetur.
1248 2361 1443 2429 Lumen
1471 2368 1553 2411 ρει
1581 2356 1677 2429 _Fi-

87 2425 343 2484 lius-fNe
373 2430 489 2498 quis
518 2432 658 2483 dicat
685 2432 857 2483 lumen
886 2425 1013 2483 illud
1044 2428 1365 2497 intelligibile
1391 2442 1507 2480 esse
1532 2466 1549 2498 ,
1581 2425 1681 2479 hoc

86 2511 272 2553 autem
298 2497 650 2552 adulterinum
681 2518 692 2551 :
719 2499 832 2552 Lua;
855 2517 967 2551 vera
1014 2500 1239 2552 ltursutu
1268 2514 1333 2551 ne
1358 2498 1474 2565 quis
1504 2497 1676 2565 dicat.

86 2569 543 2636 quemadmodum
592 2569 667 2621 sol
711 2570 796 2622 lux
828 2578 937 2629 est,
968 2578 1020 2622 et
1048 2570 1165 2621 luna
1193 2561 1401 2636 quoque
1430 2568 1553 2636 lux,
1588 2561 1678 2617 sed

92 2634 202 2691 alia
234 2655 440 2707 magna,
476 2640 573 2690 alia
605 2638 788 2706 exigua
816 2655 829 2691 :
856 2640 923 2692 ita
952 2648 1001 2691 et
1030 2639 1183 2691 Pater
1214 2634 1413 2695 lumen,
1447 2634 1678 2707 sedma-

88 2725 258 2773 gnum
286 2726 300 2771 ;
338 2704 417 2760 ita
445 2718 497 2761 et
530 2704 894 2762 Filius'luiuen
917 2750 930 2767 ,
965 2709 1053 2760 sed
1082 2723 1295 2775 parvum
1322 2721 1335 2769 ;
1361 2721 1426 2759 ue
1455 2706 1501 2757 id
1535 2704 1681 2757 dica-

94 2790 187 2831 tur
212 2821 223 2839 ,
270 2789 601 2845 praeoccupat
646 2778 805 2832 lsaias
841 2797 852 2831 :
890 2797 906 2828 t
944 2778 1104 2829 Terra
1152 2776 1386 2831 Zabulon
1414 2818 1426 2835 ,
1460 2784 1511 2829 et
1542 2783 1679 2827 terra

90 2845 436 2911 Ncphthalini
466 2888 479 2911 ,
504 2849 582 2901 via
611 2849 769 2899 maris
798 2858 940 2898 trans
964 2846 1245 2899 Jortlauem
1269 2887 1283 2910 ,
1309 2845 1522 2900 Galiltra
1551 2858 1680 2910 gen-

89 2921 229 2969 tium
252 2958 263 2980 ,
322 2919 571 2985 populus,
606 2918 691 2984 qui
725 2917 939 2969 sedebat
973 2918 1020 2967 in
1055 2917 1285 2968 tenebris
1308 2956 1323 2979 ,
1352 2914 1481 2985 vidit
1510 2914 1677 2965 lucem

91 2983 342 3055 magnam
388 2983 533 3052 (lsai.
582 2986 632 3039 9.
666 2988 712 3040 1.
748 2985 826 3049 2).
858 2987 912 3039 Si
945 2985 1080 3038 Deus
1109 2986 1192 3037 lux
1224 2996 1303 3038 est
1328 3024 1342 3049 ,
1369 2993 1419 3037 et
1450 2983 1534 3055 lus
1566 2997 1677 3033 ma-

82 3051 243 3125 gna,
295 3057 431 3109 Deus
460 3071 676 3124 magnus
704 3066 802 3108 est.
832 3055 884 3108 Si
915 3056 1056 3125 Deus
1081 3056 1165 3107 lux
1192 3066 1311 3125 εει.
1348 3051 1677 3125 υιλςρτίνιμηι

92 3121 181 3181 est
208 3143 236 3180 a
259 3127 459 3180 Joanne
485 3146 497 3179 :
526 3121 655 3178 Deus
683 3126 769 3178 lita:
789 3135 857 3177 est
890 3126 963 3193 (I.
992 3123 1145 3177 Joan.
1180 3124 1230 3177 1.
1263 3122 1339 3192 5);
1371 3122 1413 3175 si
1440 3122 1573 3175 Deus
1595 3121 1681 3173 lux

95 3209 181 3248 est
230 3212 415 3265 magna
440 3238 452 3259 ,
487 3196 623 3248 Deus
654 3209 872 3262 magnus
899 3202 996 3247 est.
1030 3194 1245 3265 Magnus
1274 3193 1467 3260 quippe
1490 3198 1686 3265 est‘gc—

98 3268 247 3319 nitor
271 3307 284 3327 ,
317 3258 535 3334 magnus
565 3274 618 3319 et
640 3258 847 3330 genitus
880 3281 891 3315 :
927 3258 1302 3334 magnai-adis,
1328 3258 1549 3334 magnus
1570 3258 1679 3311 fru-

96 3348 220 3389 etus
251 3353 262 3386 :
298 3332 481 3401 magna
508 3335 616 3415 lux_,
636 3348 860 3401 magnus
888 3332 1155 3412 splendor.
1180 3332 1292 3415 Non
1319 3332 1437 3382 novi
1458 3343 1679 3415 parvum

97 3414 153 3458 et
184 3398 430 3473 magnum
455 3445 470 3469 ,
500 3403 591 3457 sed
623 3398 868 3473 magnum
899 3398 1017 3455 novi
1043 3417 1200 3453 unum
1229 3401 1391 3453 Deum
1415 3398 1682 3473 ..Τί-ξιιᾈὲ-

100 3486 232 3529 tem.
272 3465 503 3541 Magnus
550 3475 687 3527 Deus
711 3465 735 3523 ἶ
763 3472 893 3524 Dens
932 3488 1139 3541 magnas
1162 3481 1376 3523 aeternas
1406 3467 1557 3541 (lsai.
1590 3465 1677 3520 26.

100 3546 156 3613 At)
184 3586 199 3608 ,
254 3547 327 3596 ait
371 3538 567 3607 isaias;
618 3543 810 3596 Paulus
851 3556 976 3594 vero
1010 3538 1035 3613 ξ
1062 3539 1440 3613 ΔΕςτεριῖιηιη-ιίιε
1492 3538 1683 3613 beatam

96 3608 243 3682 spent
282 3624 326 3666 et
369 3614 631 3665 adventum
654 3614 826 3682 gloriae
853 3612 1019 3682 magni
1041 3610 1143 3682 Dei
1164 3608 1558 3682 ,iet_Salvatoris
1593 3622 1683 3657 no-

96 3631 243 3682 3pc»:
282 3630 326 3666 et
369 3630 631 3665 aavenmm
688 3630 826 3663 torua
853 3630 1017 3675 magni
1053 3630 1142 3662 uer
1164 3652 1177 3675 ,
1210 3630 1251 3662 ei
1282 3630 1557 3661 oaivawm
1593 3630 1683 3657 uu-

96 3686 194 3736 siri
238 3683 361 3736 Jesu
400 3684 586 3737 ωινὲειὶ
627 3630 751 3749 (i‘it.
783 3680 833 3733 2.
870 3680 976 3748 15).
1010 3680 1227 3749 Magnus
1258 3678 1395 3731 Di-us
1419 3717 1434 3741 ,
1465 3689 1683 3744 magnus

108 3754 360 3807 Dominus
385 3794 399 3816 ,
444 3762 498 3804 ut
534 3752 607 3804 ait
656 3751 815 3802 David
844 3768 854 3802 :
889 3748 1380 3819 Magnnsbominus
1404 3756 1605 3819 noster,
1640 3756 1684 3798 et

101 3840 290 3891 magna
319 3813 473 3874 uirtus
499 3822 605 3889 ejus
628 3820 796 3887 (Psal.
831 3820 948 3872 146.
981 3813 1056 3885 Β).
1093 3818 1280 3870 Verum
1311 3815 1555 3938 (Bioniam
1581 3813 1685 3866 for-

104 3894 279 3938 Iilmln
318 3902 371 3938 ot
394 3892 561 3938 vii-ms
588 3890 723 3938 idem
752 3900 833 3938 est
862 3890 1122 3938 (Christus
1154 3889 1292 3938 enim
1373 3888 1417 3938 ei
1450 3886 1640 3938 virtus)
1666 3926 1681 3938 .

104 3886 279 3946 titudo
318 3902 371 3945 et
394 3886 561 3943 virtus
588 3890 723 3943 idem
752 3900 833 3943 est
862 3890 1122 3953 (Christus
1154 3889 1292 3940 enim
1327 3886 1417 3938 Dei
1450 3886 1681 3952 virtus),

112 3962 329 4032 Magnus
376 3960 623 4013 Dominus
672 3969 873 4032 noster;
904 3973 963 4032 ac
993 3959 1034 4011 si
1069 3958 1312 4032 diceret,
1340 3956 1553 4022 Magnus
1584 3954 1683 4007 Pa-

108 4026 223 4097 ter;
242 4043 293 4086 et
325 4046 509 4099 magna
540 4032 709 4109 virtus
735 4029 870 4109 eius.
896 4026 1391 4109 ‘Ma‘qnuspominnus
1420 4033 1685 4109 nostieiunet

106 4092 293 4173 magna
327 4092 479 4155 virtus
505 4102 610 4170 ejus
638 4100 709 4165 (1.
740 4092 847 4173 Cor
891 4099 939 4151 1.
968 4092 1082 4173 2:5).
1111 4096 1290 4173 Magna
1320 4094 1566 4149 fortitudo
1600 4092 1687 4172 Fi-

108 4165 215 4227 lius
237 4214 251 4237 ,
302 4165 550 4240 quoniam
595 4184 777 4240 magna
805 4170 967 4240 virtus
993 4168 1457 4240 Spiritussauctus
1484 4176 1589 4240 ,ιιηΔ
1612 4165 1685 4215 ait

110 4234 363 4296 Servatuir
400 4240 655 4309 apostolis
682 4234 701 4292 ἶ
724 4238 905 4309 Sedete
930 4236 1285 4309 Jero_soly_mi_s.
1316 4236 1472 4309 donec
1502 4234 1687 4309 indua-

111 4314 236 4364 mini
275 4302 452 4362 virtute
490 4326 550 4361 ea:
576 4311 677 4360 alio
705 4306 851 4377 (Luc.
881 4302 1253 4377 24ζι19).ί5υί1
1282 4306 1399 4357 vide
1424 4302 1689 4377 quomodo

112 4383 179 4434 de
224 4381 309 4433 illa
354 4379 545 4431 virtute
588 4375 912 4445 arguteutur.
960 4376 1088 4440 Est,
1116 4375 1387 4442 inquiunt,
1418 4375 1691 4445 virtusut-

113 4462 239 4521 pote
268 4465 389 4521 quze
414 4441 712 4500 divitiaruiu
748 4447 1148 4521 promissionem
1178 4441 1433 4521 obtineat.
1463 4441 1689 4521 Spiritus

112 4512 299 4580 Enim,
347 4520 530 4579 aiunt,
576 4533 675 4569 non
719 4528 799 4568 est
840 4516 1133 4584 appellatus
1178 4515 1314 4567 Deus
1340 4554 1354 4577 ,
1385 4512 1475 4565 sed
1505 4512 1688 4584 pignus

117 4590 209 4644 Dei
244 4614 256 4645 ;
285 4588 438 4657 idque
481 4585 745 4657 quomodo
771 4626 784 4649 ,
820 4582 1015 4657 accipe.
1053 4585 1244 4657 Pignus
1274 4598 1391 4657 pars
1419 4592 1497 4657 est
1524 4582 1645 4633 doni
1672 4622 1686 4645 ,

119 4673 291 4728 neque
327 4653 510 4728 totum
546 4656 740 4708 donum
767 4656 917 4728 ,__sed
964 4671 1084 4728 pars
1114 4656 1291 4728 totius.
1322 4653 1582 4728 Scriptum
1611 4658 1690 4726 est

117 4719 260 4783 eniin
308 4726 372 4780 de.
414 4728 664 4794 apostolis
701 4741 713 4775 :
757 4719 1016 4792 Ubsignati
1045 4724 1095 4774 in
1127 4719 1691 4794 Spirituupromissimus

108 4807 324 4872 salicto,
351 4788 529 4872 qui-est
562 4797 737 4872 pignus
766 4788 1048 4872 hereditatis
1062 4803 1255 4872 _nostrw
1279 4788 1569 4872 (Ep/tes}.
1604 4788 1687 4839 15.

120 4868 237 4934 Hi.
270 4860 397 4934 Vide
422 4906 436 4928 ,
484 4860 651 4933 inquit
693 4863 970 4915 haereticus
996 4903 1009 4926 ,
1043 4861 1237 4914 donum
1271 4875 1389 4913 esse
1422 4860 1507 4934 Dei
1540 4871 1689 4934 ,__non

122 4928 309 4991 Deum.
359 4933 534 5000 Itaque
558 4927 765 4987 'donum
797 4942 848 4986 et
881 4934 1065 5000 pignus
1093 4946 1211 4999 pars
1239 4940 1319 4982 est
1347 4930 1521 5000 totius.
1556 4927 1691 4989 Quid

121 5020 249 5075 ergo
291 5005 334 5058 si
374 4999 572 5075 videris
602 5005 760 5057 Deum
792 4999 999 5071 quoque
1033 4999 1434 5075 pﬂr‘lt'ﬁlthflcall'i
1461 5036 1475 5060 ,
1506 5008 1553 5075 et
1580 5011 1690 5075 pou

123 5065 291 5130 totvum
319 5115 334 5139 ,
364 5087 425 5127 ac
452 5073 644 5127 donum
672 5112 685 5136 ,
718 5082 771 5125 et
794 5065 897 5125 nan
918 5065 1090 5123 "totum
1115 5070 1135 5121 ?
1157 5069 1290 5134 Quid
1317 5068 1455 5139 enim
1488 5066 1600 5139 ait?
1633 5065 1693 5139 Et

124 5134 632 5216 pignus'hereditatis.
657 5134 806 5216 Quod
833 5144 1013 5216 pignus
1030 5141 1058 5216 _?
1087 5155 1202 5207 qua:
1227 5138 1489 5216 hereditas
1512 5135 1532 5186 ?
1552 5134 1693 5216 quod

126 5205 313 5285 "pignus
344 5205 985 5285 hereditatis‘tvllereditas
1012 5205 1205 5285 donum
1234 5218 1313 5285 est
1338 5207 1449 5273 ejus
1478 5205 1562 5274 qui
1594 5206 1692 5284 he-

128 5275 404 5343 ieilitatem
446 5282 622 5344 dedit,
657 5297 758 5334 non
788 5281 874 5333 ille
906 5281 1016 5347 ipse
1046 5280 1095 5331 in
1128 5278 1469 5347 hereditatem
1496 5275 1693 5347 accipi:

130 5367 234 5408 tur.
251 5423 264 5434 ‘
282 5354 381 5434 A‘it.
396 5354 552 5434 igitur
572 5394 587 5417 ,
613 5343 814 5420 Pignus
829 5343 1127 5434 _ltereditatis
1158 5357 1352 5434 nostra}.
1371 5343 1694 5434 Spiritus.4Si

126 5423 267 5493 quod
297 5413 520 5492 Spiritus
544 5413 977 5493 v'ocet'ur_pignus
1002 5459 1015 5482 ,
1048 5418 1312 5493 idenimze
1341 5426 1441 5467 ture
1472 5413 1693 5493 offendi-

128 5484 249 5550 tiqu
290 5484 369 5546 est
392 5532 407 5556 ,
449 5495 491 5546 si
534 5489 728 5543 videris
758 5484 917 5541 Deum
952 5487 1305 5556 hereditatem
1336 5484 1651 5551 appellatum
1676 5521 1693 5548 ,

130 5562 253 5633 quid
279 5554 470 5616 facies?
500 5562 724 5615 Attende
754 5558 1051 5633 diligenter,
1085 5554 1344 5633 quomodo
1370 5569 1471 5633 non
1496 5560 1693 5633 tantum

133 5620 423 5686 liereditate
462 5642 709 5699 acceptus
733 5668 746 5692 ,
782 5620 875 5680 scd
900 5629 1054 5680 etiam
1088 5620 1197 5746 il'psa
1228 5623 1491 5677 hereditas
1516 5620 1696 5698 appel-

133 5702 287 5746 lelttr-
321 5703 449 5746 Audi
483 5701 725 5746 lim-idem
757 5700 1016 5746 dicentem
1042 5738 1055 5746 .
1142 5696 1333 5746 ominus
1364 5706 1477 5746 pars
1500 5689 1696 5739 heredi-

132 5702 288 5756 letttr.
318 5703 449 5755 Audi
483 5689 1016 5753 Davidem'dieenlem
1042 5738 1055 5758 ,
1091 5689 1333 5747 Dominus
1362 5706 1477 5759 pars
1500 5689 1697 5759 heredi-

137 5774 245 5826 tatis
271 5788 390 5826 mea:
416 5772 584 5840 (Psal.
619 5770 703 5826 l5.
732 5769 810 5837 5).
844 5767 979 5822 Deus
1011 5757 1131 5835 pars
1161 5757 1468 5819 hereditatis
1497 5775 1509 5812 :
1534 5757 1699 5828 Spiri-

1045 364 1112 422 lN
1149 363 1370 433 ILLUD,
1413 361 1591 421 PONE
1631 361 1875 420 MANUM
1913 363 2123 431 TUAM,
2166 365 2413 425 SERMO.

3248 388 3362 444 562

1782 486 1868 533 tus
1896 478 2081 548 pignus
2110 478 2436 535 hereditatis.
2462 480 2514 538 Si
2542 483 2589 537 id
2618 483 2806 539 Filium
2831 494 2921 540 aut
2952 486 3160 542 Patrem
3190 490 3359 542 mino-

1781 549 2058 620 rem‘facit
2083 592 2096 614 ,
2125 553 2262 619 quod
2292 552 2496 607 dicatur
2525 569 2644 620 pars
2676 554 2981 609 hereditatis
3003 598 3015 617 ,
3052 558 3098 610 id
3130 558 3359 619 Spiritus

1783 618 2087 697 dignitatum
2132 618 2316 697 minuit
2338 618 2534 697 ,_qnod
2560 635 2779 697 vocetur
2810 627 2994 692 pignus
3027 618 3355 683 hereditatis.

1784 689 1870 761 Ait
1922 689 2079 761 David
2120 689 2240 744 alibi
2291 711 2303 746 :
2354 690 2602 747 Dominus
2626 696 2789 761 portio
2811 689 2924 748 mea
2955 698 3003 748 in
3034 706 3165 750 terra
3188 700 3355 752 viven-

1781 758 1923 808 tium.
1950 758 2127 831 Pprtio
2160 777 2273 815 mea
2300 802 2314 827 ,
2340 778 2444 830 quo
2477 758 2776 830 partiente?
2803 763 2857 821 Si
2883 767 3022 819 enim
3050 783 3184 821 unus
3209 810 3221 831 ,
3253 784 3355 819 non

1785 834 1943 902 totus.
1971 827 2024 882 Si
2057 845 2209 902 voces
2230 827 2509 899 aucu'paris
2535 874 2549 896 ,
2580 849 2678 887 nec
2700 849 2911 887 sensum
2935 827 3355 902 exploras-nihil

1782 896 1993 977 obstat,
2030 900 2309 977 quominus
2333 896 2491 977 etiam
2525 903 2575 977 in
2607 904 2767 977 Deum
2790 896 3354 977 Patrem-blasphemia

1785 971 1946 1019 utaris
1976 1010 1989 1031 ,
2020 985 2174 1040 quem
2198 971 2374 1024 colere
2404 972 2616 1026 videris.
2654 972 2898 1026 Dominus
2929 993 3045 1040 pars
3070 971 3355 1030 hereditatis

1782 1051 1941 1113 mem“;
1987 1052 2060 1098 etv.
2083 1038 2252 1113 Par-tio
2291 1056 2400 1091 mea
2428 1057 2477 1093 es
2503 1042 2554 1093 in
2581 1038 2996 1113 terraiviventium
3024 1044 3193 1113 (Psal.
3229 1046 3321 1100 Ml

1784 1106 1858 1172 6).
1891 1104 1999 1160 Cur
2028 1124 2150 1181 vero
2180 1110 2447 1181 illaAex_se
2474 1112 2646 1179 genita
2676 1112 2839 1164 virtus
2865 1104 3041 1181 portio
3063 1123 3114 1167 ot
3144 1116 3355 1169 heredi-

1784 1183 1863 1227 tas
1894 1179 2150 1252 voc_atur_?
2189 1178 2319 1252 Quia
2364 1178 2523 1232 Deum
2564 1181 2781 1252 arbitrio
2816 1178 2998 1235 nostro
3025 1184 3311 1252 accipimus
3336 1226 3351 1248 ,

1783 1253 1834 1317 et
1862 1260 1924 1298 ex
1954 1248 2169 1317 singulis
2200 1250 2333 1301 alius
2362 1264 2596 1303 errorem
2629 1250 2846 1317 deligit,
2877 1253 3009 1306 alius
3034 1248 3194 1306 Deuiu
3218 1254 3357 1308 acci-

1783 1314 1895 1389 pit,
1918 1314 2253 1389 efficiturque
2282 1318 2417 1371 Deus
2448 1318 2523 1372 sic
2549 1314 2751 1373 electus
2782 1320 2947 1373 fidelis
2978 1324 3206 1375 hominis
3236 1339 3356 1389 por—

1785 1385 1876 1436 tio.
1917 1384 2353 1455 Eseinpli’causa
2400 1404 2412 1439 :
2450 1390 2813 1455 przescriptum
2858 1390 2945 1442 fuit
2977 1391 3203 1453 Levitis,
3237 1384 3356 1445 Non

1782 1455 1874 1527 erit
1914 1453 2001 1506 tibi
2038 1459 2197 1523 portio
2237 1472 2389 1521 super
2414 1453 2594 1509 terram
2621 1457 2801 1523 (Nam.
2838 1460 2921 1513 18.
2946 1459 3036 1527 20)
3066 1479 3075 1511 :
3108 1462 3357 1515 Dominus

1782 1522 1920 1577 enim
1963 1522 2133 1591 portio
2167 1526 2374 1579 illorum
2411 1535 2543 1580 erat.
2576 1522 2633 1580 Si
2660 1528 2858 1591 absque
2888 1522 3181 1583 offensione
3204 1534 3355 1583 audis

1789 1592 1950 1670 Deum
1980 1596 2158 1648 vocari
2186 1596 2501 1670 portionem,
2530 1611 2624 1649 cur
2651 1596 2934 1670 offenderis
2958 1600 3217 1653 audiendo
3237 1600 3355 1668 Spi-

1781 1665 2209 1734 ritumsanctum
2241 1665 2413 1717 vocari
2444 1666 2674 1734 pignus?

1859 1730 1908 1784 7.
1930 1732 2243 1788 Auferamus
2268 1730 2666 1802 itaqueoi'nnem
2689 1734 3064 1789 incredulitatis
3082 1739 3353 1794 confusio-

1784 1815 1924 1863 nem,
1948 1813 2001 1855 et
2040 1803 2298 1875 sinceram
2347 1802 2502 1875 fidem
2534 1806 2932 1875 amplectamur.
2954 1810 3237 1875 Quousque
3263 1825 3354 1862 cor

1783 1878 1929 1944 tuum
1950 1873 2498 1944 aggravasdiieretice,
2530 1882 2584 1926 ut
2613 1873 2857 1928 Pharao?
2889 1873 3164 1944 quousque
3178 1878 3352 1931 divina

1784 1939 1920 1994 dicta
1950 1939 2053 1995 non
2082 1942 2379 2011 ponderas?
2406 1942 2675 1997 Rationem
2710 1945 2758 1995 in
2790 1954 2837 1996 te
2870 1939 3028 1997 habes
3058 1939 3106 1997 iit
3132 1948 3349 2005 libram:

1783 2011 2019 2077 carpende
2031 2012 2187 2082 verba
2201 2012 2522 2076 Set-vallaris;
2545 2013 2771 2081 intelligo
2790 2030 2904 2082 qum
2917 2016 2981 2068 de
3003 2030 3160 2068 carne
3178 2017 3356 2069 dican-

1786 2087 2011 2147 tur,qu-.e
2033 2081 2098 2133 de
2114 2081 2523 2152 divinitate,qum
2541 2082 2605 2135 de
2628 2081 2898 2149 dignitate,
2922 2099 3035 2151 quae
3058 2086 3120 2135 de
3138 2085 3354 2152 dispen-

1782 2151 2007 2220 satione,
2026 2165 2090 2220 n_e
2106 2151 2170 2203 de
2185 2160 2235 2203 te
2249 2151 2451 2203 dicatur
2468 2151 2514 2203 id
2538 2152 2671 2218 quod
2714 2169 2742 2203 u
2765 2155 3015 2220 propheta
3031 2152 3355 2207 deClianaan

1783 2218 1975 2272 dicitur
1999 2238 2009 2272 :
2036 2217 2100 2272 In
2124 2237 2275 2272 manu
2297 2220 2533 2272 Chanaan
2550 2217 2732 2273 atatem
2755 2217 3046 2286 iniquitatis,
3069 2225 3239 2275 dilexit
3260 2225 3354 2275 do-

1786 2289 2028 2359 minatum
2061 2290 2126 2341 ad
2173 2290 2556 2356 opprimendum
2588 2289 2752 2356 (Osee
2785 2290 2866 2343 l2.
2901 2292 2989 2359 '1').
3053 2292 3111 2343 Et
3148 2293 3309 2344 David
3337 2333 3353 2357 ,

1800 2356 2145 2428 Verumtamen
2174 2359 2287 2410 vani
2314 2360 2406 2423 ﬁlii
2437 2360 2692 2411 hominum
2725 2359 2889 2428 (Psal.
2923 2356 3005 2414 6i.
3044 2362 3150 2428 10).
3187 2361 3356 2414 Hiere-

1790 2426 2011 2480 ticortnn
2042 2438 2120 2479 est
2152 2429 2199 2479 in
2247 2437 2439 2480 statera
2473 2426 2739 2481 fraudare.
2764 2429 2935 2482 Tenes
2978 2426 3268 2492 stateram,
3303 2440 3355 2483 et

1786 2496 2042 2567 iustitiam
2074 2497 2366 2567 oppritnis't
2392 2496 2519 2548 Vide
2554 2498 2749 2567 (libram
2797 2498 3127 2552 Servatoris:
3162 2499 3270 2567 Ego
3310 2511 3354 2551 et

1798 2564 1941 2617 Pater
1956 2583 2108 2618 unum
2126 2582 2293 2619 sumus
2313 2564 2486 2624 (Joan.
2510 2566 2592 2620 10.
2625 2566 2734 2633 50).
2762 2568 2981 2621 Ubinam
3004 2564 3354 2633 in-cquaiuas?

1786 2634 1918 2689 Vide
1947 2637 2127 2690 lances
2164 2635 2325 2691 divini
2367 2634 2516 2689 Vet'hi
2551 2662 2562 2689 .
2602 2635 2701 2700 Qui
2730 2637 2849 2688 vidit
2881 2654 2986 2699 me,
3020 2638 3141 2688 t-idit
3168 2647 3211 2688 ct
3247 2636 3352 2689 Pa-

1785 2714 1911 2757 trem
1950 2721 2111 2775 meuin
2138 2705 2320 2775 (Joan.
2357 2706 2439 2758 M.
2493 2705 2567 2775 9).
2602 2704 2821 2759 Ubinam
2862 2706 2944 2759 hic
2988 2707 3313 2759 tlescendcns
3337 2748 3351 2768 ,

1788 2775 1874 2827 uhi
1921 2774 2253 2827 ascendens?
2280 2772 2411 2827 Vide
2456 2772 2661 2827 Patrem
2709 2775 3048 2838 liherantem,
3082 2786 3134 2827 et
3162 2776 3352 2829 Filium

1788 2844 2096 2896 libertinam
2121 2884 2134 2907 ,
2166 2853 2213 2895 ul
2256 2845 2365 2911 ipse
2410 2844 2481 2895 ait
2510 2860 2524 2898 ε
2558 2843 2672 2896 Nisi
2715 2843 2877 2897 Filius
2922 2862 3004 2897 vos
3036 2846 3350 2907 liberaverit,

1786 2914 1909 2965 servi
1952 2914 2065 2967 estis
2094 2912 2281 2981 (Joau.
2316 2913 2363 2966 8.
2410 2912 2476 2966 56
2498 2916 2547 2981 );
2580 2924 2631 2965 et
2662 2913 2877 2966 Paulum
2924 2916 3217 2975 dicentem,
3249 2914 3355 2968 Lex

1789 2982 2012 3052 Spiritus
2042 2984 2155 3035 vita:
2182 2984 2231 3034 in
2260 2981 2457 3052 Cltri_sto
2482 2981 2604 3052 Jestt
2640 2982 2862 3034 liberavit
2886 3000 2963 3034 me
2992 2982 3160 3049 (Rom.
3188 2985 3239 3035 8.
3272 2984 3351 3052 ἓ).

1788 3051 1838 3103 Si
1874 3052 2027 3104 Pater
2055 3052 2259 3107 liberat.
2292 3052 2332 3102 si
2365 3049 2526 3103 Filius
2554 3051 2770 3112 iii)t'l‘3l,
2803 3054 2844 3103 si
2868 3054 3091 3118 Spiritus
3126 3049 3350 3113 liberat,

1789 3121 1873 3174 ubi
1904 3135 2089 3175 servus
2119 3122 2168 3174 in
2200 3120 2341 3174 illis?
2374 3119 2561 3173 Verum
2593 3123 2786 3173 utinam
2814 3137 2997 3175 onmes
3021 3123 3201 3189 jugum
3236 3138 3355 3190 pce-

1788 3191 1928 3249 cati,
1973 3191 2153 3259 jugum
2201 3190 2419 3243 lueresis
2468 3190 2813 3257 effugientes.
2866 3191 3020 3243 lidem
3069 3192 3353 3243 habeamus

1790 3260 2011 3312 firmam.
2066 3260 2140 3314 Ne
2193 3260 2433 3329 ignorent
2474 3275 2629 3325 porro
2678 3259 2905 3329 ha'retici
2955 3276 3015 3313 ea
3056 3278 3171 3327 qua!
3214 3262 3352 3312 dicta

1786 3339 1929 3380 sunt.
1962 3329 2149 3382 Multos
2179 3328 2351 3380 audivi
2378 3329 2614 3381 dicentes
2635 3370 2647 3391 ,
2680 3328 2786 3381 Cur
2818 3345 2919 3382 non
2953 3331 3016 3381 de
3040 3345 3242 3383 morum
3274 3330 3355 3382 in-

1788 3400 2063 3451 stitutione
2087 3412 2179 3450 nos
2208 3397 2519 3465 alloquitur?
2544 3413 2635 3451 cur
2667 3412 2768 3449 non
2795 3399 2859 3450 de
2890 3399 3083 3452 decoro
3106 3410 3157 3452 et
3185 3402 3353 3452 Ιιοιιε-

1787 3466 1961 3520 state?
1988 3467 2111 3520 Illud
2144 3482 2299 3534 porro
2340 3467 2521 3519 dicunt
2550 3483 2651 3519 non
2702 3482 2763 3519 ex
2805 3467 2987 3519 harum
3029 3484 3204 3519 rerum
3236 3478 3354 3519 stu-

1788 3537 1895 3596 dio.
1924 3536 2014 3589 St'ti
2041 3537 2179 3605 quod
2212 3551 2268 3589 se
2297 3536 2535 3602 redargui
2567 3536 2863 3589 formident.
2891 3536 3076 3589 Veram
3098 3537 3355 3590 emenda-

1791 3610 1983 3660 tionem
2007 3606 2247 3674 expetis?
2278 3605 2478 3659 Audisti
2508 3621 2646 3672 szepe
2674 3621 2913 3674 magnam
2941 3606 3256 3669 doctrinam,
3288 3606 3353 3657 de

1791 3677 2024 3729 moribus
2065 3675 2289 3739 audisti;
2337 3674 2607 3729 emendavi
2648 3690 2820 3728 mores
2867 3687 3019 3737 tuos;
3054 3677 3241 3728 audisti
3287 3675 3355 3728 de

1790 3748 2055 3804 moribus;
2084 3747 2241 3798 vitam
2282 3754 2421 3797 tuam
2468 3746 2777 3797 c0ucinnavi
2806 3763 2816 3805 ;
2848 3746 2936 3798 sed
2964 3756 3020 3798 ut
3058 3748 3129 3797 ait
3173 3746 3353 3798 Domi-

1793 3832 1889 3868 nus
1923 3831 1935 3866 :
1978 3814 2119 3866 Venit
2147 3813 2369 3866 Joannes
2392 3829 2489 3865 non
2513 3814 2837 3881 mandaram,
2864 3831 3017 3881 neque
3043 3815 3246 3876 bibens;
3276 3816 3353 3865 di-

1791 3894 1939 3941 cunt.
1984 3882 2297 3935 Daunonium
2339 3882 2510 3943 habet;
2538 3885 2664 3934 venit
2692 3880 2738 3933 F
2740 3883 2855 3935 ilius
2884 3880 3094 3935 hominis
3137 3884 3353 3934 manda-

1791 3970 1910 4007 cans
1934 3963 1976 4005 et
1994 3952 2180 4015 bibens;
2204 3953 2402 4014 dicunt,
2430 3952 2594 4005 Homo
2612 3968 2765 4004 vorax
2793 3962 2837 4003 et
2859 3954 2958 4003 riui
2979 3962 3120 4019 potor
3143 3953 3351 4019 (Matth.

1795 4025 1877 4077 11.
1914 4024 1996 4077 18.
2026 4022 2131 4091 10).
2162 4022 2414 4089 Nequitia:
2438 4023 2574 4091 nihil
2618 4022 2801 4089 placet.
2834 4022 2885 4075 Si
2926 4024 2988 4074 de
3013 4023 3244 4074 moribus
3278 4021 3355 4072 io-

1793 4095 1968 4161 quaris
1994 4134 2007 4155 ,
2040 4090 2111 4143 ait
2144 4112 2155 4145 :
2192 4093 2297 4159 Ego
2319 4092 2385 4161 de
2426 4090 2524 4143 fide
2556 4102 2602 4145 te
2650 4093 2951 4159 interrogo;
2981 4092 3022 4143 si
3055 4108 3115 4143 uc
3146 4091 3245 4143 fide
3277 4091 3357 4142 di-

1794 4160 1901 4226 cas,
1931 4164 1997 4214 ait
2037 4182 2047 4215 :
2082 4161 2331 4214 Volebam
2359 4160 2424 4213 de
2452 4162 2684 4213 moribus
2705 4162 2903 4213 audire.
2931 4163 3051 4214 ideo
3084 4161 3195 4212 haec
3228 4176 3356 4221 pue-

1794 4233 1906 4285 rilaa
1936 4233 2177 4299 nequitia:
2204 4231 2338 4283 dicta
2367 4232 2635 4298 eXagitaus
2662 4230 2907 4282 Servatur
2930 4231 3137 4282 dicebat
3170 4248 3180 4279 :
3212 4229 3357 4280 Tibia

1794 4301 1926 4353 vobis
1968 4298 2233 4353 cecinimus
2257 4341 2271 4362 ,
2303 4308 2345 4351 ct
2376 4315 2472 4350 non
2511 4298 2725 4351 saltastis
2755 4315 2772 4350 :
2798 4301 3046 4351 lamentati
3078 4315 3246 4350 sumus
3267 4340 3279 4362 ,
3312 4310 3357 4349 et

1795 4388 1893 4423 non
1939 4371 2134 4423 liixistis
2174 4369 2392 4439 (Matth.
2429 4370 2512 4421 11.
2566 4370 2685 4433 17).
2720 4368 2861 4420 Tibia
2890 4371 3153 4421 cecinimus
3182 4385 3199 4419 :
3230 4384 3351 4419 euu-

1796 4443 1946 4493 cione
1976 4452 2151 4492 saneta
2173 4480 2187 4501 ,
2218 4439 2472 4491 concinne
2511 4440 2788 4502 couSpicna
2823 4454 3024 4489 morum
3073 4439 3358 4489 institutio-

1796 4525 1914 4562 nem
1947 4510 2165 4561 audistis
2192 4550 2203 4567 .
2230 4508 2509 4559 Lamentati
2553 4524 2722 4559 sumus
2768 4507 3021 4559 laboriosa
3068 4511 3307 4559 oratione
3334 4547 3350 4570 ,

1796 4581 1976 4632 dolore
2008 4580 2177 4647 plena,
2206 4578 2411 4645 lugente
2440 4588 2663 4629 vestram
2694 4577 3143 4635 incredulitatem;
3176 4586 3227 4647 et
3253 4593 3354 4627 non

1797 4646 2035 4708 audistis,
2071 4662 2239 4713 neque
2271 4662 2349 4705 ea,
2372 4663 2487 4715 quin
2514 4647 2577 4697 ad
2614 4662 2704 4697 vos
2728 4648 3050 4712 specuibant,
3080 4646 3356 4697 audientes

1796 4718 2045 4779 saltastis,
2076 4731 2243 4784 neque
2273 4731 2332 4768 ea
2356 4757 2367 4779 ,
2398 4732 2513 4783 qua:
2544 4716 2793 4769 adversus
2821 4715 3205 4784 ltmreecs‘dicta
3234 4724 3357 4765 sunt

1797 4786 2087 4845 audientes,
2117 4782 2337 4837 lu'xistis.
2369 4786 2515 4837 Venit
2540 4786 2784 4851 Baptista;
2810 4783 3007 4845 dieitul,
3040 4782 3356 4834 Divinoniam

1799 4856 1977 4917 habet;
2010 4870 2178 4922 neque
2231 4854 2526 4921 indignatur
2572 4855 2836 4920 Baptista,
2878 4857 2967 4905 sed
3014 4855 3061 4904 in
3113 4867 3357 4919 suscepto

1797 4941 2015 4978 munere
2044 4923 2229 4992 pergit.
2266 4924 2419 4975 Vides
2448 4927 2584 4975 enim
2620 4924 2801 4974 eadem
2829 4923 2901 4992 illi
2935 4922 3205 4983 accidisSe,
3239 4940 3355 4988 qiue

1799 4991 2085 5049 Servatori.
2119 4991 2191 5045 De
2219 4992 2497 5045 Servatore
2527 4992 2771 5043 dicebant
2818 4991 3008 5054 .ludmi,
3047 4991 3355 5043 Dtemonimn

1800 5065 1961 5124 habet,
1998 5072 2041 5114 et
2070 5063 2274 5113 insanus
2303 5072 2398 5121 est;
2419 5078 2506 5113 cur
2535 5063 2673 5112 illum
2697 5062 2879 5112 auditis
2914 5059 3085 5127 (Joan.
3123 5062 3202 5114 10.
3232 5061 3357 5123 20)?

1800 5136 1988 5187 Annon
2017 5132 2199 5184 beatus
2229 5141 2305 5184 est
2338 5131 2426 5183 ille
2456 5130 2785 5183 Christianus
2809 5170 2821 5191 ,
2854 5132 2938 5197 qui
2974 5131 3154 5183 iisdem
3200 5141 3356 5196 atque

1803 5205 2052 5257 Dominus
2076 5199 2405 5254 contumeliis
2431 5199 2677 5253 allieitnr‘?
2705 5200 2894 5252 Paulus
2921 5202 3186 5251 veritatem
3223 5215 3354 5264 ριίυ-

1800 5273 1969 5333 dicat,
2001 5281 2054 5325 et
2080 5271 2151 5322 ait
2176 5270 2247 5322 illi
2270 5268 2456 5323 Fesms
2490 5286 2500 5321 :
2534 5267 2757 5329 Insanis,
2792 5267 2975 5330 Paule,
3026 5274 3192 5321 multa:
3228 5280 3271 5317 te
3298 5267 3359 5317 li-

1800 5351 1915 5395 tertz
1940 5342 2004 5392 ad
2021 5340 2265 5392 insaniam
2286 5341 2525 5391 reducunt
2548 5340 2677 5406 (Act.
2698 5339 2784 5392 26.
2809 5338 2921 5403 21s);
2945 5340 3137 5390 insania
3166 5338 3357 5403 quippe

1801 5412 2045 5464 videntur
2074 5424 2190 5461 esse
2220 5410 2280 5460 iis
2305 5448 2318 5469 ,
2347 5408 2433 5475 qui
2487 5408 2869 5461 inconsiderate
2901 5416 3090 5473 agunt,
3127 5406 3208 5475 illa
3238 5420 3356 5469 qua:

1802 5491 1922 5535 sunt
1953 5477 2251 5545 sagacitatis
2278 5474 2446 5543 plena.
2476 5475 2565 5530 llle
2596 5494 2736 5539 vero,
2768 5475 2880 5528 Non
2909 5477 3101 5526 insanio
3147 5474 3318 5545 inquit
3342 5513 3356 5537 ,

1803 5550 1986 5617 Optime
2006 5543 2172 5617 (Feste
2190 5586 2209 5617 ,_
2230 5548 2687 5617 sed_tentperantiw
2710 5548 3015 5617 justitia’qite
3042 5543 3198 5617 acrba
3244 5560 3360 5610 pro-

1803 5613 1910 5687 fero
1938 5615 2096 5687 (ibid.
2116 5632 2162 5687 lt.
2186 5615 2297 5681 25).
2328 5613 2484 5667 Vides
2511 5616 2749 5687 divinam
2774 5614 3019 5687 loquendi
3042 5614 3358 5687 lilii-_t'_tateiii.

1803 5682 1920 5755 qua:
1948 5682 2202 5755 ;iiisania_
2228 5686 2566 5755 reputabatur
2590 5724 2603 5744 ,
2646 5684 2895 5755 sapientia
2928 5682 3357 5755 splendidiorem

1804 5750 1923 5813 esse
1943 5753 1968 5807 ἲ
1992 5752 2150 5809 Audit
2176 5750 2403 5809 Joannes
2454 5754 2713 5823 Baptista,
2743 5752 2877 5821 quod
2909 5752 3223 5805 dat-monium
3264 5754 3358 5805 ha-
