3976 6218
192 389 308 447 565

190 503 244 557 in
274 499 613 555 hereditatem
643 506 996 564 consequutus
1023 508 1119 553 est.
1149 498 1237 552 Ille
1267 498 1403 568 apud
1440 498 1600 554 Deum
1628 515 1746 555 sese

193 586 419 640 purgans
446 571 653 625 dicebat
670 570 897 640 ,_Mulier
923 585 1071 635 quam
1096 569 1276 640 dedisti
1312 570 1466 640 mihi,
1496 570 1600 621 Ιιιιέ
1627 571 1746 623 mihi

191 637 327 694 dedit
346 680 360 699 .
393 651 438 692 et
466 640 654 693 comedi
683 637 840 707 (Gen.
868 640 920 693 5.
950 640 1063 704 l2).
1090 637 1514 707 Oidelensiuncm
1540 640 1745 707 (veniam

193 726 300 765 non
329 708 604 763 habentem
628 711 639 761 !
663 706 751 762 llIa
776 706 1210 768 dixit:Comedc;
1231 722 1329 774 ego
1356 706 1485 771 dixi,
1504 706 1580 761 Ne
1601 722 1749 763 com-

190 780 338 834 edas.
367 779 473 831 Cur
522 778 792 831 mulierem
832 776 1021 829 audisti
1054 816 1068 839 ,
1111 776 1377 843 Deumque
1432 776 1747 843 despexisti?

192 850 296 903 Sed
329 864 431 900 non
462 848 578 901 talis
608 848 701 899 fuit
741 847 921 898 beatus
945 845 1063 899 Job.
1095 844 1273 909 Qualis
1307 846 1471 908 ergo?
1496 845 1623 897 Cum
1663 848 1744 898 in-

191 917 495 986 crepatione
519 918 650 986 dixit
674 933 688 968 :
715 915 866 979 Quasi
889 932 986 967 una
1013 931 1073 986 ea:
1096 915 1438 986 insipientibus
1465 914 1748 986 mulieribus

194 982 397 1054 loqnuta
424 1004 491 1040 es.
532 985 616 1037 Vir
645 995 747 1038 erat
772 986 823 1037 in
847 999 978 1038 terra
1004 984 1244 1045 Ausitide,
1273 983 1471 1054 neruiue
1505 982 1601 1035 Job
1630 983 1748 1053 (Job

192 1051 394 1124 εξιθ).
429 1057 533 1110 (ὶυτ
556 1056 715 1109 etiam
746 1055 1027 1124 regionem
1053 1052 1377 1124 nominavit?
1418 1051 1647 1124 Propter
1665 1062 1746 1118 te,

194 1135 252 1179 nt
267 1120 456 1187 discas,
478 1141 542 1179 ne
563 1120 892 1192 peccatorum
907 1122 1117 1191 quidem
1139 1120 1535 1192 contubernium
1552 1122 1748 1188 justum

194 1210 351 1262 posse
376 1195 439 1246 ad
470 1191 735 1260 peccatum
767 1192 1047 1254 deducere,
1076 1191 1167 1244 sed
1197 1196 1400 1262 piorum
1426 1192 1747 1262 prOpositum

196 1260 406 1317 ﬁrmum
433 1264 775 1329 stabilemque
800 1262 1028 1313 animum
1054 1260 1333 1328 posmlare.
1366 1260 1456 1311 Est
1478 1260 1615 1312 enim
1640 1260 1751 1313 haec

194 1333 403 1386 Arabia:
427 1334 568 1400 regio
596 1332 742 1397 plena
770 1330 954 1383 incolis
977 1330 1226 1396 improbis
1248 1337 1301 1381 et
1323 1329 1600 1396 corruptis.
1628 1329 1752 1400 0m-

195 1416 291 1454 nes
320 1399 688 1470 iniqui’erant,
718 1415 901 1470 omnes
932 1400 1019 1470 Dei
1050 1400 1226 1451 hostes
1241 1437 1263 1470 ,_
1286 1412 1468 1451 omnes
1509 1399 1746 1470 profani,

193 1485 378 1523 omnes
405 1467 637 1538 superbi,
665 1471 727 1523 ab
756 1469 893 1521 Esau
921 1469 1040 1528 orti,
1070 1468 1296 1538 peccatis
1321 1477 1584 1519 scatentes
1609 1485 1621 1527 ;
1658 1467 1748 1538 sed

196 1548 393 1591 tantum
426 1535 706 1605 impietatis
749 1538 964 1606 pelagus
999 1537 1206 1606 pietatis
1237 1535 1400 1588 facem
1443 1552 1544 1587 non
1586 1537 1752 1603 putuit

193 1618 527 1675 exstinguere
557 1627 570 1661 :
602 1608 744 1676 regio
774 1608 1132 1677 improborum
1171 1621 1273 1677 non
1313 1607 1478 1676 potuit
1505 1621 1749 1677 persevc-

195 1674 389 1729 rantiai
406 1677 647 1731 decorem
666 1674 951 1730 suffocare.
983 1676 1099 1727 Ideo
1124 1675 1186 1726 ad
1216 1674 1353 1726 hunc
1376 1674 1627 1727 accedere
1648 1674 1752 1726 dia-

195 1744 347 1799 bolos
377 1748 610 1800 tentavit.
635 1748 848 1811 Quare?
871 1746 997 1812 Quia
1028 1744 1235 1798 videbat
1260 1758 1376 1796 eum
1401 1743 1750 1812 elcentosynis

194 1816 359 1882 ηιξκιε
388 1831 545 1883 quam
577 1816 771 1869 divitiis
810 1813 1265 1883 almudare.Audi
1301 1813 1437 1864 enim
1477 1828 1595 1866 eum
1636 1815 1750 1883 sine

192 1882 468 1937 mendacio
492 1886 756 1938 dteentem
786 1902 799 1935 :
834 1885 1020 1937 Oculus
1043 1882 1116 1951 [ui
1144 1898 1405 1951 cd'corunt,
1434 1893 1479 1933 et
1504 1899 1588 1951 pes
1613 1882 1751 1935 cluu-

192 1952 369 2005 darum
398 1952 517 2019 (Job
544 1954 611 2007 29
660 1955 746 2020 15')
771 1971 784 2015 ;
812 1963 863 2006 et
911 1955 1095 2007 iterum
1128 1971 1137 2001 :
1170 1950 1278 2020 Ego
1304 1967 1450 2017 super
1488 1952 1752 2020 impotente

189 2021 325 2143 gari,
348 2018 565 2091 inqetnui
585 2018 747 2075 autem
772 2024 926 2074 cirum
954 2022 1119 2074 videns
1144 2021 1194 2071 in
1220 2018 1586 2073 necessitatibus
1630 2018 1749 2085 (Job

267 2130 279 2140 .
312 2092 422 2143 95).
456 2092 559 2143 Nec
597 2093 750 2143 modo
787 2093 957 2143 verbis
982 2132 995 2143 .
1028 2090 1119 2143 sed
1147 2090 1301 2141 etiam
1340 2092 1585 2143 oneribus
1611 2090 1749 2143 dite-

267 2130 279 2140 .
312 2090 422 2155 95).
456 2092 559 2144 Nec
597 2093 750 2145 modo
787 2093 957 2143 verbis
982 2132 995 2153 ,
1028 2090 1119 2144 sed
1147 2090 1301 2141 etiam
1340 2092 1585 2152 operibus
1611 2090 1749 2143 dite-

189 2161 390 2218 scebat.
421 2161 697 2214 thesaurus
725 2161 1079 2214 beneficentizc
1108 2158 1465 2227 deprehensus
1491 2174 1611 2227 erga
1639 2174 1752 2226 cge-

190 2243 309 2280 nos.
350 2229 482 2294 Quid
521 2232 659 2282 cuitn
709 2231 828 2284 alibi
871 2229 975 2282 ait?
1018 2228 1135 2280 Non
1175 2229 1319 2280 exiuit
1358 2228 1417 2279 de
1459 2229 1606 2280 domo
1644 2244 1751 2279 mea

188 2312 371 2365 egenus
396 2301 506 2350 sinu
540 2315 687 2352 vacuo
713 2317 729 2352 :
755 2317 807 2351 os
836 2300 998 2351 vidtur
1023 2298 1270 2349 benedixit
1296 2297 1413 2348 nti/tt
1441 2313 1458 2347 .·
1484 2298 1544 2348 de
1578 2298 1752 2349 uellere

188 2378 355 2419 autent
386 2369 547 2420 ouium
585 2386 801 2419 mearum
840 2368 1065 2436 rule/‘ucti
1108 2366 1443 2436 sunt/tumori
1479 2382 1752 2433 pauperum

186 2436 349 2501 (Ibid.
382 2439 467 2491 51.
496 2439 580 2491 54.
611 2451 656 2488 et
679 2437 767 2491 ‘29.
803 2440 880 2490 l3.
910 2449 953 2490 et
980 2438 1065 2489 51.
1090 2437 1203 2505 20).
1228 2435 1554 2487 Manifestum
1579 2437 1751 2501 itaque

187 2514 274 2557 est
303 2507 470 2570 ipsum
508 2512 723 2559 omnino
752 2507 962 2560 divitem
996 2506 1185 2568 fuisse,
1216 2505 1517 2557 thesaurum
1548 2514 1712 2557 totum
1733 2544 1747 2568 ,

190 2575 384 2634 verbis,
416 2577 685 2642 operibus,
719 2576 1073 2642 eleenmsyna,
1104 2575 1394 2640 patrocinio
1440 2588 1748 2640 pauperum,

190 2592 384 2634 vernis,
416 2592 685 2642 Opertlllls,
719 2592 947 2629 eteemos
989 2592 1073 2636 na,
1104 2592 1394 2640 patrocmto
1440 2592 1748 2640 pauperum,

186 2644 385 2697 attxilio
409 2661 715 2712 egenorum.
748 2645 846 2698 Sed
881 2592 996 2697 vidye
1022 2644 1143 2712 quid
1174 2643 1329 2695 faciat
1350 2642 1607 2695 diabolus.
1642 2643 1751 2695 Pri-

189 2727 279 2764 mo
308 2727 493 2766 onmes
522 2716 654 2767 illius
684 2715 958 2767 facultates
987 2714 1204 2780 abripit,
1233 2727 1292 2764 ac
1316 2712 1526 2765 demum
1561 2712 1751 2765 liberos

187 2784 377 2835 aufert.
420 2784 750 2837 Camelornm
792 2798 977 2850 greges
1022 2784 1189 2851 primo
1234 2783 1474 2845 su-tulit,
1520 2782 1751 2851 secundo

184 2866 377 2919 greges
403 2854 576 2906 ovium
604 2896 617 2915 ,
650 2855 825 2906 asinos
866 2850 1051 2920 magno
1093 2867 1312 2905 numero
1337 2892 1348 2911 ,
1389 2852 1545 2903 boum
1578 2850 1749 2920 tuaxi-

185 2934 333 2972 tuum
360 2934 652 2977 armentum
679 2940 691 2985 ;
721 2924 893 2976 onmia
926 2919 1169 2981 abstulit,
1195 2923 1509 2984 demumquc
1536 2919 1748 2972 liberos.

188 2992 406 3060 Quare?
448 2993 732 3060 Diligenter
766 2991 995 3045 attende.
1037 2992 1214 3044 Primo
1252 2990 1467 3041 abstulit
1492 2990 1538 3060 ei
1567 3003 1750 3040 onmes

187 3058 494 3125 facultates,
528 3058 857 3129 postmodum
891 3061 1117 3123 liberos;
1153 3060 1463 3129 hereditaria
1496 3059 1628 3129 bona
1652 3096 1667 3120 ,
1699 3066 1751 3110 et

188 3140 369 3196 postea
394 3128 619 3185 heredes
650 3132 790 3199 ipsos
817 3131 1060 3192 sustulit,
1092 3138 1147 3183 ut
1171 3129 1311 3181 onmi
1347 3128 1551 3199 ratione
1579 3128 1749 3194 ipsum

184 3200 451 3269 etiamque
480 3217 570 3268 per
596 3197 729 3254 ﬁlios
760 3201 1037 3269 afﬂigeret.
1069 3199 1243 3269 Primo
1275 3197 1545 3269 facultates
1568 3198 1750 3269 abstu-

188 3267 278 3329 lit,
312 3265 490 3333 primo
506 3270 822 3324 hereditaria
856 3265 989 3323 bona
1024 3267 1305 3322 heredibus
1335 3266 1625 3319 viventibus
1656 3265 1751 3316 ab-

186 3341 378 3405 ripuit;
409 3350 463 3391 ut
495 3341 613 3393 filiis
646 3341 950 3407 liliabusque
986 3338 1387 3407 superstitibus,
1422 3351 1513 3403 per
1541 3350 1750 3407 posses-

187 3411 397 3462 siouum
435 3413 728 3472 jacturam,
770 3405 922 3463 leta—lc
959 3412 1222 3475 acciperet
1264 3406 1436 3473 justus
1486 3405 1748 3475 mmstitire

186 3479 399 3531 vulnus.
426 3479 699 3547 Cogitabat
725 3481 863 3533 enim
886 3473 1144 3546 malignus
1164 3476 1503 3547 d'.cmon,_uc,
1532 3474 1573 3527 si
1603 3473 1751 3527 liberi

190 3549 471 3613 periissth
492 3544 661 3607 antea.
685 3549 749 3602 de
766 3550 966 3617 jaetura
993 3544 1291 3600 facultatum
1318 3544 1514 3595 nullum
1538 3558 1750 3617 sensum

188 3619 427 3671 haberet.
466 3620 567 3671 Sed
599 3618 684 3671 illc
712 3613 847 3673 ve're-
866 3619 1079 3670 adamas
1113 3626 1166 3669 et
1197 3628 1485 3683 generosus
1514 3613 1712 3667 athleta
1735 3651 1749 3675 ,

182 3690 277 3756 qui
321 3689 537 3739 multum
574 3702 741 3740 ea-sus
766 3729 778 3748 .
818 3692 868 3740 in
910 3687 1155 3742 omnibus
1197 3694 1476 3756 coronatus
1514 3690 1627 3756 est,
1657 3684 1752 3756 qui

186 3752 353 3809 multa
391 3758 590 3825 accepit
626 3758 675 3809 in
708 3772 766 3811 se
802 3758 922 3821 tela,
951 3766 1005 3810 et
1039 3770 1130 3821 per
1155 3754 1340 3825 eadem
1373 3753 1479 3825 ipsa
1515 3754 1611 3804 tela
1637 3752 1750 3825 dia-

186 3828 369 3880 bolum
392 3822 647 3891 contudit,
674 3829 760 3893 qui
788 3832 949 3879 armis
972 3825 1190 3893 justitia:
1217 3839 1243 3873 a
1266 3822 1595 3893 dextriseta
1625 3822 1755 3873 siui-

183 3898 317 3949 stris
348 3890 650 3957 instructus,
682 3890 783 3949 non
812 3890 994 3957 doluit,
1029 3911 1131 3947 non
1168 3894 1426 3961 lacrymas
1463 3890 1612 3953 fudit,
1647 3905 1749 3961 non

185 3978 485 4020 conuuotus
516 3975 632 4028 est;
664 3966 753 4019 sed
794 3980 963 4033 neque
992 3965 1057 4017 de
1086 3959 1343 4033 bonorum
1377 3961 1606 4033 pernicie
1644 3959 1751 4012 fra-

187 4048 307 4088 ctus
330 4046 410 4088 est
434 4077 447 4097 ,
483 4051 652 4103 neque
678 4036 729 4088 in
756 4030 1039 4089 liberorum
1065 4043 1233 4086 morte
1263 4031 1469 4103 pietatis
1495 4030 1753 4103 jacturam

189 4107 334 4168 fecit,
361 4105 451 4159 sed
483 4098 671 4158 mansit
702 4106 846 4171 quasi
890 4104 1047 4157 turris
1077 4103 1244 4162 ﬁrma.
1266 4098 1390 4153 altis
1420 4101 1537 4151 nixa
1566 4098 1753 4171 fundato

192 4178 417 4237 mentis,
461 4185 616 4240 atque
660 4169 727 4227 ad
770 4176 911 4240 lp>OS
960 4173 1179 4225 firmiter
1216 4172 1483 4240 attingens
1516 4169 1753 4240 cazlcstes

191 4236 436 4296 (tirones.
468 4236 611 4295 venit
646 4236 1021 4312 prior-nuntius
1041 4242 1241 4312 etdixit
1261 4240 1393 4291 Jobo
1417 4255 1429 4289 :
1453 4236 1587 4304 Juga
1609 4238 1753 4289 bsunt

188 4314 418 4371 orabunt.
452 4325 495 4364 et
520 4310 751 4365 uenerunt
784 4313 1055 4376 prwdones,
1087 4320 1130 4360 et
1162 4310 1377 4359 tulerunt
1408 4322 1484 4370 eu,
1511 4316 1554 4357 et
1579 4322 1754 4373 pueros

189 4386 536 4451 interfecerunt
564 4379 752 4451 gladio.
783 4383 955 4433 Adhuc
985 4396 1039 4432 eo
1066 4380 1293 4451 loquente
1318 4376 1444 4429 venit
1471 4377 1600 4427 alius
1624 4393 1753 4428 nun-

192 4454 319 4507 tius.
349 4460 393 4502 et
420 4452 535 4503 dicit
563 4454 605 4503 ei
634 4468 651 4503 :
676 4450 814 4520 Ignis
841 4451 1013 4503 cecidit
1041 4450 1101 4500 de
1125 4450 1245 4520 aulo
1265 4488 1279 4513 ,
1311 4456 1353 4498 et
1383 4462 1493 4499 oves
1523 4457 1631 4497 tuas
1658 4463 1751 4515 pa-

187 4532 439 4585 storesque
463 4517 765 4590 consumpiit
796 4520 913 4589 (Job
943 4521 991 4571 l.
1022 4517 1217 4590 Mlti).

260 4591 313 4643 ‘2.
348 4584 477 4645 Vide
512 4593 632 4659 quid
662 4584 811 4644 iaciat
837 4590 1093 4659 diabolus.
1129 4584 1189 4659 Ut
1219 4587 1358 4639 enim
1388 4584 1515 4636 vidit
1540 4600 1657 4637 eum
1688 4584 1753 4637 ad

191 4662 415 4727 primam
440 4669 494 4712 et
518 4658 799 4713 secundum
832 4659 1031 4726 plagam
1060 4658 1263 4708 fortiter
1289 4663 1514 4707 stantem
1540 4693 1553 4712 ,
1583 4668 1752 4727 neque

190 4723 408 4781 omnino
436 4729 749 4783 cruciatibus
776 4723 1025 4781 dimutum
1054 4742 1066 4787 ;
1096 4732 1485 4791 oppugnatum,
1521 4737 1616 4775 nec
1643 4723 1755 4773 vul-

192 4808 472 4851 ncratum:
505 4798 605 4851 tale
630 4799 750 4865 quid
785 4797 1141 4865 machinatur.
1160 4793 1333 4865 Ignem
1365 4806 1429 4844 ex
1456 4792 1749 4865 acre_jacit,

191 4878 252 4922 ut
277 4868 522 4934 opinetur
553 4868 595 4920 is
635 4860 803 4935 ignem
832 4866 897 4919 de
922 4865 1051 4919 caelo
1078 4864 1259 4935 mitti,
1284 4870 1337 4914 et
1365 4869 1561 4935 putans
1590 4860 1751 4935 Deum

188 4952 252 4992 se
280 4928 345 4990 de
372 4937 501 4990 czclo
533 4928 835 5006 impugnare
858 4977 872 5000 ,
908 4935 957 5006 in
995 4934 1173 5006 ipsum
1214 4930 1631 5006 blasphemaret,
1664 4928 1751 5006 qui

188 5022 251 5063 se
276 5007 390 5061 sine
412 5006 519 5076 ullo
537 4995 751 5076 peccato
775 4995 870 5059 suo
893 5004 968 5058 sic
992 4995 1186 5069 injuste
1208 4995 1550 5067 Opptignaret.
1579 4995 1748 5066 Ignis,

191 5077 395 5147 inquit.
427 5074 490 5147 de
514 5074 635 5147 rielo
664 5076 870 5147 cecidit,
902 5084 946 5127 et
988 5088 1115 5147 ουιέΔ
1140 5082 1247 5147 tuus
1278 5078 1597 5147 pastoresque
1632 5084 1752 5147 con:

188 5138 421 5213 sumpsit.
455 5144 630 5196 Adhuc
654 5162 710 5199 eo
748 5144 972 5211 loquente
1008 5144 1134 5195 venit
1164 5138 1291 5191 alius
1322 5140 1547 5213 nuntius,
1567 5146 1610 5213 et
1632 5138 1755 5189 dixit

188 5207 322 5269 Jobo
345 5230 364 5285 ς
390 5214 592 5285 Equites
623 5207 848 5285 fecerunt
872 5224 966 5266 tres
991 5222 1177 5264 turmas
1198 5249 1210 5270 ,
1248 5218 1294 5261 et
1324 5207 1754 5285 circumdederunt

189 5284 408 5338 camelos
428 5275 795 5353 [ceperunth
814 5284 951 5353 illos,
986 5290 1030 5332 et
1055 5294 1247 5353 pueros
1256 5278 1544 5353 occiderunt
1567 5275 1753 5353 gladiis

193 5354 325 5419 (Job
352 5359 401 5407 l.
436 5345 554 5423 1η.
609 5345 789 5407 δειῖἰη
821 5351 899 5423 his
928 5345 1351 5423 elltttltAOIItlllbU§
1380 5346 1602 5423 perstitit
1641 5345 1755 5395 bea-

192 5412 280 5477 tus
302 5424 400 5477 Job
425 5412 573 5491 quasi
595 5424 831 5475 columna
859 5420 1164 5480 immobilis,
1194 5416 1338 5491 quasi
1383 5413 1541 5465 turris
1564 5412 1716 5489 _ﬁrma
1735 5451 1750 5477 ,

192 5495 340 5557 quasi
368 5483 563 5545 athleta
594 5494 813 5543 invictus
833 5532 846 5553 ,
883 5490 1129 5541 immotus
1150 5526 1161 5545 ,
1196 5486 1407 5559 lirmus,
1440 5483 1752 5559 magisper-

190 5554 428 5626 cutiens,
470 5577 624 5628 quam
669 5571 961 5627 percussus.
1004 5559 1131 5628 Cum
1169 5555 1283 5621 quis
1323 5554 1755 5628 cuinninutilitcr

192 5619 429 5693 labet-at,
459 5619 598 5698 saepe
623 5619 853 5699 pugnans
884 5628 1025 5678 nullo
1054 5619 1220 5699 fructu
1247 5664 1260 5685 ,
1293 5636 1437 5699 smpe
1464 5619 1748 5698 dimicans,

192 5689 478 5769 numquam
502 5689 755 5766 superans
776 5738 789 5760 ,
814 5699 931 5769 ipse
945 5703 1025 5769 est
1046 5691 1359 5769 quinﬂagella
1374 5689 1751 5769 lmagiscontta

190 5760 371 5831 irritos
399 5760 620 5826 conatus
655 5782 779 5825 suos
823 5760 1032 5836 excipit.
1066 5760 1242 5815 Adhuc
1274 5776 1329 5813 eo
1366 5760 1593 5827 loquente
1623 5760 1747 5811 t‘euit

1522 388 1588 447 IN
1625 389 1742 446 JOB
1778 390 2003 448 SERMO
2030 391 2071 444 1.

3310 403 3424 464 566

1856 502 1988 555 alius
2016 503 2236 558 nuntius.
2271 504 2550 560 Assiduum
2576 505 2803 567 bellum,
2837 504 2929 559 sed
2960 519 3150 559 vanum
3180 502 3413 559 infert-n-

1858 571 2307 643 ti;_frequentiora
2341 576 2440 628 tela
2474 616 2489 639 ,
2521 575 2611 629 sed
2650 575 3002 643 splendidiora
3036 576 3265 642 praemia.
3300 574 3412 629 Non

1855 641 1979 718 sinit
2003 657 2121 718 eum
2146 644 2226 696 vel
2256 659 2418 718 usque
2444 645 2507 697 ad
2538 641 2717 718 horam
2750 641 3048 718 respirare,
3079 658 3143 697 ne
3171 643 3293 718 quid
3318 660 3411 718 pro

1856 711 2009 781 insita
2054 712 2250 780 pit-tate
2299 714 2518 766 luctator
2563 714 2828 780 sapienter
2869 714 3149 781 excogitet.
3196 713 3415 768 Immisit

1854 780 2029 832 omnia
2060 781 2159 834 tela
2183 820 2199 845 ,
2234 797 2403 849 neque
2428 782 2679 835 athletam
2725 782 2880 835 vicit:
2910 780 3180 835 evacuavit
3226 783 3418 846 pharev

1857 855 1989 919 tram
2038 865 2184 902 suam
2206 890 2219 911 .
2263 865 2358 904 nec
2387 852 2497 919 ipse
2532 851 2715 905 dolore
2753 861 3031 905 evacuatus
3059 861 3155 904 est.
3192 851 3413 919 Confun-

1856 916 2045 989 dantur
2059 919 2227 989 iniqua
2252 916 2449 989 agentes
2469 936 2771 988 supervacue
2794 920 2810 987 (
2835 920 2973 973 Psal.
3005 920 3093 973 24.
3123 921 3154 972 4
3173 919 3209 987 ).
3242 916 3412 985 Quan-

1854 985 2151 1057 doquidem'
2179 988 2263 1057 ille
2286 985 2508 1042 aversus
2534 985 2616 1042 est
2636 1032 2648 1052 ,
2682 985 2982 1043 humiliatus
3004 1030 3016 1048 ,
3064 985 3367 1057 [,nulefaetus
3389 1029 3404 1050 ,

1858 1055 1942 1120 qui
1972 1057 2190 1109 multum
2232 1056 2528 1122 dimicavit,
2548 1068 2600 1112 et
2629 1059 2680 1111 in
2699 1060 2941 1113 omnibus
2972 1055 3137 1116 victus
3154 1067 3255 1112 est.
3278 1059 3413 1111 Misit

1853 1124 1996 1175 enim
2023 1126 2278 1179 adversus
2304 1136 2571 1192 pastores,
2618 1128 2867 1181 adversus
2893 1127 3091 1182 bucolia
3115 1168 3129 1188 ,
3158 1126 3412 1181 adversus

1856 1206 2011 1261 oves,
2042 1194 2297 1247 adversus
2323 1197 2571 1261 carm-los,
2603 1196 2851 1249 adversus
2880 1198 3033 1258 filios,
3064 1198 3320 1249 adversus
3350 1197 3411 1248 llo

1858 1260 1988 1326 lias,
2015 1263 2275 1316 adversus
2304 1265 2515 1318 domum
2542 1260 2563 1329 ,
2605 1265 2858 1319 adversus
2897 1280 3125 1330 corpus;
3161 1280 3249 1332 per
3278 1266 3413 1317 ami-

1855 1344 1979 1393 cus,
2015 1346 2107 1397 per
2153 1334 2370 1386 famulos
2390 1374 2405 1395 ,
2455 1350 2545 1400 per
2577 1349 2813 1399 vermes,
2846 1350 2938 1400 per
2963 1334 3136 1386 ulcera
3160 1374 3173 1397 ,
3204 1348 3297 1401 per
3322 1348 3412 1385 sa-

1857 1400 2017 1471 niem.
2049 1401 2234 1471 Urania
2277 1404 2545 1456 evaCuavit
2568 1444 2581 1463 ,
2631 1420 2728 1457 nec
2760 1414 2930 1455 tatncn
2963 1400 3216 1471 pietatem
3255 1403 3409 1455 lzmit.

1857 1467 2057 1537 Murum
2099 1470 2352 1535 perfodit,
2400 1487 2497 1525 nec
2544 1472 2840 1525 thesaurum
2871 1467 3102 1525 abstulit.
3147 1474 3415 1537 Quotquot

1858 1534 2038 1609 habuit
2071 1534 2248 1609 mundi
2300 1550 2552 1609 tyrannus
2595 1542 2766 1607 jaeula
2812 1542 3019 1604 emisit,
3064 1534 3412 1608 perigném,

1859 1621 1951 1677 per
1975 1607 2209 1675 gladios,
2241 1607 2334 1675 per
2352 1609 2584 1674 ruinam,
2620 1626 2710 1675 per
2740 1607 3132 1673 Captivitatem,
3166 1625 3258 1677 per
3286 1624 3411 1659 san-

1855 1676 2086 1740 guinem.
2120 1677 2303 1730 Omnia
2336 1679 2554 1732 tetendit
2575 1720 2588 1740 ,
2622 1689 2673 1731 et
2700 1680 2922 1743 pugilem
2952 1676 3216 1731 fortiorem
3247 1677 3416 1730 reddi-

1856 1746 1948 1816 dit.
1969 1746 2316 1810 Quamobrem
2338 1751 2583 1816 pr0pheta
2605 1749 3083 1800 exclamatdicens:
3106 1746 3301 1816 Inimici
3324 1746 3413 1816 de:

1855 1811 2072 1891 [ecerunt
2088 1816 2309 1891 frameae
2340 1811 2390 1891 in
2423 1811 2570 1883 finem
2593 1816 2771 1891 (l’sal.
2794 1818 2845 1869 9.
2867 1819 2945 1891 ti).
2994 1815 3251 1891 Fortasds
3270 1824 3325 1891 _et
3349 1814 3413 1867 ad

1855 1884 2025 1946 ipsum
2064 1884 2290 1938 dicitur:
2332 1884 2529 1937 Durant
2574 1887 2657 1937 tibi
2679 1901 2849 1936 contra
2883 1886 3135 1937 stimulum
3158 1884 3417 1936 calcitrare

1855 1950 2001 2019 (Act.
2035 1951 2089 2007 9.
2117 1954 2149 2004 ii
2172 1954 2212 2017 ).
2258 1954 2477 2019 Diripuit
2517 1968 2699 2006 omnes
2729 1956 2974 2019 pecunias
3011 1964 3063 2006 et
3102 1952 3408 2011 facultates.

1855 1970 2001 2019 (nec.
2035 1970 2089 2007 υ.
2117 1970 2149 2004 ι»
2174 1970 2212 2017 ι.
2258 1970 2358 2006 um
2404 1970 2477 2006 mt
2517 1970 2699 2006 omnes
2729 1970 2974 2019 pecunias
3011 1970 3063 2006 et
3102 1970 3408 2011 tacuttates.

1855 2022 2323 2087 Substantiatnque.
2368 1970 2433 2075 [ἐι
2458 2022 2580 2087 quid
2607 2023 2819 2075 ultimus
2851 2022 3099 2075 nuntius?
3130 2021 3274 2073 l"il.'is
3294 2031 3336 2073 et
3359 2022 3414 2085 [i-

1857 2087 2016 2142 liabus
2059 2093 2157 2143 tuis
2197 2092 2564 2144 comedentibus
2592 2102 2635 2144 et
2674 2092 2942 2144 bibentibus
2970 2093 3021 2143 in
3059 2091 3204 2142 domo
3246 2092 3416 2158 fratris

1854 2160 1934 2211 sui
1958 2160 2162 2213 senioris
2184 2201 2197 2223 ,
2228 2170 2426 2226 repente
2451 2171 2620 2213 vetitus
2646 2162 2771 2213 venit
2797 2178 2857 2213 ea;
2879 2161 3100 2221 deserto,
3125 2169 3168 2211 et
3200 2175 3407 2211 concus-

1855 2228 1918 2299 sit
1943 2239 2153 2290 quatuor
2182 2230 2390 2299 angulos
2420 2229 2596 2283 domus
2620 2271 2633 2291 ,
2664 2245 2773 2299 qua:
2801 2246 3037 2282 corruens
3080 2230 3320 2299 Oppressit
3401 2255 3416 2265 -

1856 2296 1995 2349 beros
2018 2308 2158 2360 tuos,
2189 2296 2443 2350 et'mortui
2467 2309 2579 2351 sunt
2630 2298 2764 2365 (Job
2792 2301 2837 2352 l.
2865 2300 2948 2352 l8.
2981 2296 3195 2364 l9).'Et
3237 2306 3292 2349 ut
3338 2296 3419 2349 di-

1856 2379 1993 2428 scas,
2017 2366 2231 2446 dilecte,
2262 2367 2653 2446 hqnduempqn
2679 2367 2845 2446 fuisse
2874 2384 3014 2446 cum,
3033 2368 3119 2446 qui
3148 2366 3259 2419 hzrc
3284 2365 3417 2445 Jobo

1857 2436 2139 2499 narrabat,
2185 2437 2274 2489 sed
2316 2437 2483 2501 ipsum
2517 2436 2782 2488 diabolum
2831 2439 2880 2489 in
2920 2436 3145 2489 hominis
3185 2436 3412 2504 Speciem

1858 2506 2303 2569 transformatum,
2328 2505 2605 2572 diligenter
2631 2506 2841 2558 adverte
2864 2505 3002 2571 quod
3031 2502 3238 2556 dicitur.
3270 2502 3418 2557 Filiis

1859 2574 1953 2626 luis
1979 2584 2024 2625 et
2052 2575 2247 2639 ﬁliabus
2276 2576 2371 2626 tuis
2401 2574 2759 2627 :omedentibus
2787 2584 2828 2627 et
2856 2573 3126 2627 bibentibus
3151 2576 3284 2640 apud
3311 2574 3415 2637 [ra-

1858 2652 1979 2694 trem
2008 2659 2153 2695 suum
2182 2646 2439 2706 seniorem,
2473 2646 2732 2711 derepente
2760 2648 2885 2697 renit
2917 2653 3084 2696 uentus
3114 2659 3174 2695 ea:
3203 2643 3413 2702 deserto.

1854 2720 1899 2763 et
1925 2716 2166 2765 concussit
2190 2722 2404 2782 quatuor
2432 2713 2641 2781 angulos
2670 2714 2844 2765 domus
2868 2754 2883 2778 ,
2914 2728 3023 2782 qua:
3053 2728 3285 2764 corruens
3323 2726 3417 2782 0p-

1858 2782 2031 2846 pressit
2063 2780 2239 2833 liberos
2271 2792 2378 2834 tuos
2399 2823 2411 2843 ,
2456 2780 2513 2834 et,
2543 2784 2722 2834 mortui
2751 2795 2884 2834 sunt.
2927 2780 3077 2836 Unde
3120 2782 3290 2842 nosti,
3331 2780 3417 2833 die

1857 2851 2022 2912 mihi,
2071 2860 2278 2903 ventmn
2327 2852 2533 2903 venisse
2580 2867 2642 2903 cx
2689 2852 2937 2915 deserto,
2988 2861 3039 2902 ct
3083 2853 3415 2903 concussisse

1856 2930 2077 2984 quatuor
2098 2920 2317 2986 angulos
2336 2920 2557 2971 donius?
2584 2920 2752 2972 Homo
2777 2936 2831 2972 es
2848 2961 2862 2985 ,
2886 2932 2933 2972 ct
2956 2936 3093 2986 quon
3117 2922 3217 2972 odu
3240 2920 3413 2976 vidisti

1857 2999 2065 3041 ventum
2084 2990 2107 3027 ν
2126 2991 2313 3056 quibus
2342 2988 2511 3041 oculis
2547 2991 2857 3057 percepisti?
2886 2989 3149 3057 quomodo
3190 2996 3416 3055 quatuor

1856 3058 2074 3125 angulos
2100 3059 2360 3112 concussit
2378 3059 2593 3111 ventus?
2611 3057 2662 3111 Si
2684 3060 2840 3111 homo
2864 3074 2940 3121 es,
2970 3068 3021 3109 et
3051 3061 3182 3109 intra
3206 3058 3417 3109 domum

1857 3142 2005 3191 eras,
2034 3129 2249 3181 omnino
2281 3138 2328 3181 te
2352 3128 2539 3180 domus
2567 3143 2684 3181 cum
2710 3128 2827 3181 aliis
2853 3128 3202 3195 Oppressisset
3227 3144 3238 3176 :
3270 3126 3409 3193 quod

1854 3196 1902 3266 si
1928 3196 2052 3249 foris
2088 3212 2203 3252 eras
2226 3239 2238 3261 ,
2267 3197 2527 3265 quomodo
2549 3213 2607 3249 ea
2638 3213 2754 3266 qua:
2785 3198 2922 3250 intus
2964 3206 3082 3248 Sltttl
3106 3237 3119 3259 ,
3159 3205 3301 3266 gesta
3341 3198 3419 3246 “'-

1856 3265 2091 3320 disti?Si
2118 3277 2292 3320 autem
2330 3267 2543 3333 Spiritus
2572 3264 2669 3331 es,
2705 3268 2941 3334 quisnam
2971 3267 3041 3319 sis
3086 3264 3251 3319 indica
3275 3303 3289 3327 ,
3324 3281 3370 3315 η·
3391 3293 3417 3304 -

1854 3349 1956 3401 que
1999 3336 2223 3387 hominis
2278 3335 2496 3388 ferinam
2542 3352 2646 3401 pra:
2703 3345 2751 3389 te
2796 3336 2949 3389 lcras.
2987 3336 3163 3395 b'iliis,
3208 3334 3410 3397 inquit,

1856 3414 1899 3456 et
1928 3405 2124 3467 ﬁliabus
2154 3406 2248 3457 tuis
2278 3406 2641 3457 cotnrdentibus
2667 3416 2709 3458 et
2750 3405 3014 3457 bibentibus
3046 3404 3179 3471 apud
3209 3407 3415 3471 fratrem

1854 3491 2000 3527 suum
2028 3476 2289 3528 seniorem.
2322 3474 2453 3528 Vide
2480 3476 2743 3542 quomodo
2771 3475 2911 3527 oumi
2942 3473 3196 3541 sapientia
3228 3473 3417 3542 inti-Ih-

1856 3545 2133 3613 aeutiaqnc
2163 3545 2392 3610 repletus
2430 3541 2543 3597 erat
2587 3545 2769 3596 beatus
2797 3544 2895 3597 Job
2914 3584 2928 3604 ,
2958 3553 3011 3597 et
3040 3559 3143 3613 quo
3173 3553 3322 3613 pacto
3349 3541 3417 3593 li-

1856 3611 2354 3666 liorum‘amicitiam
2384 3613 2698 3667 stabilicbat.
2731 3613 3000 3680 Cogitabat
3030 3612 3167 3665 enim
3194 3611 3414 3663 (Zaiuum

1856 3693 1909 3735 et
1938 3683 2154 3736 Abelcm
2178 3683 2309 3735 duos
2331 3683 2489 3735 fuisse
2518 3682 2727 3744 fratres,
2758 3683 2897 3735 solos
2924 3684 2975 3734 in
3003 3681 3130 3734 orbe
3153 3681 3382 3733 exsisten
3402 3710 3415 3718 -

1859 3763 1970 3817 tes,
2002 3754 2172 3805 nullas
2200 3753 2449 3805 habentes
2491 3752 2609 3805 belli
2640 3754 2823 3804 eomas
2855 3770 2866 3804 :
2910 3752 3081 3802 omnis
3108 3752 3246 3803 enim
3281 3760 3416 3802 terra

1857 3824 2205 3874 communiter
2246 3822 2294 3873 in
2340 3824 2610 3888 utriusque
2653 3830 2910 3886 potestate
2948 3830 3059 3872 erat
3093 3836 3104 3869 :
3148 3829 3200 3871 et
3242 3829 3413 3888 tamen

1857 3891 2045 3944 honori
2079 3891 2255 3943 Abelis
2285 3890 2409 3943 Cain
2454 3885 2690 3941 invidens
2713 3931 2726 3950 ,
2759 3888 3019 3942 interfecit
3064 3891 3293 3940 fratrem.
3330 3885 3415 3939 ld-

1856 3961 1997 4014 cireo
2023 3960 2205 4013 beatus
2231 3958 2327 4011 Job
2355 3973 2448 4027 pro
2472 3958 2689 4012 occultis
2715 3958 2937 4011 tiliorum
2967 3957 3075 4011 Deo
3102 3956 3414 4027 sacrificium

1857 4029 2089 4097 quotidie
2118 4024 2402 4092 ol'l'erebat,
2437 4044 2587 4081 mane
2614 4043 2830 4095 surgens
2857 4043 2917 4081 ac
2940 4027 3129 4097 dicens
3154 4043 3165 4077 :
3197 4024 3279 4077 Ne
3299 4026 3413 4097 for-

1859 4095 1903 4151 te
1927 4098 2246 4168 cogitaverim
2274 4098 2407 4149 mala
2432 4098 2524 4163 ﬁlii
2552 4097 2644 4168 mei
2670 4099 2904 4150 adversus
2928 4095 3083 4168 Deum
3110 4098 3160 4149 in
3187 4095 3416 4168 cordibus

1858 4169 1961 4221 suis
1988 4166 2141 4238 '(Job
2174 4169 2288 4238 1.75
2312 4171 2325 4232 )
2351 4184 2363 4230 ;
2408 4182 2500 4235 pro
2531 4166 2592 4219 iis
2618 4182 2776 4230 vero,
2818 4182 2933 4235 qua:
2974 4167 3050 4238 vel
3081 4166 3415 4238 contentione

1859 4234 2135 4290 verborum
2170 4237 2248 4289 vel
2278 4238 2386 4289 rixa
2417 4237 2785 4304 contingerent
2804 4234 3084 4303 {quotidie
3110 4234 3263 4285 simul
3290 4248 3415 4298 epu-

1858 4308 1953 4359 lari
1986 4308 2239 4369 curabat,
2288 4306 2594 4358 existimans
2620 4348 2632 4367 ,
2673 4307 2714 4357 si
2748 4305 2867 4371 quid
2900 4304 3177 4357 simultatis
3205 4312 3411 4354 enatum

1857 4386 2034 4440 esset,
2067 4375 2177 4428 fure
2209 4386 2263 4429 ut
2301 4391 2493 4428 mensa:
2534 4375 2876 4440 ciborumque
2920 4373 3238 4425 consortium
3282 4372 3416 4423 inter

1859 4448 1975 4499 illos
2016 4447 2297 4497 amicitiam
2338 4444 2668 4505 conciliaret,
2711 4443 3029 4509 dissidiaque
3074 4442 3369 4494 elimiuaret
3395 4482 3409 4501 ,

1895 4530 2049 4567 nurus
2076 4514 2331 4578 frequenti
2362 4529 2557 4564 mensa:
2585 4513 2852 4566 consortio
2884 4512 3174 4563 simultates
3200 4510 3409 4577 deponi.

1895 4532 2049 4567 llill'llS
2076 4532 2331 4578 ιΓυιιυϐιιιι
2362 4532 2557 4564 mensa:
2585 4532 2852 4566 COHSOI'UO
2884 4532 3174 4563 sunuuatcs
3200 4532 3409 4577 ucpttlll.

1857 4532 2051 4637 ﬁ’ct‘tun
2079 4584 2194 4634 boni
2219 4598 2342 4635 osor
2363 4583 2601 4635 diabolus
2626 4584 2674 4634 in
2706 4581 3001 4648 bujusmodi
3027 4590 3259 4646 tempore
3285 4595 3414 4645 pue-

1857 4668 1946 4706 ros
1977 4652 2099 4704 nulli
2132 4663 2347 4720 peccato
2370 4652 2627 4706 obnoxios
2656 4652 2876 4720 perdere
2905 4650 3213 4720 moliebatur
3240 4666 3251 4701 :
3286 4658 3387 4700 tem

1858 4737 1984 4789 pore
2010 4718 2208 4775 scilicet
2235 4722 2519 4773 meridiano
2546 4763 2560 4782 ,
2591 4718 2706 4773 cum
2730 4735 2911 4773 omnes
2934 4718 3088 4771 simul
3116 4723 3412 4789 congregat:

1858 4787 2038 4854 erant,
2069 4791 2277 4856 quando
2320 4806 2443 4855 pace
2475 4804 2647 4842 mutua
2690 4790 3029 4851 fruebantur,
3074 4797 3197 4839 tunc
3227 4787 3413 4856 impla-

1858 4860 2026 4913 cabile
2071 4855 2249 4912 contra
2276 4875 2369 4913 eos
2400 4860 2591 4912 bellum
2624 4861 2835 4912 excitat.
2875 4858 2947 4909 llli
2980 4857 3257 4909 amicitiam
3285 4898 3297 4919 ,
3328 4855 3411 4907 hic

1858 4929 2082 4997 gladium
2112 4931 2331 4983 acuebat
2358 4947 2369 4980 :
2401 4930 2473 4981 illi
2502 4929 2770 4981 caritatem
2811 4926 3140 4997 mdilicabant
3166 4966 3176 4987 ,
3209 4926 3291 4997 hic
3320 4925 3409 4977 do—

1859 4994 2003 5075 mum
2042 4998 2395 5052 subvertebat.
2444 4996 2820 5075 Factaqttepst
2846 4996 3029 5075 eadem
3057 4995 3182 5075 hora
3229 4994 3412 5075 domus

1859 5068 2193 5137 sepulcrum,
2228 5083 2408 5120 mensa
2454 5064 2765 5119 calamitatis
2809 5066 3025 5137 cymba,
3056 5073 3107 5117 et
3136 5064 3409 5131 pastoralis

1858 5135 2002 5189 caitla
2032 5136 2375 5201 naufragium,
2400 5150 2629 5201 ovesque
2650 5145 2850 5187 cunetm
2877 5151 2904 5185 a
2936 5135 3057 5187 feris
3083 5143 3246 5198 captae
3269 5142 3407 5201 sunt.

1858 5207 1991 5269 Ouid
2023 5221 2148 5273 ergo
2175 5198 2572 5273 strenUusillc?
2600 5204 2709 5256 Non
2739 5204 2987 5257 confusus
3015 5212 3089 5256 est
3112 5240 3124 5263 ,
3159 5216 3259 5253 non
3286 5198 3412 5273 coti-

1859 5268 2002 5327 cidit.
2036 5268 2181 5338 Quod
2210 5275 2323 5341 ejus
2353 5272 2552 5326 facinus
2577 5274 2836 5326 laudabo?
2866 5273 3035 5341 qualis
3064 5284 3236 5324 sermo
3264 5268 3407 5341 suflif

1858 5345 1988 5407 ciet,
2022 5344 2188 5410 qualis
2222 5338 2445 5394 sufﬁciet
2477 5342 2541 5394 ad
2582 5343 2692 5395 lucc
2727 5338 3044 5395 recensendo
3084 5338 3343 5410 conatus?
3367 5338 3411 5410 tl

1858 5408 2166 5527 %cttet'65attt
2185 5420 2236 5464 et
2252 5412 2457 5464 beatam
2477 5412 2733 5464 animam!
2760 5426 2789 5464 0
2808 5410 3104 5479 patientiam
3127 5408 3408 5477 ingentem!

1908 5498 2021 5527 cru-
2056 5481 2257 5527 dilecti-
2292 5479 2584 5527 cmil'undor
2607 5483 2788 5527 sniritu
2810 5520 2823 5527 -
2850 5478 3167 5527 conscientia
3198 5478 3408 5527 turbor.

1908 5498 2023 5542 ere,
2056 5481 2225 5532 dilecti
2246 5522 2258 5541 ,
2292 5479 2584 5532 coofundor
2607 5478 2823 5547 Spiritu,
2850 5478 3167 5547 conscientia
3188 5478 3409 5547 turbor,

1858 5560 2162 5603 coronatum
2192 5550 2371 5602 videns
2408 5546 2747 5604 Jobmu.'St-d
2769 5550 2929 5615 magis
2968 5546 3262 5598 confundor
3292 5562 3411 5600 eum

1859 5620 2040 5671 videns
2063 5629 2389 5681 coronatum,
2417 5634 2568 5687 quam
2591 5628 2711 5671 tunc
2734 5619 2819 5670 ille
2840 5632 2956 5669 cum
2982 5616 3207 5668 liliorum
3230 5631 3409 5687 casum

1862 5689 2146 5743 resuiccret
2173 5708 2183 5741 :
2217 5686 2508 5741 confundor
2542 5690 2712 5739 anima
2736 5704 2747 5747 ;
2780 5695 2901 5753 puto
2926 5695 3097 5737 autem
3126 5694 3177 5738 et
3204 5701 3295 5737 vos
3323 5686 3410 5738 iti-

1864 5757 1984 5810 dem
2016 5757 2228 5812 allectos
2266 5773 2399 5813 esse.
2442 5756 2715 5822 Quomodo
2752 5770 2873 5825 ergo
2918 5754 3071 5809 talem
3112 5764 3407 5824 tantamque
