3976 6218
237 279 352 339 573

234 391 369 454 Quia
412 388 565 459 igitur
604 387 734 447 vidit
776 391 914 445 Deus
947 390 1147 459 justum
1193 388 1291 445 hac
1330 388 1471 444 illius
1507 388 1808 457 suspicione

238 460 424 528 injuria
471 460 738 524 allectum,
784 462 959 516 aufert
1005 461 1313 524 facultates,
1357 468 1413 513 ut
1452 460 1807 528 suspicionem

237 533 378 582 illam
405 530 627 591 tolleret.
658 530 956 598 nudamque
978 531 1224 598 pietatem
1252 528 1576 585 ostenderet.
1604 528 1670 583 Et
1688 528 1809 583 vide

237 601 449 669 maligni
490 600 744 655 daemonis
783 602 1129 669 propositum.
1159 600 1319 664 Dixit,
1346 600 1532 666 inquit,
1563 598 1810 652 Dominus

235 668 456 731 diabolo,
495 669 640 723 Unde
668 668 801 724 venis
848 672 968 739 (Job
1008 672 1057 725 1.
1088 669 1410 741 ’1)Ῥίῡθὶηᾱθ
1433 668 1693 737 superbus
1723 669 1810 722 ille

236 754 285 792 et
321 755 592 806 arrogans,
626 742 713 807 qui
745 754 809 795 ne
842 742 1081 793 ordinem
1119 740 1331 809 quidem
1376 755 1529 809 suum
1567 747 1805 802 noverat,

238 826 410 877 neque
439 811 808 878 interrogantis
845 808 1173 879 dignitatem,
1211 810 1337 863 dicit
1364 827 1375 862 :
1419 808 1693 930 Postquam
1719 810 1811 860 cir-

238 882 366 930 cnivi
390 889 589 930 terram.
622 891 667 930 et
711 881 1049 930 nerambuIavi
1073 879 1259 930 orbem.
1298 880 1476 930 adsum
1521 884 1535 930 l
1580 878 1805 930 bidem):

236 882 366 933 cnivi
390 889 589 943 terram,
622 891 667 932 et
709 878 1049 949 perambulavi
1073 879 1259 945 orbem,
1298 880 1476 932 adsunt
1521 878 1765 945 (Ibidem)
1792 893 1805 939 ;

236 951 385 1019 quasi
414 952 665 1003 clamaret
702 965 763 1003 ac
804 950 963 1004 vellet
990 951 1301 1013 ostendere,
1334 964 1391 1003 se
1419 950 1667 1019 omnibus
1692 964 1809 1019 qua:

235 1017 335 1073 sub
362 1020 491 1073 caelo
517 1034 639 1073 sunt
670 1020 947 1087 imperare,
972 1021 1145 1071 omnia
1177 1031 1381 1073 terrena
1412 1020 1477 1073 ab
1504 1033 1562 1087 se
1592 1017 1805 1080 calcari,

233 1106 397 1159 seque
435 1105 616 1143 omnes
647 1091 884 1143 homines
914 1090 1013 1143 sub
1045 1091 1259 1156 pedibus
1288 1090 1500 1159 habere.
1534 1086 1809 1159 Postquam

232 1157 454 1224 circuiri,
491 1161 674 1227 inquit.
707 1171 909 1221 terram,
942 1171 985 1211 et
1028 1162 1362 1226 perambulavi
1393 1158 1578 1217 orbem.
1606 1157 1804 1209 adsum.

234 1231 568 1286 Rescinditur
610 1230 803 1283 diaboli
850 1230 1113 1297 superbia.
1160 1230 1289 1296 Quia
1319 1229 1459 1282 enim
1510 1227 1710 1296 putavit
1750 1240 1809 1280 se

233 1303 446 1371 imagini
493 1300 595 1371 Dei
630 1302 909 1371 imperare.
942 1300 1151 1367 ejicitur
1179 1315 1244 1371 ex
1282 1308 1441 1363 terra,
1488 1311 1543 1371 ut
1567 1313 1670 1371 ηομ
1697 1297 1808 1371 jam

232 1366 374 1426 illam
404 1366 762 1440 perambulet;
799 1366 1139 1437 eliminatque
1173 1369 1322 1440 illum
1362 1368 1596 1440 omnium
1631 1366 1810 1440 Domi-

234 1457 349 1496 nus.
383 1436 497 1510 Ipse
537 1441 677 1493 enim
708 1449 787 1494 est
834 1441 921 1503 qm
969 1436 1206 1510 promisit
1234 1456 1276 1510 _:_
1300 1438 1675 1510 Inhabitaboin
1706 1436 1810 1489 illis

231 1522 278 1566 et
305 1506 637 1571 inambulabo,
663 1520 708 1563 et
735 1526 817 1562 ero
839 1506 1039 1563 illorum
1065 1509 1195 1562 Deus
1223 1507 1402 1579 (Levii.
1432 1507 1520 1561 26.
1554 1506 1663 1579 12).

304 1583 355 1638 5.
391 1584 553 1635 Antea
586 1580 983 1650 perambulabat
1005 1575 1259 1633 diabolus.
1287 1578 1509 1650 Quando
1536 1578 1674 1630 enim
1694 1575 1807 1629 ido-

232 1653 440 1708 lolatria
479 1648 664 1705 diffusa
714 1659 847 1716 erat,
874 1664 991 1704 cum
1016 1651 1255 1715 impietas
1277 1648 1568 1713 obtinebat,
1598 1650 1807 1715 quame

230 1723 409 1778 omnia
454 1722 517 1774 ad
558 1721 841 1789 nequitiam
890 1721 1179 1788 spectantia
1226 1718 1480 1772 florebant
1507 1759 1521 1782 ,
1566 1717 1807 1771 diabolus

234 1792 660 1862 perambulabat;
690 1806 808 1843 cum
836 1800 1008 1843 autem
1038 1791 1379 1862 sanctimonia
1412 1799 1492 1842 est
1520 1798 1573 1841 ct
1604 1789 1805 1855 justita

231 1861 284 1916 ot
329 1864 523 1918 veritas
562 1862 696 1927 apud
739 1874 832 1914 eos
860 1863 946 1927 qui
993 1861 1296 1913 custodiunt
1337 1867 1635 1921 veritatem,
1685 1868 1806 1909 tunc

231 1935 371 1988 Deus
422 1931 674 1986 inhabitat
718 1939 772 1984 et
826 1929 1131 1982 inambulat.
1185 1929 1548 1993 Attendistine,
1602 1927 1801 1995 inquit,

233 2014 391 2057 mente
420 2014 523 2067 tua,
562 2017 754 2054 servum
794 2016 954 2051 meum
984 1999 1101 2063 Job,
1153 2001 1285 2064 quod
1325 2016 1423 2051 non
1465 2000 1509 2051 ei
1539 1998 1717 2051 similis
1743 1998 1804 2047 sit

229 2092 377 2143 super
402 2084 601 2134 terram,
633 2070 1105 2143 irreprelteitslbilis,
1126 2071 1290 2143 justus
1311 2110 1325 2133 ,
1355 2085 1531 2143 veroat;
1558 2067 1803 2143 abstinens

229 2136 301 2195 ob
320 2145 449 2195 omni
476 2160 528 2195 re
555 2142 689 2193 mula
715 2136 831 2211 (Job
864 2141 908 2192 1.
938 2140 1030 2207 3)‘l
1076 2136 1204 2206 Quia
1236 2140 1465 2211 diccbat,
1491 2136 1670 2211 Totum
1700 2137 1802 2211 cir-

229 2215 359 2267 cuivi
384 2212 569 2274 orbem,
598 2220 653 2264 ιιι
678 2208 986 2279 arroganter
1013 2212 1220 2278 agebat,
1253 2209 1402 2279 quasi
1428 2209 1672 2279 omnibus
1705 2208 1803 2258 im-

231 2294 461 2352 peraret,
495 2278 853 2352 arrogantiam
892 2281 1013 2352 ejus,
1048 2283 1258 2333 solvens
1298 2278 1532 2352 veritatis
1561 2278 1797 2352 verbum,

227 2349 301 2405 ait
328 2355 388 2406 ad
411 2354 551 2406 illum
584 2370 595 2405 :
624 2351 857 2403 Vulistin’
877 2350 1139 2402 hominem
1168 2366 1194 2401 a
1222 2361 1269 2403 te
1288 2349 1503 2403 minime
1520 2350 1797 2407 calcatum,

228 2424 347 2492 qttia
378 2424 642 2483 Omnibus,
675 2432 721 2471 ut
747 2422 835 2481 ait,
867 2420 1133 2487 imperas?
1165 2421 1394 2492 vidistiu‘
1416 2419 1682 2492 hominem
1710 2417 1798 2492 qui

228 2487 389 2547 totam
417 2494 667 2546 malitiam
696 2500 833 2542 tuatn
866 2492 1088 2542 vicerit?
1112 2490 1338 2543 \‘ldislllt'
1362 2490 1447 2558 qui
1482 2487 1795 2558 te'calt'arit,

267 2566 314 2616 ui
347 2565 514 2616 calcas
546 2562 763 2614 omnes?
791 2560 1018 2612 vidistin’
1060 2563 1145 2629 qui
1192 2570 1332 2613 tuam
1364 2555 1537 2612 solvat
1566 2555 1801 2629 tyranni-

266 2649 369 2694 etn,
403 2644 453 2686 et
498 2632 802 2700 iniustitiam
831 2630 1050 2699 justitia,
1084 2628 1423 2697 impietatem
1471 2630 1663 2700 pietate
1698 2628 1796 2700 cli-

227 2704 430 2756 minet?
457 2698 749 2757 Hic'autem
782 2700 885 2753 Deo
913 2702 1242 2754 contradicit.
1274 2711 1323 2755 et
1350 2702 1419 2753 ait
1449 2717 1459 2752 :
1490 2698 1610 2752 Non
1645 2699 1798 2768 gratis

222 2774 342 2826 colit
367 2783 428 2827 te.
458 2773 704 2840 Proponit
732 2772 1108 2840 possessiones,
1131 2782 1185 2824 ut
1213 2781 1266 2825 et
1288 2773 1402 2839 ejus
1425 2785 1597 2823 mores
1616 2780 1667 2821 ct
1692 2769 1797 2840 vir-

222 2853 390 2896 tutem
432 2838 804 2910 vituperon'ut
854 2843 1239 2907 su3picionihus
1282 2838 1513 2910 spuriam
1555 2838 1799 2910 ostendat

224 2915 491 2966 virtutem.
524 2908 598 2965 'I'u
630 2912 839 2970 dedisti,
882 2912 1066 2978 inquit,
1102 2913 1176 2965 illi
1206 2908 1579 2965 abundantiam
1604 2926 1617 2973 ;
1647 2908 1798 2962 aufer

224 2984 618 3042 ahtmdantiam,
652 2990 705 3035 et
735 2981 959 3033 nudatur
992 2981 1301 3051 hypocrisis.
1340 2982 1471 3033 Dicit
1516 2981 1562 3033 ei
1613 2981 1751 3032 Deus
1780 2995 1791 3030 :

229 3052 401 3122 Tange
426 3054 651 3106 universa
696 3050 981 3122 qutcrhabct
1007 3051 1125 3121 (Job
1172 3054 1219 3104 1.
1252 3051 1605 3122 li).rSciebat
1653 3052 1795 3122 enim

227 3119 367 3177 Deus
412 3124 577 3192 ipsum
629 3121 920 3192 insatiabile
963 3119 1285 3186 propositum
1333 3121 1470 3192 circa
1520 3119 1792 3171 avaritiam

224 3190 443 3258 habere,
485 3194 706 3261 aitque:
752 3191 885 3243 Ecce
915 3192 1149 3261 omnium
1203 3191 1271 3243 do
1317 3190 1406 3243 tibi
1457 3197 1790 3261 potestatum,

225 3273 427 3316 tantum
454 3258 589 3317 eum
621 3278 684 3315 ue
716 3271 915 3329 tangas.
947 3260 1210 3313 Termiuis
1234 3262 1619 3313 circumscribit
1645 3258 1796 3329 mali-

223 3335 351 3386 tiam
379 3334 594 3387 diaholi.
628 3332 753 3385 Vide
780 3326 1026 3397 deinceps
1049 3330 1254 3398 qualem
1288 3330 1467 3382 tendat
1496 3344 1673 3382 arcum
1701 3326 1792 3379 ad-

222 3418 408 3456 versus
433 3403 653 3471 justum,
686 3417 801 3469 qua:
833 3400 999 3453 vibret
1028 3404 1145 3454 tela.
1179 3400 1369 3458 Exivit.
1406 3408 1459 3452 et
1484 3402 1655 3469 primo
1684 3399 1793 3471 ipse

221 3470 481 3527 malorum
510 3474 694 3525 artifex
722 3474 770 3523 in
805 3473 973 3522 varias
997 3486 1053 3522 se
1080 3474 1269 3538 figuras
1298 3472 1652 3527 transformat.
1683 3470 1794 3535 ipse

221 3558 341 3596 sese
361 3544 613 3595 malorum
640 3542 873 3593 nttntiunt
901 3541 1113 3602 praebet,
1137 3542 1245 3608 ipse
1263 3542 1511 3607 percussit
1532 3539 1788 3608 jumenta,

224 3614 336 3679 ipsi:
375 3614 579 3683 plagam
617 3613 837 3664 nuntiat.
868 3609 1049 3683 Δυἱώ,
1100 3611 1287 3677 inquit,
1330 3611 1570 3663 diabolus
1609 3609 1742 3663 Joho
1777 3624 1790 3660 :

226 3684 358 3752 luga
377 3679 530 3735 boum
552 3693 745 3752 tuorum
768 3679 995 3743 arebant,
1024 3691 1067 3731 et
1093 3683 1248 3732 asina?
1271 3683 1616 3749 pascebantur,
1649 3690 1692 3732 el
1716 3693 1795 3731 ve-

224 3750 403 3808 nerunt
428 3754 509 3822 qui
550 3768 606 3805 ea
640 3750 957 3814 abducerent,
1001 3760 1045 3802 et
1073 3752 1359 3822 occiderunt
1384 3766 1561 3815 pueros
1586 3762 1713 3822 tuos,
1745 3757 1792 3822 et

225 3818 565 3878 relictus-sunt
598 3838 685 3889 ego
714 3823 879 3879 solus.
921 3830 966 3871 et
1004 3822 1112 3872 vini
1156 3820 1242 3871 tibi
1282 3822 1601 3871 nuntiaturus
1631 3818 1789 3885 (Ibid.

218 3912 269 3948 ιν.
327 3894 410 3946 14.
452 3894 560 3959 15).
614 3891 782 3945 l’rima
827 3891 1021 3945 diaboli
1062 3891 1299 3953 tentatio,
1356 3891 1600 3959 primum
1633 3890 1791 3941 tclum

222 3977 407 4018 contra
455 3957 721 4016 strenuum
768 3962 1038 4017 athletam.
1108 3960 1210 4013 Sed
1274 3960 1519 4027 Opposuit
1576 3957 1674 4013 Job
1727 3973 1791 4011 ex

224 4034 447 4087 adverso
505 4032 622 4086 fidei
670 4033 960 4102 clypeum,
1020 4031 1106 4102 qui
1164 4041 1338 4096 posset
1399 4029 1560 4102 ignita
1616 4031 1790 4081 omnia

228 4103 444 4172 maligni
506 4103 603 4155 tela
662 4100 1011 4169 reStinguere.
1061 4100 1189 4167 luga
1249 4102 1405 4172 boum
1456 4100 1697 4172 periere,
1742 4107 1795 4153 et

226 4169 398 4226 anima
430 4174 654 4226 dissecta
696 4186 798 4225 non
836 4184 935 4226 est.
969 4173 1146 4225 Asina:
1179 4171 1441 4239 perierunt
1470 4210 1483 4235 ,
1516 4169 1794 4239 pullosque

226 4243 314 4296 illc
342 4244 529 4295 nobilis
557 4242 757 4297 frenum
787 4242 990 4308 pietatis
1014 4257 1115 4293 non
1147 4244 1373 4307 negavit.
1393 4239 1531 4293 Vidit
1555 4243 1792 4293 nuntium

223 4314 471 4366 acerbum
494 4314 807 4381 perditarum
835 4314 1257 4381 possessionum.
1287 4311 1581 4381 mansitque
1607 4320 1660 4362 ut
1687 4322 1795 4363 tur-

223 4384 301 4436 ris
332 4380 561 4436 firma'ct
599 4382 1033 4449 inexpugnabilis.
1080 4380 1347 4433 Diabolum
1382 4380 1609 4449 nequitia
1640 4395 1791 4433 acer-

221 4453 349 4507 bum
372 4467 713 4523 amarumque
729 4457 902 4505 animo
932 4452 1171 4520 pamituit
1195 4452 1269 4504 sic
1293 4450 1580 4523 nuntiasse.
1606 4451 1793 4523 Anim:

221 4523 439 4576 adverte
464 4564 479 4587 ,
519 4519 729 4592 quidse.
762 4519 1075 4592 diligenter,
1127 4537 1212 4592 ne
1248 4529 1297 4573 te
1356 4519 1518 4588 fugiat
1581 4520 1793 4592 maligni

222 4586 695 4657 consilimufquod
726 4586 1012 4646 cum'recte
1045 4591 1360 4661 prositiceret
1381 4586 1664 4661 Apostolus
1681 4586 1749 4661 ait
1780 4608 1791 4661 ς

223 4662 348 4715 Νοη
375 4663 504 4715 enim
532 4666 640 4732 ejus
660 4664 865 4717 consilia
895 4664 1179 4732 ignoramus
1206 4666 1218 4723 (
1241 4663 1291 4732 2.
1317 4659 1441 4713 Cor.
1463 4661 1513 4712 2.
1552 4662 1607 4714 11
1632 4662 1666 4723 ).
1697 4659 1793 4713 Ubi

220 4748 352 4800 ergo
393 4731 649 4784 nuntiavit
687 4734 759 4784 illi
795 4751 807 4787 :
837 4732 969 4800 Jugo
999 4731 1147 4781 boum
1175 4731 1383 4781 orabant
1409 4771 1422 4792 ,
1452 4740 1496 4780 et
1524 4731 1679 4782 asina?
1704 4746 1794 4798 pa-

219 4803 507 4864 scebantur,
535 4813 578 4852 et
610 4814 841 4854 venerunt
870 4803 952 4871 qui
978 4801 1274 4852 abducerent
1294 4838 1307 4861 ,
1343 4800 1572 4867 viditque
1603 4800 1793 4871 Jobutn

220 4884 442 4928 strenuo
466 4872 643 4922 animo
674 4869 910 4925 nuntium
938 4871 1214 4927 ferentem,
1246 4870 1488 4937 ptenituit
1514 4869 1793 4935 cumquod

220 4944 361 4995 male
405 4943 713 5002 nuntiasset,
745 4953 795 4993 et
826 4944 874 4993 in
908 4945 1081 5008 seipse
1111 4942 1219 4991 lucc
1252 4938 1632 5005 prepemodutn
1664 4939 1795 4990 dixit

218 5012 464 5067 diabolus
496 5027 509 5062 ι
544 5010 671 5061 Male
702 5012 953 5073 nuntiari,
982 5009 1191 5077 qtmndo
1222 5009 1326 5062 dixi
1358 5011 1596 5061 homines
1626 5008 1792 5072 ipsum

220 5085 574 5150 impugnare:
616 5090 788 5147 potest
831 5082 915 5133 ille
952 5086 1181 5150 cogitare
1213 5097 1224 5132 :
1262 5078 1315 5131 Si
1358 5078 1794 5150 lumtiues_iu_ipu-

219 5146 446 5219 gnarum
467 5162 517 5203 et
542 5146 730 5217 injuste
754 5146 1164 5217 la‘seruntfquid
1198 5150 1295 5201 hoc
1319 5149 1395 5219 ad
1416 5149 1575 5219 lleum
1598 5147 1618 5197 ἶ)
1642 5146 1793 5219 Male,

221 5216 415 5288 inquit,
441 5216 697 5287 jaculatus
718 5234 851 5280 sum,
878 5235 978 5271 non
1006 5216 1220 5287 scopum
1254 5216 1420 5285 attigi,
1450 5218 1665 5285 sagittas
1690 5217 1798 5268 fru-

218 5300 331 5344 stra
359 5291 530 5353 emisi,
561 5290 871 5341 aberrarunt
902 5290 1020 5340 tela.
1054 5290 1165 5341 Dixi
1198 5290 1438 5339 homines
1466 5288 1747 5339 abduxis~e
1779 5301 1793 5337 :

220 5369 399 5429 potest
430 5362 512 5413 hic
539 5360 713 5412 dicere
744 5376 755 5409 :
796 5361 899 5410 (,‘ur
932 5357 1201 5410 hominum
1233 5358 1556 5429 iniquitatem
1586 5358 1690 5409 Deo
1707 5356 1797 5429 ad-_

221 5426 495 5484 scribam?
537 5430 637 5482 ΑΙιί
678 5438 799 5480 sunt
845 5429 930 5493 qui
983 5434 1263 5489 lteserunt,
1307 5437 1359 5480 et
1402 5428 1534 5479 aius
1568 5429 1665 5479 erit
1706 5426 1797 5494 qui

222 5498 715 5567 blasphemabitur?
743 5498 807 5552 Ut
848 5498 1020 5563 itaque
1056 5498 1167 5563 ejus
1207 5499 1440 5551 animum
1480 5506 1532 5549 et
1569 5497 1696 5548 iram
1727 5497 1793 5549 ab

220 5570 523 5624 hominibus
550 5570 613 5622 ad
647 5570 806 5621 Deum
832 5568 1156 5629 transferret,
1188 5578 1241 5619 et
1265 5568 1571 5620 ostenderet
1600 5567 1669 5618 illi
1696 5580 1797 5617 non

218 5641 463 5693 homines
489 5641 581 5693 sed
607 5640 766 5692 Deum
798 5638 892 5705 ipsi
915 5637 1103 5689 d..mtta
1130 5640 1389 5697 intulisse.
1421 5639 1493 5689 ait
1521 5637 1588 5687 llll
1620 5656 1631 5688 :
1658 5633 1799 5704 Ignis

219 5707 412 5763 decidit
432 5708 494 5766 de
529 5708 653 5764 ca'lo
696 5705 831 5764 (Job
858 5708 908 5763 1.
940 5707 1006 5762 16
1033 5710 1068 5767 ).
1100 5706 1233 5761 Num
1266 5707 1462 5767 poteris
1488 5706 1664 5762 dicere
1695 5706 1797 5761 ini-

1539 264 1605 322 ΙΝ
1640 264 1758 322 ,1οΒ
1796 265 2026 325 SEBMO
2064 267 2151 326 Ill.

3382 310 3494 370 574

1913 392 2079 447 micos
2104 391 2249 447 illum
2271 408 2499 462 superne
2523 395 2843 453 immisisse?
2864 398 3248 456 Contumeliam
3290 400 3424 457 infer
3451 401 3500 457 ei

1913 464 2080 585 quite
2101 463 2252 527 lresit,
2288 464 2592 551 blasphema
2617 467 2667 518 in
2697 483 2819 522 eum
2848 471 2936 538 qui
2965 478 3017 525 te
3042 482 3329 552 oppugnat.
3354 470 3500 542 Ignis

1950 533 2096 585 mdtl
2132 533 2196 585 de
2233 535 2374 585 ctrlo.
2402 538 2511 585 Lur
2544 545 2597 585 te
2647 536 2925 585 lmdentem
2968 540 3138 585 colla?
3170 556 3266 585 mir
3306 543 3499 585 minus

1950 533 2096 587 ccidit
2132 533 2196 586 de
2233 535 2374 588 ca'lo.
2402 533 2511 590 Cur
2544 545 2597 590 te
2647 533 2925 593 lmdente'm
2968 533 3138 594 colis?
3170 533 3266 595 cur
3306 533 3499 595 addras

1913 618 2047 679 eum
2064 603 2272 679 qui_ti_bi
2299 604 2573 660 facultates
2600 606 2858 679 abstulit?
2882 608 3029 679 Ignis
3053 611 3235 663 decidit
3264 611 3327 664 de
3346 610 3494 667 calo.

1914 672 2275 735 AudivitJob,
2298 682 2351 727 et
2388 691 2599 732 rursum
2637 675 2842 732 fortiter
2882 672 3017 734 tulit.
3062 680 3320 734 Patientia
3352 683 3495 735 enim

1915 743 2054 817 illius
2079 758 2205 817 vere
2238 746 2485 812 patientia
2514 756 2661 817 erat.
2692 748 2755 799 ad
2788 750 2942 802 linem
2971 765 3135 815 usque
3165 751 3455 817 perdurans
3475 792 3492 816 ,

1912 812 1979 888 d_e
2003 828 2105 881 qua
2129 813 2381 888 Set-valor
2406 817 2511 888 ait:
2544 815 2643 888 Qui
2667 828 2831 869 autem
2859 812 3236 885 perseveraverit
3259 836 3415 888 usque
3438 812 3492 874 in

1913 883 2199 959 [ineundae
2220 886 2387 959 salvus
2416 885 2508 959 erit
2541 886 2746 959 (Matth.
2781 883 2866 941 10.
2891 888 3021 957 22).
3057 888 3199 959 Ignis
3220 883 3403 941 decidit
3429 891 3495 943 de

1912 954 2055 1005 ctelo.
2088 953 2334 1019 Quotidie
2365 953 2634 1008 laborabat
2659 956 2884 1011 oll'crens
2915 953 3171 1011 sacrificia
3203 975 3297 1023 pro
3329 960 3448 1012 liliis
3470 976 3488 1013 :

1913 1036 2031 1090 quae
2051 1024 2286 1086 quotidie
2308 1024 2549 1077 laborans
2577 1028 2851 1088 olfetehat,
2884 1042 2946 1081 ea
2978 1029 3109 1080 Deus
3135 1028 3413 1085 confertim
3438 1031 3489 1083 in

1913 1091 2228 1167 sacrificium
2259 1096 2481 1167 accepit.
2510 1092 2653 1167 Ignis
2679 1096 2859 1148 decidit
2881 1099 2944 1149 de
2967 1098 3107 1151 ctelo.
3132 1098 3185 1152 Si
3216 1114 3314 1167 ego
3343 1099 3491 1153 solus

1914 1161 2129 1235 indutus
2156 1178 2327 1216 essem
2349 1205 2363 1228 ,
2388 1161 2506 1231 jure
2536 1161 2806 1235 dolerem;
2840 1170 2880 1220 si
2913 1180 3087 1220 autem
3119 1161 3377 1235 paup'eres
3406 1170 3489 1222 in-

1911 1231 2338 1306 dui-bantur,__an
2382 1234 2574 1301 poterit
2615 1235 2865 1306 Dominus
2897 1231 3152 1305 pauperes
3181 1231 3487 1306 negligere?

1911 1299 2041 1376 Novi
2072 1318 2214 1376 cum,
2237 1299 2585 1376 illorumqure
2614 1304 2664 1357 in
2694 1299 3014 1376 sacrificium
3034 1299 3275 1376 acet-pit:
3300 1299 3488 1361 c'entu-

1913 1371 2054 1438 plum
2084 1371 2432 1426 redditurum.
2456 1371 2588 1426 Num
2612 1389 2675 1427 ex
2700 1375 2973 1443 iniquitate
2996 1371 3295 1444 partae'suut
3315 1392 3443 1444 epes
3463 1377 3488 1429 τ

1912 1456 2037 1494 num
2066 1456 2160 1509 per
2183 1445 2453 1496 avaritiam
2482 1458 2608 1497 oves
2634 1447 2919 1512 acquisivi?
2942 1445 3023 1499 Ex
3036 1446 3295 1500 velleribus
3321 1449 3485 1500 ovium

1910 1527 2133 1582 mearum
2159 1513 2386 1581 calefacti
2415 1523 2532 1567 sunt
2572 1516 2765 1566 humeri
2799 1533 3075 1582 pauperum
3100 1558 3113 1575 ,
3155 1526 3200 1570 et
3237 1532 3291 1569 os
3325 1517 3485 1570 viduas

1910 1533 2385 1594 mearumcatelacn
2415 1533 2532 1567 sunt
2572 1533 2763 1566 numeri
2788 1533 3075 1637 [pauperum
3100 1558 3113 1575 ,
3155 1533 3200 1570 et
3237 1533 3291 1569 os
3325 1533 3485 1570 vtauat

1910 1581 2159 1656 benedtaat
2181 1584 2300 1635 mihi
2342 1582 2458 1648 (.Iob
2484 1584 2570 1636 5|.
2599 1582 2689 1637 20.
2719 1595 2762 1636 et
2825 1588 2876 1639 9.
2904 1586 3024 1656 15).
3053 1586 3303 1656 Scitquid
3329 1585 3485 1641 faciat

1911 1649 2070 1722 Densi.
2098 1650 2244 1705 Nunc
2265 1656 2466 1722 accepit
2488 1669 2656 1706 meam
2676 1649 3042 1714 substantiam.
3064 1663 3122 1708 ut
3136 1649 3479 1710 sacrificium:

1910 1721 2148 1794 eamdem
2190 1723 2318 1775 mihi
2348 1721 2715 1791 multiplicahit
2754 1741 2847 1793 per
2878 1726 3081 1779 virtutis
3119 1734 3479 1794 augmentum.

1909 1788 2022 1861 Non
2064 1806 2150 1846 me
2189 1803 2403 1846 movent
2438 1788 2698 1848 exteriora
2734 1788 2833 1849 tela
2860 1837 2874 1861 ,
2916 1796 3135 1849 interius
3175 1788 3479 1859 munitum;

1910 1860 2017 1913 imo
2048 1877 2173 1933 vero
2205 1878 2288 1916 me
2319 1866 2484 1932 magis
2514 1865 2733 1918 interius
2759 1860 3072 1919 continuant
3106 1866 3195 1918 I)ei
3226 1865 3428 1933 sagittae
3462 1881 3478 1922 :

1909 1945 2028 2003 nam
2060 1930 2272 2003 sagitta:
2297 1930 2507 2001 patentis
2532 1946 2690 1987 acutte
2716 1933 2885 2002 (Psal.
2914 1936 3034 1989 119.
3066 1936 3133 1999 4)
3161 1952 3174 1996 ;
3199 1934 3267 1988 de
3291 1930 3481 2003 quibus

1907 2001 1980 2073 ait
2004 2002 2166 2073 David
2198 2019 2210 2055 :
2242 2003 2454 2071 Sagittte
2480 2014 2579 2056 tuor
2603 2005 2775 2070 ἱηραἰε
2794 2017 2908 2058 sunt
2931 2004 3239 2073 mihi(Psol.
3272 2001 3358 2059 57.
3384 2007 3476 2073 5).

1906 2068 2530 2144 Sagittasquze‘l'Sagitta
2561 2068 2785 2140 pietatis,
2816 2078 2999 2143 sagitta
3023 2068 3258 2143 justitia‘,
3292 2068 3477 2144 sagitta

1906 2142 2103 2213 amoris
2133 2142 2218 2213 liei
2246 2185 2260 2207 ,
2289 2145 2471 2210 sagitta
2500 2144 2656 2197 studi
2697 2160 2817 2213 etga
2852 2142 3092 2198 virtutem
3127 2160 3139 2195 :
3178 2144 3259 2196 his
3285 2142 3478 2198 dvinis

1905 2211 2107 2279 Sagittis
2137 2212 2307 2264 anima
2339 2213 2660 2266 vulneratur.
2696 2211 2823 2266 Cum
2852 2231 2976 2282 ergo
3003 2216 3241 2267 diabolus
3270 2217 3478 2282 experi-

1906 2292 2140 2335 mentum
2169 2296 2326 2335 omnc
2358 2285 2703 2351 sumpsisset,
2736 2295 2788 2337 et
2821 2286 3151 2337 facultatibus
3184 2284 3432 2337 nodatum
3457 2325 3473 2349 ,

1907 2350 2098 2403 virtute
2125 2367 2226 2404 non
2258 2350 2528 2416 nudasset,
2562 2366 2796 2406 naturam
2830 2353 3039 2406 douuun
3069 2354 3389 2421 aggreditur,
3423 2356 3474 2408 iu

1904 2430 2107 2474 natura:
2135 2421 2393 2475 culturam
2434 2423 2737 2475 violentiam
2779 2424 2973 2487 infert,
3018 2439 3195 2476 ramos
3232 2426 3410 2477 avellit
3444 2440 3474 2478 a

1902 2491 2101 2556 radice,
2130 2493 2311 2559 optimi
2340 2493 2549 2545 athleta:
2573 2492 2703 2545 titiOs
2725 2494 3004 2561 opprimit:
3033 2492 3200 2545 aufert
3221 2492 3471 2556 fructum,

1901 2568 1957 2612 ut
1986 2564 2276 2628 genitorem
2304 2562 2486 2615 dolore
2507 2563 2759 2615 alliceret.
2788 2564 2849 2614 Et
2877 2563 2996 2627 quid
3024 2562 3180 2615 facit?
3209 2563 3333 2615 Vide
3359 2580 3473 2615 ma-

1904 2629 2023 2698 ligni
2050 2632 2451 2695 tumtiatiouem,
2472 2648 2626 2698 quam
2651 2634 2715 2682 sit
2746 2636 2891 2699 plena
2925 2634 3087 2685 ironia
3114 2640 3168 2685 et
3195 2633 3472 2701 pr.i-stigiis

1904 2701 2165 2768 proxima.
2207 2717 2324 2770 qua:
2371 2704 2535 2769 possit
2578 2704 2778 2755 atri-nui
2825 2704 2915 2753 viri
2948 2705 3179 2754 animum
3210 2702 3469 2771 frangere.

1900 2772 1989 2823 Ait
2021 2772 2173 2839 igitur
2196 2772 2267 2824 illi
2300 2788 2312 2821 :
2346 2790 2361 2821 ι
2392 2771 2536 2825 Filiis
2568 2773 2668 2823 tuis
2695 2782 2746 2824 et
2775 2771 2978 2824 liliahus
3008 2774 3110 2825 tuis
3134 2775 3468 2825 comedenti-

1901 2840 1998 2893 hus
2024 2850 2075 2894 ct
2105 2842 2401 2896 bibentibus
2432 2841 2483 2893 in
2507 2842 2663 2894 domo
2696 2843 3023 2910 printogeniti
3049 2844 3143 2908 tui,
3173 2844 3315 2895 venit
3340 2858 3468 2895 ven-

1903 2919 1987 2962 tus
2019 2910 2301 2966 vehemens
2330 2928 2390 2965 ex
2422 2912 2633 2963 deserto
2659 2953 2671 2971 ,
2703 2923 2750 2962 ot
2780 2924 3047 2964 Concussit
3073 2912 3317 2975 domum,
3352 2929 3469 2979 qua:

1899 2994 2153 3034 corruens
2182 2984 2443 3049 oppressit
2484 2996 2675 3048 pueros
2705 2991 2821 3035 tuos
2850 2991 2902 3035 et
2933 2984 3121 3034 mortui
3156 2991 3279 3033 sunt
3329 2982 3468 3049 (Job

1901 3051 2059 3105 1.18.
2091 3051 2197 3119 19).
2231 3051 2457 3105 Verbum
2490 3052 2876 3115 diminuttvmu,
2909 3051 3043 3117 quod
3078 3051 3240 3119 possit
3271 3052 3466 3104 luctum

1898 3123 2145 3174 excitare.
2178 3121 2290 3175 Non
2318 3122 2464 3181 dixit,
2499 3136 2658 3188 super
2685 3122 2819 3174 lilios
2842 3132 2978 3181 tuos.
3009 3123 3121 3185 sed,
3152 3121 3319 3189 Super
3342 3137 3466 3190 pue-

1898 3207 2002 3254 ros,
2031 3200 2086 3242 ut
2117 3206 2306 3258 pueros
2333 3192 2571 3256 audicns,
2602 3192 2957 3245 misericordia
2988 3204 3285 3243 Commotus
3305 3200 3463 3244 esset.

1911 3258 2049 3311 Venit
2077 3273 2248 3312 ventus
2276 3263 2532 3313 vehemens
2561 3277 2624 3312 ex
2650 3262 2861 3313 deserto.
2899 3261 3087 3313 lterum
3111 3261 3340 3328 judicent
3373 3276 3463 3313 ca-

1898 3328 2223 3393 lumniatur;
2273 3338 2456 3383 ventus
2497 3331 2635 3384 enim
2688 3346 2788 3381 non
2835 3331 3129 3382 hominibus
3157 3370 3173 3394 ,
3224 3330 3315 3382 sed
3361 3332 3467 3383 Deo

1897 3400 2220 3468 obsequitur.
2252 3400 2437 3452 Cecidit
2476 3415 2626 3466 super
2664 3415 2840 3467 pueros
2880 3410 3018 3462 tuos,
3044 3410 3089 3451 et
3121 3400 3298 3452 mortui
3328 3412 3463 3452 sunt.

1898 3467 2165 3522 Tunc/Job
2202 3471 2414 3521 surrexit
2442 3469 2559 3538 (Job
2588 3471 2634 3522 l.
2658 3469 2751 3536 ‘20)
2775 3486 2789 3521 :
2817 3471 2891 3522 sic
2912 3471 3049 3522 enim
3083 3471 3331 3539 scriptum
3362 3480 3465 3524 est.

1896 3539 2101 3593 Bonum
2129 3541 2366 3600 verbum,
2399 3540 2631 3593 Surrexit
2654 3580 2668 3600 .
2704 3556 2804 3593 non
2832 3540 2973 3592 enim
3004 3555 3064 3591 ex
3096 3543 3244 3606 plapa
3282 3543 3459 3593 conci-

1899 3610 2011 3673 dit;
2060 3610 2149 3663 sed
2190 3614 2418 3663 surrexit
2445 3610 2492 3662 vi
2534 3610 2780 3679 pietatis:
2827 3608 3101 3673 Surrexit,
3131 3619 3178 3662 et
3215 3609 3463 3661 adoravit.

1899 3680 2100 3733 Merces
2132 3681 2487 3733 calamitatum
2516 3720 2528 3743 ,
2572 3680 2827 3733 adoratio.
2861 3679 3145 3733 Percussus
3174 3680 3463 3745 benedixit,

1896 3749 2282 3803 calamitatibus
2314 3752 2580 3816 impolitus
2606 3751 2800 3818 gratias
2825 3752 2949 3818 egit.
2985 3750 3045 3801 Et
3076 3765 3269 3801 comam
3300 3759 3463 3802 totonv

1897 3820 1988 3870 dit.
2035 3820 2186 3873 Nunc
2218 3822 2351 3872 inter
2382 3834 2477 3872 nos
2508 3821 2745 3887 lugentes
2778 3822 2923 3872 multi
2954 3834 3158 3871 comam
3190 3820 3463 3885 nutriunt,

1897 3889 1986 3959 ille
2015 3898 2191 3941 autem
2213 3890 2441 3942 abstulit.
2467 3890 2681 3955 Quare?
2705 3890 2755 3941 Id
2784 3890 3029 3943 nimirum
3046 3896 3194 3942 curat
3224 3889 3286 3952 is,
3307 3904 3467 3959 quem

1898 3958 2069 4012 luctus
2093 3961 2359 4027 opprimit,
2381 3967 2435 4010 ut
2461 3960 2509 4010 in
2533 3960 2848 4012 contrariam
2879 3959 3097 4012 formam
3127 3958 3465 4012 eultutnmu-

1898 4036 1990 4081 tct.
2019 4029 2145 4081 Nam
2179 4030 2264 4082 ubi
2298 4044 2445 4083 coma
2474 4030 2683 4093 colitur,
2716 4030 2920 4097 signum
2959 4030 3131 4081 luctus
3162 4030 3332 4082 toosio
3361 4039 3463 4084 est.

1898 4098 2119 4166 Semper
2148 4099 2285 4151 enim
2319 4103 2553 4166 lugentes
2580 4102 2905 4152 contrarium
2935 4112 3175 4167 qua-runt
3205 4100 3465 4153 habittttn.

1897 4168 1965 4221 Et
2008 4169 2151 4221 scidit
2187 4170 2509 4221 vestimenta:
2540 4170 2701 4237 ligttra
2744 4168 2952 4237 quidem
2994 4170 3058 4221 ad
3090 4170 3325 4223 dolorem
3356 4180 3467 4223 tra-

1898 4250 2013 4293 ctus
2038 4280 2050 4299 .
2095 4254 2152 4293 re
2184 4249 2359 4292 autem
2404 4239 2468 4291 ad
2515 4241 2756 4292 virtutem
2786 4240 3082 4305 expeditus.
3114 4239 3268 4292 Exuit
3302 4241 3469 4293 vesti-

1899 4320 2135 4363 mentum
2159 4350 2171 4372 ,
2203 4320 2259 4362 ut
2304 4309 2472 4362 nudus
2514 4308 2739 4362 luctator
2763 4309 3118 4361 adversarimn
3151 4311 3466 4377 circumple-

1897 4389 2069 4433 ctatur
2092 4421 2106 4443 ,
2139 4388 2192 4431 et
2230 4396 2290 4431 ex
2319 4381 2600 4447 eonSpicua
2645 4380 2779 4430 lucta
2812 4378 3068 4445 justitiam
3104 4379 3152 4429 in
3193 4384 3469 4442 pranuium

1898 4452 2140 4517 accipiat.
2181 4450 2335 4502 Exuit
2364 4460 2732 4501 veSttmentuut
2761 4450 2850 4515 qui
2892 4448 3132 4500 induerat
3158 4447 3415 4515 justitiam
3448 4468 3462 4503 :

1899 4524 2074 4588 aitque
2118 4534 2305 4585 magna
2352 4521 2432 4571 illa
2468 4519 2672 4588 pietatis
2704 4518 2962 4588 lucerna:
3009 4517 3255 4588 Dominus
3292 4520 3466 4584 dedit,

1899 4586 2143 4641 Dominus
2182 4589 2424 4641 abstulit:
2466 4588 2593 4640 sicut
2630 4586 2845 4639 Donnno
2894 4586 3119 4654 placuit,
3164 4591 3232 4639 ita
3277 4592 3468 4656 factum

1899 4672 2008 4721 est;
2052 4661 2113 4711 sit
2160 4675 2337 4711 nomen
2384 4657 2582 4709 Domini
2629 4658 2935 4709 benedictum
2985 4658 3035 4707 in
3082 4659 3265 4709 swcula
3306 4657 3463 4726 (Ibid.

1900 4746 1945 4782 v.
1974 4729 2086 4794 21).
2116 4730 2158 4781 Ο
2185 4742 2450 4781 strenuam
2475 4729 2737 4778 :tltltttnlltl
2768 4729 2888 4777 llaec
2911 4741 3008 4778 vox
3039 4727 3195 4778 telum
3227 4727 3321 4780 fuit
3342 4744 3476 4780 eou-

1903 4809 1979 4853 tra
2007 4799 2270 4852 diabolum
2305 4817 2315 4851 :
2348 4799 2459 4849 ha-c
2485 4812 2578 4866 \ox
2606 4797 2706 4848 tela
2729 4796 2903 4846 emisit
2930 4799 2979 4847 in
3003 4796 3286 4861 dtentones,
3317 4798 3472 4866 fregit

1902 4868 2129 4920 hostium
2164 4870 2465 4936 phalangas.
2502 4864 2939 4936 Nudusegressus
2967 4881 3077 4918 sum
3107 4882 3168 4919 ex
3190 4876 3327 4919 utero
3356 4864 3467 4919 nia-

1900 4941 1988 4990 tris
2018 4932 2221 5001 memet
2248 4938 2405 4987 nudus
2431 4944 2646 4986 revertar
2669 4932 2873 5003 (ιδιά).
2900 4937 3193 5003 Apostolica
3221 4952 3319 4990 vox
3347 4949 3475 4991 ante

1900 5009 2181 5075 apostolica
2213 5016 2468 5073 tempora,
2491 5019 2657 5072 eaque
2684 5007 2848 5057 virtlis
2873 5022 2884 5057 :
2914 5007 3096 5060 Nudus
3117 5022 3340 5073 egressas
3361 5025 3472 5059 sum

1900 5092 1961 5130 ea:
2003 5088 2141 5128 utero
2178 5078 2349 5126 matris
2373 5115 2388 5139 ,
2432 5085 2478 5126 et
2516 5077 2679 5127 nudus
2723 5084 2937 5125 revertar
2963 5095 2979 5128 :
3023 5078 3469 5141 quemadmodum

1897 5144 2207 5216 Apostolus:
2222 5142 2363 5196 Nihil
2381 5146 2640 5216 attulimus
2659 5142 2711 5192 in
2727 5142 2858 5216 hunc
2875 5143 3140 5216 mundum,
3155 5148 3474 5216 manifestum

1902 5210 2033 5284 quod
2071 5215 2193 5263 nihil
2225 5211 2710 5284 possumusge/ferre.
2744 5210 2992 5264 Dominus
3019 5214 3191 5281 dedit,
3226 5210 3470 5271 Donnnus

1903 5281 2103 5337 abstulit
2130 5285 2145 5352 (
2175 5289 2219 5334 t.
2251 5281 2379 5334 Tim.
2414 5283 2463 5334 6.
2493 5282 2520 5333 7
2546 5288 2586 5349 ).

1972 5358 2023 5407 4.
2054 5350 2329 5417 omnibus,
2364 5362 2417 5403 ut
2447 5350 2623 5418 paucis
2652 5350 3098 5423 d_icam.privatus
3126 5362 3225 5413 est.
3258 5356 3477 5423 solaque

1904 5439 2036 5477 uxor
2055 5423 2232 5476 relicta
2260 5433 2361 5486 est,
2386 5423 2655 5487 antiquum
2682 5420 2807 5472 ὶιιιυ]
2830 5422 3023 5474 diaboli
3048 5420 3477 5478 instrumentum.

1905 5494 2047 5549 Uxor
2080 5494 2261 5546 relicta
2286 5504 2388 5555 est,
2412 5505 2514 5543 non
2544 5502 2790 5556 parcente
2819 5491 3047 5553 diabolo,
3066 5496 3156 5545 sed
3188 5494 3340 5542 telum
3379 5493 3478 5547 sibi

1907 5573 2234 5634 reservante.
2266 5565 2395 5626 Quia
2426 5562 2567 5612 enim
2591 5560 2822 5624 sciebat,
2854 5576 3035 5634 seper
3067 5562 3337 5613 mulierem
3378 5564 3491 5634 pri-

1907 5650 2049 5686 mum
2082 5633 2349 5686 hominem
2381 5633 2796 5698 expugnavisse,
2832 5632 3103 5682 mulierem
3136 5632 3395 5691 reservat,
3432 5639 3493 5684 tt.

1909 5704 2096 5759 iisdem
2124 5712 2299 5760 utatur
2318 5703 2479 5757 artnis
2508 5701 2572 5753 ad
2599 5698 2837 5755 insidias.
2860 5699 2963 5755 Sed
2986 5699 3093 5755 illic
3116 5700 3315 5756 iuvcuit
3338 5699 3495 5757 Ada-
