3976 6218
2080 337 2344 395 SPURIA.

573 362 685 419 575
2080 362 2344 395 διὐηυι·
3734 367 3839 424 576

577 469 740 518 nmm;
756 452 838 506 hic
852 452 1105 507 Adamnm
1120 468 1221 508 non
1235 454 1447 521 reperit.
1459 452 1567 510 Illic
1580 452 1831 507 Adamum
1841 461 1893 508 et
1908 452 2068 506 Evam
2084 453 2156 506 in-

2258 449 2486 529 ostendit
2514 451 2782 529 futura,_ut
2812 454 3009 511 limitis
3039 457 3174 529 illius
3197 461 3515 529 propositum
3542 460 3827 524 exhibeat;

574 524 743 582 venit;
759 522 843 576 hic
859 522 1022 576 Evam
1039 524 1255 584 invenit,
1271 523 1365 578 sed
1383 540 1483 575 non
1499 525 1779 576 Adamum.
1794 524 1882 577 Ait
1898 523 1968 574 illi
1987 537 2148 576 uxor:

2257 522 2510 594 apostolis
2540 537 2669 594 vero?
2693 523 2860 594 futura
2895 527 3167 594 promittit,
3197 522 3254 582 ut
3281 522 3580 585 auditorum
3611 522 3827 585 animos

579 593 842 662 Quousque
869 592 1130 662 sustinebis
1165 591 1285 660 (Job
1314 592 1367 644 2.
1397 592 1490 656 9)?
1514 591 1683 646 Verba
1719 607 1844 646 vere
1872 591 2150 646 diabolica.

575 662 702 715 illttd
733 661 895 724 enim,
929 661 1196 731 Quousque
1217 703 1230 725 ,
1253 676 1348 714 vox
1381 670 1494 714 erat
1520 663 1635 726 ejus
1664 663 1748 726 qui
1795 670 2146 731 torqueretur.

576 732 682 799 Ego
702 740 968 798 torqueor,
992 743 1041 783 et
1063 730 1281 787 Iudicis.
1299 731 1598 796 Quousque?
1619 731 1726 798 Ego
1739 730 2008 792 verberor,
2022 739 2074 784 et
2095 740 2148 784 ιιι

573 802 635 852 ad
659 801 831 866 plagas
851 799 1108 852 verberati
1131 800 1472 867 obtorpescis.
1491 799 1775 867 Quousque
1791 800 1944 852 sedes
1960 814 2147 866 exspe-

572 882 719 921 ctans
741 868 807 919 tle
822 868 906 919 die
929 868 980 921 itt
1000 869 1134 920 diem
1153 869 1374 921 salutem
1393 871 1414 920 τ
1436 868 1629 921 Invitus
1646 868 1883 921 diabolus
1904 869 2144 921 virtutem

571 938 693 1005 justi
723 937 982 990 celebrat:
1009 939 1255 1005 praedicat
1276 939 1388 1004 ejus
1412 939 1736 1006 patientiam,
1757 938 2004 1006 quoniam
2024 952 2143 990 eum

571 1022 666 1074 spe
688 1006 1006 1075 decertabat.
1032 1007 1333 1075 Quousque!
1352 1008 1479 1060 llmc
1506 1006 1622 1060 vide
1640 1009 1909 1073 scriptoris
1937 1009 2146 1075 sapien-

575 1073 719 1128 tiam.
747 1073 811 1127 Et
837 1077 1138 1142 prospiciens
1169 1073 1223 1127 ιη’
1249 1093 1378 1139 eam,
1411 1077 1596 1143 inquit,
1625 1075 1722 1143 Job
1752 1077 1876 1127 dixit
1903 1073 2060 1142 (Ibid.
2093 1091 2137 1127 υ.

572 1147 683 1210 ιιι).
701 1144 812 1198 Νοη
834 1145 982 1210 dixit,
1005 1145 1293 1198 Altendens
1315 1142 1499 1210 ipsum,
1522 1145 1632 1202 sed.
1657 1142 1990 1210 Prospiciens.
2015 1145 2145 1197 Pro-

570 1215 784 1279 spiciens
808 1255 819 1276 ,
851 1215 1053 1281 quare?
1083 1215 1422 1284 iguoraliatoe
1448 1217 1697 1266 uxorem?
1729 1228 1904 1284 nonne
1931 1227 2050 1266 cum
2078 1229 2141 1266 ea

571 1284 814 1337 vixerat?
844 1298 1017 1336 nonne
1042 1283 1193 1353 exiea
1226 1284 1422 1337 liberos
1455 1283 1803 1353 anteceperat?
1828 1297 2141 1353 quarerergo

575 1353 874 1419 prospexit?
902 1353 1029 1406 Illud
1050 1393 1065 1417 ,
1097 1351 1365 1420 Prosperdt
1385 1393 1398 1410 .
1435 1351 1668 1405 declarat
1693 1365 1812 1404 eum
1861 1367 1965 1405 non
1999 1351 2138 1406 illam

575 1422 801 1486 vidisse,
833 1421 925 1475 sed
957 1437 1076 1476 eum
1107 1422 1192 1490 qui
1228 1422 1279 1474 in
1315 1422 1399 1474 illa
1430 1433 1559 1474 erat.
1597 1421 1927 1488 Respiciebat
1951 1421 2138 1474 diabo-

570 1491 677 1544 lum
703 1491 838 1551 .lob;
872 1501 1088 1545 noverat
1115 1507 1235 1545 eum
1271 1493 1358 1559 qui
1390 1491 1440 1544 in
1470 1501 1716 1558 serpente
1743 1492 1994 1559 loquutus
2022 1490 2139 1544 fuc-

571 1569 671 1620 rat,
695 1570 748 1612 et
768 1562 854 1628 qtti
884 1575 1022 1612 nunc
1049 1561 1098 1629 in
1128 1557 1347 1613 muliere
1375 1560 1704 1629 loquebatur,
1733 1569 1787 1612 et
1809 1557 1882 1629 ait
1907 1576 1918 1610 :
1947 1557 2015 1613 Ut
2040 1575 2140 1613 una

571 1645 633 1682 ex
657 1627 999 1693 insipientibus
1041 1628 1240 1696 toqunta
1265 1646 1335 1683 es.
1372 1627 1480 1683 Cn‘r
1508 1645 1609 1681 non
1640 1628 1806 1692 dixit,
1837 1627 1904 1683 Ut
1934 1644 2034 1682 una
2072 1645 2134 1683 ex

573 1699 744 1765 impiis
768 1740 782 1760 .
818 1707 870 1752 ut
902 1715 1002 1752 una
1032 1713 1094 1752 ex
1127 1698 1329 1754 auleis?
1361 1698 1571 1753 Sciebat
1600 1698 1737 1751 illam
1769 1714 1872 1752 non
1919 1699 2133 1765 impiam

569 1781 708 1830 esse.
736 1768 827 1821 sed
850 1768 1141 1836 insipientia
1169 1769 1456 1836 abreptam.
1489 1769 1731 1835 Alioquin
1754 1781 1898 1827 vero.
1926 1767 2131 1832 fratres,

573 1839 619 1906 ei
643 1877 659 1902 ,
687 1839 775 1906 qui
808 1839 968 1890 Deum
1007 1838 1345 1906 abnegaverit
1369 1878 1383 1900 ,
1414 1837 1717 1906 insipientis
1739 1851 1928 1906 nomen
1956 1837 2130 1891 datur.

569 1904 721 1968 Nam,
756 1905 890 1959 Dixit
917 1904 1227 1974 insipiensm
1253 1909 1422 1969 corde,
1445 1904 1560 1958 Non
1587 1917 1658 1958 est
1687 1905 1823 1958 Deus
1843 1905 2011 1974 (Psal.
2046 1906 2130 1960 15.

570 1976 644 2043 1).
669 1975 822 2040 Quasi
854 1992 955 2028 una
983 1991 1044 2027 ea:
1069 1975 1447 2039 insipientibus:
1469 1989 1530 2028 ac
1555 1977 1597 2028 si
1627 1976 1744 2044 quis
1768 1975 1987 2039 diceret,
2016 1974 2134 2030 Sic-

570 2055 628 2096 ttt
656 2044 763 2097 Eva
793 2045 1002 2111 loqttnla
1042 2058 1117 2098 es.
1172 2044 1232 2099 Si
1261 2046 1388 2097 bona
1416 2045 1719 2114 suscepimus
1759 2045 1822 2098 de
1848 2061 1998 2097 manu
2023 2044 2133 2098 Do-

569 2113 726 2179 mini,
758 2115 893 2166 ninia
921 2129 1020 2166 non
1063 2114 1411 2167 sustinebimus
1429 2114 1455 2166 .’
1480 2115 1523 2167 Ο
1551 2113 1818 2167 strenuam
1862 2115 2088 2167 animam
2115 2115 2128 2167 !

571 2182 668 2236 llic
709 2183 836 2235 milii
863 2182 976 2251 ejus
1000 2183 1230 2235 animum
1256 2184 1492 2251 explora.
1523 2181 1795 2235 Nesciebat
1821 2181 1921 2237 Job
1949 2197 2006 2236 se
2037 2197 2132 2251 pro

567 2253 760 2306 virtute
783 2263 987 2305 certare
1015 2268 1028 2304 :
1059 2253 1320 2305 nesciebat
1356 2267 1412 2304 se
1444 2267 1537 2320 pro
1565 2252 1810 2319 patientia
1847 2255 2087 2306 coronari
2113 2269 2128 2306 :

565 2321 657 2374 sed
685 2320 854 2374 solum
876 2321 1209 2375 existimabat
1229 2321 1576 2374 calamitatem
1603 2336 1721 2375 esse
1746 2336 1773 2372 a
1804 2321 1910 2373 Deo
1933 2321 2132 2376 immis-

565 2405 677 2442 satu
703 2406 715 2440 :
747 2389 879 2442 mala
908 2404 1024 2443 esse
1052 2395 1281 2458 putabat,
1317 2405 1485 2458 neque
1516 2391 1632 2444 ideo
1657 2390 1804 2457 quasi
1834 2389 1901 2444 de
1928 2391 2115 2443 immis-

565 2460 639 2512 sis
660 2459 810 2512 malis
838 2458 1253 2521 blasphetnabat.
1280 2459 1334 2514 Si
1361 2469 1536 2513 autem
1565 2474 1685 2513 cum
1709 2459 1844 2512 mala
1869 2458 2131 2514 existima-

568 2539 645 2581 ret
666 2543 786 2582 esse
811 2527 880 2580 ita
900 2529 1137 2591 certavit,
1161 2530 1204 2581 si
1226 2529 1458 2583 novisset
1478 2543 1749 2590 coronam,
1768 2543 1940 2582 annon
1963 2530 2129 2584 multo

565 2600 729 2666 magis
756 2597 1044 2666 certasset?
1064 2597 1164 2652 Sed
1196 2614 1288 2653 cur
1316 2598 1452 2652 Dens
1480 2613 1584 2666 non
1609 2607 1733 2652 ante
1754 2598 1952 2651 monuit
1979 2597 2125 2652 illum

562 2665 745 2719 dicens
765 2707 779 2730 ,
809 2665 935 2720 Vide
963 2666 1086 2734 quid
1124 2667 1353 2720 facturus
1379 2671 1476 2721 sis.
1518 2665 1770 2720 Futurum
1804 2675 1886 2721 est
1914 2676 1968 2720 ut
2010 2668 2122 2721 dia-

560 2735 712 2788 holus
745 2734 907 2787 aciem
930 2744 1111 2788 contra
1143 2744 1192 2788 te
1213 2736 1455 2797 instruat,
1492 2736 1874 2803 adversumth
1906 2744 1961 2789 te
1981 2746 2123 2790 arma

559 2813 735 2858 Stttnat
759 2821 770 2856 :
797 2804 1008 2858 decerta
1029 2844 1044 2868 ,
1068 2812 1281 2858 strenue
1307 2819 1420 2872 age,
1454 2819 1522 2857 ne
1551 2814 1776 2857 utentem
1805 2814 1945 2856 tuam
1976 2819 2122 2859 ever-

563 2884 668 2938 tat,
701 2889 766 2928 ne
797 2882 915 2925 tuos
939 2874 1149 2940 diripiat
1172 2875 1446 2941 cogitatus,
1479 2889 1543 2927 ne
1570 2875 1796 2926 animant
1822 2882 1961 2926 tuam
1986 2874 2127 2928 obsi-

560 2943 718 2997 deat:
743 2945 1061 3006 conl'ortare,
1093 2957 1262 3010 neque
1287 2943 1514 2996 alienum
1547 2943 1652 2995 Dt-o
1684 2953 1831 3009 putes
1855 2952 2122 2998 certamen

557 3012 768 3067 athleta:
790 3013 1049 3065 nuntiare.
1080 3011 1233 3064 Petro
1255 3027 1479 3079 namque
1493 3011 1618 3065 dicit
1642 3011 1891 3064 Dominus
1914 3028 1926 3064 :
1954 3011 2120 3078 Petro,

558 3099 670 3151 ecce
693 3094 895 3135 satanas
921 3081 1146 3151 expetivit
1165 3098 1268 3145 vos,
1293 3091 1343 3132 ut
1367 3082 1603 3133 cribraret
1628 3091 1878 3148 tamquam
1906 3081 2124 3151 triticum

558 3150 707 3221 (Luc.
732 3152 820 3206 22.
849 3152 908 3205 5t
927 3154 961 3216 ).
984 3149 1257 3218 'Apostolis
1289 3152 1602 3206 tcutationes
1628 3152 1961 3220 praenuntiat;
1991 3149 2124 3221 iobo

555 3219 731 3275 autem
774 3238 876 3275 non
919 3221 1156 3290 praedicit
1196 3223 1508 3276 tentationes
1549 3232 1603 3275 et
1630 3219 1951 3275 certamina.
1986 3219 2123 3275 Num

555 3291 800 3362 injustitia
829 3291 964 3362 apud
996 3290 1154 3362 Deum
1178 3291 1286 3344 est?
1308 3291 1442 3362 Absit
1468 3292 1639 3362 (Rom.
1664 3292 1717 3346 9.
1749 3292 1857 3358 14).
1885 3290 2013 3344 Nam
2043 3291 2122 3346 his

555 3361 787 3414 animum
819 3360 994 3423 addit,
1025 3361 1120 3414 hos
1149 3374 1274 3413 vero
1305 3360 1569 3428 relinquit.
1594 3360 1701 3413 Cur
1730 3375 1832 3413 non
1863 3361 1909 3413 ei
1935 3363 2125 3429 praedi-

553 3431 643 3489 cit,
674 3439 728 3482 ttt
750 3430 1000 3498 apostolis
1021 3429 1042 3481 ?
1065 3430 1271 3483 Sciebat
1300 3429 1436 3482 Deus
1461 3430 1652 3482 diaboli
1685 3429 1964 3492 vafritiem,
1989 3432 2123 3483 scie-

553 3498 644 3551 bat
672 3499 936 3558 invidiam.
963 3499 1160 3553 sciebat
1185 3499 1520 3553 calliditatem
1551 3514 1649 3566 qua
1680 3509 1860 3566 posset
1882 3499 2119 3552 virtutem

550 3569 863 3621 obtundere.
897 3567 948 3620 Si
975 3569 1196 3621 dixisset
1233 3568 1280 3620 ei
1327 3569 1491 3630 Deus,
1525 3569 1748 3620 Attende
1778 3567 1867 3618 tibi
1895 3605 1910 3628 ,
1943 3577 1996 3620 et
2023 3568 2118 3620 de-

550 3647 692 3690 certa
714 3652 729 3696 ;
752 3637 796 3689 si
840 3651 1001 3703 usque
1030 3638 1080 3688 in
1110 3639 1262 3689 linem
1307 3636 1620 3689 sustinueris
1644 3675 1659 3700 ,
1688 3636 1982 3703 duplicatus
2029 3637 2116 3690 tibi

550 3705 829 3760 facultates
858 3707 1149 3767 restituam,
1175 3720 1394 3773 regnum
1415 3708 1661 3758 czelorum
1686 3705 1974 3758 hereditate
1994 3721 2120 3758 cott-

550 3776 809 3842 sequeris,
839 3788 1062 3826 coronas
1092 3775 1499 3828 immortalitatis
1527 3776 1753 3841 accipies
1772 3813 1785 3832 .
1817 3774 1959 3826 orbis
1981 3781 2120 3827 totus

553 3845 739 3912 plenus
762 3845 864 3897 erit
882 3843 1121 3896 laudibus
1146 3846 1246 3896 tuis
1267 3861 1277 3892 :
1299 3844 1342 3896 si
1366 3843 1479 3898 base
1503 3843 1741 3903 dixisset,
1759 3852 2117 3897 coocertasset

553 3916 734 3981 utique
759 3914 952 3981 justus;
976 3913 1066 3965 sed
1095 3912 1333 3966 diabolus
1361 3912 1481 3966 hinc
1507 3914 1839 3966 oetasionem
1869 3913 2120 3981 arripuis-

552 3993 634 4037 set
658 4001 670 4037 :
694 3998 776 4044 ac,
810 3982 856 4035 si
881 3982 948 4033 ita
976 3982 1249 4034 decertans
1276 3983 1492 4035 vicisset
1516 4023 1529 4044 ,
1561 3981 1778 4034 dixisset
1813 3981 1921 4034 Deo
1942 4021 1956 4043 ,
1981 3981 2114 4036 Num

549 4053 716 4120 gratis
737 4051 1062 4105 decertatit?
1090 4051 1378 4105 Promisisti
1407 4053 1454 4104 ei
1482 4051 1924 4105 immortalitatem
1952 4090 1964 4111 ,
1995 4067 2117 4118 pro-

551 4122 736 4174 misisti
784 4134 1039 4187 regnum,
1071 4121 1353 4186 promisisti
1398 4135 1639 4174 coronas.
1671 4120 1725 4174 Si
1773 4120 1947 4187 itaque
1994 4136 2117 4174 cum

551 4189 920 4256 temporalium
951 4186 1174 4257 fructum
1198 4190 1489 4257 accepisset
1513 4229 1528 4253 ,
1560 4191 1608 4241 in
1638 4186 1995 4256 susliicio’nem
2025 4205 2116 4243 vo-

553 4255 702 4312 catus
729 4267 807 4312 est
832 4273 936 4312 non
967 4255 1115 4326 quasi
1139 4255 1338 4324 justus,
1359 4259 1450 4311 sed
1477 4259 1623 4324 quasi
1655 4255 2012 4311 mercenarius
2036 4276 2048 4312 :
2072 4259 2118 4311 si

548 4338 866 4380 mternorum
899 4328 1152 4378 benorttm
1181 4327 1582 4393 promissionem
1609 4327 1921 4394 accepisSet,
1943 4341 2116 4381 annon

555 4397 722 4449 multo
771 4395 936 4463 magis
967 4395 1086 4447 hinc
1127 4394 1365 4449 diabolus
1391 4397 1723 4448 occasionem
1769 4395 2118 4461 arripuisset?

555 4465 662 4520 Sed
690 4465 915 4518 occultat
955 4478 1175 4534 coronas
1197 4505 1212 4525 .
1242 4474 1297 4520 ut
1334 4468 1618 4518 certamina
1671 4463 1996 4534 patefaciat»:
2030 4481 2119 4518 oc-

551 4535 714 4588 cultat
743 4534 999 4596 bravium,
1022 4543 1076 4586 ut
1104 4532 1352 4588 athletam
1379 4535 1640 4588 oetendat.
1665 4532 1770 4586 Cur
1796 4547 1914 4601 ego,
1941 4532 2114 4598 dices,

555 4606 714 4656 etiam
743 4601 995 4669 apostolis
1023 4618 1124 4655 non
1151 4603 1474 4657 occaltavit?
1501 4605 1545 4656 si
1577 4604 1717 4656 enim
1746 4616 1808 4654 ea
1855 4602 1922 4654 de
1959 4617 2116 4657 causa

550 4670 684 4724 Jobo
716 4685 816 4724 non
848 4671 1119 4740 praedixit,
1150 4687 1244 4726 cur
1284 4688 1386 4725 non
1431 4673 1615 4725 eodem
1665 4672 1822 4724 modo
1868 4673 2117 4738 apostolis

553 4743 824 4808 prtemium
867 4740 1058 4794 tacuit?
1100 4740 1197 4794 Job
1240 4744 1383 4795 solus
1422 4742 1742 4802 decertabat,
1786 4754 1878 4806 pro
1920 4750 2116 4794 semet-

555 4812 669 4876 ipso
721 4809 1021 4872 laborabat,
1066 4826 1158 4877 pro
1203 4812 1487 4880 semetipso
1534 4812 1795 4878 pugnabat
1834 4828 1864 4880 :7
1894 4811 2114 4876 apostoli

552 4892 675 4930 vero
715 4892 982 4946 praecones
1024 4886 1174 4933 terra:
1221 4891 1370 4935 erant
1415 4890 1467 4933 ct
1503 4880 1749 4933 doctores
1790 4879 1952 4932 orbis.
1988 4880 2117 4946 Ipsis

549 4956 692 4999 certe
737 4947 996 5000 occultare
1041 4957 1276 5015 poterat,
1303 4951 1393 5002 sed
1438 4949 1630 5002 mundo
1677 4963 1761 5002 res
1801 4947 2116 5002 detrimento

551 5016 752 5068 fuisset.
789 5015 1000 5068 Poterat
1043 5015 1238 5071 Paulus
1268 5022 1380 5072 sine
1410 5033 1725 5073 coronarmn
1770 5016 2118 5085 promissione

551 5095 791 5144 certare:
839 5092 1042 5151 poterat
1101 5089 1284 5141 Petrus
1338 5090 1453 5141 sine
1501 5088 1851 5156 promissione
1897 5087 2118 5140 viriliter

554 5168 740 5222 agere;
773 5163 1009 5223 poterant
1047 5159 1268 5222 apostoli
1309 5172 1410 5211 non
1449 5166 1662 5223 accepta
1691 5156 1948 5209 benorum
1994 5169 2117 5222 pro-

555 5221 802 5293 missione
823 5237 918 5293 pro
939 5221 1126 5276 virtute
1155 5240 1384 5293 pugnare
1406 5245 1416 5280 :
1440 5228 1531 5280 sed
1557 5221 1658 5278 non
1691 5226 1878 5292 ubique
1906 5225 2113 5290 Paulus,

558 5308 660 5346 non
686 5292 873 5360 ubique
903 5292 1116 5356 Petrus;
1143 5292 1424 5346 tuultortttn
1451 5297 1641 5348 anima:
1673 5294 1946 5345 imbecilla
1973 5301 2113 5357 sunt,

554 5362 832 5414 multorum
861 5371 1057 5415 mentes
1086 5363 1349 5415 vacillant.
1378 5366 1432 5416 Si
1464 5368 1603 5418 cnim
1636 5364 1811 5426 hodie,
1843 5370 2114 5429 postquam

552 5446 769 5498 regnum
800 5431 1108 5499 promissum
1135 5440 1247 5494 est,
1274 5431 1676 5499 futurorumque
1705 5434 1961 5485 bonorum
1992 5445 2114 5498 pos-

551 5500 738 5563 sessio,
772 5514 926 5567 atque
951 5503 1252 5569 angelorum
1279 5507 1624 5565 consortium,
1643 5512 1694 5554 et
1720 5499 1945 5569 paradisi
1970 5499 2118 5569 volu-

557 5579 690 5634 ptas,
718 5570 861 5623 multi
890 5568 1138 5637 promissa
1162 5579 1522 5632 contemnunt,
1545 5568 1891 5636 prwst-ntibus
1913 5568 2116 5621 inhian-

553 5646 632 5691 tes
663 5655 676 5690 :
709 5639 752 5691 si
779 5639 992 5690 Ottlttitto
1021 5639 1284 5693 silentium
1313 5638 1378 5691 de
1409 5640 1472 5693 iis
1501 5638 1715 5708 fuisset,
1745 5641 1864 5708 quis
1890 5637 1955 5708 ad
2003 5637 2114 5705 pie-

553 5716 712 5762 tatem
757 5709 1092 5764 accurreret?
1143 5716 1268 5766 Jure
1329 5722 1498 5777 ergo,
1549 5707 1771 5774 fratres,
1821 5707 1956 5763 Jobo
2008 5721 2117 5763 non

2256 591 2482 652 excitet,
2515 601 2570 643 ut
2595 593 2740 645 orbis
2781 591 3036 648 terrarum
3070 591 3300 651 mentem
3343 601 3630 654 continuet
3684 599 3823 653 Multi

2256 675 2394 712 nunc
2423 674 2637 728 regnum
2665 661 2900 725 audiunt,
2919 674 2970 716 et
2994 677 3351 731 coutctttnunt;
3370 669 3514 722 multi
3540 669 3822 723 Christum

2253 739 2594 805 exspectant,
2632 739 2687 784 et
2735 731 2999 805 malitiam
3025 735 3275 805 induunt;
3309 737 3452 791 multi
3499 753 3528 790 a
3577 739 3819 805 nequitia

2254 813 2357 850 non
2397 797 2854 872 receduttt;_multi
2888 801 3054 872 hodie
3094 797 3288 872 jejunis
3329 806 3591 860 honorant
3616 847 3631 867 .
3660 797 3721 861 et
3746 806 3820 860 di-

2249 877 2413 942 cuni:
2441 867 2935 942 l_lodie_adversario
2955 887 3072 924 meo
3096 867 3225 925 nihil
3253 875 3370 928 dico
3395 895 3406 927 :
3437 886 3680 928 transeat
3708 891 3818 942 pas-

2249 937 2413 1013 sionis
2439 935 2633 1013 Qiiristi
2665 936 2810 1013 dies,
2844 950 2903 1013 ei
2928 942 3065 992 litem
3095 957 3268 1013 agant,
3302 945 3523 998 ulciscar
3548 935 3815 1013 injurias,

2250 1005 2413 1079 muita
2455 1006 2662 1079 faciam.
2705 1007 2840 1079 Ergo
2877 1007 3040 1062 frater
3081 1005 3155 1064 es'
3183 1012 3318 1065 illius
3366 1015 3496 1066 Esau
3545 1005 3642 1079 qui
3699 1013 3814 1066 taiia

2246 1074 2446 1153 cogites
2472 1091 2483 1126 :
2509 1074 2860 1153 htccprofers
2897 1094 3011 1153 qua:
3048 1079 3173 1153 dixit
3223 1081 3380 1135 Esau.
3418 1074 3634 1153 Etenim
3681 1083 3814 1153 Egi

2249 1143 2462 1217 fratrem
2498 1144 2747 1217 occidere
2775 1147 2934 1200 voluit
2955 1189 2968 1208 ,
2997 1148 3086 1201 sed
3119 1158 3316 1217 patrem
3348 1151 3717 1204 reverebantur.
3749 1150 3814 1203 Et

2245 1213 2368 1278 quid
2406 1213 2574 1287 dixit]
2605 1214 3014 1287 Appropinqucnt
3066 1213 3173 1287 dies
3223 1218 3387 1273 luctus
3411 1220 3566 1287 patris
3594 1220 3699 1272 mei
3721 1258 3738 1283 ,
3767 1229 3814 1273 et

2246 1289 2362 1332 tunc
2403 1283 2626 1357 occidam
2651 1282 2858 1357 fratrem
2879 1282 3046 1338 meum
3071 1286 3230 1357 (Gen.
3248 1287 3336 1342 37.
3363 1282 3453 1357 41)
3486 1305 3500 1340 :
3527 1282 3814 1355 praeluceat

2243 1363 2387 1424 mors
2415 1353 2578 1424 patris
2603 1352 2707 1424 mei
2731 1393 2745 1416 ,
2772 1361 2825 1406 et
2862 1363 2986 1408 time
3010 1352 3270 1413 occidam.
3297 1357 3361 1410 Et
3390 1352 3444 1410 tu
3477 1352 3608 1424 quid
3639 1357 3811 1411 dicis?

2243 1417 2710 1490 Transeat_(_3liristi
2742 1424 2931 1490 passio,
2961 1437 3012 1477 et
3038 1435 3159 1478 tunc
3183 1435 3364 1479 contra
3393 1417 3604 1480 hostem
3634 1442 3810 1480 meum

2245 1487 2472 1564 litigabo.
2498 1488 2630 1564 Vide
2655 1506 2722 1544 ne
2744 1487 2910 1564 frater
2925 1492 3065 1547 Esau
3088 1496 3180 1548 sis.
3203 1494 3336 1548 Audi
3361 1495 3481 1564 quid
3508 1497 3653 1548 dicat
3673 1494 3811 1550 Pan.

2243 1555 2359 1612 lus:
2386 1556 2599 1633 Negatis
2623 1560 2916 1633 fomicator,
2942 1577 3031 1633 nec
3057 1566 3318 1633 profanus,
3347 1555 3402 1616 αἱ
3432 1562 3573 1633 Ιίωιῑ
3594 1583 3616 1618 :
3638 1580 3702 1617 ne
3722 1581 3808 1633 per

2240 1641 2352 1700 eum
2377 1628 2520 1681 multi
2541 1630 2934 1700 contaminemur
2951 1628 3133 1699 (Hebr.
3150 1628 3248 1687 ⁷12.
3272 1634 3355 1688 16.
3382 1635 3489 1700 i5).
3515 1632 3644 1687 Haec
3667 1648 3696 1684 a
3722 1628 3809 1687 ista

2239 1695 2525 1770 dictasunt
2554 1714 2699 1770 .‘tton
2719 1699 2791 1770 ad
2820 1695 3347 1770 iram'concitandam
3375 1741 3391 1766 ,
3417 1695 3510 1755 sed
3556 1701 3625 1756 ad
3654 1716 3808 1770 opem

2238 1774 2290 1817 et
2315 1765 2534 1839 salutem
2561 1765 2811 1822 fratribus
2837 1767 3128 1824 ferendam.
3152 1769 3428 1839 Contingat
3445 1780 3627 1825 autem
3657 1765 3808 1824 nobis

2237 1842 2291 1886 et
2321 1835 2480 1888 verbo
2505 1837 2791 1908 instructis,
2817 1849 2868 1890 et
2895 1839 3228 1908 historiarum
3258 1835 3502 1908 exemplo
3531 1841 3804 1901 institutis.

2237 1913 2539 1976 sanctorum
2561 1903 2771 1958 Patrum
2797 1912 2847 1960 et
2873 1907 3242 1976 prophetarum
3267 1903 3560 1963 certamine
3591 1911 3808 1963 robora-

2239 1972 2326 2051 tis,
2353 1974 2571 2051 gloriam
2598 1989 2807 2051 semper
2836 1972 2940 2051 Deo
2968 1972 3192 2044 referre,
3221 1993 3359 2032 nunc
3386 1985 3443 2032 et
3468 1992 3688 2047 semper
3706 2017 3724 2044 ,
3757 1988 3806 2032 et

2236 2043 2287 2094 in
2309 2043 2498 2097 saecula
2519 2045 2851 2098 saeculorum.
2880 2048 3062 2100 Amen.

2447 2111 2509 2165 In
2528 2115 2724 2181 justum
2749 2125 2793 2165 et
2824 2115 3016 2167 beatum
3042 2116 3157 2179 Job,
3181 2132 3342 2169 sermo
3364 2126 3594 2182 quartus.

2307 2181 2359 2234 Ι.
2391 2180 2590 2250 Ubique
2617 2191 2670 2235 et
2697 2183 2747 2234 in
2775 2185 3019 2237 omnibus
3049 2187 3156 2238 fere
3185 2180 3384 2238 divinis
3404 2183 3803 2238 narrationibus

2233 2249 2480 2304 inferiora
2508 2249 2666 2304 rebus
2704 2262 2824 2303 sunt
2852 2254 3010 2306 verba
3032 2293 3044 2315 ,
3073 2265 3125 2307 et
3150 2254 3365 2308 materia
3407 2254 3694 2308 inferiores
3720 2255 3803 2307 di-

2231 2321 2466 2392 ctiones;
2495 2321 2757 2389 pra-cipue
2789 2336 2918 2392 vero,
2938 2324 2988 2374 in
3019 2323 3286 2390 prmelaris
3307 2322 3446 2377 beati
3467 2321 3588 2377 Jobi
3620 2325 3803 2392 gestis.

2232 2386 2398 2443 Nemo
2424 2386 2670 2458 umquam
2705 2398 2878 2457 potest
2907 2386 3032 2446 huic
3057 2401 3365 2460 argumento
3391 2386 3667 2446 tenuitatis
3695 2406 3801 2445 sua

2230 2472 2530 2541 sentioneiu
2555 2461 3021 2541 aiqttare..l~.;tiamsi
3044 2464 3182 2514 enim
3208 2471 3453 2541 sexcenta
3477 2462 3668 2541 de‘illo
3687 2460 3804 2541 quis

2229 2525 2388 2599 dicat.
2415 2541 2445 2580 a
2463 2525 2715 2599 dignitate
2737 2527 2814 2599 rei
2835 2528 2988 2599 longe
3008 2539 3149 2584 retro
3177 2531 3507 2597 relinquitur.
3540 2525 3802 2595 Quoniam

2231 2597 2387 2665 igitur
2413 2611 2506 2664 pro
2526 2595 2688 2660 virili,
2721 2597 2817 2650 etsi
2845 2595 3197 2661 mediocriter,
3224 2595 3472 2663 dixi—mus,
3496 2600 3633 2653 nihil
3666 2604 3807 2653 vetat

2229 2666 2512 2735 quominus
2541 2665 2694 2719 hodie
2723 2665 2892 2721 cidem
2923 2677 3229 2735 argumento
3256 2668 3572 2722 bmreamus.
3606 2668 3802 2722 Nemo-

2228 2749 2330 2804 que
2355 2733 2642 2789 arbitretur
2669 2750 2778 2789 rem
2809 2733 3080 2789 tractatam
3109 2737 3292 2804 injuria
3324 2736 3460 2790 allici
3485 2775 3499 2801 ,
3532 2738 3580 2790 si
3611 2749 3805 2791 narra-

2230 2805 2425 2883 tionem
2452 2804 2876 2883 pncscindamus.
2906 2804 3084 2883 Neque
3101 2807 3242 2883 enim
3263 2805 3364 2860 Job
3391 2807 3591 2883 incisus
3614 2807 3767 2859 dolet
3788 2822 3800 2856 :

2230 2887 2352 2926 nam
2383 2873 2427 2926 si
2456 2873 2620 2926 inciso
2644 2888 2865 2941 corpore
2899 2873 3014 2928 non
3030 2874 3240 2928 dolebat
3264 2915 3278 2936 ,
3305 2890 3370 2928 an
3399 2875 3569 2928 incisa
3615 2890 3808 2929 narra-

2229 2941 2371 3014 tione
2411 2941 2646 3014 dolebit?
2671 2941 2919 3014 Nos-imus
2945 2959 3008 3014 ex
3038 2943 3321 3012 prmmissis
3359 2944 3760 3014 narrationibus
3783 2987 3802 3014 ,

2230 3011 2401 3082 ipsum
2443 3012 2617 3082 omnia
2655 3012 2897 3066 amisisse
2922 3054 2936 3076 ,
2962 3011 3066 3066 imo
3101 3015 3274 3082 potius
3299 3015 3472 3066 omnia
3501 3011 3803 3082 invenisse.

2227 3079 2356 3133 Cum
2388 3081 2526 3134 enim
2559 3081 2673 3134 la2ta
2697 3082 2869 3133 omnia
2896 3079 3172 3145 amisisset,
3205 3082 3397 3134 Iustitia:
3427 3081 3662 3136 radicem
3695 3098 3803 3140 non

2228 3151 2421 3202 amisit.
2454 3149 2686 3219 Perdidit
2726 3150 2928 3219 lyram,
2956 3151 3046 3204 sed
3085 3152 3272 3205 mansit
3319 3149 3539 3214 artifex;
3572 3152 3808 3218 perdidit

2230 3217 2858 3292 ubertatisfructus,‘scd
2889 3221 3079 3292 mansit
3100 3220 3325 3292 agricola
3351 3217 3695 3277 abundantiae
3715 3238 3809 3277 au-

2225 3301 2341 3342 ctor
2366 3309 2377 3342 :
2403 3291 2627 3345 nudatus
2653 3300 2734 3345 est
2757 3293 3002 3346 omnibus
3031 3291 3360 3346 facultatibus
3383 3333 3398 3358 ,
3421 3296 3512 3347 sed
3557 3310 3665 3347 non
3696 3311 3806 3351 na-

2226 3359 2381 3414 tlatus
2419 3371 2500 3414 cst
2521 3362 2730 3412 virtute.
2763 3361 2966 3429 Abjccit
2995 3361 3204 3414 diabolo
3228 3376 3356 3429 opes
3378 3403 3394 3423 ,
3423 3362 3646 3429 abiectis
3675 3367 3804 3422 vita

2224 3429 2534 3490 commodis,
2569 3428 3009 3498 quemadmodum
3041 3429 3234 3498 Joseph
3268 3428 3802 3498 pallium’impadica:

2225 3498 2450 3550 mulieri.
2480 3497 2734 3552 l’atiendo
2754 3511 2854 3549 non
2885 3497 3192 3565 patiebatur.
3220 3499 3438 3566 Oportet
3457 3497 3599 3553 enim
3620 3512 3679 3552 et
3701 3518 3805 3555 na-

2225 3574 2354 3617 tura:
2386 3567 2677 3632 passiOncm
2706 3567 2852 3618 fateri
2880 3607 2894 3631 ,
2919 3577 2974 3620 et
3011 3569 3168 3621 aninti
3209 3568 3452 3620 virtutem
3494 3569 3801 3626 celebrare.

2224 3633 2466 3708 Esltibita
2511 3644 2647 3708 sunt
2672 3647 2869 3708 natura:
2906 3636 3089 3690 indicia
3111 3675 3124 3699 ,
3153 3645 3206 3708 et
3235 3636 3442 3690 virtutis
3485 3638 3804 3708 magnitudo

2222 3706 2486 3771 apparuit.
2515 3703 2730 3757 Audivit
2759 3705 2978 3757 liliormn
3018 3706 3364 3759 calamitatem
3389 3747 3404 3771 ,
3432 3714 3484 3759 et
3511 3703 3672 3760 scidit
3701 3724 3800 3764 ve-

2220 3777 2491 3838 stimenta,
2511 3783 2567 3826 ut
2584 3781 2785 3828 natura:
2802 3773 3101 3828 ostenderet
3121 3776 3658 3830 commiserationem.
3684 3776 3804 3833 Nisi

2223 3842 2361 3910 enim
2395 3856 2580 3910 passus
2607 3854 2782 3903 esset,
2812 3857 2913 3895 non
2944 3854 3000 3897 ut
3031 3843 3233 3897 virtutis
3259 3845 3429 3897 cultor
3453 3845 3804 3902 adunrationi

2224 3909 2431 3964 habitus
2459 3910 2662 3977 fuisset,
2691 3911 2781 3966 sed
2814 3913 2951 3965 velut
2976 3911 3237 3966 insensilis
3274 3914 3554 3967 damnatus
3585 3913 3800 3973 fuisset.

2223 3979 2325 4032 Sed
2357 3994 2542 4048 paSsus
2573 3990 2654 4033 est
2682 3992 2735 4033 ut
2767 3981 2955 4042 homo,
2984 3989 3039 4035 et
3065 3992 3119 4034 ιιι
3159 3982 3248 4035 Dei
3289 3997 3475 4035 amans
3502 3984 3800 4049 sustinuit,

2223 4058 2527 4118 naturaeque
2575 4049 2930 4103 inlirmitatem
2988 4051 3145 4115 vicit,
3189 4051 3406 4118 piosque
3453 4066 3635 4106 mores
3692 4069 3800 4107 non

2223 4117 2471 4191 prodidit.
2525 4118 2742 4171 Discidit
2791 4121 3137 4191 vestimenta.
3168 4121 3262 4172 sed
3308 4117 3570 4172 adoravit.
3633 4121 3802 4191 igitur

2222 4187 2460 4241 diabolus
2488 4202 2588 4240 nun
2610 4195 2721 4258 tam
2749 4189 3022 4258 percussit,
3045 4203 3199 4256 quam
3229 4202 3511 4258 percussus
3535 4200 3622 4242 est
3641 4187 3798 4252 {non

2223 4265 2326 4326 tam
2357 4257 2644 4311 vulneravit
2667 4297 2682 4320 ,
2711 4271 2865 4326 quam
2895 4257 3213 4326 vulneratus
3232 4257 3337 4311 est.
3365 4257 3471 4311 Sed
3513 4268 3800 4326 postquam

2223 4324 2272 4376 in
2316 4326 2486 4391 primo
2524 4339 2694 4390 agone
2735 4324 2869 4379 bene
2897 4327 3114 4382 certavit
3138 4325 3236 4380 Job
3261 4365 3277 4390 ,
3307 4324 3604 4380 rursns’ilii
3635 4324 3796 4382 alium

2221 4408 2439 4466 agonem
2470 4393 2625 4447 offert
2651 4395 2808 4466 Deus,
2838 4403 2893 4449 nt
2917 4395 3324 4466 Splendidiorem
3360 4395 3458 4463 ipsi
3496 4407 3682 4450 nectat
3719 4414 3805 4466 pa-

2221 4464 2418 4533 tientia:
2459 4477 2732 4533 coronam.
2777 4463 3004 4517 Rursum
3051 4465 3210 4533 enim
3240 4466 3452 4517 adstant
3492 4466 3674 4533 angeli
3704 4463 3802 4529 {et

2219 4530 2462 4600 diabolus
2503 4531 2553 4582 in
2598 4531 2770 4583 medio
2799 4533 3149 4600 interrogatur
3168 4532 3234 4585 ab
3260 4547 3326 4585 eo
3349 4534 3436 4600 qui
3470 4530 3659 4586 omnia
3702 4551 3800 4588 no-

2221 4607 2384 4659 verat,
2414 4598 2559 4668 Unde
2597 4601 2731 4652 venis
2783 4599 2902 4665 (Job
2926 4600 2980 4652 2.
3004 4598 3046 4652 Ξ
3069 4602 3120 4668 )2
3151 4600 3278 4654 Vide
3308 4598 3631 4668 sapientiam
3663 4601 3756 4656 Dei
3780 4643 3795 4667 ,

2222 4668 2339 4720 vide
2387 4667 2642 4720 vafritiem
2689 4669 2902 4722 diaboli.
2948 4667 3084 4722 Deos
3131 4669 3343 4737 quidem
3374 4667 3603 4724 ist-iebat
3660 4673 3799 4727 unde

2220 4739 2442 4800 Veniret,
2473 4737 2717 4806 quodque
2742 4747 3015 4805 superatus
3044 4752 3072 4790 a
3097 4737 3241 4806 justo
3273 4741 3481 4792 veniret
3511 4753 3528 4790 :
3558 4741 3676 4793 vult
3700 4757 3798 4794 au-

2223 4808 2496 4876 iechus
2530 4807 2741 4876 videre,
2773 4822 2895 4859 num
2941 4810 3164 4876 ingenue
3210 4823 3267 4860 se
3298 4810 3494 4859 victum
3547 4809 3796 4864 fateatur.

2226 4873 2369 4927 Unde
2393 4879 2526 4928 uenis
2551 4875 2576 4927 2
2601 4875 2850 4928 Diabolus
2874 4873 3077 4929 vero'se
3108 4879 3299 4928 victum
3330 4890 3450 4929 esse
3493 4891 3610 4931 non
3636 4878 3799 4932 conli-

2223 4954 2365 5007 tens,
2401 4944 2598 5013 pudore
2628 4944 2762 5016 enim
2802 4945 3119 5016 arcebatur,
3149 4945 3334 4998 eadem
3368 4958 3498 4997 usus
3539 4956 3628 4999 est
3652 4989 3668 5012 ,
3696 4964 3798 5016 qua

2222 5011 2556 5081 prius,'v0ce
2581 5030 2591 5062 :
2619 5011 2890 5081 Postquam
2920 5013 3120 5063 circuivi
3150 5023 3334 5065 terram
3360 5024 3408 5065 et
3448 5011 3800 5081 perambulhsi

2221 5079 2386 5134 orbem
2405 5121 2418 5142 ,
2439 5082 2638 5152 adsum.
2667 5079 2888 5152 Nemea
2917 5081 2984 5152 de
3010 5095 3167 5152 causa
3192 5083 3405 5152 exivisti
3427 5079 3456 5134 ?'
3477 5099 3544 5136 an
3574 5083 3680 5139 hoc
3703 5103 3805 5152 p0-

2219 5149 2456 5220 stttlasli?
2479 5165 2651 5202 nonne
2681 5159 2732 5200 tu
2767 5148 2944 5202 dixisti
2971 5168 2983 5201 :
3011 5150 3084 5203 Da
3110 5151 3240 5203 mihi
3266 5165 3329 5205 ea
3355 5166 3473 5218 qua:
3502 5152 3611 5206 Job
3635 5148 3802 5220 possi-

2219 5216 2345 5272 det?
2366 5233 2459 5273 cur
2482 5227 2746 5272 certamen
2771 5227 2929 5278 taces.
2957 5227 3012 5270 ut
3039 5220 3252 5273 victoris
3273 5216 3533 5274 coronam
3559 5216 3800 5275 auferas?

2221 5288 2313 5341 Dic
2336 5297 2602 5358 certamen
2621 5328 2642 5358 ,Α
2667 5287 3158 5358 ιῐιιιΙθιιιοιθηηειιιιει
3187 5289 3378 5342 lnctam
3405 5329 3420 5352 ,
3445 5301 3503 5342 ut
3532 5293 3795 5358 praedices

2221 5358 2512 5410 victoriam.
2543 5355 2646 5408 Sed
2677 5355 2814 5422 quod
2858 5371 2954 5423 per
2983 5357 3232 5410 invidiam
3277 5355 3799 5412 diabolus'occulta-

2219 5425 2292 5478 vit
2315 5465 2330 5490 ,
2360 5425 2407 5478 id
2435 5425 2485 5476 in
2509 5424 2762 5494 honorem
2784 5425 2998 5494 eximiae
3038 5425 3386 5494 pltilosOpliia:
3413 5427 3654 5480 celebrat
3678 5442 3799 5481 om-

2220 5495 2364 5549 nium
2391 5494 2662 5562 Dominus.
2692 5492 2874 5562 (Animo
2904 5494 3121 5547 intentus
3152 5492 3297 5562 {uis—ti
3333 5505 3510 5547 contra
3539 5496 3799 5562 [amulum

2219 5579 2381 5616 meum
2418 5561 2576 5630 (Ibid.
2609 5578 2668 5633 o._
2689 5561 2789 5625 5;?
2819 5561 2970 5628 Quod
3009 5575 3063 5616 tu
3101 5561 3243 5617 celas
3265 5603 3281 5628 ,
3311 5578 3410 5633 ego
3435 5561 3611 5631 palam
3643 5567 3798 5619 iacio.

2219 5633 2370 5701 Stepe
2398 5645 2624 5712 namque
2652 5630 2791 5683 Deus
2819 5633 3106 5712 interrogat
3128 5672 3157 5712 ,Α
3175 5649 3280 5686 non
3309 5630 3365 5684 ut
3387 5630 3581 5712 discat,
3617 5633 3800 5712 sedet

2219 5700 2400 5758 eorum
2422 5700 2509 5771 qui
2527 5700 2914 5770 interrogantur
2931 5703 3255 5772 propositmn
3278 5701 3541 5772 exploret,
3568 5717 3698 5758 nunt
3721 5704 3803 5771 ius
