4014 6346
1456 438 2276 664 LECTORL

311 883 420 941 Cur
443 879 668 939 editioni
697 879 926 948 Operum
950 874 1008 929 S.
1037 871 1232 929 Leonis
1253 887 1402 944 pap'e
1425 869 1737 942 appendicis
1762 869 1982 927 nomine
2011 870 2328 942 adjiciamus
2356 871 2500 928 hunc
2522 880 2724 928 tomum
2743 912 2758 937 ,
2786 873 2874 942 qui
2910 880 3253 943 praestantem
3283 879 3338 926 et
3363 873 3509 930 anti-

251 976 554 1046 quissimam
583 983 839 1025 canonum
869 965 1240 1021 collectionem
1266 963 1478 1033 aliaque
1508 962 1704 1018 vetusti
1726 961 1863 1030 juris
1891 961 2134 1040 canonici
2161 963 2479 1019 documenta
2501 965 2771 1027 continet,
2796 965 2982 1033 paucis
3007 965 3378 1035 exponendum
3400 976 3505 1022 est.

254 1063 552 1134 Quesnellus
581 1061 632 1114 in
661 1073 755 1140 sua
785 1056 1020 1112 editione
1059 1053 1264 1108 idcirco
1307 1051 1364 1108 S.
1413 1051 1612 1106 Leonis
1640 1050 1908 1121 Operibus
1956 1049 2188 1119 subjecit
2232 1061 2586 1107 memoratam
2626 1052 3000 1108 collectionem
3049 1067 3344 1120 canonum,
3385 1053 3510 1124 quia

187 1120 208 1212 ξ
254 1120 410 1228 ipsam
437 1131 687 1206 Romana}
726 1146 984 1203 Ecclesia:
1026 1145 1268 1200 codicem
1297 1159 1421 1199 esse
1456 1143 1666 1214 putavit
1731 1144 1825 1214 qui
1853 1144 1955 1200 sub
1985 1145 2328 1215 pontiﬁcibus
2359 1146 2668 1202 Innocentio
2692 1185 2706 1210 ,
2734 1145 2950 1201 Zosimo
2979 1155 3140 1217 atque
3166 1150 3344 1205 Leone
3388 1120 3512 1204 usui

198 1241 204 1248 ’
249 1247 421 1301 fuisset
447 1284 461 1308 ,
493 1250 545 1297 et
573 1242 734 1295 multa
764 1238 834 1293 ab
857 1238 1090 1306 ipsomct
1117 1235 1299 1290 Leone
1323 1234 1527 1288 inserta
1552 1233 1863 1302 recepisset.
1889 1233 2040 1290 Licet
2069 1249 2198 1289 vero
2237 1233 2291 1288 id
2318 1238 2540 1288 omnino
2563 1232 2756 1288 falsum
2778 1233 2881 1289 hoc
2908 1233 3096 1290 eodem
3129 1244 3274 1290 torno
3317 1237 3512 1306 proba-

246 1336 344 1393 turi
369 1335 534 1389 simus
574 1333 627 1386 in
671 1326 1148 1385 observationibus
1173 1323 1240 1379 ad
1265 1322 1698 1378 dissertationem
1744 1323 1914 1392 ipsius
1941 1323 2214 1390 Quesnelli
2243 1323 2642 1390 duodecimam,
2679 1321 2846 1377 nihilo
2876 1332 3055 1378 tamen
3088 1324 3267 1379 minus
3296 1340 3364 1379 ne
3387 1327 3516 1396 quid

245 1431 362 1486 huic
391 1435 588 1481 nostra:
615 1422 838 1479 editioni
867 1421 1104 1482 deesset,
1129 1431 1234 1488 qua
1261 1426 1427 1471 totam
1454 1415 1740 1472 editionem
1761 1416 2196 1483 Quesnellianam
2223 1417 2570 1487 repetendam
2608 1416 2832 1487 polliciti
2853 1431 3061 1483 sumus,
3086 1415 3228 1472 idem
3251 1430 3517 1475 canonum

241 1521 404 1579 codex
433 1515 773 1572 recudendus
805 1512 923 1568 fuit.
949 1511 1060 1566 Hac
1079 1517 1260 1564 autem
1291 1509 1343 1563 in
1372 1523 1431 1562 rc
1459 1522 1581 1564 cum
1608 1506 1726 1577 ejus
1751 1507 1918 1564 editio
1948 1509 2124 1579 ipsum
2145 1509 2386 1566 codicem
2412 1524 2520 1565 non
2547 1509 2771 1564 omnino
2799 1510 3064 1581 integrum
3095 1525 3197 1566 nec
3223 1509 3520 1568 identidem

241 1628 356 1669 cum
379 1609 695 1666 melioribus
720 1621 784 1662 ac
813 1592 1198 1660 sincerioribus
1224 1601 1544 1657 lectionibus
1575 1598 1900 1668 exhibuerit,
1929 1602 2056 1671 quid
2079 1601 2133 1656 in
2160 1602 2277 1672 ipso
2302 1600 2637 1657 restituendo
2655 1615 2719 1656 ac
2741 1601 3056 1656 illustrando
3079 1602 3516 1672 praestiterimus,

238 1727 303 1769 ex
324 1707 638 1780 praefatione
666 1703 840 1759 eidem
865 1700 1078 1771 praefixa
1097 1739 1112 1764 ,
1135 1706 1190 1753 et
1217 1697 1388 1752 multo
1415 1696 1587 1766 magis
1625 1711 1692 1751 cx
1723 1695 2160 1757 annotationibus
2187 1695 2287 1766 ipsi
2315 1694 2570 1765 subjectis
2595 1696 2774 1765 palam
2801 1694 2912 1751 lict.
2950 1695 3060 1750 Hac
3083 1697 3369 1752 occasione
3394 1711 3519 1752 cum

239 1802 292 1859 lu
322 1815 452 1856 mss.
484 1795 760 1852 codicibus
790 1802 842 1848 et
872 1789 1212 1846 documentis
1240 1788 1590 1844 vetustissimi
1608 1787 1746 1858 juris
1774 1789 2018 1844 canonici
2042 1788 2392 1845 laborandum
2423 1787 2614 1857 fuerit,
2645 1789 2802 1859 plura
2828 1788 3134 1844 deteximus
3161 1789 3354 1859 quibus
3383 1790 3523 1844 anti-

237 1911 401 1968 quum
425 1890 742 1948 canonicum
760 1887 850 1958 jus
879 1885 1131 1940 illustrari
1157 1891 1357 1953 posset.
1391 1883 1520 1939 llzcc
1557 1897 1685 1938 vero
1716 1883 1768 1938 in
1799 1884 2070 1955 publicum
2102 1883 2346 1953 proferre
2375 1882 2508 1937 utile
2543 1890 2600 1936 et
2629 1889 2841 1950 gratum
2865 1880 3100 1936 futurum
3133 1882 3521 1952 persensimus.

239 1990 375 2045 Hinc
397 1986 626 2056 priscam
649 1993 914 2035 canonum
947 1977 1240 2033 editionem
1265 1975 1510 2054 Latinam
1528 2015 1546 2043 ,
1571 1989 1690 2045 qua;
1715 1990 1836 2030 cum
1866 1974 1921 2030 in
1967 1989 2187 2043 perrara
2219 1971 2550 2028 Bibliotheca
2580 1972 2719 2040 juris
2743 1972 2985 2028 canonici
3009 2013 3026 2038 ,
3053 1971 3324 2028 Gullielmi
3353 1972 3525 2029 Voelli

235 2088 292 2134 et
322 2077 541 2135 Henrici
574 2073 784 2130 Justelli
809 2085 971 2142 opera
994 2109 1008 2136 ,
1032 2068 1314 2139 prodierit,
1335 2068 1426 2122 vix
1455 2069 1671 2139 cognita
1700 2075 1783 2123 est
1807 2108 1824 2134 ,
1853 2067 1919 2123 ad
1943 2066 2193 2123 codicum
2217 2065 2377 2121 ﬁdem
2408 2076 2690 2130 exactam,
2718 2067 2980 2134 integram
3012 2076 3069 2122 et
3096 2067 3527 2122 emendatiorem

237 2173 567 2230 addidimus.
602 2168 749 2224 Alias
786 2174 1048 2238 praeterea
1080 2164 1475 2220 vetustissimas
1505 2162 1819 2219 Graecorum
1864 2176 2129 2218 canonum
2161 2161 2439 2218 versiones
2482 2171 2638 2216 antea
2680 2160 2909 2216 ineditas
2949 2161 3211 2228 inserere,
3240 2171 3293 2217 et
3328 2162 3526 2222 selecta

236 2269 492 2340 quaedam
548 2263 751 2334 antiqui
795 2261 932 2332 juris
977 2258 1222 2315 canonici
1275 2257 1596 2315 documenta
1652 2258 1890 2314 nondum
1939 2257 2224 2329 impressa,
2272 2257 2356 2312 vel
2400 2271 2506 2312 non
2557 2256 2690 2312 satis
2730 2256 2966 2327 vulgata,
3016 2257 3284 2326 subjicere
3332 2259 3527 2314 consti-

238 2362 470 2418 luimus.

311 2454 455 2511 Cum
492 2466 653 2524 porro
683 2451 829 2506 hisce
868 2448 936 2505 de
963 2447 1142 2504 causis
1169 2447 1486 2518 quamplura
1520 2453 1852 2502 vetustarum
1896 2445 2301 2514 collectionum,
2347 2453 2460 2499 tum
2501 2442 2764 2499 editarum
2799 2451 2909 2498 tum
2950 2441 3297 2506 ineditarum.
3345 2460 3530 2501 manu-

237 2549 448 2618 scripta
479 2544 809 2616 exemplaria
838 2543 1198 2600 evolverinms
1224 2583 1240 2608 ,
1270 2557 1301 2597 e
1331 2541 1527 2612 quibus
1554 2543 1834 2613 antiquum
1857 2541 1946 2612 jus
1973 2541 2292 2596 canonicum
2321 2539 2558 2610 pendet,
2589 2546 2875 2594 tractatum
2900 2537 3289 2594 lucubrandum
3315 2548 3369 2594 et
3399 2557 3531 2611 pne.

245 2639 583 2698 mittendum
611 2638 920 2692 censuimus
947 2635 1016 2711 de
1035 2636 1292 2704 antiquis,
1322 2645 1433 2690 tum
1459 2636 1619 2692 editis
1661 2643 1774 2691 tum
1802 2635 2048 2704 ineditis,
2083 2634 2495 2690 collectionibus
2517 2643 2570 2688 et
2598 2632 2979 2689 collectoribus
3007 2648 3271 2690 canonum
3310 2637 3376 2690 ad
3403 2637 3532 2694 Gra.

241 2734 460 2788 tianum
488 2745 679 2801 usque.
709 2729 807 2784 Hic
831 2737 1011 2783 autem
1039 2735 1299 2784 tractatus
1330 2743 1490 2799 quam
1532 2728 1639 2786 late
1668 2737 1869 2800 pateat,
1903 2737 1958 2785 et
1981 2744 2140 2800 quam
2175 2729 2338 2784 multa
2378 2729 2650 2784 contineat
2678 2727 2744 2782 ad
2777 2741 3014 2783 canones
3047 2728 3419 2794 illustraudos,
3451 2729 3534 2784 vel

235 2819 620 2879 restituendos
641 2826 698 2875 et
723 2818 789 2874 ad
811 2827 966 2872 vetus
989 2817 1307 2872 canonicum
1330 2817 1420 2888 jus
1441 2820 1874 2887 cognoscendum
1894 2820 2069 2889 utilia,
2088 2835 2154 2875 ex
2177 2819 2296 2888 ipso
2321 2820 2556 2888 capitum
2581 2819 2782 2883 indice,
2806 2833 2964 2887 quem
2995 2835 3119 2874 mox
3141 2821 3533 2890 appendemus,

232 2911 378 2967 satis
402 2909 721 2981 perspicies.
768 2907 946 2980 (Hunc
981 2907 1201 2962 indicem
1238 2909 1306 2961 ad
1330 2908 1601 2963 voluminis
1631 2909 1824 2964 calcem
1854 2910 1918 2965 de
1947 2927 2086 2965 more
2123 2910 2438 2980 rejecimus.)
2469 2911 2546 2965 lta
2574 2910 2663 2966 hic
2692 2920 2870 2965 tomus
2894 2911 3097 2983 antiqui
3123 2912 3266 2983 juris
3292 2913 3532 2969 canonici

231 3003 412 3058 veluti
446 3016 646 3071 corpus
668 3008 782 3066 est,
813 3014 876 3055 ac
907 3015 970 3054 ex
1001 3000 1281 3069 praemisso
1305 3009 1532 3056 tractatu
1558 3003 1753 3058 vetusti
1775 3003 1951 3058 fontes
1980 3002 2218 3073 ejusdem
2237 3003 2376 3073 juris
2400 3003 2677 3073 patebunt.

307 3095 750 3151 Dissertationes
776 3095 986 3151 tandem
1013 3095 1286 3162 Quesnclli
1330 3097 1384 3151 in
1439 3098 1707 3154 laudatam
1754 3099 2125 3157 collectionem
2165 3116 2432 3157 canonum
2464 3103 2515 3157 in
2554 3104 2660 3158 line
2697 3103 2982 3170 addendaa,
3013 3112 3068 3160 et
3090 3107 3233 3161 notis
3261 3121 3326 3162 ac
3351 3106 3532 3162 obser-

229 3189 564 3245 vationibus
594 3188 660 3242 ad
685 3187 864 3241 crisim
898 3187 1210 3241 revocandae
1237 3187 1471 3243 fuerunt.
1512 3189 1637 3244 Haec
1661 3191 2053 3259 praemonuisse
2079 3191 2331 3247 sufﬁciat.

427 3442 553 3506 AD
593 3436 1283 3502 EMINENTISSIMUM
1327 3426 1868 3500 FORTUNATUM
1909 3439 2444 3501 TAMBURINUM
2489 3441 2553 3500 S.
2599 3442 2671 3500 R.
2719 3442 2793 3500 Ε.
2840 3434 3360 3506 CARDINALEM

1345 3576 2457 3710 PRAEFATIO.

294 3891 602 3958 Quantum
623 3885 690 3941 ad
725 3885 919 3942 veteris
941 3885 1171 3958 novique
1192 3885 1328 3955 juris
1352 3887 1596 3943 canonici
1627 3889 1908 3945 scientiam
1939 3893 2218 3947 conferant
2247 3893 2478 3962 antiqua;
2504 3907 2768 3949 canonum
2791 3895 3159 3966 colleCtiones,
3193 3913 3314 3970 quae
3347 3901 3399 3957 in
3423 3917 3540 3959 ma-

215 3981 550 4051 nuscriptis
576 3976 973 4046 exemplaribus
997 3977 1359 4044 continentur,
1395 3989 1589 4035 norunt
1618 3982 1925 4054 quicunque
1964 3982 2017 4038 in
2047 3983 2170 4054 jure
2194 3985 2456 4041 canonico
2481 3993 2604 4041 sunt
2627 3988 2871 4058 apprime
2897 3993 3118 4060 versati,
3147 4007 3211 4050 ac
3238 4004 3294 4051 tu
3315 4011 3542 4067 praser-

214 4078 319 4131 tim
352 4075 557 4138 noris,
587 4070 879 4127 cardinalis
915 4070 1338 4127 eminentissime
1366 4113 1378 4138 ,
1404 4074 1493 4143 qui
1538 4073 1678 4130 inter
1720 4089 1871 4131 sacra
1905 4077 2116 4143 studia,
2152 4077 2207 4132 in
2239 4078 2434 4148 quibus
2463 4081 2626 4134 vitam
2656 4088 2822 4136 totam
2853 4085 3084 4139 maxima
3106 4099 3224 4141 cum
3257 4087 3414 4145 laude
3435 4098 3541 4145 tra-

211 4167 465 4233 duxisti,
494 4165 634 4235 jure
671 4162 930 4218 canonico
961 4164 1300 4233 potissimum
1340 4163 1646 4221 delectaris.
1678 4165 1857 4222 Probe
1885 4167 2138 4224 nimirum
2175 4169 2434 4240 intelligis
2469 4171 2566 4226 bas
2613 4172 2961 4230 collectiones
2982 4175 3105 4233 illos
3127 4190 3248 4233 esse
3273 4178 3448 4236 fontes
3472 4196 3543 4239 ex

213 4259 429 4331 quibus
463 4261 695 4312 vetusta
737 4268 1002 4308 canonum
1031 4263 1084 4309 et
1126 4248 1516 4323 pontiliciartim
1559 4259 2004 4315 constitutionum
2038 4261 2362 4318 documenta
2395 4263 2728 4334 prodierunt.
2775 4267 3033 4339 intelligis
3074 4283 3330 4340 praeterea
3372 4275 3544 4342 pluris

209 4366 343 4408 esse
392 4345 803 4406 aestimandum
849 4345 975 4414 quid
1020 4345 1264 4412 diversa),
1309 4347 1432 4402 licet
1476 4363 1681 4418 paucm,
1723 4350 2072 4408 collectiones
2116 4353 2307 4421 ferant,
2358 4371 2516 4425 quam
2565 4357 2690 4427 quid
2737 4359 2966 4427 plurima
3006 4363 3165 4417 unius
3209 4365 3543 4423 collectionis

211 4445 557 4525 exempla.‘
581 4439 646 4497 Si
673 4439 793 4510 quis
820 4439 960 4494 enim
991 4448 1202 4494 centum
1229 4449 1357 4505 ,‘ex.
1383 4456 1489 4510 gr.,
1517 4441 1856 4514 Dionysianae
1884 4445 2220 4502 collectionis
2251 4456 2490 4503 vetustos
2526 4449 2743 4505 codices
2780 4451 3043 4518 reperiret
3070 4461 3126 4508 et
3153 4455 3466 4526 evolveret,
3495 4459 3543 4514 is

209 4540 370 4595 nulla
425 4537 549 4591 alia
617 4539 966 4588 monumenta
1007 4530 1261 4586 canonica
1310 4532 1744 4603 nancisceretur,
1786 4534 1888 4589 nisi
1929 4549 2049 4605 qua
2082 4536 2365 4608 Dionysius
2407 4537 2642 4608 recepit;
2670 4546 2725 4592 et
2754 4537 2807 4592 in
2842 4538 2926 4595 his
2947 4541 3077 4610 ipsis
3105 4541 3174 4615 (si
3195 4543 3542 4617 librariorum

206 4634 596 4704 excipiantur
631 4625 852 4694 menda)
882 4623 1075 4692 miram
1106 4625 1216 4680 lere
1243 4623 1529 4717 lectionum
1560 4627 1974 4684 consensionem
2001 4629 2412 4700 deprehendens
2437 4673 2452 4698 ,
2479 4629 2611 4686 nihil
2640 4632 2785 4688 aliud
2809 4634 3072 4704 disceret,
3102 4637 3203 4693 nisi
3232 4640 3312 4695 sic
3343 4641 3542 4717 Diony-

203 4729 353 4784 sium
384 4725 644 4803 legisse.
679 4717 780 4787 Qui
809 4726 983 4772 autem
1008 4717 1343 4772 diversarum
1383 4716 1760 4772 collectionum
1787 4720 2032 4789 exempla
2061 4721 2429 4788 consuluerit,
2459 4722 2563 4777 alia
2592 4731 2752 4793 atque
2774 4725 2877 4779 alia
2900 4725 3191 4783 identidem
3217 4716 3543 4791 documenta

202 4824 468 4892 inveniet
487 4832 515 4887 ;'
546 4833 624 4873 ac
653 4817 709 4870 in
738 4813 1073 4869 documentis
1100 4828 1216 4882 qua:
1256 4813 1501 4882 pluribus
1531 4814 1944 4872 collectionibus
1969 4819 2270 4872 communia
2308 4829 2432 4876 sunt
2459 4821 2703 4879 diversas
2729 4822 2987 4880 lectiones
3019 4835 3227 4895 nactus,
3252 4827 3543 4898 plurimum

198 4929 265 4972 se
285 4903 498 4987 juvari’
522 4910 769 4974 sentiet,
801 4915 915 4961 tum
937 4912 995 4960 ut
1015 4905 1179 4960 tutius
1200 4906 1452 4962 emendet
1479 4908 1886 4964 amanuensium
1908 4910 2231 4980 sphalmata,
2256 4919 2369 4967 tum
2397 4921 2456 4968 ut
2474 4927 2542 4970 ex
2563 4916 2813 4972 omnibus
2834 4919 3064 4986 optimas
3082 4918 3338 4978 lectiones
3361 4936 3542 4980 secer-
3623 4945 3633 4970 Δι

199 5021 302 5067 nat
331 5023 403 5064 ac
435 5003 752 5078 praeferat.
2101 5049 2108 5055 .
3555 5033 3563 5085 τ
3597 5028 3605 5054 ι

278 5100 426 5156 Du“?
462 5104 709 5152 “mum
738 5088 1084 5146 οοηθθίίοηθε
1111 5089 1238 5145 Olim
1266 5090 1611 5172 PPOdierunt,
1640 5091 2194 5167 Dionysio-Hadriana
2224 5105 2285 5153 et
2310 5098 2625 5156 lsidoriana.
2675 5098 2808 5155 Cum
2837 5116 2904 5158 ex
2943 5101 3045 5158 hac
3072 5112 3368 5174 postrema,
3395 5122 3538 5178 quae,
3600 5094 3625 5176 ’ί

201 5202 419 5264 praeter
463 5188 670 5245 multa
699 5184 909 5252 spuria,
937 5183 987 5237 in
1019 5181 1150 5252 ipsis
1189 5183 1417 5238 sinceris
1443 5183 1777 5242 documentis
1808 5203 1912 5244 non
1943 5204 2140 5259 paucas
2159 5233 2176 5259 ,
2207 5199 2267 5246 ut
2297 5206 2393 5247 suo
2435 5193 2554 5250 loco
2580 5193 2821 5250 dicemus
2844 5237 2861 5264 ,
2890 5195 3174 5254 liberiores
3202 5198 3456 5256 lectiones
3484 5209 3541 5256 et

198 5281 558 5339 arbitrarias
588 5270 1010 5331 emendationes
1036 5282 1332 5341 receperat,
1351 5273 1609 5346 pleraque
1634 5277 1852 5346 antiqua
1881 5292 2144 5335 canonum
2172 5297 2234 5336 ac
2263 5281 2610 5338 decretalium
2639 5284 2960 5342 documenta
2987 5303 3018 5343 a
3048 5289 3273 5346 Merlino
3304 5289 3538 5358 primum

195 5378 350 5432 edita
388 5371 655 5436 fuerint,
675 5380 741 5421 ea
767 5364 991 5420 subinde
1015 5365 1068 5420 in
1093 5363 1356 5420 editiones
1377 5369 1725 5424 conciliorum
1751 5371 2094 5440 transierunt,
2128 5387 2190 5426 ac
2218 5373 2441 5441 proinde
2461 5374 2722 5433 lectiones
2750 5379 3062 5435 eorumdem
3089 5379 3538 5438 documentorum

199 5471 396 5527 minus
427 5470 685 5524 exactae
704 5459 864 5513 latius
885 5457 1182 5513 obtinuere.
1206 5457 1352 5513 Juvit
1380 5474 1482 5513 non
1512 5461 1782 5515 modicum
1812 5463 1974 5516 editio
1995 5463 2327 5520 collectionis
2351 5466 2944 5538 Dionysio-Hadriana),
2969 5486 3088 5541 qua:
3116 5478 3234 5539 post
3251 5470 3539 5534 Merliuum

199 5562 494 5630 impressa
531 5551 682 5610 fuit.
718 5548 788 5602 At
820 5555 1171 5616 praeterquam
1202 5547 1346 5619 quod
1387 5547 1500 5605 haec
1529 5549 1694 5607 editio
1720 5565 1909 5621 purum
1939 5551 2251 5623 Dionysium
2276 5569 2383 5609 non
2417 5556 2667 5623 exhibet,
2699 5561 3084 5630 permagnique
3111 5559 3336 5615 interest
3364 5563 3561 5635 scire,-

193 5651 332 5724 quid
375 5639 737 5718 vulgaverit
776 5637 1350 5710 Dionysius,quidque
1385 5640 1636 5712 Dionysio
1665 5645 2068 5716 superadditum
2100 5645 2300 5712 fuerit,
2327 5647 2445 5702 aliae
2469 5650 2648 5718 plures
2685 5651 3032 5707 collectiones
3071 5653 3125 5707 in
3155 5656 3534 5727 manuscriptis

193 5740 512 5808 codicibus
543 5737 811 5795 exstant,
835 5729 1063 5884 quis);
1091 5731 1204 5800 ipso
1229 5732 1485 5801 Dionysio
1510 5736 1837 5806 antiquiores
1865 5746 2010 5802 sunt,
2034 5738 2118 5793 vel
2147 5737 2302 5794 aliam
2326 5750 2472 5796 certe
2499 5756 2528 5795 a
2556 5743 2810 5812 Dionysio
2835 5741 3096 5812 originem
3126 5744 3340 5803 habent.
3366 5747 3537 5810 Unam

579 5828 880 5883 Ρατιοῐ..
1004 5879 1006 5882 ,
1089 5865 1104 5882 .
3004 5835 3027 5882 ⁴

579 5828 880 5883 Pauor“
929 5828 1104 5883 LVI.
3004 5835 3027 5882 ⁴

1707 3791 2036 3810 —
