4014 6346
440 380 525 442 τι
705 393 708 396 ’
1054 404 1058 408 '
1390 382 1477 438 AD
1515 379 1741 436 OPERA
1779 378 1840 436 S.
1884 378 2127 436 LEONIS
2165 377 2378 434 MAGNI
2418 376 2786 435 APPENDIX.

455 498 828 567 antiquitatem
871 495 1253 554 excludendum
1297 495 1538 562 confert,
1582 511 1741 564 quam
1787 496 2034 565 superius
2062 494 2115 556 Α

456 570 856 629 demonstrasse
899 570 1052 623 nobis
1078 569 1640 638 videmur,quamque
1676 567 1795 621 alite
1835 567 2038 622 similes

456 641 797 696 difﬁcultates
839 655 944 694 non
996 639 1232 694 adimunt
1273 637 1401 693 aliis
1437 638 1722 707 catalogis,
1779 639 1860 692 vel
1906 637 2037 692 sub—

455 710 839 776 scriptionibus
867 710 1197 766 Sardiceusis
1228 719 1319 764 aut
1358 708 1918 778 pseudo-Sardicensis
1947 723 2037 780 sy-

456 783 602 844 nodi,
627 797 745 850 qua:
766 782 903 851 apud
933 782 990 838 S.
1016 782 1268 851 Hilarium
1304 782 1572 850 leguntur.

531 853 617 906 12.
693 850 954 918 Quoniam
1018 867 1144 908 vero
1215 850 1566 908 Orientalium
1638 850 2035 920 provinciarum

458 923 868 994 dispositionem
904 939 1021 991 quas
1069 931 1284 977 notatur
1326 922 1390 994 in
1433 922 1769 994 Nicrenorum
1817 923 2034 977 Patrum

459 993 707 1063 catalogo
739 995 838 1049 hoc
865 995 1198 1064 paragrapho
1212 993 1623 1060 vindicavimus,
1656 994 1812 1048 liceat
1832 1009 1894 1049 ev
1914 1009 2040 1048 con-

461 1066 665 1120 stitutis
708 1066 856 1134 quasi
908 1065 1251 1120 corollarium
1300 1065 1552 1134 adjicere,
1582 1080 1688 1135 quo
1720 1065 2038 1120 Laodiceme

461 1137 650 1216 synodi
694 1147 918 1216 tempus
950 1151 1140 1216 magna
1192 1135 1331 1205 apud
1377 1136 1618 1190 eruditos
1665 1138 2038 1216 controversia

462 1207 741 1278 quaesitum
789 1207 1025 1264 certiori
1067 1222 1224 1277 quam
1273 1215 1428 1278 antea
1468 1218 1783 1278 argumento
1832 1207 2038 1278 consti-

461 1276 659 1336 tuatur.
686 1279 812 1334 Htec
839 1276 1246 1350 synodus’apud
1278 1277 1574 1350 Laodiciam
1601 1276 1842 1350 Phrygia:
1872 1277 2040 1350 Paca-

462 1351 614 1404 tiance
636 1351 835 1418 habita,
870 1348 980 1404 tum
1004 1350 1055 1404 in
1078 1349 1282 1413 Grzeco,
1319 1348 1428 1418 tum
1455 1351 1505 1403 in
1531 1348 1782 1406 omnibus
1809 1348 2041 1418 antiquis

467 1417 1000 1490 interpretationibus
1050 1421 1296 1474 traditur.
1347 1417 1479 1474 Cum
1535 1435 1664 1474 vero
1719 1424 1770 1476 in
1803 1421 2038 1488 disposi-

462 1491 611 1547 tione
639 1493 782 1548 civili
813 1507 933 1561 qua:
959 1491 1296 1545 Sardicensis
1333 1490 1523 1560 synodi
1554 1499 1799 1557 tempore
1827 1491 2043 1559 vigebat

461 1563 615 1634 unica
659 1571 862 1634 tantum
912 1562 1139 1634 Phrygia
1172 1563 1498 1628 nominetur,
1531 1570 1589 1615 ut
1631 1572 1787 1619 antea
1845 1564 2038 1634 proba-

462 1633 662 1696 vimus,
694 1632 940 1703 Phrygia:
995 1632 1292 1687 Pacatianze
1323 1648 1530 1687 nomen.
1561 1635 1703 1702 quod
1747 1643 1867 1700 post
1894 1633 2040 1702 ejus-

464 1703 587 1758 dem
618 1702 862 1774 Phrygite
879 1704 1201 1759 divisionem
1227 1706 1275 1757 in
1296 1703 1449 1771 duas,
1477 1704 1529 1758 id
1557 1713 1638 1758 est
1665 1706 1716 1759 in
1740 1702 2041 1761 Salutarem

463 1783 520 1828 et
545 1774 906 1838 Pacalianam,
937 1774 1210 1830 inductum
1245 1775 1360 1842 fuit,
1394 1785 1512 1841 post
1556 1778 1876 1832 Sardicense
1903 1790 2039 1830 con-

465 1845 643 1930 cilium
667 1847 1009 1930 astruendum
1034 1855 1135 1930 est.
1161 1845 1628 1930 Dcrperaniigitnr
1653 1849 1868 1930 quidam
1901 1847 2042 1930 Lao-
2072 1868 2122 1930 Β

465 1915 708 1988 dicebam
737 1917 1000 1988 synodum
1049 1917 1363 1988 Sardicensi
1395 1915 1725 1973 anteriorem
1772 1927 2040 1988 putarunt.

465 1984 599 2058 Cum
630 1984 791 2058 porro
819 1989 870 2041 in
901 1989 1102 2042 Graecis
1151 1987 1581 2055 exemplaribus,
1634 2003 1695 2042 ac
1755 1984 1804 2043 iu
1838 1992 2050 2045 versio-

465 2057 643 2112 nibus’
671 2057 961 2112 lsidoriaua
993 2069 1048 2114 et
1103 2060 1447 2129 Dionysmna,
1481 2058 1768 2115 Laodiceni
1813 2075 2051 2116 canones

466 2129 1267 2204 ante__ConstantinOpolitanos
1320 2129 1734 2204 describantur,
1785 2132 2048 2204 synodum

465 2197 821 2273 Laodicenam
870 2201 1008 2273 inter
1035 2200 1358 2257 Sardicense
1395 2212 1469 2273 et,
1495 2197 2050 2273 Constantinopolita-

471 2286 596 2324 num
626 2272 877 2339 concilia,
913 2272 962 2326 id
1003 2281 1088 2327 est
1119 2274 1259 2327 inter
1287 2287 1375 2326 an.
1411 2272 1512 2327 547
1542 2288 1604 2326 ac
1647 2273 1770 2337 381,
1803 2272 1887 2328 cui
1917 2283 2054 2328 tem-

466 2343 582 2411 pori
606 2344 838 2398 maxime
859 2343 1134 2410 convenit,
1161 2344 1488 2399 celebratam
1517 2344 1763 2399 dubitare
1782 2358 1886 2399 non
1905 2345 2049 2400 licet.

469 2455 627 2528 [xxn]
656 2456 682 2527 §
718 2459 771 2512 2.
798 2456 1033 2527 Catalogi
1062 2455 1281 2509 Patrum
1321 2457 1709 2528 Ancyranorum
1738 2476 1798 2513 ac
1840 2459 2054 2515 Neocae-

538 2530 861 2600 sariensium,
891 2529 998 2600 qui,
1030 2543 1143 2580 cunt
1176 2528 1437 2600 ciuitatum
1471 2546 1534 2582 ac
1559 2531 1930 2600 prouinciarum
1962 2549 2052 2586 no-

539 2597 761 2651 minibus
783 2600 834 2651 in
853 2597 1073 2666 vulgatis
1100 2597 1435 2652 conciliorum
1461 2597 1777 2664 exhibentur,
1816 2619 1848 2655 a
1872 2600 2052 2658 (ἔπει-ο

540 2684 793 2722 canonum
821 2670 995 2724 codice
1023 2668 1179 2724 alieni
1198 2678 1248 2723 et
1275 2672 1586 2740 supposititii
1615 2673 2048 2728 demonstrantur.

540 2759 630 2814 15.
661 2759 1046 2829 Episcoporum
1076 2761 1414 2816 Nicanorum
1445 2763 1744 2832 catalogum
1773 2778 1892 2818 cum
1923 2767 2056 2831 civi-A

470 2837 636 2902 tatutn
659 2845 723 2884 ac
755 2832 1151 2898 provinciarum
1195 2833 1504 2886 nominibus
1546 2834 1810 2902 digestum
1851 2835 2052 2890 idcirco

468 2898 1018 2972 vindicavimus,quia
1039 2912 1094 2957 et
1122 2905 1173 2956 in
1202 2903 1390 2959 Grzeco
1414 2912 1562 2959 textu
1593 2898 1627 2958 av
1651 2907 1822 2973 primo
1850 2906 2051 2962 codicis

469 2981 690 3046 auctore
735 2973 970 3046 insertus
1014 2975 1110 3028 fuit
1145 2991 1209 3030 ex
1255 2975 1540 3045 antiquiori
1582 2975 1762 3046 aliquo
1799 2979 2046 3043 exemplo

470 3042 571 3118 sub
597 3051 804 3118 tempus
823 3045 1063 3114 ejusdem
1093 3045 1282 3118 synodi
1316 3042 1556 3111 exarata,
1585 3056 1640 3102 et
1667 3042 1788 3102 cum
1816 3042 2050 3118 ἀίει)όεὶ-

470 3113 617 3169 tione
648 3113 1047 3183 provinCiarum
1081 3113 1321 3186 ejusdem
1370 3119 1625 3181 temporis
1647 3113 2048 3176 concinithlia

469 3195 599 3260 vero
624 3193 708 3240 est
758 3187 895 3240 ratio
924 3188 990 3243 de
1021 3190 1397 3258 episcoporum
1444 3189 1725 3260 catalogis,
1777 3191 1864 3260 qui
1923 3206 2045 3246 cum

2761 491 2991 550 CAPUT
3025 493 3111 551 IV.

2141 609 2219 664 De
2248 609 2592 664 natationibus
2612 609 2886 682 chronicis,
2913 609 3096 676 quibus
3129 609 3388 682 Ancyrani
3417 621 3464 666 et
3511 612 3754 670 Neocae-

2212 683 2464 753 sarienses
2496 697 2715 734 canones
2743 681 2984 734 dicuntur
3013 680 3296 753 anteriores
3326 685 3520 753 synodo
3551 684 3753 742 Nicas-

2211 770 2299 818 na,
2331 751 2654 826 Gangrenses
2678 767 2797 826 uero
2840 752 3186 826 posteriores;
3220 762 3266 806 et
3295 751 3502 810 tle—vera
3531 760 3753 826 epocha

2212 821 2466 898 canonuni
2496 821 2948 890 Antiochenorunt,
2978 837 3039 875 ac
3066 823 3130 876 de
3167 826 3366 894 synodo
3395 829 3446 880 in
3472 821 3578 898 qua
3607 845 3747 883 can-

2211 896 2308 949 diti
2333 896 2562 965 fuerunt.

2141 1004 2169 1078 ς
2200 1007 2249 1060 1.
2273 1005 2573 1078 Notationes
2605 1005 2858 1078 chronica:
2882 1007 2933 1061 in
2970 1006 3354 1062 collectionibus
3383 1011 3614 1078 prce/im:
3641 1029 3749 1067 ca-

2215 1078 2428 1153 nonibus
2452 1077 2763 1153 Ancyranis_._
2783 1077 3278 1153 Neoca'sariensibus
3295 1077 3447 1153 atque
3463 1081 3718 1153 Gangren
3731 1111 3752 1123 ο

2213 1147 2368 1211 sibus,
2399 1165 2431 1224 ᾳ
2464 1149 2704 1224 prinm'ro
2720 1147 3085 1224 Grtccocodice
3098 1147 3751 1224 dimanant.Expurigitur

2212 1220 2458 1273 sententia
2493 1235 2594 1287 qua
2622 1218 2933 1289 Gangrensis
2983 1221 3208 1290 synodus
3244 1222 3461 1276 Nicena
3486 1218 3750 1278 amarior

2219 1291 2458 1356 traditur,
2499 1293 2709 1362 ejusque
2733 1299 2932 1360 tempus
2960 1293 3302 1346 constituitur.
3340 1292 3482 1347 Num
3507 1297 3748 1350 anterio-

2214 1377 2330 1485 κεῖθι
2359 1363 2669 1430 synodorum
2694 1377 2915 1416 canones
2937 1362 3053 1416 lecti
3073 1372 3121 1417 et
3150 1363 3440 1433 conﬁrmati
3465 1367 3656 1436 fuerint
3685 1368 3748 1422 in

2275 1447 2455 1485 trama.
3242 1453 3262 1458 ‘

2275 1447 2455 1486 trama.
3242 1453 3262 1458 “

2219 1545 2270 1599 1.
2303 1543 2586 1623 Chronica}
2615 1547 3057 1623 notationesguse
3077 1550 3379 1623 canonibus
3406 1550 3744 1623 Ancyranis,

2143 1613 2667 1695 Neocaesariensibus
2705 1627 2867 1690 atque
2909 1613 3314 1695 Gangrensibus
3361 1613 3743 1695 pratiguntur,

2144 1686 2598 1762 apudnnonnullos
2630 1690 2681 1762 in
2720 1686 3083 1762 suspicionem
3113 1686 3378 1748 venerunt
3403 1686 3745 1762 (ian'grensis

2145 1757 2358 1835 concilii
2407 1774 2588 1815 causa.
2623 1761 2752 1835 _Etsi
2804 1757 2949 1835 enim
3005 1759 3331 1834 Gangrenses
3375 1757 3570 1835 regula:
3620 1778 3746 1834 post

2150 1827 2422 1900 Njcwnam
2467 1831 2722 1900 synodum
2747 1834 2993 1900 exposita:
3047 1835 3099 1890 in
3125 1827 3417 1890 vnotatione
3431 1827 3746 1893 'tradantur

2155 1898 2400 1970 (Prtefat.
2425 1912 2462 1956 ι.
2495 1898 2514 1956 ἰ
2543 1901 2709 1972 Epist.
2741 1898 2897 1960 Rom.
2928 1906 3139 1972 pontiﬁ,
3168 1923 3222 1960 n.
3249 1906 3364 1972 61),
3390 1907 3526 1961 hanc
3555 1917 3743 1964 tamen

2155 1975 2484 2027 notationem
2523 1972 2593 2043 Ρ.
2641 1972 2992 2032 Constantius
3036 1975 3459 2043 posthabendam
3501 1981 3745 2034 credidit

2155 2044 2366 2096 cuidam
2398 2042 2816 2111 prmfatiuticulte
2851 2061 2944 2102 seu
2977 2042 3368 2103 interlocutioni
3391 2047 3504 2104 Osii
3534 2051 3744 2106 descri-

2156 2122 2260 2182 ptae
2291 2115 2342 2168 in
2374 2114 2742 2191 vetustissimo
2767 2131 2872 2191 ins.
2899 2116 3368 2191 Corbeiensicirca
3400 2119 3577 2191 Vigilii
3609 2132 3742 2178 tem-

2154 2199 2254 2254 pus
2280 2195 2521 2260 exorato,
2557 2186 2608 2241 in
2631 2187 2938 2260 qualum]
2966 2187 3125 2260 iidem
3153 2204 3390 2245 canones
3419 2186 3528 2245 non
3557 2196 3741 2248 minus

2153 2269 2312 2336 quam
2343 2257 2609 2336 Ancyrani
2639 2268 2694 2336 et_
2712 2257 3256 2336 Neocaesariensesin
3288 2261 3499 2336 Nicaeus
3531 2264 3740 2336 synodo

2155 2326 2276 2399 lecti
2303 2336 2358 2382 et
2399 2326 2719 2395 conﬁrmati,
2767 2343 2830 2384 ac
2881 2331 3106 2399 proinde
3152 2331 3386 2387 Nicmnis
3429 2326 3738 2390 autei-iores

2154 2397 2425 2470 dicuntur.
2459 2399 2534 2453 lbi
2564 2399 2708 2454 enim
2732 2409 2853 2470 post
2883 2397 3122 2469 titulum,
3173 2401 3438 2469 Incipiunt
3482 2407 3738 2460 constitu-

2154 2469 2316 2542 tiones
2336 2485 2588 2542 canonuin
2612 2469 3085 2542 Anquiritanorum,
3121 2473 3235 2530 haec
3258 2473 3367 2529 Osii
3397 2476 3739 2532 interlocutio

2153 2539 2514 2596 describitur:
2543 2539 2714 2598 Osius'
2741 2545 3009 2612 episcopus
3057 2545 3188 2600 dixit
3224 2561 3241 2599 :
3274 2546 3529 2611 Quoniam
3576 2549 3739 2602 multa

2154 2613 2496 2686 prwtermissa
2538 2612 2700 2686 (forte
2742 2614 3029 2685 prwmissa)
3070 2625 3209 2676 sunt,
3236 2632 3348 2686 qua:
3375 2617 3445 2669 ad
3475 2619 3632 2672 robur
3655 2635 3738 2671 ec-

2153 2682 2491 2760 clesiasticum
2514 2682 2784 2760 pertinent,
2826 2689 3086 2760 qutejam
3114 2682 3275 2760 ρήοᾷ
3311 2690 3509 2758 synodo
3543 2689 3739 2760 Anqui-

2152 2754 2342 2820 ritana,
2367 2753 2685 2821 Ctzsariensi,
2698 2753 2996 2829 Graniensit
3005 2753 3212 2814 boc'est
3224 2753 3530 2829 Ganbrensi)
3544 2753 3736 2815 consti-

2153 2831 2264 2900 tuta
2283 2834 2420 2890 sunt,
2436 2835 2485 2879 et
2499 2841 2632 2900 nunc
2647 2842 2754 2894 pra:
2774 2828 3007 2900 manibus
3023 2829 3294 2894 habentur,
3310 2828 3576 2900 prtecipiat
3587 2834 3738 2885 beati-

2154 2897 2274 2971 tudo
2293 2907 2480 2961 vestra,
2499 2905 2556 2971 ut
2570 2899 2784 2952 lectione
2801 2899 3116 2968 pandantur,
3136 2918 3235 2971 quo
3257 2897 3432 2956 omnes
3447 2897 3564 2956 acta
3585 2905 3738 2957 modo

2152 2966 2476 3042 innotescunt
2504 2966 2911 3042 (seu_noscant),
2939 2987 3053 3041 qua:
3075 2988 3107 3024 ιι
3129 2966 3386 3042 prioribus
3412 2975 3600 3027 nostris
3619 2983 3736 3028 acta

2108 3033 2268 3090 'sunt
2287 3033 2582 3113 recitantur.
2601 3038 2669 3113 Et
2681 3033 2891 3113 recitata
2914 3033 3054 3096 sunt.
3085 3033 3630 3113 subjiciuntursutem
3643 3059 3734 3099 ca-

2153 3123 2323 3184 nones
2341 3110 2694 3184 Anquiritani,
2710 3110 3093 3184 Caesarienses,
3122 3110 3282 3184 atque
3296 3115 3650 3183 Gangreuses,
3665 3130 3729 3170 ac

2153 3179 2370 3235 tandem
2395 3180 2596 3236 Νη)ωηί
2627 3199 2640 3234 :
2679 3183 2820 3252 quod
2877 3183 3115 3239 indicare
3143 3179 3294 3252 ptitat
3321 3179 3464 3241 idem
3497 3185 3554 3240 P.
3588 3185 3731 3242 Cou-

470 3253 685 3328 urbium
737 3272 798 3312 ac
845 3241 1235 3324 provinciarum
1297 3241 1600 3314 nominibus
1620 3241 2049 3328 c’pio'stTer—inutilis
2077 3241 2125 3306 (ἶ
2155 3255 2386 3305 διθηιίυε
2411 3241 2741 3328 “inmissam
2776 3241 3242 3328 ίηίετιοουῑὲοῐίθῐη
3268 3256 3402 3319 οδίίο
3439 3257 3561 3312 Ιίθεῑ
3578 3257 3735 3312 mulo

469 3327 789 3402 Ani'yranos
827 3338 882 3385 et
916 3329 1388 3402 Neoegesarienses
1420 3331 1472 3384 in
1522 3327 1752 3402 vulgatis
1799 3335 2055 3386 concilio-

469 3408 602 3470 rum
621 3399 968 3470 proferuntur
1017 3400 1188 3470 (Tom.
1241 3402 1258 3456 1
1314 3400 1442 3455 Ven.
1486 3399 1646 3465 editf,
1697 3405 1797 3457 col.
1842 3403 1982 3459 1505
2005 3414 2055 3460 et

474 3464 658 3544 1518).
692 3469 796 3544 llos
824 3475 966 3544 enim
985 3464 1141 3544 nihili
1170 3472 1444 3528 faciendos
1466 3464 1761 3541 credimus,
1792 3485 1902 3528 ttnn
1929 3479 2052 3544 quia

470 3552 570 3593 nec
601 3541 651 3594 in
696 3543 934 3611 originali
967 3543 1155 3598 Grtcco
1195 3544 1382 3598 codice
1422 3545 1808 3609 inveniuntur,
1853 3541 1956 3600 nec
1999 3550 2048 3600 in

469 3611 800 3667 versionibus
820 3615 1077 3682 antitjuis,
1107 3623 1220 3667 tum
1249 3617 1370 3683 quia
1409 3613 1811 3680 dispositionem
1843 3617 2053 3670 civilem

474 3683 868 3754 provinciarum
900 3699 1020 3750 quae
1060 3684 1317 3752 cujusque
1344 3685 1534 3754 synodi
1567 3695 1810 3751 tempore
1847 3687 2056 3740 obtine-

470 3749 566 3824 bat
585 3768 917 3824 nequaquam
941 3749 1201 3808 referunt.
1229 3754 1304 3806 Ex
1335 3749 1503 3808 tribus
1524 3749 1759 3823 antiquis
1795 3758 2056 3824 interpre-

472 3822 766 3896 tationibus
795 3825 997 3877 Latinis
1029 3825 1146 3877 duze
1189 3834 1419 3886 tantum.
1465 3822 1753 3880 lsidoriaua
1781 3838 1830 3881 et
1858 3822 2052 3896 prisca,

473 3889 527 3944 in
549 3895 846 3948 canonibus
877 3895 1173 3965 Ancyranis
1219 3897 1330 3949 sola
1381 3896 1755 3964 episcoiorum
1783 3908 1834 3952 et
1859 3889 2051 3954 civile-1

475 3969 586 4015 tum
608 3966 822 4018 nomina
844 3967 909 4019 ad
944 3981 1043 4019 nos
1064 3968 1431 4030 transmisere,
1457 3967 1506 4019 in
1532 3967 2054 4025 Neocmsariemibus

473 4045 777 4110 vero_mera
801 4051 1175 4104 episcoporum
1222 4038 1460 4091 nomina.
1487 4037 1776 4110 Dionysius
1807 4041 1857 4094 iu
1891 4044 2052 4094 utris-

473 4105 723 4179 quehzrc
755 4107 864 4174 ipsa
905 4110 1121 4179 nomina
1171 4109 1545 4179 episcoporum
1592 4105 1832 4179 ignorat,
1887 4121 1944 4166 ut
1982 4127 2050 4168 ex

475 4173 683 4250 duobus
711 4173 864 4241 mss.,
899 4178 1157 4232 Vaticano
1188 4178 1328 4234 5845
1353 4173 1404 4234 et
1437 4179 1556 4234 Vat.
1583 4173 1752 4234 l’valat.
1797 4173 1920 4246 577,
1957 4199 2054 4250 pu-

475 4259 595 4298 rum
636 4247 945 4319 Dionysium
985 4250 1382 4305 continentibus
1422 4251 1724 4306 didicimus.
1772 4247 2052 4309 Hadria—me

474 4325 651 4392 autem
710 4323 1043 4375 collectionis
1092 4320 1444 4389 exemplaria,
1501 4338 1619 4392 qua:
1675 4325 2050 4392 Dionysianam

475 4390 772 4446 versionem
825 4393 1139 4448 eorumdem
1193 4407 1458 4448 canonum
1520 4390 1870 4460 receperunt,
1929 4397 2053 4452 huic

474 4461 708 4537 versioni
735 4463 1105 4537 episcoporum
1145 4473 1201 4519 et
1246 4463 1516 4519 civitatum
1550 4466 1766 4520 nomina
1792 4466 1842 4537 in
1873 4470 2050 4537 Ancy-

476 4530 655 4605 ranis._
682 4530 793 4587 sola
835 4530 962 4589 vero
999 4539 1214 4589 nomina
1259 4538 1632 4605 episcoliorum
1673 4539 1722 4591 in
1773 4530 2054 4592 Neoczesa-

475 4601 741 4683 riensibus
772 4605 1026 4683 addidere
1054 4622 1124 4660 ex
1157 4606 1258 4659 alia
1305 4601 1764 4683 interpretatione,
1800 4622 1922 4675 quze
1951 4623 2052 4683 nec
2079 4621 2134 4683 ι)

476 4677 593 4725 cum
622 4671 950 4742 lsidorianm,
987 4693 1084 4732 nec
1113 4693 1234 4731 cum
1266 4671 1460 4743 priscre'
1499 4680 1686 4734 ordine
1731 4671 2049 4744 concordat,

476 4751 534 4795 ut
561 4744 742 4799 videre
776 4760 858 4802 ρει
890 4757 1019 4801 tom.
1067 4749 1082 4802 l
1112 4748 1472 4802 Conciliorum
1517 4751 1728 4806 Veneta:
1757 4753 1912 4811 edit.,
1945 4751 2052 4806 col.

477 4813 638 4878 1499,
672 4825 782 4873 not.
818 4821 870 4883 1,
899 4828 956 4891 et
1002 4819 1162 4884 1515,
1212 4828 1322 4872 not.
1378 4823 1427 4883 1,
1458 4821 1547 4876 ubi
1581 4821 1661 4874 ha:
1699 4822 1818 4876 duae
1844 4823 2055 4891 episco-

476 4897 665 4962 porum
697 4891 865 4962 series
894 4890 1146 4962 Dionysio
1189 4905 1465 4958 perperam
1521 4894 1846 4948 tribuuntur.
1889 4893 2054 4962 Igitur

475 4957 1226 5036 provinciarumde_-ignatio,
1253 4965 1455 5036 quzein
1476 4964 1714 5036 vulgatis
1746 4957 1937 5018 horum
1966 4981 2054 5036 sy-

476 5028 737 5102 nodorum
761 5032 1016 5100 catalogis
1036 5028 1048 5030 ⁷
1069 5028 1285 5102 Ιρεὶῑιιιδ
1311 5035 1416 5087 col.
1467 5028 1606 5089 1505
1632 5034 1687 5098 d,
1736 5044 1792 5089 et
1836 5037 1970 5090 1518
1994 5028 2052 5102 'c,

476 5099 620 5175 nulla
651 5113 829 5156 autem
882 5099 1141 5157 versione
1173 5104 1390 5172 antiqua
1445 5115 1534 5158 aut
1574 5106 1819 5175 originali
1866 5099 2056 5161 (ἐι-πρὸ

477 5170 713 5233 fulcitur.
747 5175 1028 5239 posteriori
1057 5170 1419 5229 additamento
1450 5170 1730 5231 referenda
1751 5188 1851 5232 est.

547 5243 635 5300 14.
667 5245 831 5299 Multo
859 5253 1036 5299 autem
1082 5245 1383 5300 evidentius
1430 5247 1777 5313 posteiiorem
1809 5251 2057 5318 suppa-i-

479 5314 674 5370 tionem
707 5318 1079 5373 demoustraut
1101 5319 1212 5386 ipsa
1241 5318 1632 5384 provinciarum
1664 5314 1892 5374 numina:
1915 5314 2056 5377 'Hmc

478 5399 584 5464 non
614 5405 729 5443 eam
763 5389 1138 5464 dipositionem
1185 5389 1492 5464 caprimunt
1533 5405 1649 5464 qum
1679 5405 1861 5445 eorum
1891 5408 2058 5464 syno-

478 5455 668 5530 dorum
713 5455 938 5530 tempori
981 5458 1328 5530 congruebat,
1376 5460 1470 5514 sed
1515 5455 1673 5514 aliam
1715 5476 1832 5528 quae
1872 5455 2055 5530 pristea

479 5529 690 5605 inducta
744 5529 860 5585 fuit.
924 5531 1039 5585 Non
1069 5531 1240 5605 solum
1277 5530 1422 5605 enim
1471 5533 1772 5605 nominatur
1828 5529 2055 5605 Phrygia

480 5599 779 5664 Pacatiana,
813 5618 971 5671 quam
1004 5612 1123 5670 post
1161 5602 1538 5674 Sardicensem
1588 5604 1854 5674 synodum
1901 5599 2056 5658 iusti-

479 5679 644 5724 tutam
677 5674 1048 5739 probavimus;
1081 5674 1173 5729 sed
1208 5673 1564 5742 praeferuntur
1601 5675 1761 5728 etiam
1807 5674 2007 5730 Cilicia:
2038 5691 2055 5730 ι

456 5752 531 5811 ,οι
559 5743 832 5815 tt,Ga|atia
867 5759 903 5808 ι,
932 5744 1264 5810 Cappadocia
1289 5760 1329 5811 ι,
1363 5761 1482 5815 qum
1512 5746 1678 5799 multo
1707 5755 1826 5814 post
1870 5747 2056 5801 divisae

477 5815 707 5870 fuerunt.
739 5814 880 5887 Nihil
917 5815 1234 5887 luculentius
1291 5816 1356 5870 ad
1383 5814 1658 5887 posterius
1691 5827 2053 5875 commentum

476 5887 821 5946 astrucntlum
853 5885 1145 5943 desiderari
1173 5895 1371 5957 potest.

2158 3337 2425 3378 canonum
2467 3325 2939 3393 Anquiritanorum
2997 3326 3314 3395 subjectum,
3346 3328 3414 3382 ad
3463 3328 3736 3384 Nicmnam

2157 3395 2419 3465 synodum
2452 3397 2742 3464 pertinere,
2770 3396 2922 3464 cujus
2951 3397 3137 3452 Patres
3167 3409 3460 3453 memorata
3496 3403 3737 3455 anterio-

2159 3480 2273 3519 rnm
2301 3467 2629 3536 synodorum
2647 3467 2860 3539 decreta
2877 3467 3040 3536 relegi
3057 3471 3428 3525 etconllrmari
3448 3471 3531 3524 vol
3540 3474 3735 3539 uerint,

2158 3549 2444 3612 antequam
2496 3538 2775 3612 suos_ipsi
2819 3553 3053 3594 canones
3083 3541 3400 3612 conderent.
3456 3541 3585 3596 Haec
3610 3538 3739 3612 ergo

2158 3609 2445 3682 sententia,
2479 3623 2598 3682 qua:
2627 3609 2994 3682 Gangrensem
3033 3611 3295 3682 synodum
3327 3612 3539 3667 Nicana
3587 3609 3740 3668 ante-

2158 3678 2762 3754 riorem‘aswuit',huic
2801 3681 2890 3754 uni
2939 3678 3332 3754 interlocutioni
3363 3685 3475 3737 Osii
3526 3684 3735 3754 nititur,

2158 3750 2430 3824 quam‘ille
2448 3765 2512 3804 ex
2544 3752 2702 3824 unico
2731 3751 2914 3824 codice
2941 3752 3253 3809 Corbeiensi
3275 3757 3566 3824 excerpsit.

2227 3820 2280 3874 2.
2309 3819 2374 3874 At
2406 3823 2518 3876 haec
2551 3823 2892 3877 interlocutio
2919 3825 3168 3879 nonnulla
3201 3825 3411 3892 praefert
3440 3819 3738 3884 manifesta:

2159 3893 2544 3966 suppositionis
2576 3893 2804 3966 indicia.
2826 3893 3096 3950 Habemus
3124 3896 3326 3966 aliquot
3355 3897 3600 3953 diversas
3645 3913 3738 3954 an-

2156 3964 2496 4038 tiquis_s_imas_
2513 3964 3082 4038 versionescanonum
3112 3964 3450 4028 Nicicnorum
3480 4013 3494 4037 ,
3521 3985 3654 4038 quas
3685 3972 3736 4026 in

2159 4048 2288 4088 mss.
2314 4033 2434 4089 Vat.
2467 4035 2684 4090 limina:
2716 4035 2854 4090 1991
2881 4045 2937 4090 et
2959 4038 3175 4104 capituli
3211 4033 3638 4095 Veronensis“
3660 4042 3738 4095 in-

2158 4109 2420 4160 venimus.
2477 4106 2747 4162 Habemus
2803 4117 3060 4174 praeterea
3119 4119 3227 4163 tres
3275 4110 3406 4165 alias
3460 4113 3739 4168 versiones

2157 4179 2393 4251 omnium
2421 4175 2732 4251 Graecorum
2762 4193 3053 4251 canonum,
3087 4179 3434 4234 lsidorianam
3461 4227 3474 4247 ,
3506 4185 3738 4251 priscam

2156 4258 2208 4323 et
2241 4248 2663 4323 DEonysiauam,
2695 4265 2816 4313 quas
2846 4249 3144 4323 e35_Gr.'ecis
3169 4255 3392 4306 vetustis
3417 4248 3739 4323 exemplari-

2158 4320 2256 4372 bus
2303 4321 2558 4375 traductae
2610 4320 2844 4374 fuerunt.
2888 4319 3157 4376 Habemus
3207 4323 3369 4377 etiam
3419 4319 3736 4379 eorumdem

2157 4405 2421 4443 canonum
2453 4389 2670 4446 Graecos
2698 4391 2913 4447 codices
2943 4393 3136 4461 partim
3177 4393 3352 4447 editos
3372 4437 3384 4457 ,
3422 4397 3613 4460 partim
3655 4397 3739 4450 in-

2156 4462 2352 4516 editos.
2385 4462 2581 4516 Nullibi
2609 4476 2784 4516 autem
2811 4479 2872 4517 ea
2899 4464 3239 4518 interlocutio
3262 4465 3564 4521 exhibetur.
3588 4467 3740 4522 Adde

2157 4533 2297 4602 quod
2329 4533 2666 4587 (Zorbeiensis
2697 4534 2862 4588 codex
2900 4534 3143 4590 Nicaeuos
3163 4551 3396 4592 canones
3435 4538 3639 4602 profert
3673 4554 3739 4592 ex

2163 4605 2605 4677 interpretatione
2651 4603 2888 4675 Dionysii
2939 4604 3127 4674 Exigui
3154 4648 3168 4672 ,
3209 4609 3287 4662 uti
3329 4610 3613 4677 explorate
3640 4623 3736 4665 nos

2160 4675 2343 4729 docuit
2374 4678 2548 4729 versio
2577 4677 2799 4730 canonis
2837 4685 3007 4730 octavi
3043 4677 3240 4731 Nicaeni
3281 4677 3350 4731 ab
3376 4675 3565 4734 eodem
3592 4681 3738 4735 Cou-

2159 4750 2360 4800 stantio
2401 4747 2668 4819 descripta
2711 4748 2763 4800 in
2797 4747 3162 4803 admonitione
3191 4749 3257 4802 ad
3276 4751 3432 4819 epist.
3474 4753 3541 4806 17
3583 4751 3740 4806 Inno-

2159 4819 2339 4881 centii,
2373 4832 2492 4887 pag.
2537 4817 2661 4871 8'26.
2703 4820 3085 4888 Anquiritanos
3126 4817 3327 4882 autem,
3377 4823 3740 4884 Cassarienses

2160 4898 2212 4942 et
2232 4889 2570 4945 Ganereuses
2595 4904 2828 4960 canones
2847 4903 2910 4943 ex
2938 4891 3151 4960 antiqua
3177 4891 3466 4946 lsidoriaua
3490 4895 3742 4950 versione

2163 4961 2429 5036 producit.
2451 4961 2615 5036 Porro
2635 4977 2694 5036 eu
2721 4959 2830 5036 Qsii
2859 4959 3198 5036 interlocutio
3217 4976 3315 5036 nec
3335 4963 3387 5017 in
3414 4963 3742 5036 Dionysiana

2161 5033 2602 5098 interpretatione
2656 5033 2884 5101 legitur,
2929 5047 3028 5086 nec
3074 5033 3126 5086 in
3169 5032 3494 5100 lsidoriaua,
3541 5032 3643 5090 nec
3684 5036 3738 5090 in

2161 5102 2263 5155 ulla
2303 5118 2368 5156 ex
2410 5103 2473 5155 iis
2502 5103 2908 5156 collectionibus
2938 5119 3058 5172 qua:
3099 5119 3163 5159 ex
3203 5104 3462 5160 alterutra
3491 5110 3744 5162 versione

2159 5173 2375 5227 eosdem
2398 5187 2631 5228 canones
2659 5174 2966 5229 derivarunt
2991 5191 3004 5227 :
3037 5176 3200 5229 immo
3226 5176 3276 5229 in
3310 5177 3499 5232 iisdem
3526 5188 3746 5232 contra-

2161 5245 2236 5299 ria
2264 5260 2482 5312 prorsus
2521 5255 2795 5299 annotatio
2823 5246 3154 5316 continetur,
3197 5248 3265 5301 de
3299 5262 3399 5316 qua
3437 5263 3562 5302 mox
3597 5251 3746 5304 dice-

2160 5332 2295 5369 mus.
2331 5315 2463 5369 llinc
2487 5331 2615 5384 ergo
2641 5333 2702 5371 ca
2729 5315 3067 5371 interlocutio
3090 5317 3158 5371 ab
3181 5315 3368 5372 iisdem
3401 5321 3744 5376 versionibus

2159 5389 2330 5442 aliena
2359 5385 2664 5442 Corbeiensi
2695 5388 2945 5453 exemplo
2976 5388 3176 5442 intrusa
3201 5391 3541 5457 perspicitur.
3578 5393 3747 5446 Acce-

2161 5460 2239 5512 dit
2277 5474 2393 5512 eam
2441 5461 2600 5512 inseri
2631 5467 2748 5528 post
2783 5458 3031 5525 titulum,
3075 5459 3333 5529 Incipiunt
3363 5465 3746 5516 constitutiones

2160 5547 2413 5583 canonum
2460 5532 2948 5593 Anquiritanorum;
2981 5531 3201 5596 perinde
3234 5545 3296 5585 ac
3337 5535 3380 5586 si
3421 5549 3524 5587 non
3559 5535 3625 5588 ad
3653 5534 3746 5587 Ni-

2161 5616 2386 5662 ctenam,
2429 5601 2522 5654 sed
2553 5601 2616 5672 ad
2648 5601 3056 5668 Anquiritanam
3080 5602 3341 5672 synodum
3373 5614 3615 5672 spectet,
3651 5604 3745 5660 ubi

2162 5687 2260 5740 pro
2291 5673 2546 5742 Auquirit.
2585 5669 2958 5743 corrigendum
3000 5669 3122 5727 esse
3144 5672 3347 5726 Nica’n.
3381 5669 3437 5730 P.
3476 5669 3746 5730 CouStan-

2163 5744 2270 5798 tius
2298 5746 2628 5813 suspicatur,
2659 5758 2722 5798 ex
2763 5744 3044 5813 hypothcsi
3077 5745 3219 5812 quod
3247 5745 3362 5799 tunc
3403 5748 3747 5802 interlocutio

2162 5813 2559 5889 adNicaanuni
2593 5814 2878 5870 concilium
2929 5817 3196 5889 pertinere
3237 5815 3474 5889 debeat,
3533 5821 3583 5872 in
3638 5833 3747 5889 quo

2163 5885 2321 5944 Osius
2347 5883 2590 5943 interluit
2613 5928 2628 5958 ,
2662 5901 2769 5942 non
2817 5901 2945 5948 vero
2989 5887 3054 5942 ad
3076 5883 3492 5963 Anquiritanum
3519 5930 3535 5960 ,
3562 5890 3616 5948 in
3638 5883 3748 5964 duo
