4014 6346
2012 242 2047 259 Α

209 343 278 399 55
674 341 765 398 DE
803 288 1518 408 ANTIQ.COLLECTION.
1563 335 1653 391 ET
1689 333 2113 392 COLLECTOR.
2157 334 2501 394 LANONUM.
2543 335 2720 395 PARS
2760 337 2993 396 PRIMA.
3397 305 3476 402 '5‘

210 476 313 515 non
341 459 602 515 interfuit.
636 458 702 514 At
733 459 821 512 hic
843 458 957 525 ipse
988 453 1346 524 inscriptionis
1375 467 1529 526 error
1553 467 1672 526 eam
1704 452 1784 505 in-
1810 452 1864 514 Α
1891 450 2042 526 Quod
2059 451 2251 526 sialins
2279 468 2492 508 errores
2510 453 2767 526 addit,de
2788 454 2983 523 quibus
3013 451 3064 507 in
3091 451 3277 509 eadem
3309 466 3446 526 syno

208 532 616 589 terlocutionem
641 531 812 585 multo
841 524 1006 598 magis
1035 537 1342 598 suspectam
1363 524 1561 598 reddit,
1588 525 1786 591 ipsam-

209 619 312 674 que
345 603 681 673 liypothesim
725 595 971 674 imbecilli
999 595 1284 674 admodum
1319 595 1783 674 fundamentnﬂin-

210 665 398 730 nixam.
422 665 686 728 ostendit.
736 672 1034 740 Stephanus
1077 669 1322 723 Baluzius
1358 677 1496 740 fante
1551 667 1607 720 P.
1651 665 1784 740 gou-

211 747 460 800 stantium
494 746 634 799 hanc
679 737 1140 799 interlocutionem
1173 740 1223 793 in
1271 739 1458 794 eodem
1508 753 1609 791 ms.
1652 737 1786 790 Cor-

211 817 411 872 beiensi
459 826 645 870 nactus
668 857 681 871 .
713 815 839 866 nihil
871 814 936 865 de
966 811 1184 866 Nicaauo
1217 811 1445 866 concilio
1488 808 1784 874 susiiicatns

213 898 310 942 est.
366 887 496 940 Eam
528 887 590 940 ad
633 885 1009 939 Eliberitanam
1046 883 1312 954 synodum
1359 881 1786 954 pertinerecen-

214 962 350 1022 suit,
384 957 437 1010 in
474 973 571 1024 qua
593 957 746 1009 Usius
773 954 939 1008 adfuit
970 971 983 1008 :
1010 950 1106 1008 sed
1140 954 1280 1007 nulla
1309 956 1510 1024 pariter
1535 950 1785 1022 probabi-

218 1029 366 1083 litate
392 1022 522 1080 lianc
553 1041 698 1080 suam
727 1028 1091 1094 conjecturam
1123 1023 1416 1079 constituit.
1446 1022 1643 1094 Neque
1657 1037 1785 1076 vero

216 1097 498 1153 Constantii
513 1093 1128 1151 sententiam’vindicant
1151 1096 1311 1150 verba
1338 1093 1568 1150 Andreae
1587 1093 1782 1148 Rhodii

215 1169 267 1223 in
303 1167 525 1222 concilio
565 1167 876 1223 Florentino
920 1168 1212 1237 descripta,
1259 1176 1366 1220 act.
1414 1167 1471 1227 2.
1521 1163 1783 1219 Ferrarius

213 1238 404 1309 habita,
432 1239 524 1293 sed
559 1239 732 1308 potius
753 1240 1086 1309 impugnant.
1123 1239 1247 1291 Ante
1279 1239 1497 1309 primum
1526 1237 1780 1305 synodum

208 1307 571 1380 (generalem),
592 1310 783 1379 inquit,
805 1307 982 1380 multa:
1001 1310 1118 1364 alia:
1142 1309 1327 1379 synodi
1355 1307 1618 1362 celebrata:
1643 1316 1778 1371 sunt,

205 1381 486 1435 Antiochia?
526 1381 766 1436 adversus
808 1379 1034 1434 Paulum
1087 1380 1516 1447 Samosatenum,
1564 1379 1783 1447 Ancyra:

205 1460 398 1521 centrali
426 1467 508 1506 eos
551 1453 636 1521 qui
665 1469 768 1505 non
810 1451 1150 1520 suscipiebant
1187 1451 1478 1504 accedentes
1503 1449 1572 1521 qd
1595 1450 1777 1516 Iidem,

202 1523 336 1591 quod
359 1518 619 1576 Christum
648 1518 981 1593 abnegassent
1012 1537 1100 1592 per
1129 1529 1399 1587 tormenta,
1428 1529 1474 1573 et
1506 1518 1782 1593 Neocwstt-

201 1607 300 1645 rea:
334 1593 514 1659 tertia;
553 1610 682 1660 quas
722 1590 894 1647 omnes
916 1590 1154 1664 synodos
1192 1593 1378 1660 recepi:
1411 1591 1641 1664 synodus
1679 1590 1780 1664 Nig

203 1678 360 1716 aena.
399 1666 510 1718 Etsi
542 1665 686 1719 enim
721 1665 807 1719 hic
843 1663 1000 1718 valde
1033 1664 1302 1718 recentior
1339 1663 1621 1731 episcopus
1644 1702 1660 1728 ,
1689 1663 1779 1730 qui

200 1732 252 1788 in
278 1749 336 1788 re
359 1736 582 1804 antiqua
612 1750 716 1790 non
741 1742 824 1789 est
853 1733 1074 1790 idoneus
1097 1735 1247 1789 testis
1264 1775 1278 1798 ,
1303 1732 1590 1788 crediderit
1618 1748 1782 1804 syno-

200 1804 295 1859 dos
354 1802 569 1860 Nicm‘na
609 1807 911 1861 anteriores
960 1820 990 1859 a
1044 1803 1274 1860 Nicmnis
1319 1803 1565 1858 Patribus
1612 1802 1780 1859 fuisse

197 1886 466 1945 receptas,
483 1891 586 1930 non
605 1886 780 1932 tamen
805 1882 1129 1932 anteriorem
1151 1875 1371 1931 tradidit
1388 1875 1774 1946 Gangrensem,

195 1947 291 2002 sed
318 1957 430 2002 tres
459 1949 592 2002 alias
622 1964 740 2018 qua:
771 1962 895 2002 vere
915 1956 1329 2016 praecesserant.

267 2020 318 2073 5.
350 2019 464 2073 Hac
513 2017 671 2088 igitur
704 2019 815 2073 Osii
855 2019 1266 2074 interlocutione
1307 2017 1566 2086 seposita,
1609 2018 1780 2087 major

107 2158 113 2160 ν
193 2086 328 2144 ﬁdes
350 2086 598 2160 habenda
619 2098 702 2144 est
723 2089 983 2144 notationi
1009 2089 1300 2154 chronicze,
1323 2104 1425 2159 qua
1442 2086 1779 2160 iGangren’sis

193 2160 436 2228 synodus
477 2159 688 2215 Nicaena
742 2162 1008 2230 posterior
1050 2162 1392 2231 agnoscitur.
1436 2159 1635 2231 Neque,
1665 2159 1781 2216 lucc

192 2231 822 2306 atmotatio__posterioris
857 2230 1103 2306 alicujus
1128 2232 1296 2306 Latini
1341 2230 1542 2288 librarii
1573 2230 1780 2306 addita-

191 2313 380 2357 mento
421 2303 696 2358 tribuenda
740 2311 843 2359 est.
882 2302 1014 2358 Cum
1057 2306 1200 2359 enim
1240 2303 1386 2368 haec,
1438 2317 1545 2356 non
1600 2303 1778 2357 minus

191 2373 507 2446 quamaliaa
535 2373 651 2446 dua;
669 2374 963 2446 canonibus
989 2375 1290 2446 Ancyranis
1311 2383 1471 2442 atque
1488 2372 1777 2446 Nicocaisa-

191 2443 466 2514 riensibus
512 2443 787 2513 praefixae,
833 2445 1022 2500 eodem
1062 2443 1265 2512 sensu,
1298 2446 1424 2502 licet
1450 2445 1571 2499 aliis
1616 2453 1776 2514 atque

189 2511 316 2567 aliis
340 2511 544 2578 verbis,
573 2511 994 2571 Latinereddita
1028 2511 1333 2572 inveniatur
1360 2518 1412 2571 in
1443 2515 1611 2571 tribus
1637 2511 1779 2570 anti-

189 2585 312 2652 quis
352 2585 582 2642 diversae
609 2587 832 2656 originis
864 2588 1424 2655 interpretationibus,
1450 2586 1773 2653 lsidoriana,

187 2656 371 2722 prisca
404 2669 462 2729 et
488 2657 830 2729 Dionysiana,
860 2672 978 2712 eam
1002 2673 1030 2711 a
1055 2659 1373 2728 primigenio
1400 2659 1590 2714 Graeco
1612 2672 1776 2712 cano-

186 2728 534 2798 numdcodice
571 2728 870 2798 proﬁcisci,
893 2743 956 2783 ac
988 2729 1039 2783 in
1069 2732 1184 2796 ipso
1217 2744 1247 2782 a
1279 2729 1448 2785 tribus
1475 2730 1581 2782 illis
1612 2729 1777 2784 inter-

229 2796 439 2870 retibus
479 2796 645 2870 fuisse
686 2801 961 2854 inventam
997 2799 1225 2854 dubitari
1257 2803 1460 2870 nequit.
1493 2799 1550 2854 In
1575 2800 1776 2855 Graecis

229 2809 439 2852 retibus
479 2809 645 2855 tuisse
686 2809 961 2854 inventam
997 2809 1225 2854 dubitari
1257 2809 1460 2870 nequit.
1494 2809 1550 2854 In
1575 2809 1776 2855 Graecis

185 2809 370 2939 Fxxrv]
413 2869 627 2939 quidem
675 2871 762 2939 qui
803 2882 1090 2940 supersunt
1115 2871 1390 2927 codicibus
1420 2884 1682 2927 canonum
1712 2886 1776 2927 ea

182 2942 474 3011 annotatio
519 2940 697 2996 adhuc
728 2941 941 3011 legitur,
993 2956 1110 3011 quae
1155 2958 1286 2998 sane
1338 2957 1444 2998 non
1488 2958 1519 2998 e
1570 2941 1775 2996 Latinis

179 3010 597 3084 e_x_emp_larib_us
637 3013 690 3066 in
720 3010 965 3068 Grazcum
996 3010 1258 3078 traducta,
1290 3015 1383 3070 sed
1414 3029 1480 3068 ex
1510 3014 1776 3084 antiquio-

178 3078 336 3154 ribus
358 3078 568 3139 Grecis
599 3098 727 3138 mss.
752 3091 964 3150 sumpta
1005 3086 1368 3154 cognoscitur.
1395 3081 1531 3152 Quis
1550 3078 1778 3140 his‘om-

178 3152 349 3225 nibus
398 3162 456 3208 et
492 3154 699 3210 Latinis
744 3164 801 3209 et
837 3154 1041 3210 Graecis
1080 3152 1345 3225 exemplis
1387 3155 1774 3223 praeferendum

1888 524 2006 575 dica
2043 537 2109 577 ne
2139 523 2360 577 verbum
2397 526 2612 593 quidem
2639 568 2654 590 ,
2686 525 2734 580 hi
2769 526 2837 579 ab
2869 527 2983 591 ipso
3011 527 3171 579 Aerin
3204 523 3469 593 posterius

1888 593 2056 646 additi
2087 594 2236 647 credi
2273 606 2512 661 possunt.
2549 598 2679 652 Vide
2704 602 2754 651 iti
2789 597 2924 650 hanc
2945 611 3057 651 rem
3091 597 3235 664 plura
3271 596 3322 649 in
3351 596 3468 652 Vita

1889 666 1947 718 S.
1974 663 2185 722 Basilii.
2215 681 2372 732 quam
2423 667 2521 720 I’P.
2555 667 2881 723 Benedictini
2936 663 3279 734 przeliiterunt
3323 680 3468 721 tomo

1890 736 2050 790 tertio
2101 736 2333 804 Operum
2375 738 2652 804 ejusdem,
2686 755 2804 808 cap.
2848 741 2901 801 5.
2938 754 2992 792 η.
3026 741 3078 804 4,
3137 744 3167 789 5
3205 747 3258 792 et
3287 737 3342 792 6.
3374 738 3464 792 Illa

1891 821 2020 879 vero
2049 810 2314 879 oiipositio
2347 823 2465 877 qua!
2498 811 2755 879 ingeritur
2783 827 2842 866 ev
2878 825 2943 865 eo
2973 808 3112 877 quod
3158 809 3468 864 Eustathius

1888 877 1956 951 in
1988 877 2244 951 synodica
2296 877 2624 934 memoratus
2663 897 2766 935 nou
2823 882 3119 951 appe-Ilatur
3150 882 3467 949 episcopus,

1889 949 2108 1004 minima
2148 958 2271 1004 est:
2317 955 2400 1004 cui
2436 952 2672 1016 profecto
2703 949 2957 1020 pra-valet
2999 953 3286 1006 concordia
3319 965 3468 1006 erro-

1887 1036 2004 1092 rum
2045 1022 2136 1089 qui
2179 1021 2230 1074 in
2277 1037 2339 1075 ea
2382 1032 2633 1076 notantur
2672 1037 2792 1078 cum
2826 1023 2929 1077 illis
2957 1025 3045 1092 qui
3082 1022 3337 1079 liustathii
3371 1023 3468 1079 Se-

1888 1090 2094 1146 basteni
2136 1092 2412 1159 discipulis
2443 1094 2511 1147 ab
2536 1093 2835 1161 Epiphanio
2862 1090 3224 1148 inscribuntur.

1961 1164 2014 1218 5.
2043 1164 2155 1217 Non
2180 1163 2311 1218 levis
2341 1172 2520 1219 autem
2548 1164 2704 1234 hujus
2735 1165 3012 1223 sententia:
3035 1164 3370 1219 conﬁrmatio
3400 1179 3467 1219 ex

1887 1233 2374 1308 inscriptioneseu
2417 1233 2728 1292 nominibus
2774 1237 3146 1305 episcoporum
3195 1235 3466 1308 synodica:

1887 1305 2123 1377 prtelixis
2151 1306 2330 1375 colligi
2359 1317 2557 1376 potest.
2591 1309 2713 1364 Haic
2757 1307 3032 1377 inscriptio
3063 1321 3168 1361 non
3209 1305 3382 1361 solum
3413 1308 3465 1361 in

1886 1375 2097 1442 Graico,
2155 1375 2552 1432 verum’eliam
2607 1380 2658 1434 in
2713 1375 3045 1433 diversarum
3086 1377 3464 1433 collectionum

1889 1459 2052 1517 atque
2077 1449 2380 1520 versionum
2412 1450 2808 1518 exemplaribus
2838 1449 3074 1515 Latinis,
3103 1465 3220 1520 qua:
3246 1450 3468 1520 synodi-

1885 1532 2002 1589 cam
2053 1518 2362 1587 praeferunt,
2413 1522 2640 1589 primum
2692 1521 2865 1577 locum
2907 1521 3096 1574 tribuit
3128 1518 3377 1574 Eusebio.
3408 1519 3462 1575 In

1886 1587 2072 1661 libello
2113 1590 2390 1660 synodico,
2415 1587 2523 1645 ‘ubi
2569 1593 2635 1646 de
2665 1592 2959 1661 Gangrcnsi
2999 1591 3230 1646 conc-llo
3255 1591 3463 1661 agitur,

1886 1657 2002 1714 han
2047 1657 2293 1734 leguntur
2330 1679 2342 1716 :
2383 1665 2523 1728 Δίον,
2569 1661 2724 1718 Dium
2772 1657 3042 1734 president
3083 1657 3466 1734 habuithum

1883 1744 2012 1805 vero
2041 1731 2220 1805 nullus
2267 1732 2426 1800 hujus
2468 1734 2698 1790 nominis
2745 1731 3031 1805 e'pismpus
3068 1734 3119 1788 in
3147 1733 3357 1788 laudata
3388 1734 3467 1787 in-

1884 1804 2178 1877 scriptione
2234 1806 2441 1877 uspiam
2494 1815 2724 1870 notetur,
2779 1804 2994 1877 quidam
3036 1807 3293 1870 suspicati
3341 1813 3466 1858 sunt

1885 1873 2168 1946 legendum
2204 1890 2324 1930 esse
2358 1875 2534 1930 Osium
2560 1917 2574 1941 ,
2606 1893 2763 1946 quem
2798 1873 2917 1933 iane
2947 1879 3086 1932 inter
3125 1877 3465 1946 Gangrenses

1883 1942 2072 2017 Patres
2102 1946 2158 1999 in
2183 1946 2370 2002 eadem
2402 1942 2753 2014 inscriptione
2789 1951 3084 2004 recensitos
3109 1942 3304 2017 vulgati
3334 1962 3464 2002 con-

1881 2015 2127 2087 ciliorum
2157 2032 2221 2087 ex
2253 2018 2432 2087 aliquo
2452 2019 2638 2074 codice
2663 2019 2973 2087 praeferunt,
3003 2025 3080 2073 sic
3109 2037 3121 2072 :
3158 2015 3309 2072 Uiius
3337 2017 3466 2072 Cor-

1881 2085 2119 2160 dubensis
2138 2086 2308 2158 (Tant.
2337 2085 2395 2141 ll
2417 2091 2538 2144 edit.
2572 2085 2725 2155 γεεί..
2744 2092 2847 2149 col.
2865 2090 3010 2160 425).
3036 2093 3102 2145 At
3131 2089 3290 2158 hujus
3305 2103 3465 2160 syno-

1881 2155 2022 2230 dicae,
2052 2155 2311 2230 Graecum,
2335 2169 2538 2216 textum
2575 2162 2836 2218 habemus
2860 2203 2874 2226 ,
2925 2155 2986 2216 ac
3027 2162 3162 2216 duas
3203 2155 3464 2230 praeterea

1880 2228 2164 2303 versiones
2211 2229 2559 2303 Isidorianam
2601 2242 2656 2288 et
2704 2235 2954 2302 priscam.
2998 2228 3282 2303 Dionysius
3319 2233 3463 2286 enim

1879 2300 2192 2370 synodicam
2247 2301 2458 2368 omisit;
2519 2304 2569 2356 in
2631 2300 2894 2358 Hadriana
2948 2318 3077 2358 vero
3126 2300 3462 2368 collectione,

1879 2385 2002 2440 qua:
2031 2385 2264 2446 canones
2289 2388 2355 2446 ex
2391 2373 2645 2446 Dionysio
2668 2375 2891 2442 recepit,
2921 2375 3174 2446 synodica
3205 2388 3268 2428 ex
3300 2373 3465 2427 inter-

1883 2443 2186 2510 pretatione
2220 2443 2731 2501 Isidoriaua'addita
2774 2445 2890 2500 fuit.
2925 2443 3091 2500 [οτι-ο
3128 2444 3239 2499 Osii
3268 2459 3466 2499 nomen

1882 2527 1989 2585 non
2021 2513 2194 2568 solum
2236 2515 2393 2570 abest
2433 2517 2502 2569 ab
2543 2517 2788 2585 originali
2828 2515 3020 2571 Graeco
3042 2556 3056 2579 ,
3088 2531 3275 2570 verum
3302 2517 3466 2571 etiam

1878 2583 1946 2638 ab
1967 2585 2357 2653 antiquissimis
2377 2595 2434 2641 et
2467 2583 2932 2653 praestantioribus
2965 2587 3242 2643 codicibus
3268 2586 3468 2640 utrius-

1879 2668 1990 2728 que
2013 2659 2276 2728 versionis
2305 2657 2616 2714 Isidoriana:
2645 2669 2701 2715 et
2744 2661 2964 2728 priscis,
2997 2660 3163 2713 immo
3202 2659 3364 2713 etiam
3396 2657 3464 2710 ab

1878 2723 2167 2799 Hadrianis
2191 2743 2327 2797 quos
2357 2728 2606 2787 conferre
2634 2723 2782 2785 licuit
2815 2749 2826 2784 :
2854 2747 2920 2785 es
2954 2730 3148 2799 quibus
3176 2732 3464 2799 episcopo-

1877 2809 1996 2866 rum
2029 2797 2242 2852 nomina
2271 2799 2650 2856 describuntur
2674 2811 2803 2856 tom.
2829 2801 2894 2865 ll,
2922 2797 3110 2866 Cunc.,
3136 2797 3384 2864 col.428,
3407 2815 3460 2855 a.

1877 2865 2074 2942 Eonl‘er
2129 2883 2245 2942 not.
2285 2872 2320 2926 9
2361 2873 2412 2927 in
2465 2887 2584 2942 cap.
2634 2873 2667 2928 4
2706 2873 2918 2929 Codicis
2962 2887 3261 2937 canonum,
3306 2885 3467 2940 quem

1877 2936 2156 3020 hocotorno
2185 2936 2546 3020 edemusucol;
2575 2943 2710 3020 ηιξ
2734 2945 2845 3020 Etsi
2867 2944 3048 3020 igitur
3073 2946 3133 3020 in_
3154 2936 3336 3020 aliqua
3367 2957 3466 3011 p0-

1878 3011 2093 3084 steriori
2120 3013 2305 3068 codice
2334 3015 2672 3070 cotlectionis
2693 3011 3022 3084 Isidoriana,
3057 3016 3135 3070 vel
3162 3013 3466 3084 lladrianze,

1877 3080 2031 3150 cujus
2046 3085 2248 3154 mentio
2261 3084 2313 3138 in
2329 3087 2556 3154 vulgatis
2569 3087 2920 3141 conciliorum
2937 3080 3074 3140 facta
3094 3101 3198 3140 non
3217 3084 3336 3150 fuit,
3357 3083 3468 3139 Osii

1882 3166 2080 3226 nomen
2094 3153 2321 3223 legatur,
2339 3153 2468 3210 nihil
2486 3167 2662 3213 tamen
2675 3157 3025 3213 dubitandum
3041 3155 3261 3226 eStquin
3278 3165 3470 3225 praeter

173 3223 470 3277 existimet
511 3241 675 3280 unum
710 3225 1094 3282 Corbeiensem
1140 3220 1652 3281 Latinum’codicem
1679 3267 1694 3291 ,
1725 3236 1778 3282 et
1803 3222 1850 3288 C
1880 3220 2053 3277 Graeci
2107 3220 2282 3279 textus
2308 3220 2381 3280 iet
2423 3227 2650 3284 aliorum
2679 3229 2926 3285 codicum
2958 3220 3290 3283 Latinorum
3309 3226 3468 3281 fidem

173 3294 668 3366 interlocutionem
695 3295 804 3350 Osii
837 3298 888 3349 in
919 3311 985 3350 eo
1027 3296 1350 3365 descriptam
1377 3336 1391 3359 ,
1429 3312 1548 3364 quae
1575 3296 1780 3366 aliquot

172 3365 587 3430 suppositionis
611 3365 825 3419 indiciis
853 3366 1046 3419 nutat‘t
1074 3367 1259 3431 Neque
1288 3381 1418 3420 vero
1447 3367 1781 3422 collecsioiiis

169 3433 544 3505 Corbeieusis
590 3436 962 3505 antiquitatem
997 3451 1118 3490 cum
1158 3433 1219 3488 P.
1247 3436 1564 3491 Constantio
1596 3437 1783 3490 obtru-

170 3503 297 3575 das.
343 3505 489 3560 Cum
538 3506 684 3560 enim
723 3503 783 3560 in
838 3521 922 3575 ea,
971 3514 1028 3560 ut
1074 3506 1232 3574 paulo
1277 3515 1401 3562 ante
1454 3505 1779 3572 monuimus,

168 3574 391 3648 plicazni
418 3591 657 3648 canones
681 3592 746 3632 ex
775 3574 1096 3648 Dionysiana
1126 3578 1373 3632 versione
1396 3578 1777 3645 producantur,

168 3645 295 3702 haec
351 3647 705 3703 Corbeieusis
747 3645 996 3703 collectio
1037 3651 1304 3717 posterior
1325 3658 1408 3704 est
1452 3648 1635 3717 utique
1665 3649 1779 3718 ipsa

169 3718 440 3791 versione
489 3719 765 3791 Dionysii,
810 3719 1029 3791 nedum
1058 3718 1348 3791 Isidoriana
1382 3727 1437 3774 et
1462 3718 1666 3782 Prisca,
1716 3733 1780 3773 ac

168 3788 353 3844 multo
414 3790 588 3857 magis
627 3788 878 3858 originali
932 3789 1120 3844 codice
1167 3790 1392 3856 Graeco,
1448 3805 1512 3844 ex
1559 3805 1667 3857 quo
1714 3804 1778 3844 ea

167 3864 467 3916 annotatio
509 3861 568 3914 in
621 3863 838 3916 easdem
868 3861 1148 3915 versioues
1202 3861 1470 3925 manavit;
1529 3875 1629 3914 nec
1675 3860 1779 3914 ulla

168 3933 314 3988 ratio
339 3946 471 3988 esse
502 3940 676 4001 potest
714 3933 784 3987 ob
819 3947 978 4000 quam
1018 3931 1101 3985 bis
1125 3931 1374 3986 omnibus
1414 3931 1779 3986 anterioribus

169 4003 414 4057 testibus
465 4017 586 4056 eam
635 4003 965 4057 notationem
1017 4001 1373 4071 probantibus
1435 4001 1780 4057 Corbeieusis

169 4073 458 4138 posterior
485 4074 734 4128 collectio
759 4072 1112 4128 antelerenda
1141 4073 1232 4127 sit.
1259 4072 1430 4127 Immo
1461 4087 1589 4128 vero
1613 4074 1779 4127 inter-

167 4139 376 4199 locutio
403 4144 552 4209 Osii,
582 4159 700 4214 qua:
723 4144 822 4199 hac
851 4145 963 4200 sola
989 4144 1308 4200 collectione
1336 4143 1572 4206 fulcitur,
1608 4158 1672 4198 ex
1701 4151 1781 4198 tot

167 4215 559 4270 anterioribus
604 4213 836 4271 testibus
882 4217 972 4285 qui
1000 4215 1367 4286 Gangrensem
1396 4213 1780 4286 synodumNi-

167 4299 318 4340 caena
347 4287 717 4356 posteriorem
762 4287 1117 4355 prodiderunt
1139 4326 1154 4351 ,
1183 4286 1524 4354 supposititia
1560 4285 1779 4340 eviden-

167 4356 274 4427 tius
322 4357 725 4427 cognoscitur,
756 4358 1020 4425 siquidem
1059 4356 1402 4426 Gangrenses
1444 4371 1681 4411 canones
1721 4359 1777 4412 in

165 4425 608 4484 Nicena—lectos
633 4437 687 4482 et
715 4429 1012 4483 anteriores
1042 4425 1308 4498 indigitat,
1347 4438 1402 4481 ut
1424 4428 1487 4483 P.
1519 4428 1780 4483 Constan-

165 4499 270 4553 tius
293 4501 701 4568 iuterpretatus
730 4507 833 4554 est.

1884 3294 2185 3375 cujuspiam
2210 3294 2721 3375 Ilibrariiarbitrio
2753 3300 3016 3375 insertum
3067 3299 3248 3354 fuerit.
3300 3297 3470 3367 Hujus

1884 3364 2100 3439 quidem
2123 3364 2470 3439 additamenti
2495 3368 2627 3424 illud
2653 3371 2812 3424 etiam
2839 3371 3090 3425 indicium
3119 3385 3240 3425 esse
3267 3364 3465 3439 potest,

1884 3436 2027 3508 quod
2055 3450 2176 3508 cum
2212 3437 2302 3489 alii
2325 3438 2586 3508 episcopi
2619 3442 2736 3495 sine
2766 3443 2998 3494 civitatis
3029 3441 3246 3496 nomine
3270 3436 3344 3493 'in
3388 3441 3470 3493 in-

1885 3503 2184 3586 scriptione
2214 3503 2596 3574 proferantur,
2629 3509 2682 3563 in
2706 3511 2825 3586 solo
2848 3509 2975 3565 Osio
3006 3509 3346 3586 Cordubensis
3377 3525 3469 3578 pa-

1888 3578 2229 3652 trouimicum
2261 3591 2457 3634 nomen
2506 3589 2742 3652 notetur.
2786 3580 2920 3636 Cum
2964 3596 3094 3652 ergo
3134 3581 3306 3652 Osiusi
3335 3580 3473 3652 inter

1885 3642 2074 3725 Patres
2104 3646 2444 3725 Gangrenses
2469 3650 2785 3725 referendus
2804 3668 2928 3725 non
2953 3642 3055 3725 sit",
3088 3655 3138 3706 in
3159 3651 3346 3725 libello
3373 3650 3472 3722 Sy-

1883 3715 2080 3796 nodico
2108 3715 2373 3796 ηοιῐδίρν,Δ
2392 3721 2492 3796 sed
2523 3723 2634 3796 ﬁiov
2663 3723 2850 3796 mittite
2883 3715 3050 3796 [ων
3066 3724 3321 3793 scriptum
3348 3715 3470 3777 cre-

1882 3785 2062 3840 dimus
2107 3803 2204 3864 pro
2243 3785 2535 3864 Βράδιον(
2563 3793 2839 3848 Eusebium
2867 3785 3069 3864 :‘cujus
3115 3785 3245 3848 sahe
3275 3809 3470 3849 nomen

1882 3871 2004 3938 cum
2037 3867 2092 3912 et
2120 3859 2295 3914 Graeci
2331 3871 2387 3917 et
2417 3862 2596 3938 Latini
2625 3880 2817 3921 omnes
2857 3859 3082 3936 cataiogi
3104 3905 3119 3929 ,
3148 3879 3244 3938 seu
3275 3865 3470 3938 inscri-

1883 3933 2096 4010 ptiones
2123 3945 2312 4010 omnes
2351 3933 2580 4010 primum
2607 3946 2945 4010 recenseam,
2977 3933 3118 4010 hunc
3146 3936 3472 4003 Gangreusis

1882 3999 2086 4079 synodi
2124 3999 2392 4079 praesidem
2422 4005 2544 4073 jure
2595 3999 2940 4079 arbitrantur.
2995 4008 3093 4061 llic
3136 3999 3314 4079 autent
3362 4021 3470 4060 non

1883 4071 2022 4152 alius
2064 4071 2231 4152 fuisse
2274 4071 2486 4130 videtur
2510 4078 2613 4152 nisi
2655 4078 2920 4133 Eusebius
2962 4079 3221 4152 (Dassareti:
3258 4076 3469 4152 Cappa-

1882 4140 2054 4222 dociae
2100 4143 2405 4222 episcopus,
2434 4147 2524 4222 qui
2554 4162 2674 4202 cum
2701 4165 2768 4204 ex
2800 4164 2913 4204 suae
2936 4147 3086 4222 sedis
3107 4140 3472 4222 praerogativa

1884 4215 1937 4265 in
1969 4219 2078 4289 tota
2111 4215 2344 4289 ditncesi
2372 4215 2591 4272 Pontica
2620 4261 2634 4286 ,
2667 4235 2730 4274 ac
2760 4219 2984 4289 proinde
3017 4224 3068 4274 iii
3107 4215 3468 4289 Paphlagonia

1883 4290 1939 4363 et
1967 4285 2221 4366 Armenia
2270 4287 2564 4366 primatum
2601 4285 2852 4366 gereret,
2903 4285 3198 4359 Gangrensi
3243 4285 3473 4366 concilio

1881 4354 2125 4430 ejusdem
2155 4355 2404 4430 ditecesis
2426 4354 2659 4429 praefuit.
2687 4354 2852 4430 Hujus
2880 4354 3060 4416 autem
3087 4372 3217 4414 mtas
3237 4361 3475 4414 concinit

1881 4439 2004 4478 cum
2035 4426 2298 4481 Eustathii
2345 4426 2627 4485 Sebasteni
2672 4445 2735 4484 ac
2765 4426 3154 4500 discipulorum
3195 4432 3309 4498 ejus
3337 4440 3475 4486 tem-

1957 4511 2016 4572 re
2043 4513 2055 4548 :
2080 4513 2311 4572 cumque
2341 4499 2484 4572 idem
2528 4501 2790 4556 Eusebius
2820 4505 2876 4557 S.
2911 4499 3095 4556 Basilii
3125 4502 3298 4572 Magni
3330 4502 3473 4557 cele-

232 4569 287 4626 4.
323 4571 473 4638 Quid
499 4569 651 4641 quod
677 4571 920 4624 eamdem
945 4571 1274 4626 notationem
1304 4570 1612 4624 chronicam
1643 4584 1776 4625 con-
1801 4577 1858 4639 ι)
1884 4567 1996 4621 bris
2011 4568 2399 4641 praedecessor
2447 4570 2838 4627 Caesariensem
2888 4573 3072 4629 sedem
3127 4567 3360 4628 tennerit
3405 4573 3474 4628 ab

163 4640 530 4696 lirmautduo’
550 4640 724 4694 Graeci
749 4642 1059 4710 scriptores,
1081 4643 1331 4697 Socrates
1351 4641 1774 4708 etSozomeuus,

162 4710 629 4784 Gangrensisque
655 4712 845 4783 synodi
870 4721 1081 4780 tempus
1111 4727 1216 4766 non
1251 4710 1598 4784 taniNica-no
1621 4726 1776 4784 quam

161 4781 488 4840 Sardicensi
533 4781 770 4838 concilio
815 4783 1078 4850 posterius
1123 4797 1246 4837 esse
1276 4783 1408 4836 satis
1453 4782 1779 4836 declarant?

160 4851 292 4923 Tota
343 4857 468 4910 hth
527 4856 764 4923 quaestio
808 4868 875 4907 ex
927 4867 992 4907 ea
1043 4853 1259 4921 pendet,
1306 4855 1554 4922 quisnam
1615 4851 1778 4907 fuerit

159 4921 510 4990 Eustathius,
546 4921 641 4994 qui
673 4926 725 4978 in
758 4923 1016 4994 synodica
1045 4921 1449 4993 Gangrensihus
1477 4923 1778 4977 canonibus

159 4999 382 5061 praeﬁxa
436 5008 496 5054 et
527 4995 603 5052 ad
641 4995 910 5051 Armeniae
941 4995 1224 5064 episcopos
1269 4996 1466 5063 scripta
1507 5007 1774 5048 memora-

161 5074 266 5122 tur.
301 5069 520 5124 Omnes
553 5068 762 5135 antiqui
802 5075 1095 5133 scriptores
1125 5080 1246 5120 cum
1291 5066 1516 5120 Socrate
1543 5065 1682 5135 (Lib.
1709 5079 1770 5132 n,

158 5152 204 5190 c.
235 5138 331 5207 45)
380 5149 442 5194 et
482 5140 801 5194 Sozomeno
829 5136 968 5206 (Lib.
1006 5151 1096 5207 tu,
1130 5153 1176 5189 c.
1219 5136 1308 5201 14)
1341 5137 1667 5191 conveniunt
1716 5136 1773 5192 in

159 5206 456 5264 statuendo
482 5209 772 5269 Eustatliio
794 5209 1050 5277 episcopo
1079 5206 1378 5263 Sebasteno
1396 5251 1410 5275 ,
1445 5209 1532 5276 qui
1555 5208 1772 5276 quidem

158 5277 209 5349 in
257 5280 536 5337 Armenia
579 5279 681 5333 sub
725 5281 958 5333 medium
1004 5291 1252 5349 quartum
1303 5278 1555 5333 steculum
1590 5279 1766 5349 rvixit.

157 5348 326 5408 Porro
378 5353 732 5407 Sozonienus
798 5348 1139 5405 Eustathium
1200 5364 1461 5406 excusare
1513 5348 1769 5415 videtur,

157 5427 306 5490 quasi
337 5441 451 5478 ηυιι
491 5437 638 5491 ipse,
669 5421 761 5475 sed
784 5421 1030 5490 discipuli
1061 5423 1199 5490 ejus,
1225 5422 1316 5492 qui
1349 5423 1400 5474 in
1432 5429 1611 5489 partes
1631 5419 1776 5492 abie-

157 5505 277 5548 rant
298 5537 314 5560 ,
348 5495 570 5551 fuerint
602 5506 785 5545 earum
820 5493 1084 5545 hucresum
1115 5503 1411 5547 assertores
1434 5530 1448 5554 ,
1480 5505 1600 5558 qum
1629 5491 1679 5544 in
1707 5506 1772 5546 ea

157 5567 364 5634 synodo
416 5565 810 5634 condemnata:
850 5570 1012 5634 sunt;
1062 5565 1440 5634 sytiodicmqtm
1486 5569 1773 5616 contextus

157 5633 281 5691 huic
339 5633 793 5706 interpretationi
841 5633 1025 5706 favet,
1075 5633 1341 5704 quatenus
1386 5633 1771 5706 E_ns_tatliianos

159 5702 510 5774 potissimum
574 5704 911 5774 perstringit.
964 5702 1254 5760 Hus‘inter
1300 5705 1357 5759 S.
1409 5702 1767 5773 Epiphanius,

159 5777 354 5833 haeres.
385 5778 461 5832 75
488 5820 503 5841 ,
538 5776 792 5831 nominat
820 5775 1062 5840 Aerium,
1095 5775 1301 5844 ipsique
1329 5789 1456 5828 sane
1488 5775 1674 5843 plures
1701 5791 1767 5830 ex

157 5845 242 5905 his
278 5850 576 5908 erroribus
606 5848 701 5926 qui
735 5847 789 5902 in
820 5861 882 5900 ea
906 5846 1160 5916 synodica
1205 5845 1464 5902 feriuntur
1504 5847 1769 5901 attribuit.

1884 4652 1972 4691 an.
2009 4638 2116 4712 562
2146 4638 2212 4712 ad
2239 4653 2328 4712 an.
2360 4641 2494 4705 570,
2523 4642 2661 4697 intra
2711 4643 2812 4698 hoc
2842 4646 3072 4712 spatium
3104 4643 3474 4712 Gangrcnsem

1883 4708 2149 4790 synodum
2199 4708 2440 4790 habitam
2488 4711 2654 4790 fuisse
2685 4731 2790 4769 non
2842 4708 3110 4790 immerito
3153 4708 3471 4790 cofligimus.

1882 4777 2203 4859 itaquidem
2233 4779 2474 4859 _S_o_cratis
2497 4798 2560 4839 ac
2588 4787 2873 4859 Sozomeni
2907 4787 3212 4859 testimonia
3236 4827 3253 4852 ,
3280 4777 3473 4859 Eusta-

1883 4849 1983 4935 thii
2007 4859 2068 4935 et
2095 4850 2572 4935 istise'biitempus,
2605 4857 2772 4911 libelli
2803 4858 3056 4935 Synodici
3078 4867 3134 4912 et
3164 4849 3470 4935 inscriptio-

1883 4921 2092 5002 nisOsen
2113 4921 2342 4992 catalogi
2368 4921 2746 5002 episcoporum
2774 4921 2907 5002 ordo
2937 4929 3104 4998 probe
3123 4921 3473 4994 concordant,

1882 4996 2276 5068 verissimaque
2324 4996 2592 5051 evincitur
2635 5013 2696 5052 ea
2748 4996 3004 5054 chronica
3053 5002 3328 5054 annotatio
3372 5012 3475 5068 qua

1880 5060 2226 5186 gaiigurenses
2293 5077 2534 5121 canones
2597 5078 2718 5138 post
2785 5070 3036 5126 Nicacnos
3094 5071 3298 5126 conditi
3360 5060 3475 5123 tra-

1920 5149 1987 5186 un
2057 5150 2101 5186 r.

1920 5142 2101 5187 untur.

1917 5205 2001 5285 .6.
2057 5205 2183 5286 lsi-sec
2210 5209 2474 5264 sententia
2507 5224 2610 5286 qua
2641 5212 2905 5283 synodum
2935 5213 3300 5286 Gangrenscm
3331 5210 3475 5264 loca-

1879 5281 2056 5353 vimus
2087 5281 2246 5353 inter_
2277 5293 2478 5353 annum
2504 5281 2616 5353 7362
2656 5281 2711 5337 et
2759 5286 2898 5350 570,
2940 5281 3153 5353 recepta
3201 5283 3474 5353 fuissctva

1879 5343 2128 5428 pluribus
2150 5387 2166 5412 ,
2196 5349 2318 5428 nisi
2332 5351 2632 5408 obstitisset
2657 5353 2792 5409 ordo
2821 5343 3085 5428 canonum
3115 5353 3284 5428 Graeci
3323 5351 3474 5408 codi-

1879 5420 1994 5499 cis,
2046 5420 2098 5471 in
2129 5433 2238 5499 quo
2272 5420 2623 5499 ‘Gangrenses
2664 5427 3016 5481 Antiochenis
3056 5423 3472 5499 prteinittuntur.

1880 5487 2018 5569 Iliae
2048 5491 2204 5569 enim
2257 5487 2598 5569 Antiochein)
2643 5499 2874 5569 concilio
2921 5487 3221 5569 anteriores
3261 5495 3476 5569 dicendi

1880 5558 2131 5638 videntur
2152 5603 2166 5627 ,
2193 5565 2340 5638 quod
2382 5579 2524 5638 cum
2546 5566 2763 5622 Eusebii
2793 5566 3142 5621 Caesariensis
3186 5565 3238 5619 in
3269 5566 3479 5637 Cappa-

1880 5632 2156 5710 docia,_et
2191 5632 2456 5688 Eustathii
2479 5636 2788 5710 _$ebasteni
2831 5651 3312 5710 :ev_n__nequaquam
3348 5632 3479 5710 con-

1878 5701 2026 5776 (_:i_uit.
2056 5701 2196 5776 “uilli!
2229 5716 2411 5776 autem
2442 5706 2696 5776 objectio,
2731 5722 2852 5772 quae
2889 5701 3285 5762 Tilleniontium
3325 5709 3476 5775 (Nat.

1879 5771 1949 5823 27
1978 5779 2023 5852 et
2049 5773 2150 5852 28.
2173 5774 2225 5826 in
2258 5773 2319 5829 S.
2355 5771 2554 5852 BasilI,
2588 5771 3118 5852 tom._lX)‘al‘i_osque
3158 5771 3338 5852 magni
3381 5794 3479 5833 no-

1882 5844 2042 5907 tnnis
2101 5844 2245 5900 viros
2301 5850 2535 5900 maxime
2590 5847 2787 5915 movit,
2822 5844 2994 5904 facile
3033 5844 3369 5916 dissolvetur
3410 5864 3476 5905 ex
