4014 6346
469 271 560 335 59
1352 315 1358 320 -
1411 273 1503 333 AD
1538 273 1767 333 OPERA
1805 274 1865 332 S.
1906 272 2150 332 LEONIS
2189 275 2402 334 MAGNl
2442 276 2801 338 APPENDIX.

3675 276 3762 344 ιο

479 386 660 444 ctione
692 386 1136 468 concurrissent,
1179 403 1210 444 a
1238 401 1339 460 qua
1369 387 1480 458 ipse
1511 387 1810 468 abhorrens
1835 431 1850 456 ,
1871 388 2068 468 _nolu_it
2094 392 2148 452 Α
2175 390 2492 468 patriarcha:
2529 392 2889 452 Jacobitarnm
2920 399 3060 467 apud
3103 397 3393 468 Josephum
3442 397 3748 456 Simonium

480 472 637 531 suum
677 460 1180 531 nomensynodicai
1225 459 1540 515 casterorum
1585 460 1829 531 epistolae
1871 459 2062 514 inscri-

480 530 635 596 bere,
664 543 769 600 qua
798 529 966 600 ipsius
996 531 1327 586 conﬁrmatio
1358 529 1665 600 petebatur;
1707 530 1800 584 sed
1831 531 1950 584 aliis
1980 532 2063 585 lit-

482 601 612 672 teris
640 598 860 672 neboc
901 600 1054 657 ﬁeret
1081 602 1234 658 enixe
1269 598 1579 670 postulavit.
1614 600 1790 656 Habes
1821 601 1980 672 igitur
2013 603 2064 656 in

484 670 584 744 hac
623 669 953 744 Antiochena
1003 672 1205 744 synodo
1243 669 1510 744 principua
1547 669 1915 744 episcoporum
1971 688 2066 726 no-

482 742 632 797 mina
661 741 752 811 qui
783 757 849 797 ex
880 741 1162 810 provinciis
1190 742 1541 797 Antiochente
1587 741 1884 798 dimceseos
1923 755 2068 811 anno

414 858 424 877 ,
485 813 591 884 552
622 807 999 884 convenerant,
1030 814 1282 868 nimirum
1313 814 1553 880 Eusebii,
1581 813 1864 884 Theodoti,
1897 807 2066 884 [xxta’l

483 882 753 939 Theodori
776 927 791 950 ,
818 881 1048 954 Narcissi
1077 925 1093 950 ,
1126 884 1264 938 Aetii
1295 923 1311 948 ,
1342 893 1396 938 et
1425 885 1640 954 Alphei.
1685 885 1740 938 In
1772 883 1854 936 his
1887 881 2063 939 autem

483 968 584 1011 sex
608 968 784 1010 nonne
808 953 956 1024 vides
979 955 1221 1023 quinque
1264 969 1452 1010 eorum
1483 957 1699 1009 nomina
1729 969 1863 1024 quos
1896 955 2069 1021 primo

485 1025 607 1095 loco
635 1040 702 1081 ex
733 1023 1015 1079 iladrianis
1062 1025 1335 1081 codicibus
1374 1029 1530 1095 paulo
1573 1035 1699 1080 ante
1749 1023 2070 1080 retulimus?

485 1094 636 1152 Unus
656 1095 862 1167 Aetius,
889 1096 981 1164 qui
1005 1098 1144 1167 inter
1169 1094 1413 1167 NicagnOs
1434 1096 1619 1152 Patres
1644 1095 1852 1167 Lyddte
1868 1097 2073 1165 cpisco-

486 1180 588 1235 pus
614 1167 666 1220 in
697 1164 981 1236 Palaestina
1007 1165 1253 1232 traditur,
1293 1166 1346 1220 in
1370 1167 1612 1236 catalogo
1637 1164 1948 1222 eorumdem
1979 1181 2072 1222 co-

483 1236 662 1292 dicum
689 1235 842 1307 deest
867 1253 881 1290 :
909 1236 996 1307 qui
1030 1245 1209 1293 tamen
1236 1251 1420 1292 errore
1453 1235 1814 1302 librariorum,
1863 1239 1946 1293 vel
1976 1252 2073 1292 au-

483 1310 652 1364 ctoris
691 1306 898 1363 Griecte
930 1306 1294 1372 collectionis,
1326 1308 1593 1362 levissima
1623 1308 1916 1363 mutatione
1951 1323 2072 1377 per-

483 1393 668 1446 peram
713 1378 988 1434 traductus
1028 1377 1236 1434 videtur
1279 1379 1332 1432 in
1374 1377 1584 1445 Enium,
1617 1378 1688 1433 al.
1723 1378 1963 1444 Ainium,
1995 1378 2074 1434 uti

481 1449 679 1519 legitur
710 1449 805 1520 in,
831 1448 1020 1508 iisdem
1053 1449 1519 1520 thssLHadrianis
1541 1491 1556 1512 ,
1601 1463 1698 1520 pro
1741 1465 1847 1518 quo
1887 1457 2074 1520 auctor

484 1519 751 1576 versionis
794 1519 1102 1575 lsidorianae
1164 1519 1390 1574 xEtteam
1433 1519 1684 1575 reddidit.
1737 1519 1899 1588 Igitur
1943 1519 2076 1574 nihil

486 1589 636 1648 dubii
678 1603 799 1646 esse
825 1590 984 1646 debet
1025 1590 1152 1659 quin
1186 1591 1380 1645 laudati
1411 1605 1644 1645 canones
1672 1591 1724 1644 in
1756 1591 1856 1644 hac
1886 1592 2078 1645 Antio-

486 1662 661 1718 chcna
690 1661 896 1732 synodo
936 1662 1061 1716 anni
1094 1660 1198 1717 552
1226 1660 1429 1717 conditi
1457 1660 1672 1725 fuerint,
1721 1676 1826 1716 non
1860 1676 1989 1716 vero
2019 1661 2074 1716 in

488 1733 577 1789 illa
606 1731 735 1787 anni
763 1731 886 1786 5-H.

980 1817 1049 1858 ex
1078 1817 1141 1857 eo
1164 1803 1395 1858 maxime
1421 1802 1793 1867 conﬁrmatur,
1825 1801 1947 1872 quia
1971 1801 2071 1858 hac
2102 1773 2152 1834 Β

496 1874 552 1930 in
583 1874 848 1930 sententia
874 1889 1061 1929 omnes
1091 1889 1120 1927 a
1147 1874 1491 1928 'l‘illemontio
1530 1873 1816 1943 propositae
1841 1872 2074 1929 difﬁcul-

495 1953 632 2001 tates
657 1945 961 2010 solvnntur,
1010 1945 1282 2014 probeque
1321 1945 1500 1998 omnia
1530 1941 1899 2014 conciliantur.
1930 1943 2069 2012 Pax,

529 2031 652 2071 uam
694 2026 815 2084 post
848 2013 1222 2086 gravissimum
1250 2015 1600 2070 Antiochense
1633 2013 1887 2086 Ecclesiae
1917 2016 2074 2070 dissi-

531 2086 639 2142 ium
681 2085 1064 2142 Constantinus
1093 2085 1316 2141 feliciter
1363 2088 1712 2154 compositam
1753 2085 1808 2140 in
1845 2085 2071 2153 epistola

491 2157 561 2212 ad
592 2157 842 2229 populum
868 2155 1263 2229 Antiochenum
1302 2157 1620 2226 gratulatur,
1655 2156 2076 2229 gmire_congruit

492 2226 615 2284 cuni
660 2226 767 2284 illis
813 2227 1164 2284 Antiochense
1207 2229 1481 2297 synodicae
1523 2226 1699 2281 verbis
1736 2245 1759 2297 :_
1791 2227 1986 2297 Sangta
2026 2238 2073 2280 et

491 2299 708 2370 paciﬁca
735 2300 990 2370 synodus,
1023 2307 1154 2370 etc.,
1187 2294 1368 2352 Gratia
1403 2307 1449 2351 et
1495 2298 1694 2370 ueritas
1723 2295 1849 2370 Iesu
1887 2294 2076 2370 Christi

490 2365 704 2424 Doniini
744 2365 790 2424 εἶ
821 2369 1110 2426 Saluatoris
1134 2369 1292 2421 nostri
1320 2375 1552 2421 sanctam
1578 2365 1939 2420 Antiochenam
1969 2365 2074 2420 Ec-

495 2442 700 2495 clesium
727 2442 963 2505 visitans,
987 2449 1032 2493 et
1059 2440 1113 2491 in
1141 2453 1300 2490 unum
1329 2447 1624 2490 connectens
1648 2453 1736 2507 per
1740 2437 2076 2507 concordiam

493 2518 542 2564 et
585 2527 886 2580 consensum
927 2508 1240 2580 pacatissimi
1269 2509 1508 2580 spiritus,
1556 2505 1659 2580 etc.
1699 2505 1918 2580 (Euseb.
1949 2508 1985 2561 Ι.
2017 2525 2075 2564 ιιι

496 2583 560 2634 de
600 2579 698 2634 Vit.
729 2576 1020 2646 Constant,
1053 2595 1100 2638 c.
1133 2576 1258 2650 60).
1295 2579 1555 2633 Eusebius
1584 2576 1949 2650 Cassariensis,
1982 2594 2075 2650 cu-

493 2651 900 2722 jns__interventu
937 2666 1039 2721 pax
1068 2650 1199 2703 inter
1217 2647 1563 2722 ’Antiochenos
1586 2652 1728 2722 facta
1751 2649 1850 2718 fuit
1877 2647 2073 2722 (Ibid.,

497 2719 545 2774 'c.
579 2719 711 2791 59),
755 2719 986 2791 primas,
1031 2723 1106 2774 uti
1155 2720 1490 2791 monuimus.
1530 2720 1583 2773 in
1634 2719 1819 2791 eadem
1870 2721 2076 2789 synodo

496 2789 677 2860 partes
724 2789 918 2858 gessit;
965 2805 1026 2844 ac
1064 2790 1290 2860 proinde
1333 2792 1534 2858 primus
1581 2801 1690 2844 tum
1737 2789 1789 2842 in
1834 2791 2076 2858 catalogo

496 2861 793 2917 canonibus
844 2863 1092 2932 praeﬁxo,
1145 2871 1253 2924 tum
1301 2861 1352 2916 in
1404 2860 1884 2929 subscriptionibus
1919 2860 2076 2932 apud

496 2947 688 2987 omnes
716 2929 1044 2988 nominatur.
1075 2933 1234 2986 Deest
1261 2933 1446 2986 autem’
1475 2946 1671 2985 nomen
1700 2929 1933 2999 episcopi
1967 2931 2078 2985 An-

493 3004 752 3067 tiocheni,
781 3004 976 3073 quippe
1004 3003 1120 3057 haec
1150 3002 1388 3073 synodus
1413 3002 1587 3055 habita
1622 3001 1722 3073 fuit
1742 3001 2076 3073 Antiochena

496 3075 628 3130 sede
654 3071 1064 3129 vocantcl'Cum
1106 3071 1266 3142 porro
1304 3072 1444 3126 idem
1480 3072 1740 3126 Eusebius
1771 3071 2078 3142 translatio-

2172 466 2554 540 Asse‘manum,
2579 475 2710 540 toni.
2742 469 2757 520 Ι
2787 466 3131 540 Bibliotheca:
3169 466 3482 534 Orientalis,
3518 485 3639 540 pag.
3673 472 3748 528 18

2164 542 2227 615 ot
2401 535 2680 590 Anatolius
2707 538 2918 615 tandem
2950 540 3263 615 Emissenus
3293 542 3344 615 ιιι
3367 532 3749 615 οςιιιὸίἶίοάιιιιῇ

2165 602 2263 685 5ρί
2302 603 2692 685 interessenon
2727 609 2916 685 potuit,
2945 626 3065 666 cum
3095 611 3245 665 initio
3265 610 3506 685 ejusdem
3528 611 3750 685 concilii

2169 674 2758 755 Eusebius-Emissenae
2788 679 2974 734 Eccles
2995 696 3041 735 ω
3071 674 3353 755 episcOpus
3377 680 3533 755 datus
3559 683 3747 738 fuerit.

2165 742 2223 798 ln
2256 743 2356 798 hac
2387 747 2546 814 igitur
2577 755 2721 802 tanta
2772 764 2951 804 rerum
2998 742 3574 807 omninm'concordia
3618 768 3748 808 cum

2167 815 2279 868 sola
2325 818 2530 886 synodo
2577 818 2714 900 anni.
2750 819 2855 900 552
2875 821 3040 900 ,_qu_i§
3067 822 3241 876 adhuc
3269 821 3780 900 ambiget-epotest,

2172 900 2308 1008 islil'l‘lr?
2327 900 2563 941 canones
2592 889 2911 961 An/tiocheni
2940 889 3120 948 eidem
3164 894 3368 964 synodo
3403 889 3749 962 adjudicandi

2168 965 2274 1009 stnt

2245 1026 2330 1080 16.
2372 1025 2556 1095 Neque
2579 1043 2708 1103 vero
2725 1033 3032 1103 scrupulum
3064 1033 3286 1088 incutiat
3305 1048 3476 1088 canon
3499 1045 3750 1103 quartus,

2173 1111 2358 1174 quem_
2376 1106 2563 1174 contra
2601 1099 2658 1154 S.
2709 1099 3056 1174 Athanasium
3088 1105 3140 1158 in
3172 1106 3494 1160 Arianorum
3518 1099 3754 1174 synodo

2174 1165 2310 1246 ann_i_
2329 1166 2426 1246 541
2463 1168 2661 1246 editum
2693 1171 3006 1228 defensores
3035 1175 3092 1229 S.
3125 1173 3345 1229 Joannis
3381 1165 3752 1246 Chrysostotni

2175 1237 2544 1314 gadideru‘nta
2587 1240 2716 1314 Nam
2777 1253 3132 1314 praeterquam
3186 1247 3327 1314 quod
3382 1246 3433 1298 id
3485 1237 3751 1314 negarunt

2174 1306 2546 1385 'l‘heOphiliani
2568 1306 2808 1380 ejusdem
2839 1306 3216 1385 Chrysostomi'
3237 1316 3451 1378 hostes,
3483 1306 3584 1384 qui
3599 1331 3754 1368 eum-

2175 1379 2295 1433 dem
2323 1393 2582 1453 canonern
2602 1379 3003 1451 ’Opposueran't,
3041 1385 3207 1453 ipsius
3229 1379 3539 1441 defensores
3566 1385 3616 1440 in
3647 1386 3749 1442 hoc

2175 1463 2387 1530 errasse
2414 1450 2712 1530 credimus,
2754 1468 2816 1507 ac
2847 1455 2901 1508 in
2930 1450 3178 1510 eumdem
3210 1471 3446 1510 errorem
3475 1455 3750 1530 induxisse

2175 1520 2337 1574 etiam
2383 1520 2518 1574 alios
2565 1533 2671 1576 tum
2721 1533 2955 1591 veteres,
3009 1536 3118 1579 tum
3170 1530 3517 1580 recentiores.
3559 1527 3747 1580 Omnia

2176 1592 2317 1645 enim
2348 1605 2468 1664 quae
2497 1591 2553 1646 S.
2598 1593 2888 1649 Athanasio
2933 1595 3002 1650 ab
3051 1595 3370 1650 Eusebianis
3397 1595 3606 1664 objecta
3641 1595 3750 1650 fue-

2178 1670 2302 1736 runt
2319 1661 2542 1736 crimina
2559 1672 2747 1736 exacte
2770 1665 3071 1736 referuntur
3097 1668 3150 1720 in
3175 1667 3400 1736 epistola
3426 1661 3550 1721 Julii
3578 1683 3744 1735 papae,

2177 1743 2231 1817 et
2265 1733 2316 1784 in
2344 1731 2607 1817 Operibus
2635 1735 2804 1816 ipsius
2836 1733 3011 1817 [ἧχι]
3041 1737 3112 1817 S.
3132 1731 3436 1817 Athanasii.
3464 1736 3518 1817 l_n
3548 1731 3750 1791 his-au-

2180 1813 2283 1855 tem
2308 1801 2509 1856 nullum
2535 1801 2737 1877 uspiam
2761 1801 3012 1861 indicium
3039 1816 3120 1861 est
3141 1808 3258 1877 ejus
3284 1807 3527 1862 criminis
3547 1821 3750 1863 canone

2175 1875 2710 1946 quarto__perstricti,
2761 1877 2902 1945 quod
2949 1875 3320 1946 scilicet‘post
3361 1877 3753 1946 depositionetn

2174 1944 2291 1997 sine
2322 1941 2430 2016 ullo
2463 1958 2602 1998 novo
2625 1941 2829 2016 judicio
2858 1948 2909 2001 in
2946 1962 3096 2002 suam
3128 1941 3313 2003 sedem
3347 1941 3598 2012 redierit,
3628 1965 3752 2004 cum

2178 2023 2353 2094 tamen
2383 2011 2484 2068 hoc
2514 2011 2744 2094 maxime
2773 2017 2975 2094 crimen
3003 2018 3196 2072 abillis
3232 2011 3613 2094 Opponendum
3643 2019 3754 2074 fuc-

2177 2086 2274 2150 rit,
2307 2086 2350 2136 si
2385 2094 2572 2139 contra
2614 2086 2963 2141 Athanasium
2995 2103 3115 2143 eum
3144 2086 3404 2144 canoncni
3436 2089 3750 2145 edidissent.

2177 2154 2233 2209 1d
2260 2155 2433 2234 solum
2452 2168 2906 2234 praesumpserunt
2925 2159 3315 2234 defensores_S_.
3342 2158 3565 2214 Joannis
3585 2159 3756 2232 Chry-

2177 2227 2530 2299 sostomi,_eo
2569 2228 2709 2299 quod
2741 2227 2881 2283 hunc
2909 2244 3168 2284 canoncm
3207 2230 3381 2285 eidem
3427 2240 3617 2284 sancto
3647 2227 3755 2299 epi«

2177 2310 2341 2365 scopo
2371 2309 2398 2348 a
2429 2296 2834 2365 Theopliilianis
2880 2301 3147 2368 objectum
3198 2301 3339 2354 inter
3383 2296 3754 2356 Antiochen'os

2178 2369 2342 2436 naCti,
2375 2368 2542 2440 solam
2565 2382 2952 2440 cognoscerent
2979 2369 3369 2426 Antiochenam
3400 2371 3668 2440 synodum
3699 2372 3753 2425 in

2177 2437 2428 2494 enczeniis
2460 2437 2693 2492 habitam
2723 2452 2863 2493 anno
2892 2441 2988 2494 541
3013 2483 3027 2506 ,
3071 2456 3229 2508 quam
3273 2437 3668 2497 condemnasse
3695 2441 3752 2497 S.

2178 2509 2527 2564 Athanasium
2573 2523 2639 2563 ex
2687 2511 2807 2564 altis
2847 2509 3184 2566 documentis
3233 2511 3571 2565 notissimum
3618 2521 3754 2567 erat.

2179 2578 2315 2635 Hinc
2337 2581 2498 2636 etiam
2526 2593 2622 2647 per
2648 2594 2890 2634 errorem
2923 2580 3047 2635 huic
3077 2579 3423 2651 frequentiori
3447 2596 3511 2636 ac
3537 2582 3758 2650 pleniori

2178 2651 2383 2721 synodo
2404 2651 2765 2718 ascripserunt
2779 2652 3046 2721 minorem
3075 2667 3354 2706 numerum
3380 2655 3756 2721 episcoporum

2179 2719 2558 2792 quadraginta,
2593 2731 2650 2774 ut
2675 2736 2738 2775 ex
2776 2719 3014 2776 Palladio
3036 2722 3336 2776 audivimus
3359 2763 3373 2784 ,
3413 2719 3758 2791 apud—quem

2179 2800 2357 2870 tamen
2389 2805 2487 2862 pro
2518 2793 2929 2870 rsaoapézovra,
2961 2792 3646 2870 quadraginta,_|egendu_m
3677 2802 3758 2848 est

2179 2863 2480 2940 τρξᾴκογτα,
2512 2863 2751 2940 triginta,-
2794 2863 3012 2940 totidem
3052 2864 3200 2940 enim
3227 2863 3758 2940 prteferebatcrmca

2178 2932 2459 3003 collectio,
2491 2932 2563 3003 uti
2586 2947 2662 3003 ex
2703 2934 3042 3003 versionibus
3093 2934 3328 3003 antiquis
3370 2933 3657 2988 lsidoriana
3700 2945 3758 2988 et

2183 3002 2446 3057 lladriana
2474 3001 2728 3072 colligere
2759 3003 2899 3056 licet.
2934 3002 3086 3057 Hunc
3112 3001 3360 3058 nimirum
3383 3007 3754 3072 episcoporum

2182 3088 2465 3127 numerum
2508 3072 2583 3126 illi
2625 3088 2728 3126 non
2776 3088 2838 3127 ex
2886 3074 3016 3141 ipsis
3057 3075 3203 3128 Actis
3240 3076 3423 3143 synodi
3451 3075 3575 3125 anni
3607 3074 3750 3143 541,

495 3161 620 3200 nem
649 3159 742 3200 seu
767 3141 1119 3199 mutationem
1139 3144 1282 3197 sedis
1311 3152 1640 3206 recusasset,
1679 3155 1849 3196 canon
1872 3141 1961 3208 21,
1984 3143 2072 3212 qui
2099 3143 2146 3206 Ο
2178 3145 2271 3198 sed
2303 3159 2371 3198 ex
2412 3143 2596 3198 Graeca
2640 3143 2958 3198 collectione
2995 3141 3662 3208 evidentcr'sumpserunt.
3691 3142 3756 3199 Si

495 3215 595 3269 has
628 3214 1003 3270 translationes
1041 3222 1221 3280 vetat,
1266 3213 1390 3266 huic
1427 3213 1632 3282 synodo
1675 3212 1903 3267 maxime
1944 3227 2074 3267 con-

495 3287 675 3356 gruit;
726 3301 847 3340 cum
894 3285 1192 3356 praesertim
1240 3284 1530 3356 imperator
1561 3284 1656 3356 has
1697 3283 2075 3356 translationes

494 3353 875 3412 ecclesiasticae
896 3353 1202 3425 disciplina:
1229 3354 1531 3409 contrarias
1555 3355 1667 3425 suis
1703 3353 1767 3407 ad
1809 3355 2072 3424 synodum

495 3425 690 3483 litteris
719 3424 1053 3490 declarans,
1083 3426 1135 3481 id
1177 3440 1235 3480 se
1281 3439 1476 3494 cupere
1515 3424 1823 3494 scripserit,
1863 3433 1921 3478 ut
1949 3436 2075 3480 ante

493 3497 814 3554 electionem
843 3500 962 3552 novi
1006 3497 1250 3566 prtesulis
1293 3513 1353 3550 ea
1395 3495 1786 3566 degernereutur
1811 3511 1922 3562 qua
1945 3511 2074 3564 apo-

493 3569 739 3624 stolarum
764 3563 1028 3622 traditioni
1055 3567 1393 3620 consentiunt.
1434 3563 1532 3633 His
1571 3566 1701 3618 enim
1729 3563 2073 3633 prwstruciis,

497 3639 707 3709 inquit,
754 3649 921 3692 vestra
958 3637 1228 3709 prudentia
1261 3638 1418 3709 juxta
1468 3631 1984 3709 Ecclesiw'regnfout
2032 3644 2080 3687 et

494 3702 836 3777 apostolicum
866 3702 1197 3777 traditionem
1242 3702 1336 3777 t'tar
1364 3702 1824 3777 Itanc_electionetn
1858 3705 2077 3773 dirigere

497 3773 717 3848 poterit,
762 3775 1190 3848 quemadmodum
1233 3773 1590 3848 ecclesiastici;
1618 3773 1907 3843 disciplina:
1944 3777 2079 3827 ratio

497 3845 952 3919 postulatilbid”
994 3845 1369 3919 c._fif2_).‘llinc
1410 3845 1691 3912 praecisum
1733 3854 1942 3919 tempus
1972 3860 2078 3914 quo

497 3915 552 3974 in
585 3919 686 3973 hac
717 3917 934 3988 Synodo
969 3916 1168 3988 conditi
1215 3915 1429 3988 fuerunt
1468 3928 1702 3988 canones
1734 3915 2074 3988 manifestum

498 3997 611 4054 est,
664 3984 915 4043 nimirum
955 3996 1076 4056 post
1120 3984 1466 4056 imperatoris,
1500 3984 1706 4039 litteras
1733 3993 1787 4039 et
1815 3995 1939 4040 ante
1968 3985 2079 4041 ele-

499 4061 735 4115 ctionem
766 4055 1080 4127 Euphronii.
1105 4058 1236 4111 Cum
1266 4069 1427 4124 porro
1457 4055 1541 4109 hic
1581 4056 1654 4127 ab,
1676 4055 1941 4124 episcopis
1967 4071 2079 4111 sua:

498 4131 797 4184 dimceseos
844 4125 1005 4184 fuerit
1048 4128 1362 4192 ordinatus,
1411 4141 1584 4181 canon
1629 4125 1869 4180 decimus
1908 4141 2081 4181 nonus

502 4200 634 4256 nihil
663 4208 944 4270 repugnat.
970 4198 1182 4270 Nictena
1214 4196 1450 4267 synodus
1483 4197 1694 4250 vivente
1722 4195 2079 4252 Constantino

500 4269 735 4326 maximo
775 4271 978 4326 honore
1022 4269 1200 4323 habita
1243 4280 1392 4330 erat;
1443 4282 1506 4322 ac
1553 4276 1829 4336 propterea
1880 4269 2082 4336 primus

499 4356 674 4413 canon
708 4341 830 4397 huic
851 4340 1064 4413 synodo
1090 4354 1153 4393 ac
1180 4337 1406 4413 tempori
1435 4339 1638 4413 optime
1669 4339 1936 4413 congruit,
1973 4339 2080 4392 Eu-

504 4412 656 4467 sebio
683 4408 980 4481 praesertim
1020 4421 1241 4466 curante
1260 4450 1276 4476 ,
1305 4411 1396 4479 qui
1421 4408 2079 4481 constitutumNictenutn

499 4483 569 4536 de
599 4477 856 4537 Paschate
884 4483 938 4536 in
974 4497 1040 4536 eo
1068 4496 1273 4536 canone
1302 4477 1678 4535 confirmatum
1713 4477 1927 4533 eximiis
1969 4480 2080 4533 lau-

500 4552 656 4606 dibus
685 4556 876 4606 extulit
916 4550 1110 4621 (lbid.,
1152 4568 1179 4601 ιι
1234 4552 1361 4619 18).
1391 4550 1660 4604 Numerus
1685 4549 2076 4621 episc0p0rum

501 4623 715 4690 triginta
745 4633 798 4677 et
826 4619 1114 4691 provincia:
1149 4631 1354 4690 septem
1378 4622 1542 4674 solius
1572 4620 1919 4676 Antiochena:
1939 4619 2077 4675 dim-

503 4693 675 4756 cesis,
710 4702 819 4746 tum
853 4693 904 4746 in
940 4691 1127 4746 Grazco
1149 4701 1324 4754 textu,
1359 4697 1468 4743 tum
1496 4691 1546 4745 iu
1570 4691 1904 4747 versionibns
1935 4691 2079 4746 Lati-

501 4763 606 4828 nis,
658 4763 934 4818 recensitae
961 4777 1082 4816 cum
1116 4762 1216 4816 hac
1249 4760 1456 4831 synodo
1503 4762 1668 4830 probe
1711 4763 2076 4829 conveniunt,

502 4848 622 4901 quae
667 4849 788 4888 cum
835 4833 939 4886 alia
995 4833 1220 4901 pleniori
1269 4829 1478 4901 synodo
1508 4829 1642 4884 anni
1671 4831 1768 4885 5M
1807 4833 1949 4886 nulla
1993 4849 2080 4887 ra-

500 4904 651 4958 tione
675 4903 1023 4957 concordant.
1055 4902 1207 4970 Quod
1248 4904 1293 4954 si
1332 4901 1686 4969 'l‘heodorus,
1743 4902 1978 4956 Jacobus
2027 4913 2081 4958 et

500 4972 804 5037 Anatolius,
837 4974 889 5026 in
921 4974 1164 5042 catalogo
1194 4971 1528 5027 Antiocheno
1560 4971 1844 5042 descripti,
1873 4984 2076 5040 essent,

502 5055 562 5099 ut
593 5044 857 5106 videntur,
900 5041 1220 5098 Theodorus
1252 5043 1612 5109 Laodicenus,
1664 5041 1897 5097 Jacobus
1945 5043 2080 5098 Nisi-

502 5115 684 5171 bensis
727 5124 782 5168 et
809 5114 1089 5168 Anato:ius
1136 5113 1464 5179 Emissenus,
1494 5114 1586 5182 qui
1617 5113 1668 5167 in
1701 5115 1916 5169 Νίσαιηο
1937 5125 2085 5168 cata-

503 5186 626 5255 logo
651 5186 1016 5249 inveniuntur,
1053 5199 1187 5238 nova
1227 5184 1525 5238 evidentior
1563 5183 1904 5255 conﬁrmatio
1933 5199 2085 5240 accc-

505 5254 655 5312 deret
681 5255 750 5311 ad
780 5255 1210 5311 constituendam
1237 5255 1498 5322 synodum
1527 5256 1652 5307 anni
1675 5254 1796 5319 532,
1821 5263 1874 5308 et
1897 5256 2082 5309 exclu-

505 5327 730 5382 dendain
757 5327 902 5380 illam
920 5326 1043 5380 anui
1062 5325 1187 5380 5H.
1210 5324 1419 5378 Etenim
1442 5340 1582 5378 anno
1603 5325 1708 5379 555
1725 5326 2083 5380 Laodicenam

506 5397 690 5451 sedent
724 5413 828 5451 non
863 5397 1078 5453 tenebat
1121 5395 1350 5463 amplius
1379 5394 1728 5460 Theodorus,
1777 5395 1871 5449 sed
1920 5396 2088 5451 Geor-

506 5467 656 5536 gius,
699 5469 789 5536 qui
831 5471 883 5522 in
923 5467 1132 5539 synodo
1177 5466 1301 5539 Tyri
1352 5467 1474 5539 anni
1517 5464 1786 5539 ejusdem_‘
1808 5465 1980 5539 sedit,
2033 5477 2091 5521 ut

507 5539 676 5606 liquet
719 5554 784 5590 ex
831 5536 1105 5593 Athanasii
1160 5537 1400 5606 apologia
1448 5536 1699 5590 secunda.
1751 5537 1806 5590 S.
1853 5536 2089 5593 Jacobus

508 5605 808 5676 Nisibensis
834 5621 972 5662 anno
1003 5608 1106 5663 649
1136 5605 1356 5676 epochzn
1400 5605 1740 5671 Graecorum,
1775 5607 1823 5661 id
1857 5618 1936 5662 est
1967 5623 2090 5663 terte

509 5675 745 5744 vulgaris
772 5691 911 5732 anno
940 5680 1065 5741 558,
1088 5694 1118 5732 e
1145 5675 1276 5733 vivis
1306 5685 1635 5741 excesserat,
1661 5678 1792 5732 utin
1816 5677 2090 5733 Edesscno

510 5745 780 5805 Chronico
807 5754 1038 5812 notatur,
1071 5763 1168 5803 nec
1197 5766 1304 5804 non
1335 5753 1386 5804 in
1416 5749 1522 5804 alio
1543 5745 1808 5804 Chronico
1852 5749 2088 5818 Dionysii

2106 4518 2163 4579 D

2177 3215 2319 3268 enim
2354 3216 2487 3268 Acta
2515 3215 2633 3280 eius
2662 3213 2850 3283 synodi
2872 3215 3296 3280 consuluissent,
3339 3224 3393 3269 et
3435 3215 3500 3283 in,
3523 3213 3586 3266 tis
3611 3227 3759 3283 repe-

2177 3286 2383 3339 rissent
2413 3282 2819 3348 canones,’non
2853 3284 3095 3353 triginta,
3134 3286 3217 3339 vel
3253 3282 3639 3354 quadraginta,
3665 3282 3759 3338 sed

2178 3356 2247 3411 95
2278 3356 2496 3410 circiter
2538 3356 2823 3424 episc0pos
2853 3355 2905 3408 in
2936 3371 3002 3408 eo
3040 3353 3279 3409 concilio
3295 3353 3758 3424 coactosdidicis-

2179 3435 2318 3480 sent.
2360 3426 2437 3480 Eo
2474 3425 2636 3494 igitur
2664 3423 3005 3492 prmjudicio,
3034 3441 3140 3494 quo
3166 3427 3333 3481 solam
3365 3423 3629 3494 synodum
3654 3423 3760 3478 An-

2179 3497 2482 3550 tiochenam
2526 3494 2654 3548 anni
2697 3495 2797 3550 3H
2831 3497 3259 3564 cognoscebant,
3294 3495 3393 3549 ltos
3431 3508 3670 3550 canones
3707 3494 3761 3550 iu

2120 3617 2130 3628 ,
2179 3565 2366 3620 Graeca
2397 3564 2713 3619 collectione
2741 3567 2984 3619 inventos
3021 3581 3142 3620 cum
3166 3566 3354 3620 eodem
3404 3565 3623 3633 triginta
3668 3578 3760 3620 seu

2181 3635 2526 3707 quadraginta
2557 3635 2932 3707 episcoporum
2972 3651 3196 3690 numero
3217 3635 3399 3707 eidem
3433 3636 3645 3707 synodo
3669 3636 3762 3689 tri-

2182 3704 2434 3761 buerunt.
2466 3706 2633 3760 lmmo
2668 3706 2808 3767 hunc
2841 3720 3080 3760 errorem
3119 3706 3356 3761 ebibisse
3405 3704 3655 3760 videntur
3697 3719 3762 3760 ex

2182 3777 2295 3846 ipsa
2327 3777 2676 3845 inscriptione
2705 3777 2877 3830 Graeci
2906 3775 3136 3844 codicis,
3188 3791 3306 3845 quze
3345 3776 3398 3830 in
3441 3775 3759 3845 quibusdam

2183 3848 2578 3916 exemplaribus
2605 3848 2822 3901 eosdem
2843 3861 3076 3901 canones
3106 3847 3426 3902 constitutos
3447 3846 3766 3913 prteferebat

2182 3917 2486 3972 Antiochiae
2537 3916 2602 3969 In
2651 3918 2910 3971 encwniis.
2941 3917 2995 3971 In
3026 3917 3341 3987 quibusdam
3373 3917 3766 3987 exemplaribus

2185 3989 2384 4043 Grmcis
2417 3988 2682 4050 diximus,
2716 4003 2821 4042 non
2849 3997 3026 4042 autem
3046 3985 3114 4042 'in
3144 3988 3414 4042 omnibus.
3447 3985 3581 4041 Cum
3623 3988 3766 4042 enim

2183 4074 2344 4114 voces
2377 4058 2440 4111 In
2470 4059 2706 4130 enocteniis
2735 4072 2887 4130 pura,
2914 4058 3153 4130 Dionysii
3175 4059 3352 4113 versio
3382 4059 3439 4130 in
3468 4067 3625 4112 antea
3649 4072 3770 4130 Arne-

2185 4130 2409 4184 moratis
2443 4129 2716 4183 codicibus
2753 4128 2984 4182 exhibita
3024 4128 3333 4198 prastereat,
3367 4128 3613 4183 Graecum
3647 4128 3770 4198 Dio-

2184 4201 2323 4270 nysii
2351 4201 2661 4266 exemplum
2705 4199 2892 4270 iisdem
2934 4200 3174 4254 caruisse
3217 4198 3546 4253 manifestat.
3579 4198 3657 4270 Ex
3686 4197 3771 4254 his

2185 4269 2346 4341 porro
2375 4271 2421 4324 si
2463 4271 2799 4341 Innocentius
2839 4269 2885 4333 l,
2915 4271 3070 4338 epist.
3103 4270 3247 4341 7,7n.
3293 4273 3354 4334 5,
3401 4269 3773 4341 Antiochenos

2185 4339 2422 4395 canones
2453 4340 2719 4395 haereticis
2747 4342 3060 4394 auctoribus
3090 4340 3304 4404 tribuit;
3336 4354 3458 4393 cum
3487 4339 3542 4394 id
3569 4354 3677 4393 non
3701 4355 3779 4392 ex.

2188 4413 2402 4480 propria
2435 4411 2656 4474 notitia,
2688 4410 2782 4464 sed
2811 4425 2880 4464 cx
2915 4411 3174 4464 relatione
3215 4410 3557 4464 defensorum
3597 4407 3773 4480 Chry-

2187 4479 2411 4536 SOstomi
2429 4523 2444 4546 ,
2477 4482 2672 4551 quibus
2697 4479 3014 4546 respondet,
3045 4482 3321 4544 scripserit
3349 4479 3528 4550 (solos
3553 4479 3772 4549 quidem

2187 4553 2434 4606 Nicmoos
2487 4567 2718 4606 canones
2774 4551 3066 4605 Romanam
3129 4551 3421 4607 Ecclesiam
3479 4565 3775 4620 agnoscere

2187 4624 2381 4678 ibidem
2414 4623 2668 4689 fatetur),
2699 4621 2824 4676 nihil
2847 4636 3063 4677 movere
3089 4621 3269 4686 debet,
3299 4621 3439 4675 sicut
3463 4636 3563 4675 nec
3588 4629 3773 4690 poste—

2188 4695 2389 4748 riorum
2431 4693 2754 4761 scriptorum
2799 4693 3117 4756 auctoritas,
3156 4693 3246 4761 qui
3277 4693 3521 4746 eamdem
3555 4706 3672 4745 rem
3706 4705 3775 4746 ex

2189 4764 2378 4819 iisdem
2411 4761 2783 4833 Cluysostonii
2811 4761 3180 4816 defensoribus
3206 4761 3561 4817 tradiderunt.

2263 4838 2348 4890 t7.
2395 4829 2611 4888 interim
2657 4834 2702 4886 si
2748 4847 2917 4886 canon
2963 4842 3180 4898 quartus
3225 4842 3410 4886 contra
3438 4833 3495 4886 S.
3537 4829 3776 4885 Athana-

2190 4907 2330 4960 sium
2361 4907 2538 4959 editus
2568 4919 2671 4956 non
2704 4904 2951 4957 credatur
2981 4903 3032 4956 in
3065 4902 3271 4973 synodo
3311 4901 3604 4973 anni'541,
3642 4899 3775 4956 nihil
3835 4957 3838 4961 ,

2191 4992 2286 5045 per
2333 4991 2391 5029 se
2440 4976 2680 5028 continet
2721 4972 3282 5045 quod_ecclesiastictc
3322 4972 3628 5045 disciplina;
3663 4986 3772 5045 non

2190 5041 2422 5100 maxime
2453 5055 2713 5114 congruat
2741 5041 2759 5099 ξ
2793 5043 2933 5098 unde
2962 5043 3090 5096 nihil
3123 5044 3314 5096 mirum
3337 5043 3382 5114 si
3411 5045 3479 5096 ab
3512 5041 3775 5114 Ecclesia,

2191 5128 2301 5171 tum
2336 5118 2539 5180 Graeca,
2565 5112 2678 5168 ium
2705 5114 2915 5177 Latina,
2942 5116 3076 5168 inter
3104 5114 3314 5182 regulas
3336 5113 3548 5166 Patrum
3572 5112 3778 5168 relatus

2189 5187 2291 5241 fuit
2321 5201 2440 5240 cum
2462 5186 2671 5240 castoris
2699 5185 2993 5240 canonibus
3022 5183 3393 5248 Autiochenis,
3425 5182 3516 5251 qui
3539 5197 3631 5251 per
3650 5195 3779 5236 sese

2190 5257 2459 5317 similiter.
2490 5272 2740 5326 perversa
2771 5255 3208 5326 interpretatione
3230 5254 3464 5326 seclusa,
3483 5251 3776 5326 teqnissimi

2195 5339 2340 5383 sunt.
2373 5323 2656 5382 Etsi'enitn
2689 5323 2924 5380 canones
2957 5325 3223 5380 secundus
3249 5333 3300 5378 et
3330 5325 3547 5393 quintus
3570 5323 3622 5376 in
3644 5336 3778 5376 con-

2194 5399 2318 5454 cilio
2345 5401 2467 5452 anni
2500 5396 2604 5451 552
2623 5397 2753 5450 editi
2785 5396 3085 5457 videantur,
3117 5403 3304 5448 contra
3344 5409 3439 5448 eos
3479 5393 3780 5447 catholicos

2197 5475 2322 5538 qui,
2352 5484 2474 5524 cum
2500 5467 2556 5523 S.
2598 5467 2882 5522 Eustathio
2917 5465 3280 5538 Antiocheno,
3329 5464 3606 5538 aliquanto
3651 5472 3781 5518 ante

2199 5536 2377 5609 inique
2422 5540 2739 5594 Arianorum
2784 5549 2903 5591 arte
2949 5536 3229 5609 deposito,
3282 5537 3778 5609 connnunicantes,

2197 5607 2384 5664 eorum
2413 5611 2788 5678 episcopormn
2818 5609 2908 5678 qui
2950 5607 3026 5662 illi
3066 5607 3337 5676 subrogati
3381 5609 3588 5678 fuerant
3631 5619 3780 5678 com-

2196 5681 2504 5736 munionem
2535 5677 2884 5741 reensahant;
2930 5692 3052 5732 cum
3100 5687 3276 5733 tamen
3307 5678 3465 5731 iidem
3499 5677 3740 5730 lttrretici
3761 5712 3777 5735 .

2197 5750 2546 5808 Constantino
2580 5751 2881 5820 imperante
2909 5749 3126 5816 occulti,
3157 5750 3209 5804 in
3236 5763 3299 5804 eo
3321 5747 3638 5817 deponendo
3671 5760 3777 5800 non
