4014 6346
604 340 676 410 t1
1051 358 1057 367 ’
1111 356 1117 360 -
1168 353 1191 363 ί·
1226 353 1237 361 ·
1293 356 1297 360 ’
1536 348 1624 403 AD
1661 346 1889 405 orsus
1930 349 1987 405 s.
2030 340 2272 406 LEONIS
2310 336 2519 406 MAGNI
2558 338 2921 406 APPENDIX.
3220 342 3245 345 "
3286 335 3296 357 ‘
3831 350 3912 412 48

605 469 919 543 Symbolum
940 476 1021 543 _et
1062 469 1333 543 catalogus
1390 468 1591 543 [xxxvr]
1643 471 1860 543 Patrum
1912 471 2192 528 Hadriana:
2220 471 2273 533 Α
2298 480 2389 525 aut
2428 470 2746 543 acquiescere
2780 486 2885 524 non
2918 466 3305 543 volentesthac
3334 472 3544 523 utuntur
3572 467 3796 543 regula.
3838 468 3913 526 Et

603 540 1138 611 collectioniinserta
1164 540 1398 596 fuerunt.
1428 540 1614 595 Graeca
1645 541 1804 608 igitur
1831 544 2183 611 exemplaria,

602 628 673 669 ex
694 612 887 684 quibus
915 610 1301 684 haeversiones
1331 620 1558 684 sumpta:
1591 621 1737 679 sunt,
1788 621 1844 668 et
1872 610 2186 684 Symbolum

602 628 673 669 ex
732 628 887 667 uiuus
915 628 999 666 me
1028 628 1301 666 versiones
1331 628 1558 681 sumptas
1591 628 1737 679 sunt,
1788 628 1844 668 et
1872 628 2186 684 hymnotum

601 692 658 739 et
694 628 915 738 ίὶδιιιι-ιιιιι
980 681 1314 753 Νἰοωηοηιηι
1376 682 1675 753 catalogum
1744 684 2187 753 praeseferebant.

601 754 763 810 Certe
812 768 933 809 cum
973 752 1205 808 Africani
1234 768 1377 807 anno
1418 752 1523 807 M9
1562 752 1855 820 ’pctiissent
1900 756 1968 810 ab
2013 756 2188 811 Attico

600 825 857 895 episcopo
894 824 1483 893 Constantinopolitano
1521 824 1759 880 notitiam
1798 840 2064 881 canonum
2098 827 2189 882 Ni-

600 910 897 966 caeum-um,
920 896 964 950 is
993 909 1096 949 non
1114 903 1225 949 tam
1249 910 1486 951 canones
1504 911 1662 966 quam
1685 896 1994 966 Symbolum
2017 913 2049 953 e
2075 898 2188 953 suis

604 964 809 1021 Cinneis
853 966 1244 1035 exemplaribus
1294 966 1480 1022 Latine
1525 964 1767 1022 redditos
1818 968 1981 1023 misit.
2053 968 2187 1025 Vide

605 1049 743 1106 part.
776 1053 841 1099 tt,
876 1051 993 1104 cap.
1023 1037 1060 1091 2
1080 1076 1095 1101 ,
1127 1052 1183 1090 n.
1215 1036 1270 1091 5.
1322 1036 1521 1092 Eadem
1551 1038 1761 1093 ratione
1784 1037 1967 1094 szeca
2000 1054 2185 1094 exem-

604 1108 770 1177 plaria
814 1108 1006 1179 quibus
1052 1116 1301 1179 auctores
1348 1109 1653 1163 versionum
1705 1109 1897 1179 prisca:
1937 1118 1991 1164 et
2021 1110 2185 1165 Isido-

602 1179 767 1233 rianae
816 1178 896 1233 usi
946 1188 1109 1244 sunt,
1166 1179 1218 1232 in
1263 1177 1665 1246 Gangrensibus
1704 1177 1996 1234 canonibus
2025 1189 2185 1249 atque

600 1250 952 1319 Antiochenis
988 1258 1182 1318 przeter
1222 1262 1458 1303 canones
1501 1249 1785 1319 synodicis
1822 1253 1980 1305 etiam
2008 1253 2183 1305 conti-

599 1317 801 1374 nebant
825 1360 841 1386 ,
881 1317 1104 1390 quarum
1138 1319 1353 1388 quidem
1395 1317 1614 1376 Grtceus
1650 1330 1826 1375 textus
1862 1323 2108 1376 inventus
2132 1332 2186 1377 et

598 1391 775 1445 editus
805 1399 907 1446 est.
961 1390 1086 1443 11ωο
1114 1398 1290 1447 autem
1316 1392 1494 1445 omnia
1547 1406 1666 1445 cum
1718 1392 2089 1446 desiderentur
2129 1394 2182 1447 in

600 1476 733 1532 pura
759 1460 1287 1532 versioneDionysit,
1311 1462 1385 1515 uti
1410 1478 1475 1516 ex
1498 1461 1707 1517 duobus
1732 1463 1878 1532 puris
1906 1464 2020 1531 ejus
2051 1479 2181 1518 mss.

597 1530 720 1587 Vat.
750 1533 891 1587 5845
911 1543 963 1586 et
988 1531 1104 1586 Vat.
1132 1532 1298 1586 Palat.
1324 1532 1449 1597 577,
1473 1533 1722 1601 Colligere
1736 1530 1912 1597 licuit,
1938 1530 2183 1589 Graecum

598 1603 838 1671 profecto
864 1602 1101 1671 Dionysii
1124 1603 1449 1671 exemplum,
1473 1605 1613 1671 quod
1644 1620 1673 1657 a
1695 1605 1868 1673 capite
1896 1604 1959 1658 ad
1980 1604 2182 1659 calcem

597 1682 845 1729 accurate
875 1674 1126 1741 reddidit,
1161 1673 1346 1727 iisdem
1380 1677 1619 1728 carebat.
1651 1674 1821 1729 Graeci
1855 1675 2013 1744 igitur
2038 1676 2185 1730 codi-

596 1758 690 1798 ces
720 1759 986 1798 canentum
1014 1744 1082 1798 ab
1122 1744 1242 1798 aliis
1281 1748 1592 1798 memoratis
1621 1746 1853 1812 antiquis
1880 1747 2184 1808 interpreti-

595 1813 698 1885 bus
723 1814 941 1869 adhibiti
972 1830 1002 1868 a
1036 1816 1357 1885 DionySiano
1384 1824 1536 1869 erant
1560 1815 1789 1881 diversi,
1823 1825 1877 1871 et
1908 1819 1976 1869 ita
2008 1817 2182 1871 diver-

595 1884 644 1939 si
675 1926 690 1948 ,
738 1895 794 1939 ut
828 1901 944 1939 eam
987 1901 1331 1939 numerorum
1361 1886 1555 1940 seriem
1590 1930 1602 1951 ,
1652 1901 1755 1955 qua
1786 1886 2037 1955 pra-ditus
2065 1897 2181 1941 erat

594 1956 766 2027 codex
815 1957 1088 2027 Dionysii,
1135 1956 1542 2025 haudquaquam
1593 1956 1812 2027 ferrent.
1872 1958 2181 2012 Additiones

596 2026 740 2099 enim
772 2027 959 2099 saltem
988 2026 1225 2099 Symboli
1256 2027 1307 2099 in
1335 2026 1915 2099 canonihusNicaenis,
1946 2038 2001 2082 et
2021 2044 2183 2099 syno-

594 2096 837 2150 dicarum
878 2098 930 2151 in
978 2097 1374 2167 Cangrensihus
1421 2107 1581 2167 atque
1626 2098 2009 2165 Antiochenis,
2051 2096 2179 2153 cum

594 2168 873 2222 auxissent
921 2182 1218 2235 numeros,
1274 2168 1433 2223 aliant
1487 2169 1779 2223 auctiorem
1835 2184 2181 2224 numerorum

593 2237 1051 2311 computationem
1102 2238 1472 2305 induxissent,
1507 2255 1625 2311 qua:
1666 2241 1730 2294 ad
1770 2240 2179 2311 abjudicandam

592 2307 663 2381 ab
690 2307 775 2381 his
803 2309 1076 2365 codicibus
1107 2307 1701 2381 numerorumhs'eriem
1750 2307 1951 2381 codicis
1985 2311 2183 2381 Diony-

587 2379 729 2437 Iiani
756 2424 771 2448 ,
818 2390 872 2435 et
900 2381 968 2435 ad
1000 2382 1320 2435 sententiam
1353 2379 1552 2450 publici
1596 2380 1799 2435 codicis
1841 2382 1937 2434 hac
1984 2379 2182 2435 statuta

587 2464 940 2507 numerorum
970 2453 1111 2506 serie
1138 2450 1305 2505 notati
1334 2450 1678 2505 refellendam
1710 2450 2001 2506 sufﬁceret.
2048 2450 2180 2506 Cum

588 2535 724 2577 vero
756 2522 811 2577 in
842 2522 1032 2579 iisdem
1054 2520 1391 2576 versionibus
1428 2520 1587 2590 hujus
1627 2522 1949 2577 continuata:
1989 2536 2179 2576 nume-

591 2606 779 2647 rorum
825 2591 1117 2647 notationis
1164 2592 1368 2646 nullum
1414 2592 1668 2646 indicium
1708 2594 1817 2658 sit,
1850 2592 2183 2661 probabilius

2210 1853 2259 1913 Β

2297 559 2359 597 ex
2390 539 2560 597 codice
2586 542 2760 611 relegit
2790 545 2897 595 hac
2926 556 2943 593 :
2977 539 3051 595 De
3077 539 3273 595 clericis
3301 548 3349 593 et
3381 539 3670 611 monachis,
3703 541 3799 606 qui
3825 558 3910 596 se-

2292 615 2528 685 metipsos
2556 629 2587 667 a
2626 608 2977 667 communione
3012 611 3349 685 suspendunt.
3402 608 3463 665 Si
3500 610 3772 685 presbyter
3813 625 3912 685 ang

2293 681 2539 738 diaconus
2580 699 2731 737 suum
2760 690 3083 737 contemnens
3120 682 3410 751 episcopum
3432 721 3445 741 ,
3473 690 3579 751 etc.
3613 681 3800 750 (Tom.
3830 681 3907 737 ιν

2293 754 2449 810 Cone.
2484 756 2588 811 col.
2626 754 2795 821 Ml8,
2825 753 2905 823 d).
2943 750 3156 823 Titulus
3180 751 3464 823 peculiaris
3496 750 3579 823 De
3616 750 3831 808 clericis
3858 764 3909 809 et

2293 826 2557 879 monachis
2585 870 2598 891 ,
2642 834 2749 881 etc.
2776 864 2790 889 ,
2836 822 2889 878 in
2927 822 3067 879 Aetii
3109 822 3296 880 codice
3331 822 3671 893 descriptus,
3717 824 3817 894 qui
3847 825 3904 881 in

2292 896 2437 950 nulla
2479 896 2697 966 antiqua
2722 936 2738 961 ,
2788 908 2887 950 nec
2929 894 2981 949 in
3022 894 3341 966 Dionysiana
3378 894 3663 966 versione,
3707 909 3818 950 nec
3845 896 3901 952 in

2292 966 2482 1023 Graeco
2511 964 2727 1035 vulgato
2767 965 3035 1021 invenitur
3059 1007 3073 1029 ,
3114 964 3385 1021 diversum
3428 964 3672 1020 codicem
3717 969 3901 1022 maui-

2290 1034 2473 1103 festat,
2505 1036 2557 1091 in
2585 1034 2691 1107 quo
2719 1037 2913 1102 nullus,
2941 1051 3009 1091 ue
3037 1036 3327 1106 peculiaris
3356 1036 3592 1104 quidem.
3622 1051 3897 1093 numerus

2291 1106 2892 1177 canonibus’appositus
2925 1115 3074 1175 erat,
3106 1114 3163 1161 et
3197 1108 3465 1163 diversum
3503 1106 3672 1162 etiam
3700 1122 3737 1161 a
3767 1108 3894 1164 Dio-

2291 1179 2547 1249 nysiano,
2584 1178 2669 1233 cui
2702 1192 3042 1249 numerorum
3072 1178 3321 1232 continua
3366 1178 3537 1249 series
3578 1177 3787 1249 iuerat.
3837 1180 3890 1235 In

2290 1247 2501 1323 aciioue
2532 1250 2599 1305 de
2636 1250 2823 1304 Photio
2844 1248 2968 1320 Tyri
2993 1247 3621 1323 Atticusi‘iicopolitanus
3654 1248 3890 1323 [sum]

2289 1320 2574 1389 episcopus
2603 1319 3137 1389 canonem7Quartum
3178 1319 3449 1375 Nicaeoum
3480 1333 3547 1374 ex
3576 1319 3775 1375 codice
3805 1319 3890 1377 re;

2290 1388 2601 1445 citavithoc
2628 1391 2784 1445 titulo
2814 1409 2825 1442 :
2860 1388 3225 1444 Trecentorum
3254 1391 3425 1445 decem
3454 1400 3500 1443 et
3535 1400 3654 1445 octo
3684 1402 3890 1447 sancto-

2289 1477 2403 1532 rum
2432 1460 2646 1515 Patrum
2673 1502 2687 1525 ,
2724 1462 2810 1532 qui
2838 1460 3035 1532 Niceti:
3060 1471 3392 1532 convenerant
3410 1502 3425 1525 ,
3468 1476 3632 1514 canon
3672 1476 3888 1532 quartas

2290 1530 2477 1602 (lbid.,
2512 1532 2612 1587 col.
2650 1530 2829 1603 H38).
2861 1531 3005 1603 idem
3036 1547 3162 1587 vero
3185 1546 3355 1603 canon
3379 1530 3570 1587 iterum
3603 1531 3884 1602 recitatur,

2290 1601 2394 1655 act.
2430 1604 2527 1663 l5,
2561 1604 2676 1658 sine
2704 1601 2809 1658 ullo
2840 1602 2992 1657 titulo
3020 1617 3084 1657 ex
3113 1603 3219 1658 alio
3257 1601 3442 1658 codice
3464 1642 3481 1669 ,
3509 1616 3674 1669 quem
3710 1604 3884 1659 Euno-

2290 1676 2430 1727 nrius
2450 1674 2734 1742 episcopus
2758 1673 3181 1729 Nicomediensis
3208 1673 3449 1729 exhibuit
3475 1689 3488 1725 :
3512 1672 3885 1729 Gloriosissimi

2280 1744 2484 1814 judices
2505 1745 2740 1798 dixerunt
2768 1760 2784 1797 :
2815 1744 3046 1798 Canones
3081 1744 3333 1813 legantur.
3396 1743 3779 1798 Veronicianus
3816 1748 3884 1799 rir

2290 1814 2503 1869 devotus
2535 1816 2894 1885 magistrianus
2918 1825 2965 1868 et
2994 1816 3293 1869 secretarius
3322 1816 3481 1868 divini
3511 1816 3807 1869 consistorii
3826 1832 3883 1870 ex

2287 1886 2460 1938 codice
2486 1885 2605 1939 dato
2636 1886 2697 1939 ab
2738 1885 2989 1939 Eunomia
3023 1886 3438 1940 reverendissimo
3478 1886 3727 1955 episcopo
3763 1888 3880 1955 legit

2290 1956 2571 2024 capitulum
2597 1967 2796 2010 sextum
2828 1973 2843 2008 :
2884 1954 3194 2026 Episcopum
3231 1964 3430 2024 oportet
3468 1954 3679 2024 quidem
3708 1954 3881 2025 preci-

2291 2042 2391 2098 pue
2414 2027 2477 2098 ab
2503 2028 2730 2098 erunibus
2774 2027 3024 2098 episcopis
3054 2027 3711 2098 provincial‘ibuseordinari
3735 2069 3749 2094 ,
3780 2037 3875 2083 etc.

2320 2094 2483 2169 Ibid.,
2510 2098 2609 2150 col.
2641 2094 2921 2165 1654,’ά.).
2939 2097 3284 2169 Νοιψίιεᾷεξει
3305 2096 3599 2169 discrimen
3620 2098 3876 2169 allegandi

2331 2166 2451 2235 ujus
2479 2169 2699 2223 canonis
2732 2186 2743 2221 :
2776 2170 2826 2223 in
2854 2168 3063 2224 actione
3086 2168 3152 2223 de
3172 2167 3362 2223 Photio
3389 2168 3609 2223 nomine
3637 2166 3872 2235 canonis,

2291 2243 2453 2292 κανὼν
2483 2236 2545 2305 δ’,
2583 2255 2743 2293 canon
2784 2249 3022 2308 quartus,
3060 2238 3113 2293 in
3152 2239 3359 2294 actione
3396 2246 3574 2295 autem
3636 2239 3707 2293 i3
3758 2256 3875 2296 voce

2291 2309 2545 2376 capituli,
2600 2311 2752 2381 κεφάλ
2792 2320 2848 2375 ς’,
2906 2309 2996 2365 ubi
3046 2308 3551 2381 corrigendum},
3601 2312 3871 2379 capitulum

2289 2390 2546 2446 quartum.
2592 2379 2955 2435 Observamus
3003 2379 3259 2446 prmterea
3301 2381 3351 2435 in
3393 2379 3495 2435 illis
3536 2383 3871 2448 teStimoniis,

2291 2462 2411 2517 qua:
2440 2464 2505 2505 ex
2538 2450 2843 2505 continuata
2870 2466 3215 2523 numerorum
3254 2452 3392 2508 serie
3422 2465 3662 2507 canones
3688 2453 3874 2523 ωηερε

2289 2529 2446 2587 runt,
2492 2529 2800 2576 constanter
2845 2520 3087 2591 praeferri
3137 2536 3323 2577 vocem
3368 2526 3549 2585 κανών,
3582 2524 3662 2577 uti
3702 2520 3873 2580 videre

2291 2600 2373 2659 est
2403 2592 2454 2645 in
2486 2591 2713 2659 laudatis
2742 2593 2951 2647 actione
2975 2592 3053 2659 de
3070 2592 3271 2659 Cahroso
3295 2603 3350 2647 et
3379 2593 3685 2659 Dorotheo,
3719 2605 3770 2650 et
3796 2612 3872 2649 ac-

591 2662 864 2740 credimus
898 2662 1122 2740 _Gr.eeo_s_
1166 2662 1381 2740 codices
1422 2662 1563 2717 unde
1602 2663 1707 2740 illa;
1750 2656 2019 2740 profectae
2056 2672 2183 2718 sunt
2282 2658 2429 2713 tione
2474 2656 2785 2740 ll._.Codex
2833 2671 2980 2738 ergo.
3004 2658 3077 2740 _ab
3124 2656 3387 2740 Eunomia
3428 2656 3725 2740 productus
3762 2671 3869 2710 cum

592 2734 835 2817 numeris
862 2733 1127 2803 ejusmodi
1174 2734 1426 2788 continua
1474 2732 1813 2788 successione
1853 2732 2054 2788 notatis
2091 2748 2181 2788 ca-

590 2817 788 2859 ruisse.

664 2875 720 2929 6.
760 2875 943 2945 Neque
981 2875 1179 2932 idcirco
1226 2888 1480 2946 negamus
1523 2875 1793 2930 exstitisse
1835 2874 2049 2930 codices
2086 2875 2183 2930 ali-

591 2960 730 3014 quos
759 2961 1021 3000 canonum
1052 2948 1141 3015 qui
1173 2947 1271 3000 hac
1300 2960 1648 3000 numerorum
1675 2947 1816 2999 serie
1844 2954 2175 3000 notarentur.

592 3017 765 3072 Immo
803 3018 1077 3086 probabile
1107 3018 1259 3071 nobis
1296 3030 1375 3071 est
1405 3030 1526 3071 eum
1558 3017 1645 3085 qui
1679 3018 1731 3069 in
1756 3016 2000 3083 cuneum
2026 3018 2177 3070 codi-

590 3101 711 3142 cem
742 3094 876 3142 tianc
901 3088 1205 3141 continuam
1233 3102 1576 3142 numerorum
1606 3087 1799 3141 seriem
1833 3088 2077 3149 induxit,
2122 3096 2180 3143 ut

589 3158 741 3213 solos
764 3172 999 3213 canones
1026 3168 1359 3227 computaret
1380 3200 1395 3223 ,
1447 3167 1640 3211 ca-tera
1667 3173 1785 3225 qua:
1814 3173 1917 3212 non
1946 3153 2071 3210 sunt
2094 3171 2185 3211 ca-

2282 2743 2423 2802 voce
2456 2729 2606 2802 κεφὰλ
2642 2726 3145 2802 diversus—videtur
3174 2728 3250 2802 ab_
3287 2726 3478 2802 iis_qui
3529 2744 3872 2802 numerorum

2282 2799 2595 2856 continuam
2614 2799 2810 2855 seriem
2832 2799 3198 2856 continebant.
3222 2799 3375 2867 Quod
3398 2800 3443 2854 si
3468 2801 3630 2855 lectio
3652 2802 3803 2861 sese).
3824 2800 3873 2859 ς’,

2288 2872 2575 2941 capitulum
2601 2881 2816 2937 sextum,
2846 2888 2965 2941 qua:
2996 2881 3105 2926 tum
3145 2873 3195 2925 in
3228 2886 3359 2925 mss.
3411 2870 3613 2926 Graecis
3637 2913 3653 2938 ,
3689 2873 3799 2926 tum
3828 2877 3874 2928 in

2287 2943 2504 3011 antiqua
2534 2941 2783 2997 versione
2810 2943 3021 2997 concilii
3051 2942 3537 3006 Chalcedonensis,
3564 2954 3620 2998 et
3652 2944 3702 2997 in
3734 2944 3874 2998 codi-

2286 3012 2440 3066 cibus
2469 3011 2669 3066 Rustici
2698 3011 3038 3068 uniformiter
3070 3014 3350 3068 exhibetur
3376 3013 3583 3068 actione
3616 3015 3683 3068 15
3708 3015 3875 3069 errori

2287 3082 2493 3151 antiqui
2525 3084 2864 3139 amanuensis
2902 3084 3202 3153 deputanda
3232 3100 3339 3139 non
3369 3094 3484 3148 est,
3531 3093 3581 3137 ut
3625 3085 3879 3139 Baluzius

2289 3153 2560 3219 indicavit,
2586 3154 2677 3208 sed
2702 3154 2874 3222 potius
2901 3154 3149 3210 divisioni
3176 3156 3399 3211 diVersze
3417 3167 3675 3209 canonum
3698 3155 3880 3210 Nicar-

592 3241 787 3299 pones,
806 3228 1062 3299 nimirum
1088 3223 1423 3299 Symbolum,
1449 3223 1887 3297 subscriptiones,
1918 3243 2019 3299 seu
2040 3238 2188 3282 cata-
2213 3228 2263 3291 C
2295 3240 2519 3299 norum,
2552 3240 2672 3299 qua;
2701 3227 2771 3279 ita
2810 3226 2861 3279 in
2890 3226 3067 3299 aliquo
3096 3226 3283 3299 Grzcco
3311 3226 3517 3289 codice,
3548 3230 3609 3277 ut
3644 3223 3698 3277 in
3730 3240 3873 3281 mss.

592 3296 777 3368 legum
806 3296 1423 3368 Patrum,et'synodicas
1442 3298 1784 3365 praeteriisse,
1807 3299 1882 3352 ιιιὶ
1913 3299 1963 3352 in
1993 3298 2183 3353 Grzeco

590 3368 831 3439 Dionysii
863 3368 1047 3424 codice
1078 3370 1274 3424 evenit.
1304 3369 1357 3423 ld
1389 3377 1568 3423 autem
1599 3370 1650 3422 in
1682 3384 1793 3425 rem
1826 3381 2063 3423 nostram
2096 3385 2183 3425 so-

589 3437 703 3496 lum
730 3437 1122 3507 contendimus,
1150 3455 1257 3495 non
1278 3455 1467 3495 omnes
1496 3440 1714 3495 Graecos
1744 3454 2008 3494 canonum
2036 3440 2183 3495 codi-

586 3525 684 3567 ces
712 3511 877 3566 fuisse
905 3511 1059 3581 hujus
1085 3512 1317 3581 generis,
1350 3525 1522 3580 neque
1561 3510 1698 3564 hanc
1724 3526 2067 3565 numerorum
2096 3527 2183 3566 se-

585 3581 747 3652 riem,
779 3582 973 3652 quibus
1000 3582 1054 3635 in
1083 3583 1357 3637 codicibus
1388 3582 1592 3645 inerat,
1625 3581 1835 3648 publica
1865 3583 2186 3652 auctoritate

585 3650 753 3707 fuisse
778 3650 1076 3717 inductam,
1110 3661 1202 3705 aut
1231 3666 1325 3705 eos
1354 3658 1561 3703 tantum
1587 3664 1822 3703 canones
1849 3652 1914 3703 ah
1947 3651 2181 3706 Ecclesia

586 3721 776 3777 Grmca
808 3721 971 3775 fuisse
1001 3730 1267 3789 receptos,
1295 3721 1386 3790 qui
1416 3723 1466 3773 in
1493 3719 1754 3788 ejusmodi
1782 3720 2058 3790 codicibus
2086 3738 2184 3777 nu-

585 3805 861 3845 meret-um
888 3791 1028 3861 serie
1054 3788 1327 3845 distinctis
1351 3790 1776 3861 continerentur.
1812 3788 1993 3845 Canon
2025 3808 2183 3861 quar-

588 3868 678 3914 tus
719 3860 1087 3932 Antiochenus
1133 3862 1192 3932 S.
1241 3861 1432 3915 Joanni
1479 3858 1863 3930 Chrysostomo
1917 3858 2177 3932 obiectus,

586 3931 727 3999 apud
759 3929 1054 3985 Palladium
1086 3931 1235 3985 nullo
1262 3946 1486 3986 numero
1515 3929 1874 4000 distinguitur.
1918 3929 2058 3987 Idem
2092 3929 2181 3987 cn;

587 4014 697 4075 rion
720 4001 838 4075 sine
862 4002 968 4075 ullo
995 4016 1216 4055 numero
1239 4004 1518 4075 oppositus
1544 4017 1757 4075 quoque
1784 4003 1877 4075 [uit
1901 4004 1956 4058 S.
1982 4002 2180 4075 Cyrillo

587 4069 645 4125 in
690 4072 914 4140 epistola
955 4071 1249 4140 legatorum
1281 4069 1290 4070 ί
1318 4069 1711 4142 pseudosynodi
1782 4069 2064 4141 Ephesinfe
2112 4079 2177 4129 ad

588 4142 808 4214 Bufum.
845 4144 1131 4214 iSocrates
1197 4159 1262 4198 ex
1332 4145 1546 4211 antiqua
1601 4144 1849 4198 versione
1896 4146 2179 4214 Epiphanii

586 4211 930 4276 Scholastici,
964 4214 1015 4267 in
1060 4214 1290 4267 llistoria
1321 4214 1634 4283 Tripartita,
1664 4216 1756 4267 lib.
1785 4229 1858 4279 λι,
1885 4230 1935 4269 c.
1967 4211 2020 4280 8,
2050 4220 2180 4271 citat

585 4287 827 4355 regulam
878 4286 946 4339 18
996 4286 1383 4339 Antiochenam
1433 4300 1655 4339 numero
1701 4299 1963 4339 canonum
2011 4288 2179 4355 ipsius

583 4354 779 4426 synodi
824 4356 1043 4425 proprio
1098 4355 1230 4424 (qui
1274 4370 1529 4410 numerus
1562 4356 1711 4426 48in
1746 4356 1961 4425 vulgato
1990 4354 2179 4413 Graeco

583 4425 735 4483 textu
769 4427 1006 4482 Socratis
1034 4426 1281 4497 excidit),
1314 4441 1436 4480 cum
1465 4441 1529 4481 ex
1557 4425 1743 4481 codice
1770 4429 1823 4480 in
1845 4442 1949 4496 quo
1978 4428 2181 4484 inesset

583 4498 1203 4621 conhintiauumertirum
1222 4499 1392 4553 series
1417 4511 1588 4553 canon
1618 4511 1713 4552 seu
1736 4499 1921 4569 regula
1948 4498 2014 4553 97
2046 4499 2179 4555 alle-

583 4582 688 4621 uan
728 4584 759 4621 a
806 4577 990 4621 uisset.

583 4569 759 4637 ganda
784 4569 990 4623 fuisset.

659 4639 711 4693 7.
754 4638 955 4694 Textus
975 4638 1063 4708 qui
1089 4639 1330 4695 codicem
1355 4656 1477 4696 cum
1505 4655 1850 4697 numerorum
1878 4640 2021 4697 serie
2042 4640 2182 4696 indi-

621 4710 755 4764 itent
801 4710 1108 4777 paucissimi
1137 4719 1282 4764 sunt.
1333 4711 1389 4765 ln
1420 4711 1846 4769 Chalcedonensi
1873 4713 2086 4767 actione
2114 4712 2181 4769 de

665 4794 789 4835 roso
811 4788 866 4834 et
896 4779 1169 4835 Dorotbeo
1196 4780 1301 4836 duo
1338 4795 1574 4837 canones
1600 4782 1918 4839 Antiochcni
1947 4785 2178 4839 recitan-

586 4860 673 4905 tur
697 4866 764 4926 ex
782 4850 994 4926 codice
1017 4867 1137 4905 cum
1170 4854 1411 4926 numeris
1438 4852 1762 4926 continuata:
1792 4855 2173 4926 successionis,

582 4929 641 4995 et
672 4921 921 4995 similiter
963 4921 1070 4995 duo
1100 4922 1310 4978 actione
1339 4923 1427 4978 11.
1468 4923 1722 4994 Episcopi
1746 4924 1905 4979 etiam
1940 4921 2173 4995 Pisidiae,

583 4990 639 5046 in
670 4993 895 5065 epistola
935 4993 1003 5046 ad
1048 4992 1279 5065 Leonem
1329 4990 1612 5065 augustum
1653 4990 1857 5050 inserta
1882 4996 2053 5051 codici
2082 4990 2177 5051 en;

580 5062 777 5131 cyclio,
801 5062 988 5117 eadem
1014 5064 1220 5119 ratione
1239 5062 1633 5121 Antiochenum
1654 5079 1914 5121 canonem
1945 5066 2176 5123 ali‘erunt

579 5148 647 5187 ex
676 5134 854 5201 regula
880 5133 969 5188 85.
1023 5134 1225 5190 Pratter
1255 5136 1371 5190 haec
1410 5146 1587 5193 autem
1629 5136 1736 5192 duo
1777 5136 1865 5192 vel
1896 5136 1994 5192 tria
2026 5139 2175 5193 testi-

578 5206 762 5259 monia
794 5208 1062 5276 anteriora
1091 5205 1367 5276 Dionysio,
1399 5208 1606 5263 nullum
1636 5208 1781 5263 aliud
1811 5209 2052 5265 invenire
2079 5208 2175 5264 ha—

577 5284 770 5331 ctenus
800 5274 970 5339 licuit,
1000 5277 1140 5346 quod
1171 5274 1407 5333 similem
1437 5293 1784 5335 numerorum
1813 5279 2007 5334 seriem
2036 5280 2173 5335 indi-

577 5354 701 5420 cet._
720 5346 788 5420 ln_
803 5347 995 5401 eodem
1024 5348 1255 5420 concilio
1276 5347 1700 5406 Chalcedonensi
1720 5395 1734 5420 ,
1763 5358 1871 5407 act.
1898 5349 1933 5403 4
1954 5392 1971 5417 ,
1999 5365 2171 5407 canon

579 5416 949 5491 antiochenus
974 5417 1191 5491 quintus
1227 5420 1347 5473 sine
1374 5420 1481 5491 ulla
1510 5420 1701 5491 synodi
1721 5416 1824 5478 'vel
1855 5416 2066 5478 numeri
2094 5423 2171 5478 in-

578 5484 842 5543 dicatione
868 5489 937 5543 ab
966 5484 1120 5542 Aetio
1148 5484 1733 5549 Constantinopolitano
1776 5508 1843 5549 ex
1882 5493 2065 5549 codice
2096 5494 2174 5549 le-

576 5563 697 5611 ctus
718 5557 816 5634 fuit
845 5575 859 5611 :
887 5560 1059 5634 Aetius
1082 5557 1958 5634 archidiaconusConstantinopolis
1983 5575 2174 5619 sancta:

577 5634 631 5679 et
658 5629 956 5707 uniuersalis
980 5629 1234 5707 ⁸Εᾳιεεξῳ
1262 5630 1390 5685 dixit
1419 5648 1439 5687 :
1462 5632 1755 5707 Regulaest
1778 5629 1887 5689 lucc
1916 5652 2027 5689 cum
2054 5637 2172 5691 aliis

648 5699 749 5779 sita
774 5714 806 5750 a
832 5700 1017 5779 sanctie
1039 5699 1298 5779 Patribus,
1322 5720 1477 5779 quam
1500 5699 1839 5760 custodientes
1866 5709 2173 5761 sanctissimi

632 5773 765 5848 utres
789 5772 1029 5848 episcopi,
1052 5773 1232 5848 docent
1252 5785 1300 5828 et
1316 5772 1528 5833 clericos
1554 5787 1602 5832 et
1628 5780 1902 5833 monachos
1929 5788 1975 5831 et
1997 5794 2173 5833 omnes

552 5832 839 5903 ,οότὶιιαηὶ
882 5832 1118 5900 calentes.
1165 5843 1225 5903 Si
1250 5854 1418 5905 autem
1442 5832 1701 5907 inueniunt
1729 5862 1818 5907 aut
1843 5832 2168 5916 resultantes,

1548 5962 1733 5979 Α-εηαΊε.
1776 5968 1803 5979 \-.
1826 5976 1847 5984 ,,

1928 5986 1966 5992 ν·
2000 5985 2120 6008 meo

2206 4601 2264 4663 D

2291 3295 2625 3350 collectiouis
2658 3297 2757 3351 hoc
2788 3306 2932 3351 tomo
2959 3295 3183 3351 edenda:
3220 3312 3343 3351 eum
3372 3309 3624 3351 canonem
3657 3306 3876 3351 sextum

2289 3366 2533 3421 efﬁceret
2585 3366 2680 3437 (in
2737 3366 2922 3422 codice
2958 3368 3077 3422 Vat.
3134 3366 3351 3437 Regina:
3403 3366 3537 3421 1997
3587 3365 3691 3420 alia
3738 3368 3873 3421 divi-

2290 3438 2445 3492 sione
2482 3438 2742 3504 septimus
2786 3438 3022 3509 evadit),
3055 3452 3188 3492 nova
3220 3438 3343 3493 hinc
3377 3438 3516 3509 ratio
3544 3446 3873 3509 suppeteret,

2288 3522 2355 3563 ex
2387 3523 2489 3574 qua
2518 3509 2802 3579 diversitas
2826 3510 2941 3579 ejus
2968 3508 3171 3564 'codicis
3199 3508 3514 3565 Eunomiani
3556 3508 3876 3565 luculentius

2289 3578 2750 3647 comprobaretur.

2364 3652 2428 3720 8.
2462 3650 2615 3704 Aliud
2655 3651 2889 3720 apertius
2926 3651 3290 3707 testimonium
3323 3649 3497 3706 Graeci
3536 3650 3769 3720 exempli
3810 3651 3876 3705 ab

2291 3733 2357 3792 eo
2401 3719 2628 3792 diversi,
2662 3719 2726 3776 ex
2766 3737 2873 3792 quo
2914 3737 3148 3777 canones
3188 3737 3308 3777 cum
3346 3719 3872 3792 numerorum’serie

2290 3790 2501 3860 allegati
2528 3790 2705 3856 fuere,
2734 3790 2966 3862 suppetit
3009 3808 3074 3849 ex
3114 3795 3323 3848 actione
3365 3792 3451 3847 16.
3501 3791 3558 3846 Id
3588 3800 3871 3861 antequam

2290 3868 2576 3929 probetur,
2627 3863 2921 3932 detegenda
2970 3874 3091 3918 sunt
3141 3865 3246 3918 duo
3286 3864 3411 3917 vitia
3458 3878 3579 3933 quae
3605 3864 3874 3933 vulgatum

2292 3940 2496 4004 [extum
2526 3933 2785 3986 inficiunt.
2820 3934 2874 3988 ln
2905 3934 3091 3989 eadem
3122 3936 3353 3995 actione.
3385 3943 3505 4004 post
3532 3935 3817 3988 recitatum
3846 3951 3873 3989 a

2292 4002 2618 4058 Paschasino
2647 4004 2921 4058 Nicmnum
2950 4020 3208 4062 canonem
3246 4002 3454 4060 sextum
3501 4005 3556 4059 in
3604 4020 3723 4060 eam
3768 4005 3874 4060 for-

2291 4088 2434 4127 mam
2488 4090 2646 4141 quam
2700 4076 2866 4130 ltalici
2921 4076 3133 4132 codices
3194 4076 3558 4142 exhibebant,
3612 4075 3876 4131 editiones

2293 4144 2638 4199 conciliorum
2686 4146 3099 4201 Consmutinum
3164 4148 3510 4203 secretarium
3578 4145 3874 4213 inducunt,

2290 4216 2383 4283 qui
2434 4217 2680 4269 eumdem
2740 4226 2947 4271 sextum
3007 4233 3265 4273 canonum
3300 4218 3574 4273 Nicaanum
3616 4228 3669 4272 et
3710 4218 3873 4272 alium

2292 4286 2486 4359 synodi
2539 4285 3141 4358 Constantinopolitanm
3194 4290 3320 4359 legit
3372 4304 3435 4342 ex
3483 4288 3676 4343 Graeco
3737 4288 3873 4343 Aetii

2290 4356 2651 4411 archidiaconi
2716 4356 2920 4413 codice.
2995 4356 3291 4415 Vehemens
3344 4360 3575 4428 primum
3642 4360 3873 4425 suspicio

2287 4431 2527 4483 exoritur
2568 4428 2702 4482 hanc
2746 4431 2985 4484 iteratam
3024 4430 3222 4485 Nicrcni
3268 4432 3403 4486 sexti
3431 4428 3655 4484 canonis
3685 4431 3874 4485 recita-

2290 4497 2491 4570 iionem
2528 4500 2785 4553 intrusam
2822 4514 2962 4565 esse,
3010 4516 3116 4555 non
3177 4500 3349 4555 solum
3386 4501 3509 4570 quia
3564 4499 3652 4554 hic
3704 4516 3873 4556 canon

2290 4566 2538 4623 Nicaznus
2586 4571 2747 4624 veluti
2790 4572 2857 4623 ab
2912 4572 3069 4625 Aetio
3112 4566 3704 4639 COiistantinOpolitano
3757 4588 3875 4639 pro-

2290 4588 2538 4623 mcaanus
2586 4588 2747 4624 veiuu
2790 4588 2857 4623 an
2912 4588 3069 4625 aeuo
3112 4588 3704 4639 uousmnunopontano
3792 4588 3875 4627 ro-

2289 4640 2483 4694 ductus
2524 4641 2575 4693 in
2616 4642 2909 4708 quaestione
2938 4643 3005 4696 de
3032 4658 3132 4710 qua
3168 4652 3291 4696 tunc
3324 4643 3580 4712 agebatur
3606 4657 3703 4711 pro
3733 4588 3875 4697 (gm-

2290 4712 2759 4782 stantinopolitana
2812 4712 2938 4767 sede
2982 4714 3109 4766 nihil
3160 4712 3461 4779 conferret,
3516 4713 3643 4782 quin
3698 4713 3876 4782 potius

2288 4782 2465 4838 eidem
2485 4781 2889 4854 adversaretur,
2918 4783 3170 4854 solusque
3190 4799 3360 4839 canon
3379 4781 3875 4851 Constantinopoli-

2287 4863 2428 4908 tanae
2469 4852 2661 4923 synodi
2703 4855 2755 4907 in
2795 4854 3036 4909 eamdem
3065 4852 3177 4910 rem
3209 4870 3237 4909 a
3270 4854 3877 4923 ConStantinOpolitanis

2287 4924 2627 4994 ingereretur
2641 4941 2655 4989 ;
2671 4923 2763 4979 sed
2778 4925 2944 4979 inulto
2962 4927 3129 4997 magis
3141 4926 3263 4995 quia
3283 4927 3335 4980 in
3350 4928 3574 4997 antiqua
3590 4926 3845 4981 versione
3858 4966 3877 4990 ,

2286 5010 2409 5066 qua:
2439 5010 2568 5065 pura
2603 5005 2951 5050 conservatur
2998 4996 3265 5052 in'codice
3307 4996 3434 5051 olim
3467 4997 3700 5061 .loliano,
3734 5010 3878 5051 nunc

2244 5094 2247 5097 <
2287 5076 2467 5121 autem
2486 5066 2701 5138 capituli
2725 5066 3058 5131 Parisiensis,
3086 5067 3171 5123 hic
3193 5068 3452 5138 repetitus
3471 5082 3637 5123 canon
3659 5077 3875 5129 sextus,

2284 5147 2349 5192 ut
2380 5137 2580 5191 notavit
2627 5136 2901 5209 Baluziusﬁ,
2931 5139 3193 5193 omittitur
3237 5136 3267 5192 ε’
3296 5139 3439 5193 unde
3475 5154 3503 5193 a
3557 5139 3732 5209 primo
3788 5139 3878 5193 illo

2284 5209 2579 5276 interprete
2620 5209 2671 5262 in
2716 5223 2816 5264 suo
2855 5208 3045 5264 Graeco
3090 5209 3275 5265 codice
3320 5208 3567 5265 inventu:
3599 5223 3705 5262 non
3755 5209 3878 5263 fuit.

2284 5278 2449 5333 Forte
2472 5292 2601 5333 vero
2621 5294 2742 5333 cum
2776 5280 2934 5335 lectio
2957 5280 3198 5348 ejusdem
3228 5282 3452 5335 canonis
3483 5296 3512 5335 a
3545 5280 3878 5335 Paschasiuo

2282 5349 2533 5419 producti
2586 5350 2855 5421 prioribus
2908 5353 3087 5405 verbis
3124 5351 3367 5406 differret
3410 5349 3807 5421 aliquantulum
3851 5368 3878 5404 a

2282 5421 2594 5478 Graecorum
2621 5420 2865 5475 codicum
2895 5421 3146 5485 lectione,
3178 5423 3394 5491 quidam
3425 5420 3638 5477 Grincus
3659 5423 3879 5477 studio-

2283 5508 2382 5547 sus
2410 5492 2602 5547 horum
2624 5492 2863 5547 codicum
2884 5493 3167 5548 lectionem
3191 5495 3317 5547 olim
3349 5492 3628 5561 descripsit
3650 5493 3699 5546 in
3730 5508 3880 5549 mar-

2285 5564 2431 5634 gine,
2468 5578 2528 5618 ac
2556 5577 2618 5616 ex
2644 5565 2881 5633 margine
2902 5564 3155 5634 deinceps
3183 5565 3393 5633 irrepsit
3416 5565 3466 5618 in
3486 5572 3708 5618 textum.
3745 5566 3880 5633 Quae

2288 5635 2470 5690 insitio
2498 5648 2619 5689 cum
2657 5635 2860 5703 legatur
2884 5636 2937 5689 in
2962 5650 3091 5689 mss.
3117 5635 3368 5690 editionis
3396 5635 3621 5697 Rustici,
3650 5636 3881 5704 antiqua

2286 5704 2647 5774 cognoscitur.
2674 5705 2787 5774 lpsa
2820 5721 2980 5776 porro
3002 5705 3202 5759 Rustici
3232 5707 3415 5771 editio,
3445 5705 3569 5760 licet
3590 5705 3692 5759 hoc
3718 5707 3881 5760 addi-

2286 5785 2581 5832 tamentum
2606 5777 2886 5843 receperit,
2911 5777 3067 5831 aliam
3088 5777 3444 5832 tamenGrmci
3470 5778 3664 5846 vulgati
3691 5786 3880 5831 textus

2288 5847 2644 5915 posteriorem
2692 5849 3087 5917 corruptionem
3143 5847 3361 5917 detegit.
3412 5848 3466 5903 ln
3516 5847 3619 5905 hoc
3664 5850 3877 5907 scilicet
