4014 6346
161 425 227 485 49
619 423 709 480 DE
748 420 979 490 ANTIQ.
1017 417 1458 477 COLLECTION.
1503 417 1591 474 ET
1630 416 2052 477 COLLECTOR.
2092 382 2659 479 CANONUMdPAR'S
2696 415 2910 475 PRIMA

3352 421 3428 485 ὅθ

163 546 353 612 printer
391 539 652 612 insertum
684 537 1246 612 Nicatnum_canonetn
1272 534 1585 612 aliisatque
1610 532 1731 612 aliis
1754 536 1811 597 Δ
1910 536 2011 612 10.-
2038 534 2192 612 _Nun_c
2236 545 2294 591 ut
2317 536 2393 612 _ad_
2432 537 2775 612 Sardieenses
2803 549 3035 612 canones
3060 544 3419 612 revertamur,

163 604 337 667 verbis
380 610 736 667 introducitur
758 623 926 664 canon
954 605 1577 675 Constantinopolitanns
1606 604 1683 659 sic
1712 622 1726 657 :

161 694 213 737 ‘0
238 684 385 757 αιξτὸς
437 685 776 757 σηκργέτὰριος
819 681 1029 757 antiret:
1047 679 1147 732 ἀπὸ
1192 684 1284 757 eo}
1333 678 1490 757 animi
1536 676 1729 757 βιςλὶορ

163 752 416 809 συνοδικὸν
455 746 550 813 τῆξ
586 746 822 824 δωὶὲρας
881 746 1115 807 aeaciden.
1158 747 1306 824 Τόιδε⁸
1329 746 1546 824 flipme
1573 750 1631 824 _oi
1681 749 1732 824 iv

163 824 672 880 κωνσταντινουπολει
730 816 916 897 ’χάριτι
967 826 1110 897 θεοῦ.
1172 816 1491 897 συνιλθὸντες
1564 819 1732 874 ἑκατὸν

168 900 476 965 πεντήκοντα
538 888 901 965 ἐπίσκοτιίόι’ἕκ
963 888 1211 965 διαφόρων
1264 892 1569 965 ἐπᾳρχιῶν,
1622 900 1729 965 etc.

167 964 310 1019 Idem
351 964 643 1018 secretarius
688 966 862 1032 relyit
918 978 980 1017 ea:
1028 960 1207 1014 eodem
1252 960 1425 1013 codice
1457 974 1476 1013 :
1522 960 1733 1029 synodi-

169 1052 281 1089 cum
325 1035 553 1088 secunda:
570 1033 772 1102 synodi.
823 1034 954 1087 Hinc
997 1034 1367 1103 constituerunt
1404 1045 1469 1085 CL
1508 1032 1733 1100 episcOpi

170 1107 254 1171 qui
298 1106 349 1157 in
386 1103 871 1170 Constantinopolim
912 1104 1007 1158 Dei
1066 1103 1234 1171 gratia
1282 1110 1622 1156 convenerunt
1672 1117 1735 1156 ea;

166 1176 371 1245 diversis
393 1173 681 1245 prouinciis,
708 1182 814 1245 etc.
841 1175 1012 1245 (Tom.
1030 1172 1093 1227 IV
1130 1172 1321 1245 (ἐοηις.ἓ
1345 1174 1443 1245 col.
1468 1172 1625 1234 1749.
1644 1176 1728 1245 ⁸α).

164 1244 330 1299 Prima
360 1244 445 1299 illa
482 1244 673 1308 verba,
703 1242 857 1299 Idem
900 1244 1202 1299 secretarius
1245 1242 1419 1311 relegit
1458 1258 1519 1295 ea:
1560 1242 1733 1297 eodem

148 1314 352 1375 codice,
385 1328 503 1384 qua:
527 1325 792 1384 expuncto
818 1317 1036 1372 Nicteno
1058 1328 1263 1369 canone
1289 1311 1555 1384 superﬂua
1585 1322 1729 1378 sunt,

156 1393 207 1439 et
227 1383 280 1439 in
292 1383 503 1454 antiqua
518 1383 645 1441 sane
660 1388 905 1443 versione
921 1385 1168 1441 eumdem
1184 1398 1443 1439 canonem
1457 1383 1732 1454 ignorante

157 1453 484 1527 nmittuutnr,
499 1456 686 1511 desunt
702 1458 864 1514 etiam
886 1456 1024 1527 apud
1050 1456 1322 1527 Rusticum
1338 1470 1352 1519 ;
1371 1468 1433 1508 ac
1447 1453 1670 1523 proinde
1687 1456 1731 1509 is

154 1525 266 1581 hinc
294 1526 347 1580 in
378 1528 493 1581 suis
518 1542 732 1597 quoque
758 1525 962 1584 Grmcis
987 1526 1260 1581 codicibus
1281 1540 1613 1597 nequaquam
1641 1541 1730 1580 re-

153 1597 300 1667 perit.
323 1595 593 1653 Praeterea
623 1595 765 1653 idem
787 1598 1036 1654 Rusticus
1057 1598 1109 1652 in
1135 1595 1479 1667 sequentibus
1499 1595 1731 1667 antiqua:

153 1665 409 1722 versionis
436 1669 725 1724 lectionem
753 1670 987 1724 retinens
1005 1710 1021 1734 ,
1076 1682 1179 1722 non
1194 1665 1388 1722 habet:
1415 1665 1730 1735 Synodictnn

149 1740 381 1811 s_ecunda:
412 1741 632 1811 synodi.
673 1740 873 1811 Synodi
907 1738 1117 1811 quidem
1167 1736 1402 1811 secunda:
1446 1737 1731 1805 appellatio

150 1807 753 1877 ConstantinOpolitanae
767 1807 959 1865 tributa
976 1808 1040 1864 ad
1054 1807 1351 1877 posteriora
1362 1815 1467 1862 tem
1476 1822 1599 1876 pora
1616 1822 1731 1875 per-

150 1880 457 1944 tinet,cum
486 1876 537 1935 in
584 1881 786 1937 Graecis
833 1876 1097 1936 canonum
1143 1876 1416 1933 codicibus
1459 1878 1728 1946 generalia

148 1950 366 2022 concilia
396 1966 425 2005 a
458 1951 647 2021 topicis
674 1953 933 2022 separari,
955 1960 1009 2022 et
1031 1958 1153 2020 post
1168 1948 1440 2022 Nicatnam
1459 1947 1725 2018 synodum

147 2019 1014 2091 Constantinopolitanocollocari
1037 2019 1226 2091 coepit.

217 2038 497 2076 tnStanuno
535 2038 728 2077 ontana
761 2038 1014 2078 collocari
1043 2038 1226 2091 C(Bpll.

217 2038 539 2164 [xxxvnt]li).
563 2092 668 2149 Sed
698 2109 795 2163 age
819 2093 929 2162 jam
959 2092 1010 2147 in
1044 2106 1161 2164 rem_
1194 2098 1432 2164 nostram
1460 2090 1728 2146 sincerum

148 2161 372 2233 tex'tum,
398 2161 487 2233 qui
514 2161 952 2219 exclusa‘Nicaani
974 2162 1194 2217 canonis
1210 2161 1532 2233 repetitione
1544 2175 1726 2216 veram

146 2231 434 2304 lectionem
467 2236 693 2301 praefert,
724 2251 789 2289 ex
820 2235 1036 2304 antiqua
1067 2231 1723 2304 versioneproducamus.

145 2301 511 2359 Constantinus
530 2306 604 2358 vir
631 2307 838 2359 devotus
859 2301 1159 2359 secretarius
1176 2303 1335 2356 divini
1351 2301 1642 2356 consistorii
1662 2320 1728 2356 ea:

144 2373 271 2445 d_ato
284 2376 463 2429 codice
477 2378 540 2429 ab
555 2375 695 2429 Aetio
706 2376 1380 2445 Constantinopolitanorum
1391 2374 1726 2445 sanctissimo:

142 2442 397 2518 Ecclesia
414 2448 634 2518 recitavit
656 2463 675 2501 :
696 2448 997 2518 synodicum
1023 2442 1173 2518 primi
1196 2442 1397 2497 concilii
1418 2442 1518 2518 suo
1533 2442 1727 2518 e_c_ta-

141 2514 220 2567 rio
240 2516 480 2585 ερῑεςορο
501 2513 1063 2587 σοιιειιιηὶίηοροιὶιαήο
1082 2532 1109 2568 e
1148 2516 1436 2579 isc0porum
1455 2513 1577 2567 i250.
1594 2513 1648 2566 Η
1651 2531 1725 2568 ωε

142 2586 520 2641 constituerunt
567 2590 789 2641 episcopi
835 2588 923 2641 aui
974 2589 1027 2640 in
1084 2533 1580 2641 Lponslnntinonolim
1629 2585 1724 2638 Dei

142 2584 520 2658 constituerunt
567 2590 789 2658 episcopi
832 2584 923 2657 qui
974 2589 1027 2640 in
1084 2584 1580 2658 Constantinopolim
1627 2585 1724 2658 Dei

140 2656 309 2724 gratia
347 2656 684 2713 convenerunt
722 2656 784 2713 ea:
831 2656 1040 2713 diversis
1090 2656 1355 2727 provingiis
1381 2694 1398 2722 ,
1432 2656 1725 2727 secundum

140 2728 489 2800 {uocationent
543 2729 911 2800 religiosissimi
968 2724 1215 2800 principis
1263 2724 1538 2800 Tltfpdosii
1559 2766 1574 2791 ,
1631 2728 1723 2800 suo

142 2794 393 2870 {Vectorio
428 2794 992 2870 Constantinopolitano
1031 2798 1290 2869 episcopo.
1332 2794 1454 2850 Non
1497 2798 1723 2870 rgcusari

138 2867 320 2952 ﬁdem,
348 2885 509 2952 n‘e'que
530 2871 731 2952 requlns
757 2864 1087 2952 irecentorum
1108 2864 1274 2952 decem
1304 2875 1361 2952 et.
1375 2874 1487 2920 octo
1508 2864 1723 2952 Patrum

137 2929 227 3004 qui
358 2929 541 2995 Nician
580 2929 837 3011 Bithyniae
877 2948 1242 3003 conuenerunt,
1272 2937 1361 3011 sed
1392 2946 1614 3011 maneat_
1629 2939 1723 2992 illa

136 3009 380 3079 propria,
413 3021 459 3064 et
483 3006 938 3065 anatheniatizetur
964 3011 1127 3065 omnis
1154 3009 1387 3073 hwresis,
1412 3017 1514 3063 etc.
1546 3006 1720 3079 (Tom.

133 3076 204 3152 ιν
234 3075 401 3134 Cone.
443 3082 541 3135 col.
572 3081 739 3149 1747,
767 3083 847 3152 d).
880 3081 979 3136 Ubi
1009 3094 1116 3135 uno
1146 3086 1401 3152 contextu
1431 3075 1724 3152 recitantur

132 3146 749 3234 Qansiantinopolitana:
793 3146 987 3224 synodi
1023 3164 1258 3234 canones
1297 3150 1435 3219 duo,
1477 3148 1592 3204 sive
1608 3162 1722 3234 tres

127 3218 252 3274 sine
276 3218 624 3277 distinctione
653 3224 759 3277 ulla
786 3218 1049 3277 canonum
1080 3229 1170 3275 aut
1207 3234 1577 3275 numerorum.
1608 3221 1722 3276 Duo

1838 622 1964 660 num
1997 606 2050 661 hi
2092 606 2271 676 reipsa
2300 607 2570 662 defuerint
2600 608 2651 662 in
2684 622 2749 661 eo
2773 605 2956 661 codice
2983 608 3073 677 qui
3110 605 3419 665 continuata

1841 692 2187 732 numerorum
2223 678 2376 748 serie
2420 680 2470 731 in
2517 678 2943 733 Chalcedonensi
2992 679 3197 748 synodo
3247 681 3419 736 lectus

1837 748 1970 815 fuit,
2012 749 2169 821 sicuti
2201 747 2419 803 defuere
2456 749 2507 821 in
2540 750 2728 804 Graeco
2766 747 3237 821 codiceDionysii,
3268 763 3418 806 certo

1837 820 2169 889 pronuntiari
2213 821 2417 888 nequit.
2462 820 2673 873 Numeri
2702 820 2842 873 enim
2881 818 3050 886 quiin
3091 818 3156 874 eo
3186 824 3417 877 concilio

1836 890 2048 959 allegati
2082 890 2298 945 luerunt
2320 890 2679 962 Antiocltenos
2702 905 2936 945 canones
2962 906 3066 945 non
3103 902 3417 962 nrmtergre-

1836 963 2071 1015 dinntnr.
2096 964 2224 1027 Quis
2252 970 2432 1015 autem
2462 959 2729 1013 afﬁrmare
2755 974 2906 1028 queat
2930 962 2981 1016 in
3003 978 3068 1015 eo
3088 964 3271 1017 codice
3296 959 3415 1029 {unt

1836 1032 2202 1087 Antiochenos
2232 1048 2336 1086 non
2366 1030 2529 1085 fuisse
2549 1031 2851 1098 descriptos
2876 1047 3109 1088 canones
3131 1034 3409 1089 Surdiceuo

1841 1118 1949 1174 ses,
2000 1104 2089 1174 qui
2136 1112 2257 1174 post
2289 1102 2675 1174 Antiochenam
2706 1103 2967 1169 synodum
3003 1104 3199 1158 conditi
3234 1108 3413 1160 tuere?

1837 1173 2007 1229 Immo
2052 1173 2175 1229 cum
2202 1174 2419 1229 Graecus
2445 1173 2615 1229 codex
2640 1187 2903 1227 canonum
2944 1188 3048 1228 non
3082 1184 3221 1229 totus
3252 1177 3409 1229 simul

1838 1245 1991 1299 initio
2020 1246 2267 1301 conditus
2300 1244 2479 1305 fuerit.
2503 1244 2595 1299 sed
2618 1249 2814 1299 sensim
2842 1251 3050 1309 auctus,
3076 1261 3180 1298 non
3202 1257 3414 1302 servato

1838 1324 2133 1386 temporum
2165 1316 2372 1381 ordine,
2406 1316 2479 1369 uti
2511 1329 2629 1386 cap.
2657 1317 2694 1369 2
2716 1315 3014 1386 notavimus
3034 1356 3049 1379 ,
3082 1317 3295 1370 IOSdt'lll
3324 1334 3414 1371 ca-

1838 1385 2005 1441 nones
2034 1387 2227 1442 saltem
2260 1396 2377 1453 post
2400 1385 2731 1441 Laodicenos
2749 1395 2841 1440 aut
2868 1385 3415 1456 (ὶοιιειειιιιίιιοροιίιθ-

1841 1472 1940 1513 nos
1962 1457 2015 1511 in
2039 1458 2251 1512 laudato
2279 1456 2705 1512 Chalcedonensi
2739 1457 2924 1510 codice
2950 1472 3050 1527 non
3077 1456 3239 1512 luis~e
3267 1458 3413 1527 adje-

1836 1538 1950 1583 ctos
1978 1544 2137 1583 nemo
2157 1527 2427 1583 afﬁrmare
2456 1528 2671 1598 poterit.
2697 1526 2999 1598 Similitudo
3021 1526 3191 1582 Graeci
3214 1526 3413 1583 codicis

1836 1599 2167 1668 Dionysiani,
2212 1601 2300 1669 qui
2347 1597 2691 1654 numerorum
2729 1598 2870 1653 serie
2919 1597 3202 1653 disdnctus
3228 1598 3413 1653 Sardi-

1836 1684 2025 1725 censes
2053 1684 2286 1727 canones
2320 1671 2615 1735 ignorabat,
2645 1684 2749 1724 non
2780 1669 3074 1723 convincit.
3104 1669 3237 1723 Cum
3265 1669 3409 1723 enim

1835 1740 2001 1795 codex
2042 1741 2260 1797 Grazcus
2293 1741 2531 1811 Dionysii
2578 1756 2681 1795 uno
2712 1755 2935 1811 numero
2980 1739 3032 1793 in
3062 1740 3412 1796 Antiocbeuis

1834 1812 2129 1866 canonibus
2153 1810 2476 1880 discrepet’a
2498 1814 2735 1866 numeris
2764 1810 2965 1865 codicis
2992 1812 3081 1879 qui
3116 1811 3283 1865 lectus
3314 1812 3413 1865 fuit

1839 1881 1890 1935 in
1914 1883 2121 1952 synodo
2140 1880 2585 1950 Cbalcedonensi,
2615 1883 2753 1937 idem
2781 1880 2948 1936 codex
2968 1881 3036 1934 ab
3054 1882 3155 1936 hoc
3172 1881 3413 1952 aliquan—

1836 1953 2003 2023 tulum
2026 1953 2270 2023 diversus
2291 1952 2616 2023 agnoscitur.
2648 1953 2797 2009 Sicut
2820 1963 2997 2023 autem
3028 1952 3190 2006 codex
3220 1968 3280 2005 ex
3306 1967 3412 2022 quo

1833 2021 1927 2077 ille
1965 2022 2152 2077 Latine
2183 2021 2449 2077 transiulit
2483 2038 2717 2078 canones
2747 2022 3107 2092 apostolorum
3148 2021 3411 2092 quinqua-

1831 2094 1976 2162 ginta
2008 2093 2350 2164 imperfectus
2390 2101 2505 2148 erat
2548 2094 2734 2161 (iidem
2776 2094 2918 2147 enim
2949 2108 3182 2147 canones
3208 2094 3412 2159 jamdiu

1832 2177 1953 2234 ante
1994 2163 2304 2234 Dionysium
2334 2165 2532 2232 recepti
2574 2172 2730 2218 erant
2770 2164 2936 2217 multo
2964 2165 3160 2229 plures,
3196 2165 3268 2216 uti
3300 2173 3411 2217 sta-

1834 2233 2030 2289 tuimus
2079 2233 2197 2303 cap.
2234 2234 2285 2301 l,
2319 2250 2369 2288 ιι.
2406 2234 2485 2303 4),
2520 2235 2590 2288 ita
2641 2234 2816 2287 minus
2869 2234 3105 2301 perfecto
3143 2248 3410 2289 canonum

1831 2304 2165 2387 synodalium
2196 2304 2445 2374 exemplo
2467 2304 2543 2358 uti
2571 2304 2772 2387 potuit,
2800 2311 2860 2387 ut
2888 2320 2955 2358 ne
2983 2318 3172 2387 omnes
3197 2306 3411 2387 codices

1830 2372 2063 2430 similem
2098 2372 2440 2431 numerorum
2478 2376 2674 2431 seriem
2721 2372 3070 2442 praeferentes
3115 2373 3412 2430 canonibus

1830 2445 2237 2501 Sardicensibus
2263 2446 2501 2501 caruisse
2529 2443 2741 2500 dicendi
2770 2445 2897 2499 sint.

1901 2517 1990 2571 11.
2012 2517 2165 2584 Quod
2192 2517 2235 2571 si
2256 2518 2416 2571 etiam
2440 2516 2491 2570 in
2508 2515 2772 2586 ejusmodi
2798 2515 3071 2571 cndtcibus
3093 2514 3148 2570 hi
3171 2529 3411 2571 canones

1831 2588 2174 2655 praetermissi
2206 2589 2447 2651 inissent,
2477 2601 2605 2641 num
2635 2586 2856 2641 deerant
2884 2590 3041 2641 etiam
3078 2588 3128 2639 in
3162 2586 3410 2640 omnibus

1829 2657 1947 2711 aliis
1969 2658 2358 2727 exemplaribus
2388 2672 2507 2727 quae
2527 2671 2589 2712 ea
2616 2671 2960 2712 numerorum
2988 2658 3238 2713 continua
3267 2659 3410 2712 serie

1829 2725 2313 2783 carerent‘liﬂerte
2342 2729 2393 2782 in
2410 2725 2738 2793 quibusdam
2785 2734 2975 2783 sa'tettt
3006 2728 3281 2783 codicibus
3310 2742 3408 2782 eo-

1829 2813 1947 2871 rum
1992 2799 2545 2871 frequentissimorum
2578 2796 2781 2871 [χχιιι]
2814 2798 3027 2853 Patrum
3072 2798 3405 2863 Graecorum,

1828 2868 1917 2934 qui
1969 2868 2035 2923 ad
2079 2868 2515 2924 ChalcedOuense
2563 2868 2847 2925 concilium
2893 2880 3286 2935 coiivenerant,
3338 2885 3408 2925 ex

1830 2938 2082 2994 Ecclesiis
2108 2941 2401 3008 presertim
2430 2940 2649 3011 Illyrici,
2682 2956 2777 3008 pro
2798 2941 2990 3009 quibus
3030 2940 3193 3005 aliqui
3224 2941 3410 2997 Sardi-

1828 3023 2020 3065 censes
2041 3025 2273 3066 canentes
2302 3010 2581 3066 constituti
2616 3010 2846 3075 fuerant,
2880 3026 2974 3065 eos
3006 3011 3172 3066 fuisse
3200 3012 3404 3067 descri-

1829 3088 1951 3149 ptos
1981 3080 2162 3151 negari
2184 3096 2291 3136 non
2324 3092 2517 3150 potest.
2553 3082 2686 3147 Quid
2718 3082 2858 3151 quod
2889 3082 3222 3138 Sardicensis
3246 3098 3410 3151 syno-

1828 3151 1930 3206 dus
1970 3152 2024 3206 in
2068 3153 2172 3207 illis
2201 3152 2673 3220 comprehenditur
2699 3168 2922 3221 quarum
2970 3152 3167 3219 regula:
3200 3167 3407 3209 canone

1828 3222 2005 3290 primo
2048 3222 2471 3278 Chalcedonensi
2509 3224 2840 3279 conﬁrmata:
2888 3224 3132 3279 fuerunt?
3184 3222 3404 3278 Patrum

126 3296 322 3360 autem
382 3290 473 3345 hic
522 3292 991 3347 animadvertenda
1042 3300 1185 3345 sunt.
1221 3291 1399 3360 Primo
1455 3290 1796 3359 notandusc
1824 3292 2041 3360 quidem
2086 3292 2486 3349 Sardicensium
2526 3294 2661 3349 ﬁdes
2704 3294 2947 3349 laudatur
2978 3298 3028 3349 in
3078 3294 3403 3349 allocutione

128 3358 334 3414 titulus
382 3362 676 3416 canonibus
719 3359 1325 3428 Constantinopolitanis
1367 3361 1615 3428 prznlixus
1664 3364 1717 3415 in

124 3428 253 3499 ipso
290 3430 498 3501 Graeco
530 3432 666 3487 Aelii
694 3430 879 3487 codice
922 3447 937 3485 :
970 3430 1287 3501 Synodicum
1332 3429 1483 3496 primi
1520 3431 1725 3485 concilii

124 3501 220 3554 sub
243 3500 508 3573 Nectario
528 3503 787 3573 episcopo,
815 3517 935 3557 cum
966 3500 1213 3570 reliquis;
1234 3514 1509 3573 quaecum
1540 3515 1641 3573 nec
1670 3501 1724 3573 in

128 3577 285 3626 textu
316 3572 514 3629 Graeco
538 3570 734 3628 Codicis
765 3570 1061 3639 canonum,
1106 3586 1207 3625 nec
1230 3571 1282 3624 in
1312 3570 1435 3625 ullis
1463 3570 1726 3625 versioni-

127 3642 229 3697 bus
259 3644 550 3713 legantur,
598 3644 965 3699 collectionem
993 3642 1264 3713 diversam
1296 3654 1563 3713 canonum
1586 3642 1724 3713 indi-

128 3721 258 3767 cant
292 3710 503 3784 :Vidque
529 3730 593 3769 eo
614 3714 804 3785 magis,
836 3714 957 3784 quia
980 3728 1166 3785 voces_
1182 3712 1334 3785 primi
1362 3710 1566 3765 concilii
1586 3711 1719 3767 alte-

128 3797 248 3839 rum
272 3781 479 3839 saltem
510 3785 611 3840 sub
645 3781 832 3840 eodem
854 3781 1125 3839 'Nectario
1154 3781 1208 3836 in
1237 3781 1425 3837 eodem
1453 3796 1722 3838 canonum

128 3855 321 3925 codice
352 3854 661 3924 subjectum
690 3855 988 3925 signiﬁcant
1010 3897 1025 3922 ,
1054 3854 1304 3925 nimirum
1335 3852 1417 3906 vel
1442 3852 1568 3907 illud
1594 3855 1722 3919 anui

130 3923 268 4009 ᾖξε,
300 3923 849 4009 εάοηιιοῴρειξιίιῐειιθ
877 3925 1123 4009 videntur
1138 3923 1723 4009 dnn_canonesApt_-imo

128 3994 205 4067 illi
232 3992 477 4052 concilio
507 3992 720 4067 adfecti,
743 3998 827 4052 vel
856 3996 999 4051 aliud
1028 3993 1307 4067 anni594,
1336 3992 1490 4061 cujus
1512 3992 1642 4067 Acta
1669 3996 1723 4051 in

128 4065 337 4137 aliquot
364 4082 508 4123 mss.
530 4065 836 4124 Graecorum
860 4065 1266 4137 collectionibus
1290 4066 1538 4137 leguntur
1566 4065 1719 4134 (νεά.

127 4135 242 4207 παρ’.
270 4154 320 4192 c.
357 4140 380 4193 l
408 4179 423 4203 ,
456 4156 510 4193 η.
547 4141 660 4208 10).
691 4138 941 4194 Secundo
968 4153 1088 4193 cum
1119 4136 1265 4208 solus
1294 4135 1711 4208 tertius‘cauon,

127 4205 250 4274 aut,
304 4218 366 4265 ut
407 4208 507 4263 alii
554 4205 825 4273 dividunt,
857 4208 1125 4264 secundus
1158 4206 1226 4261 de
1271 4205 1547 4276 privilegio
1582 4206 1724 4263 sedis

128 4276 754 4350 Constantinopolitana:
798 4279 865 4335 ad
913 4294 1027 4334 rem
1075 4278 1389 4350 pertineret,
1445 4276 1539 4350 hic
1577 4278 1725 4334 solus

127 4349 449 4406 recitandus
483 4347 677 4417 luerat,
701 4350 745 4406 si
768 4351 821 4406 in
842 4351 977 4406 Aetii
1003 4349 1188 4404 codice
1208 4363 1239 4402 a
1263 4347 1433 4417 primo
1462 4347 1543 4401 vel
1564 4350 1725 4403 etiam

128 4422 369 4477 secundo
391 4436 613 4477 canone
633 4422 819 4477 luisset
837 4420 1135 4476 distinctus.
1152 4418 1321 4475 Simul
1339 4428 1514 4473 autem
1537 4433 1724 4474 omnes

130 4488 184 4543 hi
211 4506 456 4571 canones
492 4509 602 4546 unt»
630 4500 883 4547 contextu
912 4491 1122 4547 recitati
1146 4490 1390 4571 luerunt,
1418 4488 1542 4571 quia
1585 4490 1727 4545 Aetii

128 4562 297 4619 codex
326 4580 393 4621 ea
442 4578 719 4619 canonum
748 4578 811 4618 ac
841 4576 1184 4617 numerorum
1214 4559 1553 4629 distinctione
1575 4574 1727 4615 care-

129 4629 238 4705 bat,
272 4651 400 4705 quae
446 4649 569 4705 non
601 4634 781 4705 solum
805 4634 877 4705 in
910 4647 1011 4687 ms.
1043 4632 1232 4705 Graeco
1262 4630 1518 4705 Dionysii,
1550 4630 1654 4705 sed
1669 4633 1721 4686 in

129 4702 248 4759 aliis
274 4698 447 4762 etiam
479 4704 739 4759 adhibitis
768 4704 834 4759 ab
872 4703 1179 4758 auctoribus
1208 4698 1513 4755 versionum
1554 4700 1723 4756 Isido-

128 4774 292 4831 riana:
329 4786 388 4832 et
438 4776 649 4830 Prisca:
682 4777 893 4830 inventa
934 4773 1053 4828 fuit.
1092 4773 1189 4828 llic
1216 4787 1344 4841 ergo
1387 4770 1525 4841 Aetii
1555 4771 1723 4827 codex

130 4843 351 4903 Graecus
377 4848 640 4903 diversus
671 4854 786 4902 erat
805 4846 873 4899 ab
905 4844 1154 4900 omnibus
1180 4840 1405 4914 quorum
1438 4840 1632 4914 indicia
1655 4843 1722 4914 ad

128 4928 223 4988 nos
247 4932 585 4988 pervenere.
617 4916 770 4983 Quod
791 4916 837 4971 si
866 4916 917 4970 in
947 4916 1060 4987 ipsa
1079 4912 1499 4988 Chalcedonensi
1519 4912 1724 4988 synodo

128 4983 260 5042 lecti
279 4991 513 5046 luerunt
553 4988 750 5043 diversi
780 4983 992 5058 generis
1017 4986 1260 5058 codices,
1290 4984 1377 5039 alii
1399 4998 1522 5058 cum
1552 4983 1725 5058 conti-

128 5070 285 5113 nnata
314 5074 681 5117 numerorum
710 5054 850 5114 serie
868 5100 882 5123 ,
910 5058 998 5113 alii
1026 5057 1143 5113 sine
1174 5054 1434 5126 ejusmodi
1464 5055 1719 5126 numeris,

128 5136 181 5182 et
205 5130 296 5187 alii
327 5133 503 5188 etiam
528 5131 655 5185 aliis
682 5130 982 5194 auctiores;
1014 5128 1187 5183 inanis
1206 5124 1564 5195 proculdubio
1597 5141 1722 5195 per-

128 5199 354 5267 spicitur
398 5202 624 5259 Justelli
657 5200 1000 5271 hypotbesis,
1042 5214 1143 5268 qua
1169 5195 1605 5271 solumcodicem
1633 5211 1723 5271 ca-

130 5266 331 5329 nanum
355 5274 681 5330 continuam
694 5266 1043 5327 numerorum
1063 5266 1262 5325 seriem
1285 5266 1625 5324 exhibentem
1653 5268 1722 5323 ab

132 5340 390 5413 Ecclesiae
428 5343 691 5399 Patribus
735 5352 1046 5413 receptum,
1096 5350 1150 5397 et
1187 5341 1250 5413 in
1300 5338 1721 5413 Chalcedonensi

130 5410 326 5471 lectum
357 5425 535 5486 atque
568 5409 919 5484 approbatum
951 5410 1247 5486 presumit.
1289 5409 1441 5486 Adde
1468 5410 1611 5480 quod
1635 5426 1724 5486 eit-

131 5498 310 5553 pressa
338 5481 1014 5553 can'otium'approbatio,
1056 5497 1174 5554 quae
1203 5483 1270 5539 ab
1301 5481 1488 5554 eadem
1516 5482 1722 5554 synodo

131 5550 271 5624 edita
311 5567 399 5614 est
427 5570 652 5614 canone
690 5550 885 5624 primo,
914 5570 1018 5612 non
1061 5550 1128 5609 ad
1157 5553 1298 5609 hunc
1325 5552 1409 5607 vel
1451 5550 1603 5624 illum
1632 5553 1722 5622 qui

131 5622 297 5683 lectus
324 5629 427 5684 fuit
452 5621 730 5683 canonum
756 5627 992 5682 codicem
1019 5625 1375 5695 restringitur,
1416 5625 1511 5695 sed
1540 5621 1723 5695 adca-

132 5711 298 5755 nones
324 5701 562 5757 Patrum
587 5697 821 5752 omnium
848 5706 903 5752 et
936 5693 1262 5767 singularum
1292 5693 1719 5751 antecedentium

131 5769 466 5838 synodorum
505 5767 841 5825 extenditur.
890 5767 1150 5836 Regulos,
1192 5767 1391 5838 inquit,
1433 5775 1721 5821 sanctorum

179 5849 348 5896 atrunt
371 5858 467 5913 per
486 5840 701 5913 singula
723 5853 854 5913 nunc
875 5854 1029 5913 usque
1052 5838 1267 5899 conc-ilia
1286 5838 1581 5899 constitutas
1604 5853 1721 5911 pro-
1766 5906 1767 5909 η

132 5914 299 5980 prium
320 5910 487 5972 robur
519 5910 746 5968 obtinere
767 5910 1090 5967 decrevimus.

1828 3361 2042 3435 concilii
2071 3363 2614 3435 Chalcedonensisad
2636 3364 2954 3435 Marcianum
2985 3375 3285 3435 augustum.
3310 3365 3406 3418 Illi

1828 3432 2057 3500 quidem,
2098 3432 2193 3497 ait,
2224 3433 2309 3498 qui
2333 3432 2471 3500 apud
2502 3434 2774 3486 Serdicam
2814 3446 2990 3487 contra
3027 3432 3265 3500 reliquias
3292 3436 3407 3488 Arii

1828 3501 2553 3575 conuetnzrunt,_0rientalibus
2574 3504 2868 3575 direxerant
2889 3505 2968 3556 sui
3009 3506 3283 3558 constituta
3312 3508 3407 3575 ju-

1830 3572 1954 3624 dicii
1975 3569 2145 3639 (Tom.
2170 3571 2232 3625 ιν
2260 3571 2417 3627 Cone.
2445 3573 2544 3627 col.
2575 3573 2765 3643 1766);
2792 3588 2913 3643 qua:
2937 3575 3221 3629 constituta
3247 3569 3405 3643 paulo

1828 3650 2241 3713 anteyocanlur
2264 3643 2519 3696 decretum
2558 3643 2620 3696 de
2643 3642 2765 3711 ﬁde.
2812 3642 3059 3700 lunultur
3097 3642 3273 3701 autem
3304 3644 3405 3699 de-

1827 3712 2035 3793 cretum
2051 3713 2182 3796 ﬁdei
2210 3713 2350 3796 quod
2380 3712 2651 3796 legiturfin
2680 3715 3089 3796 ﬁne'synonicae
3120 3715 3407 3796 Sat-dicen-

1827 3785 1902 3836 sis
1928 3783 2066 3852 apud
2093 3782 2512 3850 Theodoretum,
2555 3784 2648 3838 lib.
2691 3801 2729 3840 tt
2759 3782 2894 3840 llis't.
2943 3786 3152 3843 Eccles.
3197 3801 3315 3854 cap.
3346 3786 3403 3841 6.

1827 3853 1945 3935 line
1961 3854 2183 3935 quidem
2213 3855 2512 3935 decretum,
2542 3870 2656 3935 _seu
2686 3856 2820 3911 hanc
2848 3858 3239 3935 expositionem
3280 3857 3404 3935 tidei

1827 3925 2125 3998 addititia‘m
2154 3940 2295 3989 esse,
2342 3938 2395 3980 et
2438 3925 2663 3998 laudata:
2690 3925 2961 3998 synodica:
3002 3938 3260 3997 assutam,
3288 3930 3401 3996 jam

1827 4009 2015 4050 omnes
2053 3996 2305 4051 fatentur.
2352 3999 2421 4051 At
2448 3997 2563 4052 haec
2588 3996 2788 4052 additio
2813 4006 2938 4053 aute
2964 3996 3405 4055 Chalcedonensis

1828 4067 2124 4131 obtinebat,
2154 4078 2208 4121 et
2244 4068 2519 4140 c_odicibus
2546 4079 2663 4123 erat
2705 4070 2900 4124 inserta
2944 4085 3013 4124 ex
3054 4070 3245 4140 quibus
3290 4073 3404 4139 jam

1827 4146 2005 4199 antea,
2040 4146 2234 4203 praeter
2259 4137 2678 4207 Theodoretum,
2707 4140 2975 4205 Socrates,
3014 4137 3152 4195 libro
3193 4157 3251 4207 ιι,
3279 4137 3400 4207 cup.

1826 4208 1918 4271 20,
1948 4216 2001 4262 et
2026 4208 2375 4274 Sozomenus,
2409 4210 2503 4263 hb.
2551 4226 2626 4273 ιιι,
2668 4225 2787 4278 cap.
2842 4212 2925 4276 η,
2982 4212 3223 4266 eamdem
3279 4211 3401 4267 lidei

1826 4281 2214 4350 expositionem
2236 4296 2261 4331 a
2285 4279 2590 4335 Sardicensi
2613 4282 2837 4336 concilio
2857 4282 3057 4336 editam
3080 4283 3401 4350 allegarunt.

1827 4348 1986 4421 Qerte
2033 4349 2149 4421 hoc
2177 4350 2599 4405 additamentum
2646 4353 2936 4421 synodica},
2986 4369 3091 4421 quo
3141 4348 3405 4420 expositio

1828 4419 2058 4491 Nicatore
2086 4419 2209 4476 ﬁdei
2236 4437 2264 4475 a
2296 4419 2704 4476 Sardicensibu}
2752 4419 3237 4476 Patribns'condita
3268 4437 3405 4491 pra:-

1828 4488 2017 4556 fertur,
2063 4490 2174 4560 jam
2205 4502 2565 4557 conscriptum
2596 4502 2709 4545 erat
2754 4508 2897 4546 anno
2923 4492 3048 4559 562,
3080 4505 3133 4548 et
3163 4488 3401 4550 Sardica

1828 4561 1991 4615 etiam
2018 4566 2350 4631 propositum
2378 4562 2542 4617 fuisse
2562 4577 2590 4615 a
2619 4562 2888 4617 nonnullis
2918 4564 3187 4628 Patrnbus,
3211 4565 3303 4622 sed
3333 4566 3403 4623 ab

1748 4666 1805 4727 Β
1827 4632 1945 4686 aliis
1966 4632 2203 4727 pluribus
2232 4632 2585 4727 etlasyuodo'
2608 4632 2886 4727 rejectum,
2914 4634 3167 4727 cnlligere
3190 4636 3317 4720 licet
3334 4652 3401 4693 ex

1826 4704 2053 4776 concilio
2073 4702 2442 4776 alexandrini)
2466 4704 2587 4776 anni
2620 4705 2879 4772 ejusdem,
2907 4705 2996 4759 ubi
3023 4702 3108 4761 illa
3136 4709 3404 4776 expositio

1829 4774 1955 4851 ﬁdei
1986 4771 2228 4851 addititia
2253 4773 2305 4828 in
2335 4773 2552 4851 vulgata
2574 4771 3015 4851 interpretatinne
3041 4771 3289 4851 ejusdem
3311 4794 3403 4851 sy-

1828 4845 1970 4919 nodi
2009 4842 2206 4919 tabellis
2248 4842 2465 4919 nomine
2512 4846 2857 4919 signilicnur.
2910 4842 3169 4902 Tabellam
3220 4842 3399 4919 igitur,

1828 4916 2071 4985 inquiunt
2099 4914 2446 4987 Alexandrini
2473 4914 2682 4971 concilii
2724 4916 2929 4982 Patres,
2974 4935 3127 4987 quam
3169 4914 3401 4974 nonnulli

1820 4989 2044 5070 jactant,
2091 4986 2237 5070 quasi
2272 5003 2360 5070 es.
2383 4987 2681 5070 Sardicensi
2709 4989 2905 5070 synon
2945 4986 3010 5067 de
3046 4990 3403 5070 ﬁde'conscrif

1830 5066 1987 5129 plant,
2022 5073 2084 5111 ne
2112 5058 2211 5129 legi
2238 5058 2442 5126 quidem
2469 5059 2621 5129 semel
2656 5067 2743 5111 aut
2775 5060 2989 5129 proferri
3016 5058 3215 5115 sinatis.
3253 5060 3402 5114 Nihil

1825 5128 1962 5183 enim
1986 5128 2086 5183 tale
2106 5128 2329 5198 synodus
2354 5128 2599 5198 deﬁnivit.
2636 5128 2873 5194 Quamuis
2900 5130 3032 5183 enim
3069 5132 3193 5185 certi
3233 5132 3398 5183 hami-

1827 5216 1916 5254 nes
1958 5201 2232 5265 nonnulla,
2275 5200 2423 5269 quasi
2464 5215 2576 5269 qua:
2627 5204 2854 5256 deessent
2907 5199 3120 5255 Nicatno
3160 5202 3397 5266 concilio,

1826 5270 2076 5325 ascribere
2123 5273 2323 5339 uellent,
2374 5270 2524 5336 idque
2570 5272 2753 5325 acriter
2799 5274 3172 5334 contenderent,
3221 5284 3401 5323 sancta

1827 5347 1996 5413 lumen
2020 5340 2264 5411 synodus,
2287 5356 2398 5413 qua:
2420 5340 2650 5396 Serdica:
2668 5347 2920 5407 convenit,
2940 5343 3169 5413 indigne,
3183 5340 3238 5413 id
3259 5340 3397 5407 tulit,

1824 5410 2124 5482 decretoque
2147 5411 2358 5466 sancivit
2387 5428 2450 5466 ne
2476 5412 2601 5482 quid
2625 5414 2835 5467 ulterius
2862 5415 2924 5467 de
2945 5410 3393 5480 ﬁde'scriberetur,

1825 5429 2124 5482 aecretoque
2147 5429 2358 5466 sanctvu
2387 5429 2450 5466 ne
2512 5429 2600 5465 tua
2625 5429 2835 5467 uuenus
2862 5429 2924 5467 ae
2945 5429 3047 5480 pae
3070 5429 3393 5477 scrweretur,

1825 5492 1871 5537 et
1894 5499 2002 5537 sese
2030 5490 2285 5537 contentos
2315 5498 2420 5537 esse
2447 5429 2506 5537 13
2504 5485 2663 5537 ictena
2689 5484 2791 5553 ﬁde
2816 5483 3214 5544 declaraverunt,
3240 5493 3297 5553 ut
3314 5484 3399 5535 cui

1827 5553 1956 5607 nihil
1990 5554 2203 5618 deesset,
2234 5562 2280 5608 et
2313 5568 2426 5623 qua:
2454 5556 2604 5624 plena
2633 5550 2834 5623 pietatis
2860 5559 3019 5624 esset;
3050 5550 3395 5624 neque_eden-

1827 5624 1947 5678 dum
1973 5640 2079 5678 esse
2108 5626 2264 5678 aliam
2284 5620 2647 5696 professionem
2671 5624 2814 5693 ﬁdei,
2855 5637 2917 5674 ne
3059 5635 3174 5688 qua:
3201 5620 3398 5677 Nicaea:

1822 5696 2013 5766 scripta
2040 5704 2111 5749 est
2140 5690 2436 5763 imperfecta
2462 5690 2780 5766 crederetur;
2801 5706 2917 5745 neve
2938 5690 3042 5743 illis
3070 5697 3269 5748 occasio
3292 5698 3396 5748 Itu-
3444 5720 3447 5721 ν

1813 5763 2066 5840 jnsmodi‘
2091 5766 2523 5840 suppeditaretur,
2550 5763 2657 5840 [qui
2693 5778 2828 5840 saepe
2848 5776 3079 5840 "numero
3109 5766 3290 5840 nolunt
3331 5766 3395 5840 de

1824 5829 1926 5905 ﬁde
1967 5829 2255 5904 deﬁnire'et
2296 5829 2514 5905 scribere
2541 5829 2803 5905 (Tantali
2841 5829 2997 5905 Conc.
3041 5834 3138 5887 col.
3180 5834 3283 5905 944
3313 5831 3394 5903 a).

1823 5904 2081 5969 Similiter
2104 5920 2134 5963 a
2159 5906 2218 5980 S.
2252 5904 2500 5984 Eusebio
2551 5904 2876 5965 Vsrcellensi
2914 5904 2966 5962 in
3002 5904 3392 5974 subscriptione
