4014 6346
263 454 335 539 s:
826 463 916 522 os
953 458 1179 528 amo.
1220 454 1663 515 consonos.
1709 415 2259 509 accedemus.
2300 449 2645 510 canonum.
2688 451 2864 509 PARS
2902 452 2969 511 II.
3465 454 3547 513 ιι

265 593 515 655 versione
533 601 801 647 canonum
827 585 1182 649 Nicanorum,
1206 595 1327 651 quae
1357 580 1411 636 in
1441 575 1855 655 collectionibus
1880 572 1935 634 A
1958 573 2112 655 sedis
2135 575 2343 655 legatus
2382 578 2627 635 recitavit
2655 576 2866 634 actione
2895 576 2977 655 i6_
2992 576 3204 635 concilii
3241 576 3552 655 ghalcedo:

266 646 555 735 nisinisi
595 670 655 735 _et
703 656 991 735 Isidorigna
1038 646 1532 735 conservaturzuab
1575 646 1767 735 Attico‘

264 718 504 795 missio
536 733 698 788 missa
732 729 847 785 fuit.
883 728 957 784 Ea
998 740 1157 794 porro
1189 723 1365 779 versio
1393 721 1595 795 Nicaeni
1624 718 1854 795 sytnbo‘li

264 791 409 880 apud
438 805 735 880 Romanam
758 791 1065 880 _Ecclesiam
1094 805 1333 880 recepta,
1357 792 1608 880 pluribus
1619 791 1856 880 antiquis

266 866 592 942 communis,
613 872 807 929 indicio
833 886 952 926 esse
981 868 1192 923 videtur
1218 866 1463 942 eamdem
1496 866 1699 942 pariter
1726 866 1858 935 ipsis

266 950 437 1005 fuisse
458 937 787 1003 Nictenorum
814 955 1026 1012 quoque
1047 954 1311 995 canonum
1336 937 1853 1012 interpretationem,

270 1019 538 1076 Africanis
569 1007 882 1084 praesertim,
910 1007 1048 1082 apud
1076 1026 1209 1084 quos
1231 1012 1520 1084 exstabant
1544 1007 1858 1084 eremﬂaria

269 1091 394 1161 fidei
422 1099 468 1143 et
483 1080 684 1161 statuta
714 1080 1176 1161 Nifwnw'sqnodi,
1201 1097 1314 1145 quia
1340 1080 1410 1161 ad
1440 1091 1671 1161 uestiunt
1689 1080 1860 1161 conci:

268 1150 398 1216 lium
454 1159 725 1229 (inquiunt
769 1156 957 1229 Patres
999 1150 1435 1229 C_artttag_tnen_sis
1481 1151 1672 1229 synodi
1732 1150 1858 1205 anni

264 1229 397 1301 M9)
420 1222 509 1301 per
528 1222 685 1301 beata:
705 1227 1139 1301 recordationis...
1152 1222 1545 1301 ._._Ca:cilianum_
1564 1222 1859 1301 episcopum

187 1344 235 1362 τ.
262 1293 430 1358 allata
452 1315 571 1373 sunt
596 1299 682 1373 (Τ.
714 1298 778 1353 III
803 1297 962 1373 Cone.
992 1298 1091 1373 col.
1115 1296 1267 1373 M7).
1287 1296 1374 1373 _Ita
1405 1308 1508 1347 non
1534 1293 1662 1373 levis
1682 1293 1859 1373 suspi-

265 1374 351 1428 ciu
379 1365 643 1437 exoritur,
675 1385 779 1426 non
809 1371 985 1424 minus
1018 1371 1071 1422 in
1094 1365 1338 1437 symbolo
1367 1380 1523 1434 quam
1554 1366 1604 1420 in
1632 1365 1858 1437 canoni-

263 1444 367 1501 bus
398 1442 629 1499 Nicaanis
655 1441 898 1498 eamdem
926 1440 1089 1495 fuisse
1121 1436 1390 1507 antiquam
1422 1437 1722 1490 versionem
1752 1436 1860 1491 Bo-

264 1530 483 1572 manam
514 1522 569 1568 et
598 1511 926 1576 Africanam,
953 1526 1108 1577 quam
1137 1509 1343 1564 scilicet
1365 1523 1516 1575 teque
1545 1522 1608 1562 ex
1642 1507 1860 1564 Nicaano

263 1586 495 1643 concilio
532 1593 585 1639 et
622 1584 877 1654 pontittcii
909 1583 1065 1652 legati
1099 1581 1344 1646 Romam,
1375 1590 1430 1635 et
1456 1577 1773 1636 Caecilianus
1805 1581 1857 1635 in

266 1656 501 1715 Africam
533 1655 845 1710 detulerint.

340 1727 393 1782 4.
461 1726 596 1781 Huic
651 1726 974 1796 conjecturae
1027 1722 1220 1796 obesse
1275 1720 1489 1796 videtur
1544 1720 1859 1796 _Ferrandus

273 1798 709 1869 Carthaginensis
753 1792 1015 1852 Ecclesiae
1054 1794 1333 1869 diaconus.
1375 1792 1423 1845 Is
1458 1793 1637 1869 _enim,
1675 1793 1858 1869 quiin

277 1863 718 1926 caeteris'Grmcis
746 1868 1040 1923 canonibus
1077 1864 1424 1920 lsidorianam
1456 1863 1861 1931 interpretatio-

1962 647 2166 720 nensis.
2197 647 2295 720 I‘Iie
2320 657 2499 720 autem
2542 665 2711 706 canon
2750 664 2857 705 non
2899 649 3070 706 solum
3103 649 3379 720 peculiare
3405 646 3545 707 illud

1963 717 2171 774 initium
2212 717 2393 783 habet,
2426 719 2576 786 Quod
2608 720 2837 777 Ecclesia
2870 717 3115 777 Romana
3139 737 3334 786 semper
3362 719 3549 779 habui!

1960 791 2255 863 primatum,
2291 797 2356 863 _et
2400 790 2565 863 solius
2601 792 2843 863 Egypti,
2880 808 2985 849 non
3027 802 3205 849 autem
3251 791 3435 863 Libya:
3473 807 3543 850 ae

1961 862 2268 931 Peotapolis
2290 860 2497 935 [cxvttt]
2526 860 2799 935 meminit,
2825 880 3008 919 verum
3028 866 3186 920 etiam
3210 863 3345 918 duos
3356 860 3541 935 cano-

1961 948 2059 989 nes
2085 942 2294 1006 sextum
2322 945 2376 988 et
2401 934 2687 1003 septimum
2720 937 2773 990 in
2803 953 2964 992 ttnum
2989 938 3199 1006 junctus
3227 934 3543 1004 complecti-

1962 1013 2066 1060 tur.
2103 1005 2239 1060 Num
2281 1020 2409 1059 vero
2450 1009 2590 1059 hunc
2630 1022 2888 1062 canonem
2931 1005 2999 1064 es
3036 1010 3221 1064 codice
3261 1006 3540 1072 Romanae,

1961 1090 2027 1150 an
2058 1092 2122 1150 ex
2161 1092 2272 1132 suae
2311 1078 2489 1150 potius
2528 1077 2854 1150 Lilybetanae
2896 1080 3145 1135 Ecclesiae
3188 1078 3375 1148 legerit
3408 1078 3542 1150 Pas;

1961 1147 2233 1215 chasinus,
2262 1148 2350 1217 qui
2380 1166 2484 1205 non
2508 1164 2571 1205 ex
2603 1147 2732 1204 urbe
2767 1151 2954 1215 lloma,
2981 1152 3073 1205 sed
3101 1168 3163 1204 ex
3189 1147 3283 1205 sua
3317 1150 3445 1205 sede
3471 1148 3539 1206 ad

1962 1218 2244 1274 concilium
2276 1222 2531 1291 perrexit,
2555 1236 2619 1276 ex
2647 1230 2900 1276 contextu
2926 1236 3028 1275 non
3058 1223 3242 1291 liquet.
3273 1221 3327 1275 Si
3357 1231 3540 1276 autem

1964 1305 2149 1362 verum
2187 1289 2474 1361 judicetur,
2527 1293 2668 1360 quod
2713 1302 2868 1348 antea
2906 1289 3256 1362 conjecitntts,
3295 1294 3541 1362 eamdem

1963 1361 2128 1418 fuisse
2144 1365 2414 1431 antiquam
2442 1366 2744 1418 versionem
2772 1360 3026 1418 Romanae
3045 1364 3297 1419 Ecclesia:
3316 1380 3378 1417 ac
3399 1360 3544 1419 Alri-

1962 1447 2131 1498 canae,
2159 1450 2279 1490 cum
2310 1435 2396 1490 hic
2422 1436 2560 1491 idem
2589 1446 2772 1491 sextus
2798 1451 2970 1490 canon
3001 1449 3068 1490 ex
3098 1434 3543 1501 interpretatione

1962 1505 2177 1575 antiqua
2200 1508 2267 1579 ab
2289 1507 2431 1579 Afris
2453 1517 2663 1579 recepta
2699 1508 2929 1562 insertus
2959 1507 3011 1559 in
3034 1506 3239 1579 synodo
3260 1505 3542 1579 Qarthagi-

1964 1580 2114 1630 nensi
2147 1577 2272 1648 anni
2304 1577 2407 1634 59.5
2435 1578 2704 1648 discrepet
2731 1594 2757 1631 a
2790 1579 3034 1633 versione
3066 1576 3231 1647 quam
3262 1576 3543 1648 Paschasi-

1963 1663 2062 1718 nus
2087 1648 2137 1701 in
2159 1646 2580 1705 Chalcedonensi
2613 1645 2858 1718 protulit;
2886 1651 2997 1703 haec
3024 1645 3332 1705 Patscltasini
3364 1650 3542 1704 versit)

1962 1716 2199 1791 Romana
2240 1721 2385 1775 credi
2417 1730 2471 1776 et
2512 1716 2766 1775 aflirmari
2811 1721 3024 1791 nequit;
3068 1737 3129 1775 an
3160 1728 3445 1791 propterea
3475 1734 3543 1791 ex

1962 1789 2147 1846 codice
2177 1789 2315 1846 forte
2348 1791 2661 1848 Lilvhetano
2687 1809 2807 1848 eum
2842 1789 3102 1848 canonem
3142 1789 3406 1846 recitavit.
3440 1790 3543 1844 Ini-

1966 1861 2093 1932 tium
2137 1863 2350 1931 quidem
2405 1861 2534 1918 illud
2600 1864 2749 1931 Quod
2796 1864 3028 1919 Romana
3082 1861 3312 1916 Ecclesia
3347 1876 3542 1932 semper

271 1956 395 1996 nem
433 1939 691 2022 adhibuit,
720 1939 773 1995 in
802 1936 947 2021 solis.
969 1937 1195 1992 Niczenis
1229 1935 1680 2025 camjdeseruisse
1710 1936 1853 2019 vide-
1886 1962 1935 2025 Β
1965 1930 2167 2025 h’ahuitn’
2183 1930 2967 2025 primatunn‘tA-‘eademmfatione
3016 1935 3285 2025 invenitur
3331 1933 3382 1987 in
3433 1930 3541 2025 ms.

270 2021 379 2077 tur,
410 2022 467 2066 ut
494 2010 769 2076 antiquam
810 2009 1111 2064 versionem
1154 2005 1466 2077 earumdem
1503 2022 1766 2061 canOnum
1800 2010 1854 2063 in

269 2076 541 2138 Africanis
554 2081 829 2137 codicibus
846 2092 1214 2135 conservatam
1247 2092 1310 2132 ac
1326 2077 1377 2131 itt
1399 2076 1572 2131 Africa
1587 2078 1852 2134 celebrem

269 2164 610 2224 sequeretur.
649 2153 795 2209 Idem
828 2167 954 2224 vero
985 2151 1286 2224 Ferrandus
1315 2150 1367 2202 in
1404 2147 1738 2224 Breviatione
1770 2150 1857 2224 {Si-

268 2219 482 2281 cmnum
507 2238 764 2279 canonem
795 2224 862 2279 de
892 2222 1138 2277 Catharis
1170 2222 1237 2275 ita
1264 2219 1536 2288 proponit.
1568 2229 1625 2275 ut
1652 2222 1856 2276 versio-

269 2311 398 2352 nem
429 2294 618 2362 prodat
640 2311 669 2348 a
693 2295 931 2350 Romana
954 2294 1243 2355 diversam,
1275 2306 1432 2357 quam
1464 2289 1804 2346 Innocentius
1835 2292 1855 2347 ι

273 2364 539 2421 adhibuit.
578 2365 675 2421 Hic
719 2366 862 2421 enim
907 2364 1141 2434 pontifex
1181 2363 1235 2417 in
1276 2362 1431 2430 epist.
1464 2362 1529 2415 ad
1571 2363 1763 2418 Rufum
1802 2372 1857 2419 et.

273 2436 607 2504 Macedones,
643 2453 698 2492 ιι.
731 2436 817 2501 15,
857 2452 980 2493 eum
1008 2450 1267 2490 canonem
1297 2437 1375 2487 sic
1404 2434 1593 2488 recitat
1625 2452 1638 2488 :
1673 2435 1747 2489 De
1775 2436 1853 2490 his

269 2510 361 2578 qui
397 2509 658 2562 nominant
686 2525 740 2563 se
768 2514 905 2577 ipsos
932 2506 1201 2570 Catharos,
1232 2505 1384 2578 id_csl
1410 2506 1650 2578 mundos,
1680 2520 1727 2560 et
1757 2507 1856 2562 ali-

267 2573 480 2650 quando
532 2581 734 2634 veniunt
788 2573 857 2633 ad
912 2578 1215 2634 catholicam
1280 2573 1604 2650 Ecclesium,
1662 2578 1854 2647 placuit

268 2649 462 2705 sancte
481 2661 529 2704 et
555 2667 755 2719 magna:
774 2651 993 2720 synodo,
1021 2659 1075 2703 ut
1092 2656 1512 2720 acceptamanus
1539 2649 1856 2716 impositione

266 2723 346 2776 sic
372 2734 609 2776 maneant
639 2717 694 2776 in
720 2717 873 2777 clero.
909 2721 1059 2791 Apud
1088 2717 1417 2791 Ferrandum
1449 2734 1578 2773 vero
1614 2736 1677 2775 ex
1713 2722 1854 2777 Afri-

267 2806 403 2849 cana
449 2793 698 2849 versione
737 2794 878 2847 idem
922 2788 1095 2846 canon
1143 2790 1221 2845 sic
1253 2788 1476 2844 effertur
1520 2806 1667 2844 num.
1706 2791 1852 2848 172:

274 2862 345 2918 Ut
367 2865 419 2917 hi
438 2866 527 2935 qui
547 2865 874 2919 nominantur
892 2862 1125 2927 Cathari,
1146 2861 1439 2935 accedentes
1460 2860 1530 2935 ad
1553 2859 1854 2935 Ecclesium,

271 2935 318 2990 si
363 2930 586 2989 ordinati
622 2947 761 3001 sunt,
794 2938 866 2988 sic
908 2940 1144 2988 maneant
1186 2933 1239 2985 in
1266 2930 1422 2985 clero.
1460 2932 1602 3003 illaec
1641 2932 1854 3003 quidem

271 3004 537 3061 Ferrandi
583 3022 686 3060 non
724 3015 846 3059 sunt
898 3007 1009 3073 ipsa
1051 3003 1329 3076 versioni_s__
1358 3002 1547 3076 verba.
1597 3002 1690 3058 sed
1738 3005 1891 3076 ejus,

273 3076 674 3145 compendium.
708 3078 775 3131 At
801 3072 1066 3131 versionis
1086 3072 1576 3145 dissimilitudinem
1614 3076 1746 3131 satis
1769 3072 1858 3132 in-

271 3144 418 3203 dicat
455 3162 665 3218 sensus,
693 3149 780 3218 qui
812 3162 932 3203 cum
961 3144 1501 3218 apudilnnocentium
1537 3160 1725 3218 manus
1758 3150 1857 3203 im-

272 3219 592 3289 positionem
624 3216 910 3287 signiticet,
933 3216 1070 3288 apud
1100 3216 1429 3289 Ferrandum
1460 3217 1853 3275 ordinationem

274 3288 435 3363 antea
446 3299 723 3363 acceptam
748 3290 1002 3363 declarat.
1028 3289 1141 3342 Etsi
1168 3288 1688 3363 ergojnterpretatio
1710 3306 1855 3363 sym-

1968 2002 2086 2057 Vat.
2130 2002 2346 2073 Reginae
2394 2007 2548 2072 1997,
2594 2006 2658 2060 ad
2707 2006 3021 2062 Thezttinam
3073 2005 3361 2061 Ecclesiam
3409 2004 3538 2058 olim

1961 2075 2280 2149 pertinente,
2332 2093 2438 2132 non
2491 2078 2667 2133 minus
2715 2093 2871 2149 quam
2923 2081 2972 2131 in
3020 2076 3294 2133 codicibus
3340 2074 3541 2149 collec~

1960 2146 2120 2200 tionis
2158 2149 2566 2214 Quesnelliante,
2599 2164 2661 2203 ac
2702 2146 2753 2203 in
2790 2151 2910 2204 aliis
2952 2150 3110 2204 etiam
3148 2149 3373 2202 aliarum
3423 2148 3542 2202 col-

1960 2216 2269 2290 lectionum,
2309 2235 2442 2290 quas
2490 2221 2908 2276 memorabimus
2960 2232 3073 2277 not.
3114 2221 3183 2276 '52
3220 2221 3270 2273 in
3304 2226 3465 2288 caput
3506 2216 3535 2271 1

1959 2289 2160 2343 codicis
2215 2289 2479 2345 canonum
2549 2294 2648 2346 hoc
2719 2301 2864 2347 tomo
2922 2292 3136 2347 edendi.
3187 2290 3355 2346 Unius
3409 2303 3553 2357 vero,

1957 2357 2170 2442 {Egypti
2227 2364 2457 2442 mentio,
2515 2362 2734 2442 omissis
2778 2363 2945 2442 Libya
3003 2374 3161 2442 atque
3208 2362 3535 2442 Pentapoli,

1958 2430 2029 2484 ita
2060 2430 2109 2484 in
2140 2433 2353 2487 laudato
2395 2448 2495 2489 ms.
2529 2433 2648 2488 Vat.
2698 2430 2936 2503 Reginae,
2970 2437 3042 2488 ttti
3079 2430 3222 2503 apud
3263 2432 3539 2488 Paschasi-

1960 2517 2084 2555 num
2134 2507 2435 2572 praefertur,
2480 2506 2622 2574 quod
2669 2506 2788 2560 aliis
2837 2506 3087 2560 indicatis
3131 2504 3542 2560 collectionibus

1959 2588 2293 2647 nequaquam
2327 2577 2592 2646 eongruit.
2624 2578 2695 2632 At
2725 2581 2767 2631 si
2799 2578 3025 2647 ptimam
3070 2576 3291 2631 canonis
3322 2584 3541 2647 partem

1958 2645 2216 2713 excipias,
2263 2645 2489 2703 verbzt’a
2522 2645 2847 2702 Pasrhasino
2887 2648 3103 2703 recitata
3154 2648 3204 2701 in
3257 2646 3478 2715 reliquis
3507 2659 3539 2698 ιι

1960 2720 2207 2772 versione
2252 2719 2446 2774 laudati
2485 2719 2685 2774 codicis
2724 2719 3052 2789 discrepant,
3086 2720 3161 2774 uti
3203 2729 3257 2772 et
3285 2732 3540 2773 numerus

1957 2789 2200 2860 canonis,
2234 2792 2321 2860 qui
2353 2790 2491 2859 apud
2526 2790 2906 2846 Paschasinum
2941 2801 3145 2858 sextus,
3176 2790 3230 2860 in
3262 2803 3329 2845 eo
3358 2797 3537 2860 autem

1957 2858 2143 2915 Codice
2193 2858 2506 2917 undecimus
2555 2870 2666 2927 est;
2714 2876 2775 2916 ac
2821 2863 3043 2931 proinde
3088 2859 3275 2917 eadem
3321 2859 3539 2916 omnino

1957 2930 2103 2984 credi
2136 2934 2314 3000 nequit
2348 2933 2623 2995 utriusque
2652 2930 2853 2989 codicis
2874 2934 3071 2989 versio.

2028 3003 2081 3056 6.
2124 3002 2202 3056 Ex
2234 3004 2491 3060 hactenus
2520 3003 2803 3072 disputatis
2845 3004 3017 3075 palam
3053 3007 3247 3059 laetum
3279 3011 3363 3059 est
3393 3018 3539 3073 qua:-

1958 3087 2082 3125 uatn
2130 3075 2405 3146 particula:
2461 3075 2548 3129 vel
2598 3074 2857 3146 reliquias
2887 3091 3152 3132 canonum
3202 3074 3540 3130 Nicaanorum

1957 3145 2226 3217 supersint
2254 3162 2318 3201 ex
2348 3148 2565 3217 antiqua
2593 3145 2840 3202 versione
2882 3147 3123 3201 Romana
3155 3146 3236 3200 vel
3268 3146 3535 3201 Africana.

1957 3212 2108 3267 Nunc
2144 3216 2213 3272 de
2248 3212 2562 3289 integris’et
2603 3219 2987 3274 vetustioribus
3020 3217 3330 3289 eorumdem
3371 3231 3538 3289 cano-

1961 3300 2086 3357 num
2141 3288 2673 3355 interpretatimtibus
2728 3306 2890 3357 pauca
2941 3290 3240 3345 delibanda.
3297 3288 3536 3343 Primum

275 3358 389 3414 boli
418 3345 614 3432 Sicanii
645 3360 782 3428 apud
806 3360 1085 3432 Romanos
1112 3369 1168 3414 et
1195 3345 1476 3432 Alricanos
1499 3370 1614 3432 erat
1636 3345 1852 3432 eadem,
1880 3345 1929 3411 C
1962 3354 2136 3412 locum
2166 3345 2329 3432 exigit
2356 3361 2443 3415 illa
2477 3363 2528 3415 itt
2559 3345 2774 3415 laudato
2798 3362 2982 3416 codice
3013 3362 3134 3416 Vat.
3170 3361 3385 3430 Regium
3411 3375 3540 3415 con-

275 3445 389 3485 non
423 3430 561 3504 idem
588 3427 761 3486 tamen
785 3431 851 3504 de
878 3430 1169 3504 canonibus
1191 3427 1550 3504 judicandonr
1562 3431 1730 3504 videri
1755 3427 1851 3504 po;

276 3509 402 3556 test.
432 3501 627 3558 Verum
654 3518 774 3556 cum
799 3502 853 3555 in
886 3499 1147 3556 Africanis
1166 3514 1428 3554 canonum
1453 3500 1726 3557 codicibus
1748 3499 1855 3561 non

275 3588 381 3628 una
409 3581 554 3629 esset
579 3574 791 3639 antiqua
816 3573 903 3627 iIIa
935 3572 1304 3639 interpretatio
1328 3584 1590 3627 canonum
1615 3574 1856 3631 Nicteno—

275 3657 418 3713 rutu,
472 3659 631 3716 quam
679 3644 993 3701 Caecilianus
1041 3643 1238 3716 attulit,
1283 3643 1377 3716 sed
1427 3654 1545 3711 post
1591 3648 1854 3716 synodum

274 3714 747 3785 Carthaginiensem
790 3732 912 3770 aunt
963 3715 1068 3770 419
1114 3718 1310 3769 inserta
1345 3714 1502 3768 ftterit
1540 3714 1641 3769 alia
1679 3723 1856 3776 versio

275 3785 517 3859 Ijoilonis
542 3796 603 3859 et
625 3786 875 3859 Evaristi,
910 3802 1028 3856 quae
1058 3785 1362 3859 petentibus
1395 3787 1632 3859 ejusdem
1666 3793 1854 3859 synodi

277 3856 521 3929 Pati-ibus
558 3858 627 3912 ab
664 3858 840 3912 Attico
877 3854 1131 3929 episcopo
1168 3854 1764 3929 Constantinopolitano
1804 3867 1854 3918 in

273 3927 512 3983 Africam
560 3930 720 3983 missa
766 3929 883 3995 fuit,
912 3927 1038 3983 'hac
1083 3930 1329 3984 versiotte
1375 3927 1681 3984 Frrrandus
1730 3949 1857 3990 usus

273 3998 424 4053 credi
456 4009 647 4069 potest,
679 4015 798 4055 cum
830 4011 883 4054 et
914 4000 1070 4069 hujus
1102 4000 1454 4063 abbreviatio,
1492 4009 1550 4054 et
1581 4016 1645 4056 ea
1681 4006 1856 4061 versio

274 4084 537 4126 canonem
560 4071 626 4125 de
648 4070 891 4126 Catharis
913 4071 964 4125 in
987 4070 1228 4125 eamdem
1250 4070 1571 4127 sententiam
1598 4071 1853 4131 referant.

274 4139 370 4213 Sic
395 4141 535 4196 enim
562 4142 747 4197 eadem
780 4144 1016 4213 Philonis
1037 4152 1086 4196 et
1106 4141 1337 4213 Evaristi
1358 4142 1535 4213 vegtsio
1565 4157 1580 4197 :
1612 4142 1674 4198 Si
1693 4162 1858 4213 quan-

272 4211 346 4264 do
375 4213 596 4265 uenerint
636 4213 704 4266 ad
747 4212 1051 4287 catholicam
1090 4212 1371 4267 Ecclesium
1404 4211 1633 4287 Cathari,
1664 4211 1858 4287 placuit

271 4292 467 4356 sanctis
494 4291 763 4356 ctnt_agme
781 4284 998 4353 synodo,
1029 4298 1124 4339 eos
1163 4298 1457 4339 OBDINATOS
1475 4284 1779 4356 sicrma'nere
1804 4291 1858 4345 in

271 4352 555 4430 clero,_uti
588 4352 1005 4430 Férrandus,_si
1047 4356 1270 4430 ordinati
1308 4365 1443 4430 sunt.
1482 4355 1666 4414 Soluta
1697 4359 1859 4430 igitur

268 4421 589 4500 difficultate
636 4441 755 4495 quas
802 4442 868 4481 ex
904 4425 1177 4500 Ferrando
1222 4421 1855 4500 obtrudipoteratfjam

270 4495 417 4568 redit
450 4502 817 4568 praesumptio,
859 4497 1128 4568 antiquam
1162 4495 1698 4555 versionem'Niczeni
1722 4495 1853 4559 c'on-

270 4565 386 4646 gilii
416 4580 446 4621 a
477 4565 766 4646 lCmciliapo
802 4565 1013 4646 allatam
1056 4567 1110 4621 in
1150 4568 1428 4646 Africam,-
1458 4572 1594 4646 sicut
1631 4571 1682 4625 in
1712 4587 1857 4646 sym-

268 4634 427 4701 bolo,
477 4638 546 4691 ita
586 4649 637 4693 et
683 4641 735 4693 in
797 4639 1094 4694 cononibus
1123 4639 1365 4692 eamdem
1399 4634 1567 4693 fuisse
1607 4634 1855 4702 cutn'illa

269 4720 438 4780 quam
463 4706 575 4776 jam
604 4710 672 4765 ab
702 4710 856 4765 initio
885 4711 1124 4764 Romana
1154 4710 1390 4764 Ecclesia
1418 4714 1671 4780 suscepit.

349 4779 405 4835 5.
439 4781 702 4844 Quantum
748 4782 812 4835 ad
847 4781 984 4835 hanc
1011 4783 1282 4849 antiquam
1319 4782 1626 4837 versionem
1658 4784 1855 4842 Roma-

271 4862 403 4924 nam
438 4863 629 4924 praeter
648 4852 950 4924 symbolum
981 4861 1309 4924 etcanmtem
1337 4853 1403 4907 de
1425 4852 1671 4909 Catharis
1702 4856 1860 4914 Boni-

271 4919 487 4992 facius]
511 4924 561 4977 in
587 4919 811 4992 epistola
841 4923 904 4977 ad
931 4923 1185 4978 Ililarinm
1212 4922 1608 4979 Narbonensem
1638 4926 1858 4984 alterius

270 4991 498 5070 canonis
526 4991 725 5070 Nicacni
752 4994 912 5070 verba
941 5007 1061 5070 sese
1091 4997 1318 5070 recitare
1339 4994 1655 5070 profitetur}
1682 4997 1854 5070 Nulli,

270 5063 469 5141 inquit,
510 5066 706 5141 videtur
742 5066 1224 5141 incognitasynodi
1272 5063 1562 5141 constitutio
1607 5063 1857 5141 Nicaeae,

272 5148 393 5256 q’ute
430 5136 504 5188 ita
540 5137 794 5210 principii,
837 5146 892 5190 ut
931 5136 1105 5190 eadem
1143 5137 1352 5207 proprie
1385 5137 1535 5190 verba
1584 5136 1854 5207 ponamus;

326 5219 383 5256 er
412 5221 817 5256 unamquamque
846 5209 1156 5256 provinciam
1189 5209 1270 5256 ius
1298 5209 1714 5256 ntelrnnolilanns
1744 5214 1851 5256 sin-

326 5219 383 5281 er
412 5204 817 5281 unamquamque
844 5204 1156 5281 provinciam
1178 5204 1270 5278 jus
1298 5204 1714 5281 ntetropolitanos
1744 5214 1851 5267 sin-

272 5276 425 5353 gulos
453 5275 638 5353 habere
665 5275 859 5341 debere,
892 5294 982 5332 nec
1006 5275 1245 5353 cuiquam
1283 5281 1414 5353 duas
1444 5275 1551 5335 esse
1580 5284 1852 5353 subjectos.

270 5350 347 5419 At
379 5349 516 5423 inter
552 5348 1059 5423 Nicafnos'cauones
1094 5348 1194 5405 nec
1225 5351 1275 5423 in
1307 5350 1494 5423 Graaco
1525 5366 1624 5408 nec
1652 5348 1703 5408 in
1745 5354 1853 5412 ulla

273 5418 524 5473 versione
562 5427 652 5473 aut
680 5421 791 5487 ipsa
812 5418 989 5476 'verba
1020 5436 1140 5490 qua
1168 5435 1197 5475 a
1238 5420 1507 5477 Bonifacio
1536 5424 1851 5481 describun-

274 5496 387 5566 tur,
423 5498 513 5542 aut
548 5505 714 5566 prope
730 5492 941 5566 “eadem
966 5493 1221 5566 reperire
1264 5492 1465 5548 licebit.
1506 5494 1674 5549 Immo
1710 5499 1851 5566 apud

275 5560 527 5635 antiquos
564 5562 849 5635 pontifices
893 5560 1090 5617 nullam
1128 5564 1290 5619 fuisse
1331 5560 1849 5635 interpretationem,

272 5642 399 5703 quae
427 5631 477 5685 id
501 5647 529 5684 a
560 5630 791 5703 Nicaznis
821 5633 1063 5689 Patrious
1091 5644 1410 5703 praeceptum
1440 5630 1695 5703 traderet,
1724 5630 1853 5695 satis

272 5699 538 5772 probasse
576 5702 844 5758 credimus
884 5705 936 5759 in
974 5699 1434 5760 observationibus
1474 5708 1537 5759 ad
1574 5699 1790 5763 dissert.
1823 5711 1854 5763 ὃ

270 5772 571 5848 Quesnelli,
600 5785 734 5844 part.
769 5788 828 5840 tt,
850 5790 906 5848 _c.
935 5776 991 5840 6,
1016 5792 1070 5831 ιι.
1097 5776 1129 5831 6
1151 5775 1321 5848 (Tom.
1343 5777 1404 5841 Il,
1424 5776 1729 5848 colJOLZ’i),
1763 5780 1853 5835 ubi

271 5844 405 5917 quid
436 5844 536 5917 hac
562 5847 613 5900 in
638 5861 696 5902 re
721 5846 911 5911 conjici
942 5849 1111 5917 possit
1135 5844 1538 5917 explicavimus.
1570 5844 1725 5904 Aliud
1756 5865 1856 5905 ve-

272 5913 409 5968 teris
436 5913 687 5970 Romanae
711 5913 973 5971 versionis
1000 5913 1351 5989 fragmentum
1377 5918 1541 5973 videri
1567 5928 1741 5989 potest
1760 5935 1856 5977 ca-

268 6002 387 6044 non
432 5996 616 6047 sextus
653 5989 919 6058 Nicmnus,
952 6002 1110 6059 quem
1149 5987 1507 6065 Paschasinus
1547 5987 1857 6060 apostolicae

1884 4740 1940 4803 D

1964 3437 2127 3493 tenta,
2160 3430 2243 3484 cui
2276 3431 2622 3487 SardiCenses
2647 3446 2879 3486 canones
2909 3434 3159 3486 continua
3193 3446 3539 3487 numerorum

1963 3501 2100 3554 serie
2117 3500 2524 3557 subnectuntur.
2553 3502 2675 3557 llaec
2696 3504 2956 3571 siquidem
2978 3518 3100 3559 cum
3124 3513 3177 3557 et
3200 3504 3376 3556 verbis
3393 3511 3446 3555 et
3465 3502 3539 3556 di-

1963 3572 2167 3626 visione
2204 3589 2468 3629 canonum
2499 3574 2567 3628 ab
2597 3574 2847 3628 omnibus
2874 3574 2993 3627 aliis
3023 3574 3247 3642 cognitis
3276 3580 3331 3626 et
3360 3583 3540 3627 vetus-

1962 3644 2029 3696 tis
2067 3643 2596 3713 interpretationibus
2634 3643 2863 3710 dill'erat,
2904 3644 3035 3699 nihil
3075 3642 3423 3698 dubitandum
3458 3646 3539 3698 vi-

1962 3714 2118 3785 detur
2159 3718 2283 3783 quitt
2318 3717 2383 3771 ad
2417 3715 2717 3785 antiquiora
2752 3716 2921 3770 multo
2956 3725 3198 3785 tempora
3239 3714 3354 3784 ejus
3387 3715 3538 3785 origo

1964 3783 2245 3858 referenda
2269 3789 2357 3842 sit.
2385 3783 2625 3858 Cumque
2655 3787 2768 3841 hrcc
2791 3788 2987 3842 inserta
3017 3783 3175 3841 fuerit
3202 3790 3250 3841 in
3270 3783 3541 3855 antiquis-

1961 3856 2153 3912 simam
2179 3856 2553 3914 collectionem
2578 3859 2813 3914 Italicam
2844 3874 2963 3928 quae
2988 3858 3053 3912 ad
3078 3858 3390 3913 Theatinam
3434 3859 3536 3912 lic-

1961 3928 2180 3998 clesiam
2212 3931 2637 3985 snhurhicariam
2668 3928 2960 3998 spectabat,
2996 3929 3175 3985 Italica
3207 3929 3309 3984 dici
3342 3937 3531 3998 potest.

1963 3997 2109 4053 llanc
2153 4001 2411 4056 hactenus
2451 4002 2705 4057 ineditam
2754 4000 3088 4067 proferemus
3128 4003 3179 4055 in
3221 4004 3391 4055 lucem
3437 3999 3541 4055 hoc

1960 4076 2108 4194 homo
2119 4083 2247 4194 lpost
2266 4074 2573 4129 versionem
2595 4072 2864 4137 Priscam;
2889 4072 3067 4143 ibique
3085 4072 3237 4143 plura
3261 4073 3329 4128 de
3349 4071 3539 4127 eadem

1999 4156 2112 4194 tcen
2142 4157 2222 4194 ur.

1999 4151 2222 4197 tcentur.

2033 4212 2085 4265 7.
2129 4215 2245 4268 Alia
2286 4215 2558 4288 posterior
2599 4215 2870 4288 aliquanto
2915 4214 3225 4288 earumdem
3269 4229 3539 4288 canonum

1962 4283 2334 4353 interpretatio
2364 4303 2391 4340 a
2428 4287 2650 4341 Philone
2685 4283 2738 4342 et
2780 4287 3024 4342 Evaristo
3052 4283 3541 4355 Constantinopoli-

1962 4356 2098 4409 tanis
2144 4355 2442 4422 lucubrata,
2487 4373 2644 4427 quam
2694 4358 2928 4413 Africani
2977 4356 3215 4428 episcopi
3256 4358 3323 4413 ab
3362 4356 3541 4412 Attico

1962 4427 2553 4499 (lonstantinopolitano
2607 4440 2956 4499 acceperant,
3014 4427 3169 4483 nobis
3225 4437 3541 4483 conservata

1961 4496 2060 4551 fuit
2083 4496 2339 4568 quantum
2366 4501 2429 4553 ad
2454 4496 2755 4571 symbolum
2781 4499 2920 4569 apud
2948 4499 3256 4571 Dionysium
3284 4514 3407 4555 can.
3437 4499 3538 4555 157

1961 4571 2164 4624 codicis
2201 4570 2758 4639 At‘ricaniaquantum
2800 4586 2930 4626 vero
2972 4570 3037 4625 ad
3072 4585 3308 4627 canones
3344 4572 3395 4626 in
3426 4571 3541 4626 col-

1961 4640 2191 4696 lectione
2237 4641 2523 4707 llispanica
2550 4653 2603 4697 et
2631 4642 2823 4697 exinde
2855 4644 2906 4697 in
2938 4640 3250 4709 Isidoriana,
3291 4650 3351 4697 ut
3382 4650 3542 4699 antea
3570 4644 3577 4649 ’

1965 4713 2289 4767 monuimus.
2322 4714 2635 4784 Symbolum
2667 4727 2796 4768 vero
2826 4728 2927 4767 una
2958 4729 3078 4769 cum
3114 4714 3411 4769 canonihus
3441 4714 3539 4768 hu-

1961 4784 2047 4907 ius
2088 4786 2350 4909 Eastonis
2389 4784 2689 4841 invenimus
2728 4793 2935 4840 tantum
2976 4784 3031 4840 in
3070 4800 3173 4840 ms.
3229 4785 3347 4841 Vat.
3389 4784 3541 4840 Pala-

1986 4868 2075 4908 tno
2208 4892 2222 4907 .

1964 4864 2075 4908 ιιιιο
2097 4864 2222 4908 5Ἱ7.

2031 4924 2085 4981 8.
2104 4925 2390 4998 Antiquam
2404 4942 2616 4998 quoque
2628 4935 2682 4983 et
2692 4926 2928 4997 ignotam
2941 4927 3253 4998 eorumdem
3267 4940 3539 4981 canonum

1962 4997 2264 5053 versionem
2292 5000 2431 5053 nacti
2456 4997 2640 5053 sumus
2656 5000 2708 5051 in
2727 5013 2830 5051 ms.
2849 4997 3035 5053 codice
3057 4998 3126 5053 55
3141 4997 3357 5067 capituli
3377 4998 3538 5052 Vero-

1963 5069 2147 5141 nensis
2178 5069 2483 5141 majusculis
2508 5069 2969 5141 litterisexarato,
2999 5069 3088 5139 qui
3114 5069 3367 5141 ineditam
3399 5068 3541 5141 pari-

1964 5148 2042 5194 ter
2073 5138 2563 5209 interpretationem
2597 5139 2823 5209 praabuit
2843 5138 3108 5195 canonum
3137 5138 3540 5197 Sardicensium

1959 5223 2027 5265 ex
2067 5212 2309 5282 originali
2338 5212 2526 5267 Graeco
2553 5210 2774 5282 auctiori
2818 5226 2975 5282 quam
3014 5212 3157 5281 quod
3198 5210 3399 5282 editum
3431 5219 3536 5282 est,

1926 5338 1931 5343 _
1962 5296 2062 5337 nec
2091 5277 2197 5337 non
2225 5282 2379 5337 aliam
2418 5296 2683 5337 canonum
2725 5277 3262 5343 Chalcedonensium.
3294 5277 3425 5333 Cum
3456 5278 3540 5337 hzn

1961 5354 2236 5436 versiones
2277 5351 2486 5423 publica
2527 5353 2647 5408 luce
2678 5352 2855 5424 dignae
2885 5354 3012 5409 visae
3047 5356 3177 5424 sint,
3225 5350 3348 5405 huic
3393 5361 3538 5407 tomo
3575 5422 3580 5431 θ

1962 5435 2284 5480 inserantur.
3573 5444 3577 5486 ἓ

2033 5494 2086 5550 9.
2121 5494 2451 5551 Peculiarem
2482 5496 2812 5552 mentionem
2842 5494 3099 5562 efﬂagitat
3128 5493 3372 5562 quaedam
3409 5492 3539 5551 Gal-~

1964 5566 2151 5620 licana
2189 5567 2441 5622 Ecclesiae
2480 5568 2684 5637 praxis,
2715 5581 2817 5637 qua
2852 5563 3208 5637 pro_Nic:enis
3248 5568 3541 5623 canonibus

1961 5652 2344 5707 nonnunquam
2415 5635 2691 5706 usurpavit
2734 5635 3180 5707 'ahbreviationes
3225 5638 3539 5693 eorumdem

1959 5705 2224 5762 canonum
2260 5724 2289 5762 a
2327 5707 2520 5761 Rultno
2551 5705 2833 5763 exhibitas
2863 5705 2957 5761 lib.
2990 5721 3021 5761 x
3070 5705 3314 5762 Hi8tori1c
3356 5709 3541 5765 Eccle-

1959 5780 2209 5834 siasticze.
2237 5779 2287 5833 Id
2320 5780 2659 5848 perspicuum
2685 5777 2739 5831 tit
2766 5792 2833 5833 ex
2864 5775 3112 5843 concilio,
3146 5778 3220 5831 uti
3248 5780 3543 5846 appellant.

1959 5849 2255 5920 Arelatensi
2288 5864 2347 5915 ιι,
2379 5860 2621 5920 necnon
2640 5863 2714 5920 ex
2737 5848 2802 5903 iis
2828 5864 3094 5905 canonum
3128 5850 3392 5916 excerptis
3422 5865 3544 5920 qua

1961 5920 2013 5973 in
2033 5933 2196 5991 causa
2216 5914 2605 5991 Centomeliosi
2638 5919 2896 5991 Regensis
2922 5937 2953 5977 a
2976 5921 3216 5979 Caesario
3241 5914 3546 5991 Arelatensi

1961 5989 2184 6047 collecta
2212 5990 2384 6054 luere,
2412 5992 2471 6040 ut
2496 5998 2648 6049 recte
2676 5987 3052 6053 animadvertit
3080 5987 3410 6061 Qucsnollus
3439 5989 3547 6045 dis-
