4014 6346
514 375 586 437 87
1257 393 1260 396 ’
1451 370 1543 427 AD
1578 367 1808 426 OPERA
1850 369 1907 426 S.
1947 369 2196 429 LEONIS
2236 370 2451 428 MAGNI
2488 367 2855 431 APPENDIX.
3175 395 3180 402 υ
3673 417 3682 426 .
3733 385 3830 446 η,

517 506 835 582 veroputare
861 496 1021 582 possit
1047 511 1127 582 nte
1157 492 1464 582 totam/iane
1485 491 1934 582 hist‘orinmgratis
1963 507 2100 582 cont-
2123 495 2180 556 Α
2207 493 2316 582 iani
2345 501 2488 582 _post
2516 491 2984 582 Chalcedonenses
3019 494 3188 581 additi
3221 497 3456 582 fuerant,
3476 499 3760 582 iisdem
3760 519 3816 564 ιο

464 573 474 594 ⁴
517 562 742 634 minisci,
761 562 1019 622 etnullum
1040 567 1181 621 illius
1200 565 1460 634 vestigium
1484 573 1704 629 exstare,
1721 562 1944 632 primum
1967 563 2100 617 scire

484 643 487 646 ’
521 658 694 696 omnes
722 639 854 703 volo,
886 655 966 693 me
991 638 1110 693 huic
1131 635 1268 690 omni
1300 635 1669 689 concertationi
1691 644 1738 687 et
1766 634 1990 688 examini
2015 635 2102 688 in-

520 713 780 782 terfuisse,
804 727 954 782 penes
984 726 1063 764 me
1112 708 1292 782 habere
1329 705 1778 782 prwfatiunculatu
1823 721 1982 782 supra
2010 705 2102 782 de-

519 776 782 854 scriptam,
804 776 860 836 ἐι
893 779 1288 854 Marcamistius
1313 779 1387 832 rei
1409 776 1916 854 mentionemfecisse
1932 778 1994 854 in
2015 777 2102 831 lit-

519 847 664 921 teris,
695 871 821 926 quas
849 863 953 906 tum
982 869 1068 921 per
1089 849 1246 926 aliain
1276 850 1592 926 occasionem
1618 847 1755 926 dedit
1783 849 1850 926 ad
1877 847 2103 926 dictitan-

519 918 670 980 druin
694 918 879 995 papam
913 918 990 976 vit
1011 932 1059 977 et
1099 923 1165 976 ad
1205 920 1398 976 Lucam
1430 920 1782 995 Hoiueiiium.
1806 918 2103 995 Describam

518 990 826 1068 autem'ej'us
855 996 1091 1068 verbane;
1117 1011 1176 1048 ea
1203 1008 1318 1064 qua:
1345 1002 1418 1047 est
1450 993 1518 1046 ad
1541 992 1923 1068 AAlexandrum.
1957 1009 1977 1044 ι
2011 990 2104 1045 Ju-

521 1070 681 1124 tellus
728 1063 895 1136 pater,
938 1063 1262 1120 Calvittianaa
1302 1080 1516 1134 quoque
1541 1064 1808 1136 hereseos
1831 1071 2100 1136 sectator,

518 1134 755 1195 codicem
784 1152 1049 1192 canonum
1097 1137 1350 1192 Ecclesiae
1402 1136 1667 1190 univi-rsa:
1709 1135 1837 1189 olim
1866 1134 2106 1205 publica-

517 1219 692 1275 verat,
726 1209 945 1264 omissis
988 1208 1056 1262 de
1105 1206 1364 1262 industria
1405 1205 1742 1263 Sardicensis
1772 1205 1984 1260 concilii
2014 1219 2105 1260 ca-

514 1281 746 1337 nonibus
791 1281 1020 1334 Romani
1064 1278 1331 1347 pontificis
1363 1288 1680 1346 potestatem
1728 1276 1928 1332 diserte
1957 1291 2106 1330 asse-

517 1353 784 1416 rentibus,
818 1366 883 1405 ac
912 1351 957 1405 si
983 1351 1189 1420 judicio
1235 1350 1492 1404 Ecclesiae
1532 1348 1798 1404 universa:
1821 1364 1848 1400 a
1873 1362 2104 1418 corpoi'e

515 1439 782 1479 canonum
823 1423 1037 1477 rescissi
1083 1431 1283 1476 essent.
1313 1420 1513 1474 Eadem
1540 1421 1725 1475 fraude
1773 1420 1914 1473 filius
1945 1434 2108 1473 cano-

511 1511 641 1549 num
685 1493 1077 1550 collectionem.
1104 1492 1345 1546 Latinam
1375 1506 1406 1546 e
1427 1492 1611 1545 codice
1639 1491 2002 1546 vetustiSsimo
2025 1490 2108 1544 his

514 1565 800 1635 nongentis
832 1567 986 1619 annis
1018 1579 1120 1617 non
1153 1563 1354 1632 scripto
1389 1561 1574 1635 (Leg.,
1606 1561 1949 1635 conscripto)
1981 1571 2104 1615 ante

514 1632 697 1693 meum
763 1638 815 1691 in
866 1637 1002 1690 hanc
1065 1632 1420 1689 Parisiensem
1472 1632 1743 1688 civitatem
1817 1632 2106 1687 adventum

513 1709 672 1778 prelo
702 1706 1044 1762 submiserat.
1067 1705 1258 1760 Statim
1289 1715 1566 1778 comperto
1591 1705 1658 1778 ab
1685 1705 1960 1778 ea‘abesso
1983 1704 2110 1760 Sar-

518 1775 762 1835 dicenses
797 1793 1053 1843 canones,
1083 1792 1217 1847 quos
1244 1776 1477 1831 sciebam
1511 1792 1540 1829 a
1581 1775 1821 1847 JuStellor
1856 1785 2006 1843 patre
2039 1790 2107 1829 ex

2203 561 2490 690 Propterea
2512 579 2685 620 canon
2709 561 3166 648 Ghalcedonensis
3214 585 3311 640 pro
3345 561 3816 645 Constantiani»;

2227 643 2368 690 italia
2407 637 2539 690 sede
2581 646 2904 690 constitutus
2951 651 3279 690 accesserat.
3327 638 3532 690 Confer
3579 660 3711 690 nlla!
3753 647 3812 690 in

2227 637 2368 690 itana
2407 637 2904 714 sede_constitutus
2951 637 3295 714 accesserat.
3327 638 3532 699 Confer
3579 637 3728 714 qum'
3753 647 3814 704 in

2203 705 2344 780 banc
2370 721 2484 762 rem
2520 707 2926 766 observavimus
2957 719 3094 778 part.
3123 727 3162 776 t.
3195 727 3245 768 c.
3270 711 3329 774 2,
3364 729 3418 768 ιι.
3449 716 3504 780 5,
3535 705 3810 774 tet-notam

2204 778 2260 833 in
2291 793 2525 854 canones
2555 781 3180 854 Goi_istantin0politanos
3204 783 3324 854 ejus
3350 784 3472 841 dem
3490 778 3809 854 'vcrsionis,

2205 865 2330 920 quze
2353 850 2454 906 hoc
2474 860 2620 907 tomo
2644 852 2849 921 integra
2875 853 3088 909 edetur.

2281 921 2372 995 t9.
2404 921 2528 995 Haec
2569 923 2745 995 versio
2782 924 2961 980 Prisca
2991 935 3112 995 post
3136 923 3578 984 Cltalcedonense
3605 931 3809 988 conci-

2206 992 2334 1047 lium
2360 993 2639 1068 lucubrata
2665 994 2896 1068 dicenda
2924 992 3029 1061 est,
3072 997 3335 1068 siquidem
3382 1014 3574 1055 omnes
3621 1001 3807 1058 Graeci

2207 1079 2444 1120 canones
2469 1067 2631 1120 etiam
2653 1063 3120 1123 Clialccdonenses
3139 1063 3215 1123 ab
3235 1069 3423 1124 eodem
3446 1079 3676 1128 auctore
3705 1073 3812 1129 La-

2208 1136 2319 1210 tine
2343 1136 2536 1210 redditi
2566 1148 2691 1190 sunt
2715 1152 2786 1210 ex
2817 1137 3007 1210 Graeco
3035 1138 3244 1204 codice,
3271 1141 3360 1210 qui
3385 1141 3810 1201 Chalcedonen-

2210 1207 2348 1263 sium
2369 1205 3164 1279 etAConstantinOpolitanorum
3189 1205 3614 1268 additamentum
3648 1232 3808 1273 rece-

2212 1286 2378 1354 perat.
2404 1276 2566 1335 Certe
2591 1295 2717 1334 vero
2744 1276 2980 1350 priorum
3004 1283 3331 1354 synodorum
3353 1297 3591 1341 canones
3615 1288 3808 1343 tradu-

2209 1351 2281 1427 cti
2313 1350 2530 1427 fuerunt
2553 1366 2620 1406 eo
2650 1360 2894 1427 tempore
2921 1350 3312 1427 quo'institutis
3338 1353 3448 1427 jam
3475 1356 3688 1427 aliquot
3716 1374 3809 1414 ec-

2211 1420 2529 1476 clesiasticis
2569 1420 2957 1491 metrupolibus
2997 1426 3048 1478 in
3085 1425 3228 1479 Italia
3273 1420 3373 1480 sub
3404 1420 3582 1482 tinem'
3614 1431 3806 1486 δεουιί

2211 1508 2263 1545 ιν
2309 1493 2591 1558 peculiaris
2640 1494 2799 1548 veluti
2849 1495 3123 1563 provincia
3170 1496 3394 1550 Romani
3425 1500 3686 1553 antistitis
3733 1502 3805 1556 uti

2213 1564 2612 1636 metropolitani
2645 1565 2782 1619 intra
2805 1566 3173 1621 suburbicaria
3204 1567 3319 1621 loca
3349 1569 3803 1626 concludebatur.

2215 1633 2270 1688 ld
2317 1633 2458 1712 enim
2493 1636 2693 1712 proba_t_
2735 1639 2910 1712 versin
2957 1637 3180 1712 canonis
3208 1638 3611 1712 sexti__Nicaeni,
3639 1659 3802 1712 quam

2216 1707 2376 1774 paulo
2398 1718 2523 1761 ante
2550 1721 2614 1762 ex
2639 1706 2930 1762 Sirmondo
2951 1708 3317 1764 recitavitnus.
3341 1709 3477 1764 Hinc
3497 1706 3802 1769 etiam'harc

2215 1777 2394 1852 versio
2433 1778 2725 1852 abaliquo
2771 1779 2902 1833 Italo
2932 1791 3022 1852 aut
3064 1779 3258 1852 ltalicge
3286 1779 3586 1849 disciplinae
3627 1788 3803 1852 perito

516 1851 647 1934 ipso.
679 1850 868 1939 codice
916 1845 1154 1939 resectos
1179 1849 1417 1930 quidem,
1445 1847 1537 1902 sed
1556 1845 2105 1939 Attd..cj.tlsdetIIJVtilu-
2138 1878 2188 1939 Β
2214 1848 2430 1939 condita
2458 1849 2573 1905 fuit.
2603 1845 2835 1932 ldipsum
2863 1850 3186 1939 conﬁrmant
3205 1849 3402 1934 Italicae
3423 1845 3800 1921 collectiones,

517 1915 681 1977 minis
731 1922 934 1976 calcem
966 1920 1087 1974 folia
1121 1915 1342 1988 rejects,
1402 1933 1508 1972 non
1551 1917 1732 1972 destiti
1779 1915 1952 1985 quoad
2002 1929 2108 1972 tum

520 1995 685 2062 regis:
725 1995 1005 2062 potestatis
1031 1989 1565 2062 comminationibus,
1604 2004 1762 2062 quam
1788 1989 2111 2062 humanissi-

518 2058 626 2120 mis
661 2058 911 2134 precibus
941 2073 1064 2134 post
1085 2077 1321 2134 canones
1352 2061 1596 2134 Nictenos
1626 2058 1775 2129 jmta
1815 2060 1969 2113 [idem
2003 2075 2106 2114 ms.

519 2130 718 2192 codicis
729 2130 1134 2192 Sardice'nsibus
1155 2133 1208 2188 in
1240 2133 1471 2187 editione
1487 2130 1638 2187 locus
1652 2145 1780 2185 suus
1799 2139 2112 2186 resttuere—

520 2219 630 2272 tur,
659 2224 728 2262 ne
755 2208 857 2262 hac
895 2206 1166 2275 diligente
1192 2205 1550 2273 praetermiSsa
1578 2203 1968 2275 triumpharent
2001 2203 2108 2255 he-

524 2279 679 2334 relici
720 2287 954 2348 spretam
998 2273 1111 2348 non
1139 2277 1312 2330 solum
1366 2291 1395 2328 a
1426 2275 1670 2348 Graecis,
1720 2273 2025 2348 sed___eiiatn
2076 2287 2108 2328 a

519 2342 822 2416 Latinis,'et
849 2347 1057 2422 [Lxxttt]
1075 2346 1356 2422 Grmcipue
1377 2348 1444 2399 ab
1469 2345 1706 2422 Ecclesia
1731 2342 2006 2422 Gallicana
2020 2359 2110 2422 ca-

522 2415 970 2476 nonum’illo'rum
1003 2415 1398 2472 auctoritatem.
1438 2435 1457 2469 ι
1495 2417 1761 2470 Hactenus
1783 2431 1846 2469 ex
1871 2415 2106 2469 Buluzio.

506 2549 508 2552 ,
544 2493 683 2556 ⁸,1“1.
711 2491 1033 2546 Continebat
1062 2489 1193 2543 olim
1227 2487 1576 2542 Justellianus
1620 2487 1816 2551 codex,
1853 2486 1899 2540 si
1937 2486 2111 2540 edito-

517 2563 672 2618 ribus
701 2562 1027 2617 credendum
1067 2560 1173 2625 sit,
1201 2575 1419 2612 canones
1450 2557 1783 2611 conciliorum
1831 2557 2106 2627 Ancyrani,

520 2633 983 2700 Neoewsariensis,
1013 2630 1241 2696 Nicteni,
1270 2629 1611 2692 Sardicensis,
1637 2627 1968 2700 Gangrensis,
2000 2629 2109 2700 An-

525 2705 763 2773 tiocheni,
805 2697 1105 2766 Laodiceni,
1151 2699 1706 2773 Constantinopolitani
1751 2714 1768 2752 ι
1806 2708 1851 2752 et
1891 2697 2108 2753 Chalce-

521 2771 782 2830 donensis.
827 2777 930 2831 Sed
971 2775 1155 2845 synodi
1196 2771 1501 2845 Laodicenis
1545 2771 1770 2842 integros
1809 2787 2024 2824 canones
2060 2781 2106 2824 et

522 2849 804 2901 maximam
840 2844 1034 2918 partem
1078 2844 1479 2918 Sarrdicensiunt
1512 2858 1627 2918 cunt
1670 2851 1924 2910 postrema
1963 2853 2108 2913 parte

519 2913 954 2989 subscriptionum
993 2917 1210 2989 concilii
1230 2913 1441 2989 Nicteii
1465 2914 1661 2989 injuria
1693 2922 1977 2989 temporum
2015 2930 2106 2989 pe:

519 2991 670 3044 riisse
698 2983 966 3043 affirmant
997 2991 1046 3042 in
1072 2984 1261 3058 praefat
1286 2986 1477 3058 uncula
1508 2983 1572 3038 ad
1597 2985 1850 3038 lectorem
1877 2983 2102 3058 (_Tom.l,

521 3059 660 3134 Bibi.
686 3064 946 3134 jurrcan.
971 3054 1274 3134 121191276).
1307 3057 1418 3134 Qua
1447 3056 1516 3110 de
1542 3071 1700 3110 causa
1731 3069 1859 3109 vere
1888 3054 2106 3111 interci-

521 3131 663 3187 derit
686 3128 914 3185 inaxima
947 3128 1068 3198 pars
1091 3128 1489 3186 Saudicensium
1513 3142 1632 3182 cum
1660 3136 1927 3194 postrema
1958 3139 2108 3194 parte

521 3203 978 3272 subscriptiooum
1005 3203 1369 3272 Nicmnarum,
1387 3214 1451 3252 ex
1486 3199 2104 3272 Baluzitrintu-llexitnus,

2216 1920 2270 1974 in
2309 1919 2502 1988 quibus
2533 1923 2729 1992 passim
2766 1931 2979 1986 recepta
3010 1923 3224 1992 legitur,
3267 1923 3343 1976 uti
3375 1932 3501 1978 sunt
3544 1942 3667 1986 uuae
3712 1919 3801 1981 ex;

2215 1999 2361 2064 stant
2405 1992 2460 2064 i_n
2504 1991 2779 2047 codicibus
2835 2008 2966 2064 mss.
3026 1991 3147 2047 Vat.
3193 1993 3412 2064 Regina:
3465 1995 3628 2064 I997,
3682 1997 3798 2052 Vat.

2219 2062 2378 2130 1542,
2409 2062 2628 2117 Lucano
2653 2065 2742 2130 88,
2775 2072 2830 2118 et
2856 2062 3164 2119 Colbertino
3192 2063 3316 2120 784.
3352 2065 3407 2119 In
3436 2062 3640 2122 Gallias
3672 2085 3798 2124 vero

2214 2133 2446 2202 aliquem
2507 2133 2664 2203 hujus
2710 2136 2970 2190 versionis
3017 2135 3259 2190 codicem
3316 2136 3554 2192 delatum
3615 2140 3798 2198 suadet

2213 2203 2459 2279 collectio
2511 2205 2924 2279 Quesuelliana,
2957 2224 3115 2274 quam
3164 2206 3493 2262 Gallicanam
3541 2212 3799 2279 probabi-

2213 2290 2362 2352 mus;
2391 2276 2883 2352 phalcedonenses
2906 2279 3049 2333 enim
3080 2292 3315 2334 canones
3361 2294 3428 2334 ex
3473 2276 3797 2352 interpreta-

2215 2347 2360 2400 tione
2391 2347 2568 2402 Prisca
2595 2348 2834 2416 decerpti
2867 2350 3031 2405 fuere.

2283 2417 2374 2487 20.
2421 2417 2568 2490 Hanc
2601 2421 2927 2484 versionem,
2971 2436 3088 2490 qua!
3118 2420 3248 2474 satis
3277 2422 3508 2478 obscura
3550 2432 3612 2480 et
3651 2425 3795 2479 invo-

2212 2488 2322 2564 luta
2349 2500 2449 2564 est,
2482 2489 2719 2564 indicare
2751 2491 2964 2545 videtur
2991 2488 3279 2562 Dionysius
3307 2493 3565 2564 Exiguus,
3592 2510 3714 2551 cum
3743 2495 3794 2550 iu

2212 2561 2440 2632 cpistola
2463 2562 2530 2615 ad
2559 2562 2889 2630 Stephanum
2926 2561 3238 2632 episcopum
3268 2561 3642 2620 Salonitanum
3671 2569 3797 2621 scri-

2212 2631 2348 2700 psit,
2393 2631 2739 2709 Laurentium
2792 2631 3128 2700 Romanum,’
3156 2645 3212 2688 ut
3252 2635 3482 2709 videtur,
3524 2639 3797 2709 presbyte-

2211 2718 2329 2775 rum
2371 2704 2669 2770 confusione
2697 2705 2902 2759 PRISCE
2943 2720 3355 2762 rususurtouts
3387 2704 3661 2775 offensum,
3687 2704 3794 2762 'sibi

2214 2773 2280 2827 ad
2307 2789 2500 2828 novam
2527 2776 2828 2830 versionem
2849 2776 3216 2831 adornandam
3240 2773 3489 2833 stimulos
3507 2779 3793 2834 addidisse.

2212 2845 2501 2900 Enimvero
2535 2847 2694 2900 Italus
2724 2847 3004 2918 presbyter
3027 2847 3096 2902 de
3118 2862 3180 2901 ea
3209 2848 3654 2918 interpretatione
3672 2865 3796 2918 con:

2213 2927 2435 2988 questus
2483 2928 2567 2988 est
2606 2913 2738 2985 quae;
2771 2918 2824 2971 in
2871 2913 3023 2973 l't'alia
3066 2918 3301 2988 vigebat.
3333 2913 3572 2976 Priscam
3621 2913 3806 2976 auten?

2211 2985 2416 3061 ibidem
2467 2987 2702 3061 viguisse
2749 2991 2923 3061 multo
2983 2985 3152 3059 magis
3203 3006 3363 3061 quam
3419 2993 3795 3057 lsidorianam,

2214 3056 2417 3129 [Lxxtv]
2457 3073 2522 3112 ex
2565 3059 2792 3114 laudatis
2835 3060 3031 3116 Italicis
3075 3056 3483 3118 collectionibus
3518 3056 3794 3118 discimus.

2213 3131 2398 3198 Neque
2429 3141 2636 3186 moveat
2661 3146 2854 3206 nomen
2881 3131 3098 3199 Prisrce,
3123 3133 3266 3202 quod
3293 3135 3523 3206 Dionysii
3551 3143 3792 3206 tempore

2215 3214 2523 3276 competere
2553 3217 2658 3276 non
2692 3204 2930 3270 potuisse
2960 3205 3174 3276 videtur
3207 3203 3644 3276 interpretationi,
3668 3203 3798 3276 quas

521 3258 858 3330 Laodicéuos
903 3289 1034 3328 vero
1079 3287 1316 3325 canones
1349 3258 1411 3323 in
1457 3269 1639 3342 codice
1663 3266 1869 3342 _Gr:eco
1915 3258 2111 3324 Priscae
2139 3258 2186 3324 C
2217 3258 2807 3342 post'Chalcedonénse
2833 3258 3118 3330 concilium
3159 3258 3438 3331 lucubrata
3466 3258 3657 3331 fuerat.
3682 3258 3797 3330 ﬁo?

523 3345 791 3400 versionis
817 3345 1020 3398 auctori
1049 3343 1303 3407 defuisse,
1338 3355 1437 3394 ni-c
1466 3355 1558 3394 eos
1589 3340 1766 3394 Prisca
1792 3340 2112 3410 interpretu-

525 3417 671 3472 tione
699 3416 987 3471 Latinitate
1014 3416 1261 3476 donatos,
1295 3411 1446 3466 nobis
1473 3414 1809 3481 exploratum
1840 3419 1943 3466 est.
1978 3414 2108 3468 Cum

523 3490 665 3544 enim
704 3488 942 3543 omnium
972 3495 1291 3542 cmterarum
1317 3485 1644 3554 synodurum
1684 3482 1992 3538 Gimcarum
2019 3501 2110 3538 ca-

519 3575 692 3615 nones
723 3575 786 3613 ex
818 3559 1000 3613 Prisca
1023 3560 1273 3612 versione
1295 3557 1346 3609 in
1374 3557 1578 3624 aliquot
1607 3554 1808 3608 Latinis
1837 3555 2110 3609 Collectio-

522 3631 682 3686 nibus
709 3629 1032 3699 reperimus,
1077 3629 1223 3699 solos
1264 3625 1600 3699 Laodiceuus
1628 3625 1873 3699 ejusdem
1898 3626 2111 3699 versio-

517 3703 605 3757 nis
634 3702 686 3755 in
709 3696 851 3755 nulla
879 3698 1195 3754 collectione
1221 3698 1488 3765 pomimus
1520 3697 1784 3757 invenire,
1819 3696 1912 3749 sed
1940 3696 2024 3750 vel
2047 3713 2112 3752 ex

517 3772 818 3828 lsidoriana
850 3772 1100 3830 insertos.
1132 3768 1220 3822 vel
1249 3782 1471 3837 prorsus
1500 3765 1732 3821 omissos
1753 3766 2112 3834 deprehendi-

521 3858 667 3897 mus.
703 3844 812 3896 lloc
860 3849 1190 3910 postremum
1237 3837 1492 3910 peculiari
1525 3838 1991 3910 animadversione
2030 3838 2114 3894 di-

519 3928 684 3984 gnum
720 3921 804 3984 est
912 3926 1014 3964 ms.
1059 3909 1247 3964 codice
1275 3907 1397 3984 Vat.
1425 3907 1643 3978 Reginae
1688 3907 1850 3984 1997,
1888 3909 1977 3979 qui
2008 3911 2109 3984 etsi

521 3977 720 4056 printer
748 3977 995 4056 Nicienos
1038 3995 1272 4036 canones
1309 3981 1483 4056 solam
1514 3977 1588 4056 ac
1617 3977 2113 4056 totamiiicznteris

519 4050 814 4111 editionem
839 4054 1074 4109 Priscam
1098 4053 1386 4122 receperit,
1409 4050 1728 4106 Laodicenis
1760 4050 2111 4108 nihilominus

521 4137 693 4182 caret.
737 4127 795 4180 In
829 4124 1146 4180 Justelliano
1183 4133 1362 4177 autem
1412 4122 1600 4178 codice
1636 4123 1873 4192 quinque
1905 4132 2109 4179 tantum

520 4198 670 4261 folia,
719 4211 840 4268 qua:
891 4196 1224 4251 Nicaenarum
1272 4193 1732 4268 subscriptionurn
1783 4205 1989 4268 partem
2056 4205 2111 4251 et

520 4264 874 4325 Sardicénses
903 4282 1139 4322 canones
1169 4269 1545 4321 tantummodo
1567 4264 1939 4328 continebant,
1965 4280 2111 4320 resc-

521 4350 606 4395 cta
637 4342 843 4395 notavit
877 4339 1146 4394 Baluzius.
1195 4338 1528 4392 Laodicenos
1569 4336 1742 4391 edem
1774 4336 1950 4392 codici
1979 4337 2105 4393 olim

520 4413 755 4468 insertos
813 4427 880 4466 eo
929 4412 1046 4465 solo
1093 4409 1408 4481 praeiudicio
1451 4406 1790 4481 at’ﬁrmarunt
1845 4408 2104 4479 editores,

519 4485 642 4555 quia
675 4484 798 4539 illos
845 4483 904 4555 in
937 4480 1126 4555 Graeco
1158 4481 1344 4555 codice
1371 4494 1638 4535 canonum
1682 4493 1746 4534 ac
1775 4480 1826 4555 in
1856 4481 2106 4555 omnibus

521 4550 765 4625 ejusdem
787 4553 990 4610 codicis
1016 4553 1417 4625 exemplaribus
1448 4565 1661 4618 semper
1691 4550 1960 4625 exstitisse
1984 4567 2104 4606 cre-

521 4623 775 4682 diderunt
822 4627 1134 4698 continuata
1173 4623 1651 4698 illa‘numerorurn
1681 4624 1821 4698 serie
1860 4637 2110 4691 compre—
2139 4635 2195 4698 D

519 4699 745 4764 bensos,
793 4710 954 4765 quam
980 4695 1174 4765 cuique
1227 4693 1491 4763 ejusmodi
1535 4692 2107 4765 codici_communem

518 4776 794 4838 putarunt.
814 4763 936 4821 Nos
985 4763 1162 4820 autem
1193 4780 1314 4821 cum
1370 4775 1504 4834 part.
1552 4779 1683 4838 t,_c.
1715 4763 1770 4838 2,
1804 4765 1960 4838 n.7i5,
2006 4765 2108 4822 hoc

518 4835 888 4911 praeiudicium
917 4838 1250 4911 sustulimus,
1293 4845 1406 4911 tum
1437 4851 1566 4911 vero
1600 4835 1917 4911 Laodicenis
1943 4853 2107 4911 cano-

517 4907 681 4966 itibus
709 4907 955 4964 Graecum
983 4909 1225 4966 codicem
1257 4907 1546 4976 aliquando
1588 4907 1828 4964 caruisse
1867 4910 2104 4966 ostendi-

517 4995 660 5038 mus.
691 4980 878 5035 Nullus
907 4980 1121 5047 quidem
1162 4978 1462 5034 Justelliani
1494 4979 1695 5034 codicis
1725 4979 1966 5035 defectus
2003 4997 2103 5039 no-

517 5063 665 5108 tatur
704 5059 826 5122 post
871 5065 1108 5106 canones
1149 5049 1536 5122 Antiochenos,
1585 5049 1780 5120 quibus
1814 5049 2097 5110 Laodiceni

516 5124 752 5251 subjecti
787 5122 1035 5191 fuissent,
1080 5122 1126 5178 si
1157 5136 1250 5177 eos
1277 5121 1475 5176 Priscae
1501 5133 1692 5177 auctor
1713 5123 1903 5178 Latine
1927 5125 2112 5182 reddi-

559 5204 710 5250 Isset.

559 5196 710 5250 isset.

560 5304 564 5309 .
593 5267 682 5320 18.
715 5263 966 5321 Canones
989 5263 1568 5336 ConstantinOpolitani
1605 5260 1898 5336 ineodem'
1921 5266 2108 5325 codice

515 5336 1128 5408 postChalcedonenses
1156 5335 1554 5408 describuntur,
1588 5335 1888 5405 iisdemque
1932 5353 2106 5396 canon

515 5407 826 5464 annectitur
876 5408 947 5463 de
999 5410 1226 5477 primatu
1276 5408 1420 5464 sedis
1465 5407 2102 5478 Constantinopolitanw,

515 5483 608 5550 qui
657 5482 720 5535 ad
772 5479 1269 5536 Chalcedonensem
1301 5479 1567 5551 synodum
1613 5481 1862 5548 pertinet.
1907 5479 1976 5533 Id
2009 5498 2104 5549 pe-

516 5552 618 5606 tius
646 5552 999 5606 atlucinationi
1028 5551 1106 5605 vel
1126 5551 1468 5621 incogitantia:
1505 5551 1857 5616 amanuensis,
1897 5551 1985 5616 qui
2014 5568 2100 5606 co-

514 5623 681 5676 dicem
729 5625 1018 5692 exscripsit,
1053 5639 1204 5692 quant
1243 5624 1466 5676 auctoris
1503 5622 1664 5675 errori
1706 5623 1782 5676 vel
1829 5623 2100 5686 imperitae

515 5694 840 5748 tribuendum
879 5691 1110 5749 editores
1159 5693 1453 5748 tradidere.
1497 5691 1604 5748 Sed
1648 5706 1746 5746 nec
1784 5696 2100 5751 amanuensi

513 5780 618 5822 nec
664 5765 872 5820 auctori
913 5766 1178 5839 vei-siouis
1216 5766 1270 5820 id
1312 5763 1726 5839 adjndicaudum
1764 5773 1867 5818 est.
1905 5764 2102 5839 Veram

514 5851 732 5892 causam
780 5851 896 5892 eam
941 5837 1230 5900 credimus,
1276 5833 1418 5907 quod
1459 5837 1513 5890 in
1557 5833 1852 5907 eoiGraeco
1885 5833 2096 5906 codice,

513 5921 677 5982 quem
716 5909 990 5978 interpres
1018 5906 1302 5974 adhibuit,
1327 5921 1563 5963 canones
1609 5906 2100 5971 Constantinopoli-

2218 3355 2327 3398 tuin
2380 3350 2463 3398 est
2499 3346 2640 3398 enim
2697 3357 2912 3401 veteres
2950 3350 3172 3415 priscum
3216 3347 3507 3402 identidem
3557 3362 3799 3412 vocasse,

2212 3415 2353 3484 quod
2385 3430 2555 3471 armos
2583 3416 2798 3471 circiter
2826 3420 3208 3488 quinquaginta
3233 3419 3546 3484 excederet,
3578 3429 3635 3474 et
3663 3435 3794 3474 non-

2213 3502 2486 3557 nunquam
2509 3489 2670 3542 etiam
2697 3493 2833 3542 hanc
2859 3505 3044 3544 vocem
3070 3503 3357 3558 usurpasse
3379 3492 3449 3546 de
3475 3506 3534 3545 re
3553 3505 3673 3558 quze
3693 3504 3797 3545 non

2212 3560 2381 3612 multo
2416 3568 2542 3631 ante
2581 3561 2882 3626 evenisset;
2916 3561 3368 3631 quemadmodum
3409 3561 3553 3631 apud
3585 3561 3798 3617 Festum

2250 3631 2394 3682 risco:
2425 3628 2624 3682 Latina:
2648 3633 2868 3684 caonia:
2908 3628 3185 3701 appellata:
3230 3643 3355 3687 sunt
3381 3628 3681 3688 anteriores
3715 3649 3799 3687 co~

2235 3701 2394 3763 onitn,
2430 3710 2485 3753 ut
2512 3701 2968 3771 distinguerentur
3016 3718 3046 3756 a
3079 3702 3257 3768 novis;
3293 3704 3364 3759 ita
3405 3701 3645 3759 Priscam
3676 3704 3798 3759 Dio-

2213 3775 2399 3846 nysius
2431 3771 2818 3846 potuitvocare
2847 3773 3177 3830 anteriorem
3211 3777 3539 3846 versionem,
3571 3784 3685 3831 uta
3710 3789 3799 3832 sua

2213 3855 2352 3897 nova
2379 3842 2552 3913 ipsam
2578 3843 2951 3915 distingueret.

2825 3935 3053 3994 CAPUT
3095 3938 3178 3993 Ill.

2213 4028 2293 4083 De
2339 4029 2617 4106 canonibus
2663 4029 2912 4106 Ecclesia
2941 4032 3222 4106 Africanis,
3275 4033 3363 4101 qui
3399 4033 3454 4106 in
3494 4049 3670 4089 omnes
3701 4034 3801 4106 fere

2284 4099 2606 4174 collectiones
2648 4099 2862 4156 Latinas
2903 4099 3141 4174 antiquas
3179 4099 3388 4174 [uerunt
3417 4105 3616 4171 inserti,
3662 4099 3712 4160 ei
3742 4107 3802 4160 de

2284 4173 2488 4226 vetustis
2528 4187 2702 4225 eorum
2733 4174 3015 4228 codicibus.

2215 4293 2243 4364 §
2269 4293 2321 4348 1.
2358 4293 2652 4348 Necessitas
2682 4294 2966 4348 disserendi
2985 4295 3050 4348 de
3077 4294 3356 4348 canonibus
3382 4294 3664 4364 Africanis.
3700 4297 3800 4350 Re-

2285 4375 2552 4420 censentur
2593 4365 2794 4448 codices
2825 4375 2871 4418 et
2900 4365 3229 4448 collectiones
3272 4367 3325 4420 in
3350 4367 3540 4448 quibus
3570 4367 3798 4448 Africani

2281 4453 2500 4491 canones
2541 4437 2883 4509 continentur.
2916 4436 2992 4492 De
3011 4437 3316 4509 antiquitate
3342 4436 3657 4509 collectioni}
3682 4456 3799 4509 syn-

2284 4509 2502 4580 odorum
2527 4507 2738 4579 Africae,
2769 4523 2884 4578 qua:
2914 4511 2969 4562 in
3011 4508 3392 4580 collectionibus
3422 4507 3724 4580 Hispanica
3757 4521 3797 4563 et

2288 4577 2584 4634 Isidoriana
2627 4577 2827 4651 recepta
2865 4589 2958 4634 est.
3005 4579 3351 4652 Duo_codices
3375 4577 3632 4634 canonum
3663 4581 3802 4652 Afri-

2289 4669 2536 4705 canorum
2563 4649 2801 4722 producti
2825 4651 2878 4704 in
2899 4651 3094 4722 synodo
3112 4649 3501 4722 Carthaginensi
3528 4649 3798 4722 antiiy5'25.

2290 4722 2370 4778 De
2395 4719 2677 4777 canonibus
2693 4719 3006 4792 synodorum
3026 4719 3507 4792 Carthaginensium
3532 4722 3628 4776 sub
3645 4720 3801 4777 Grato

2285 4804 2334 4919 Et
2364 4792 2654 4859 Genethlio,
2683 4796 2771 4863 qui
2797 4795 2851 4847 in
2875 4810 2976 4848 uno
2997 4809 3058 4856 ea:
3086 4794 3267 4847 iisdem
3288 4792 3548 4848 codicibus
3575 4796 3801 4850 contine-

2317 4877 2490 4919 antur.

2317 4877 2490 4922 antur.

2287 4982 2336 5035 1.
2371 4980 2576 5034 Praeter
2599 4979 2912 5035 Graecarum
2947 4977 3274 5049 synodorum
3296 4991 3533 5034 canones
3560 4993 3592 5034 e
3611 4977 3802 5034 Graec

2211 5051 2396 5118 codice
2448 5051 2638 5106 Latine
2682 5050 2922 5106 redditos
2971 5059 3025 5104 et
3071 5049 3124 5103 in
3174 5049 3391 5104 Latinas
3452 5049 3802 5104 collectiones

2225 5123 2518 5188 traducms,
2557 5126 2605 5177 in
2644 5122 2860 5177 easdem
2904 5119 3016 5176 fere
3046 5120 3232 5176 inserti
3275 5121 3618 5176 inveniuntur
3646 5133 3801 5175 cano-

2222 5209 2320 5249 nes
2347 5193 2602 5248 Ecclesite
2631 5193 2923 5257 Africanae;
2956 5191 3095 5262 iique
3115 5191 3252 5246 adeo
3276 5191 3518 5247 celebres
3540 5191 3715 5258 fuere,
3747 5202 3801 5246 ut

2217 5281 2249 5322 e
2309 5264 2516 5320 Latinis
2573 5263 2847 5320 codicibus
2895 5263 3083 5319 Graece
3139 5263 3417 5325 translati,
3475 5263 3529 5317 in
3581 5262 3802 5318 Graecas

2215 5337 2377 5393 etiam
2415 5335 2764 5391 collectiones
2804 5334 3139 5389 transierint.
3163 5335 3295 5386 Cum
3332 5349 3461 5389 vero
3489 5335 3630 5402 apud
3659 5333 3800 5388 Afri-

2216 5423 2382 5462 canos
2408 5408 2737 5462 auteriorum
2761 5405 3089 5478 synodorum
3119 5419 3353 5460 canones
3385 5406 3436 5459 in
3460 5404 3680 5476 synodis
3700 5421 3800 5478 po-

2214 5479 2532 5534 sterioribus
2559 5477 2932 5547 repeterentur
2959 5491 3024 5531 ac
3065 5477 3434 5547 insererentur
3463 5487 3629 5542 gestis
3648 5518 3663 5540 ,
3691 5477 3801 5532 fre-

2205 5561 2437 5622 quenter
2469 5546 2633 5605 etiam
2682 5551 2800 5604 sine
2833 5546 3248 5618 praecedentium
3291 5547 3621 5622 synodorutn
3654 5561 3801 5602 men-

2207 5618 2351 5676 tione
2375 5621 2533 5676 iidem
2564 5635 2802 5676 canones
2847 5628 3243 5686 repeterentur,
3282 5618 3373 5689 qui
3400 5629 3558 5673 antea
3587 5618 3800 5675 fuerant

2207 5693 2484 5748 constituti
2531 5712 2543 5745 :
2580 5692 2738 5748 iidem
2781 5693 2831 5744 in
2879 5690 3108 5745 diversis
3146 5692 3388 5745 conciliis
3429 5691 3797 5759 reperiuntur,

2207 5775 2263 5819 et
2287 5779 2426 5819 nunc
2452 5765 2563 5829 uni,
2599 5777 2739 5818 nunc
2770 5763 2858 5817 alii
2897 5763 3104 5833 synodo
3141 5761 3718 5833 :idjudicanturyadeo
3743 5768 3799 5816 ut

2208 5837 2405 5905 saepius
2436 5852 2540 5890 non
2570 5833 2726 5891 facile
2760 5832 2994 5905 discerni
3042 5835 3211 5901 possit
3255 5851 3356 5901 qua
3389 5836 3440 5887 in
3470 5832 3680 5903 synodo
3711 5832 3798 5886 hic

2211 5904 2298 5964 vel
2324 5907 2413 5962 ille
2441 5920 2612 5962 canon
2641 5905 2893 5963 conditus
2922 5904 3103 5960 fuerit.
3135 5906 3356 5960 Accedit
3383 5905 3596 5961 diversa
3627 5918 3795 5970 syno-
