4014 6346
213 431 283 492 ιθ
765 429 855 486 ne
893 429 1118 500 ANTIQ.
1161 391 1608 489 consertes.
1653 430 1739 487 ET
1775 428 1792 486 t

1900 429 2202 490 .Lt-zcron.
2243 435 2592 497 canonum.
2635 439 2832 498 PARS.
2870 439 2940 499 It.
3402 433 3482 511 :00

215 553 406 612 dorum
435 550 652 616 divisio,
677 564 775 607 seu
797 549 1072 622 inscriptio
1107 551 1159 605 in
1187 549 1596 625 collectionibus
1615 548 1792 625 diver_-_
1818 548 1877 612 Α
1899 545 2026 625 inde
2039 552 2590 625 auctorAcollectionis
2621 555 2921 625 Hispanica
2945 569 3064 612 eam
3094 569 3202 613 non
3231 554 3478 625 digessit,

215 628 293 684 sis
345 631 548 690 notata,
597 621 973 694 canonttmque
1011 637 1267 694 numerus
1312 621 1556 691 ejusdem
1603 621 1792 693 synodi

217 696 410 752 alicubi
463 695 661 761 minor,
723 695 849 750 alibi
918 695 1132 762 major;
1162 693 1314 749 Nunc
1371 694 1505 750 certi
1558 707 1795 750 canones

219 766 432 834 omissi,
464 781 607 822 nunc
632 765 722 821 alii
747 775 894 823 certe
917 764 1167 821 addititii.
1197 765 1331 820 Hinc
1359 781 1489 821 vero
1519 780 1707 835 magna
1740 765 1796 821 in

219 837 492 896 Africanis
517 838 755 894 conciliis
782 852 1046 893 canonum
1089 838 1420 900 commixtio.
1463 837 1795 905 perturbatio

220 918 277 967 et
325 909 646 966 incertitudo
697 909 958 978 exoritur,
1007 908 1298 978 pluresque
1346 908 1686 964 difﬁcultates
1741 917 1796 964 et

220 983 606 1037 controversia
646 981 838 1037 exinde
877 982 1120 1036 excitata
1149 990 1293 1045 sunt,
1322 995 1442 1049 qua
1469 980 1712 1035 eruditos
1742 984 1794 1035 in

220 1054 400 1108 varias
441 1052 730 1107 sententias
775 1051 1069 1111 deduxere.
1111 1051 1374 1122 Exemplo
1413 1065 1534 1107 esse
1572 1061 1795 1120 possunt

219 1123 362 1194 inter
405 1123 507 1177 alia
540 1125 721 1189 multa,
757 1139 876 1194 qua
910 1125 1051 1180 circa
1093 1124 1422 1179 Breviarium
1451 1123 1798 1192 Hipponense

217 1193 559 1263 disputarunt
599 1211 662 1249 ex
709 1193 812 1250 una
861 1199 1030 1266 parte
1063 1196 1500 1259 Scltelestratius,
1540 1206 1594 1248 ut
1622 1195 1796 1266 ipsum

214 1265 602 1334 suppositionis
629 1265 926 1332 accusaret,
958 1283 1022 1322 ex
1052 1267 1154 1322 alia
1181 1266 1496 1334 Quesnellus
1526 1274 1584 1320 ut
1608 1265 1796 1320 defen-

212 1335 392 1392 deret.
432 1337 547 1392 Nou
587 1339 759 1414 solum
788 1341 932 1414 enim
979 1338 1210 1414 ille._qui
1245 1338 1431 1392 falsam
1476 1338 1796 1414 sententiam

213 1415 421 1463 tutatus
447 1417 546 1466 est.
583 1411 679 1465 sed
704 1410 790 1464 hic
827 1409 988 1465 etiam
1017 1410 1108 1479 qui
1136 1423 1314 1465 veram
1341 1409 1711 1479 propugnavit,
1744 1411 1797 1466 in

212 1479 404 1604 gluma
431 1494 645 1536 errores
667 1482 912 1547 incurrit,
946 1495 1320 1550 canonumque
1352 1480 1796 1549 Hipponensium,

260 1551 475 1604 reviat-ii
505 1567 568 1604 ac
603 1552 792 1604 svnodi
825 1551 1268 1604 Carthaainensis
1300 1567 1352 1604 ιιι
1399 1553 1640 1604 notitiam
1667 1554 1794 1604 dum

260 1551 475 1626 reviat-ii
505 1567 568 1606 ac
595 1552 792 1626 synodi
825 1551 1352 1626 Carthaginettsis_t_n
1399 1553 1640 1626 notitiam
1667 1554 1794 1608 dum

212 1623 464 1678 evolvere
489 1623 714 1690 studuit,
744 1625 976 1678 maxime
1003 1623 1249 1678 involvit.
1284 1623 1350 1679 Ut
1373 1633 1550 1677 autem
1575 1623 1627 1678 in
1652 1633 1796 1679 tanta

215 1693 444 1763 caligine
472 1694 670 1763 aliquid
701 1696 833 1750 lucis
860 1694 1161 1762 aﬂ‘erretur,
1194 1709 1291 1750 nos
1329 1705 1451 1763 post
1477 1694 1537 1749 P.
1571 1695 1797 1750 Hardui—

219 1766 484 1834 num,qui
514 1765 584 1821 de
623 1767 890 1822 Africanis
931 1767 1226 1822 caminibus
1267 1768 1401 1821 bene
1438 1767 1661 1822 meritus
1691 1777 1792 1834 est,

220 1834 426 1906 aliquid
450 1840 772 1892 tentavimus
799 1838 850 1892 in
881 1837 1109 1892 Historia
1144 1837 1536 1892 Donatistarum
1568 1847 1704 1905 part.
1735 1855 1792 1906 tt,

1897 619 2174 747 ualidus?
2213 621 2471 694 digestam
2499 634 2556 681 et
2583 619 2945 700 pervulgatam
2975 628 3029 684 in
3077 642 3233 684 suum
3281 619 3480 698 corpus

1923 702 2154 748 raduxit.

1917 798 1922 801 ς
1974 763 2030 842 1.
2056 765 2188 842 Alia
2216 780 2374 836 porro
2397 768 2742 842 collectiones
2767 771 3047 842 Hispanica
3070 779 3124 826 et
3153 769 3478 842 Dionysiana

1896 836 2250 908 antiquiores-
2280 840 2530 893 nonnulla
2580 841 2830 898 Africana
2866 836 3203 898 documenta
3255 836 3476 908 recepe-

1898 918 2041 983 runt.
2066 906 2325 983 Cullectio
2351 921 2602 966 contenta
2626 914 2676 966 in
2708 929 2836 969 mss.
2869 914 2987 970 Val.
3021 913 3160 969 1542
3183 925 3240 970 et
3274 906 3473 968 Barba-

1898 981 2020 1052 tjno
2075 980 2220 1052 i888
2276 992 2492 1050 prastat
2544 984 2830 1040 concilium
2892 984 3309 1052 Carthaginense
3371 985 3472 1040 sub

1897 1049 2203 1124 Genethlto.
2257 1049 2585 1108 Hreviarium
2638 1055 2979 1124 Hipponense
3031 1049 3262 1114 refertur
3291 1057 3341 1112 in
3382 1056 3475 1110 iis-

1897 1120 2020 1176 dem
2037 1123 2346 1198 codicibus,
2369 1140 2432 1198 ac
2465 1120 2718 1198 praeterea
2742 1120 2802 1181 'in
2823 1143 2922 1182 ms.
2947 1129 3019 1184 55
3046 1128 3263 1198 capituli
3302 1127 3474 1184 Vero-

1897 1194 2104 1261 pensis,
2125 1195 2179 1250 in
2208 1197 2331 1252 cod.
2363 1195 2673 1252 Corbeiensi
2702 1209 2755 1253 et
2778 1199 2830 1253 in
2853 1194 3476 1266 exemplts’collectionis

1899 1265 2308 1340 Quesnefliantr.
2332 1266 2703 1340 Collectiones
2737 1269 2857 1325 Vat.
2887 1270 3103 1340 Regina
3148 1272 3301 1333 i997.
3347 1269 3473 1326 Vat.

1903 1334 2076 1401 1542,
2113 1339 2269 1393 Barb.
2315 1339 2478 1403 2888,
2530 1349 2586 1395 ot
2612 1334 3168 1396 Lucano-Colbeﬂina
3222 1341 3478 1397 exhibent

1898 1408 2162 1478 synodum
2189 1410 2669 1480 Carthaginensem
2718 1414 2845 1468 anni
2894 1412 3023 1476 419,
3069 1411 3371 1467 distinctam
3423 1413 3474 1466 in

1897 1492 2134 1554 eanones
2181 1483 2554 1550 quadraginta,
2597 1498 2755 1554 quam
2808 1486 2947 1539 inter
2995 1483 3312 1538 documenta
3338 1483 3478 1551 juris

1897 1552 2138 1607 canonici
2171 1555 2366 1608 veteris
2395 1554 2494 1608 hoc
2525 1552 2670 1608 totno
2694 1555 2890 1609 edituri
2915 1569 3120 1610 sumus.
3159 1554 3285 1608 Dua
3314 1555 3478 1610 colle-

1896 1623 2106 1696 c_tiones
2153 1625 2495 1680 Corbeiensis
2537 1634 2594 1680 et
2637 1626 3011 1693 Quesnelliana
3044 1625 3176 1680 dant
3211 1628 3473 1696 synodum

1896 1690 2368 1764 Carthaginiensem
2399 1697 2524 1751 anni
2563 1690 2951 1753 418'adversns
2978 1690 3310 1765 Pelagianos.

1967 1765 2022 1820 5.
2053 1765 2234 1833 Neque
2271 1769 2756 1832 pratermittettdus
2786 1779 2868 1825 est
2915 1768 3218 1832 Ferrandus
3255 1766 3477 1824 Cartha-

1897 1835 2133 1906 ginensis
2159 1838 2412 1893 Ecclesiae
2438 1839 2716 1906 diaconus,
2749 1842 2838 1909 qui
2882 1838 3301 1896 in'Breviatinne
3333 1839 3476 1895 Afri-

413 1906 867 1999 Nunc-vero|po.st
888 1910 1131 1999 consulta
1151 1911 1313 1999 jplttra
1341 1909 1648 1999 lfatinarutn
1679 1911 1792 1966 col-
1823 1938 1870 1999 Β
1897 1922 2060 1999 canus
2091 1912 2385 1992 pra‘sel'lim
2417 1925 2652 1993 canones
2676 1906 3000 1999 compendio
3037 1911 3308 1999 exhibuit,
3334 1910 3476 1999 Afri-

217 1976 508 2051 lectionum
533 1982 883 2051 exemplaria,
915 1990 970 2035 et
995 1989 1112 2044 post
1141 1976 1444 2050 diligentius
1471 1996 1695 2035 examen
1726 1997 1789 2038 ac

213 2049 450 2120 studium
490 2053 629 2108 circa
671 2049 885 2106 easdem
925 2049 1269 2107 collectiones
1307 2054 1504 2120 aliquid
1544 2053 1667 2106 novi
1710 2053 1790 2107 af-

210 2118 360 2175 ferre
382 2136 538 2192 posse
563 2123 851 2187 credimus,
886 2124 1028 2178 unde
1055 2125 1294 2179 exactior
1327 2133 1380 2178 et
1401 2118 1618 2192 plenior
1645 2123 1786 2178 Afri-

210 2206 474 2266 cauorum
501 2210 764 2266 canonum
791 2203 844 2266 et
869 2196 1218 2250 conciliorum
1255 2195 1440 2250 n0titia
1469 2195 1786 2266 proferatur.

283 2264 344 2318 2.
379 2264 660 2336 Postquam
682 2263 1104 2336 Cltristophorus
1127 2266 1386 2321 Justellus
1415 2263 1784 2322 Africanorum

211 2348 484 2390 canonum
527 2338 893 2393 collectionem
922 2340 1111 2393 Grace
1152 2347 1207 2392 et
1232 2337 1422 2392 Latine
1461 2337 1631 2392 edidit
1663 2353 1785 2394 cum

207 2406 375 2480 “titulo
403 2404 571 2480 codex
598 2425 848 2463 canonum
876 2408 1119 2465 Ecclesia:
1146 2409 1420 2476 Africana,
1449 2411 1629 2478 opinio
1646 2411 1785 2480 apud

209 2478 414 2533 inultos
445 2478 660 2534 invaluit
680 2495 798 2534 eam
839 2485 1115 2538 continere
1144 2495 1330 2534 omnes
1372 2483 1591 2536 omnino
1619 2478 1782 2536 cano-

209 2563 312 2604 nes
339 2548 430 2616 qui
459 2551 526 2603 ab
550 2551 817 2615 Atricanis
855 2553 1099 2608 Patribus
1131 2551 1356 2617 conditi,
1389 2553 1554 2607 veteri
1585 2554 1786 2607 Africa-

206 2635 298 2675 na
322 2621 574 2676 Ecclesia
601 2623 718 2678 usui
748 2622 917 2680 fuere.
957 2623 1065 2680 Sed
1088 2639 1151 2677 ea
1187 2623 1360 2676 nullos
1397 2624 1531 2677 al'os
1553 2639 1786 2680 canones

204 2706 339 2747 vere
368 2696 758 2766 complectitur,
791 2696 891 2750 nisi
932 2708 1068 2764 quos
1099 2694 1380 2766 Dionysius
1413 2696 1655 2765 Exiguus
1693 2711 1787 2751 ex-

203 2766 413 2838 cerpsit
455 2779 519 2819 ex
566 2765 774 2838 synodo
820 2766 1224 2838 Carthaginiensi
1273 2767 1396 2820 anni
1446 2768 1583 2831 H9,
1635 2767 1787 2837 cujus

202 2836 372 2890 unius
409 2846 557 2904 gesta
601 2836 713 2906 prae
751 2838 918 2893 oculis
957 2837 1161 2894 habuit.
1196 2839 1305 2892 Etsi
1345 2853 1473 2893 vero
1514 2839 1566 2893 in
1597 2836 1784 2892 isdem

199 2916 329 2981 gest
351 2921 378 2960 s
405 2909 662 2981 descripti
699 2920 882 2980 essent
910 2924 1166 2974 canones,
1216 2909 1305 2977 qui
1337 2921 1446 2963 tum
1477 2911 1527 2964 in
1560 2911 1670 2980 ipsa
1697 2925 1788 2981 sy-

199 2976 356 3032 nodo
395 2976 621 3046 conditi,
659 2989 770 3036 tum
801 2976 860 3036 in
905 2976 1262 3035 anterioribus
1304 2982 1503 3036 Aurelii
1547 2976 1788 3037 conciliis

197 3047 428 3104 fuerant
461 3052 761 3117 constituti,
808 3053 1094 3122 Dionysius
1136 3060 1314 3106 tamen
1361 3069 1466 3108 non
1516 3063 1621 3108 tota
1674 3053 1788 3108 hac

156 3149 160 3152 ‹
194 3130 383 3193 gesta,
432 3135 536 3176 nec
569 3136 757 3178 omnes
800 3124 1129 3193 singulorum
1177 3124 1528 3178 conciliorum
1556 3139 1790 3179 canones

194 3191 364 3246 dedit
389 3207 454 3247 eo
483 3194 672 3249 ordine
719 3209 782 3249 ac
823 3191 1046 3250 numero
1072 3209 1177 3262 quo
1208 3196 1277 3263 _in
1317 3207 1606 3250 memorati
1641 3205 1784 3263 gesti

195 3263 432 3336 iueraut
470 3263 679 3336 inserti,
724 3267 817 3320 sed
844 3281 964 3320 cum
995 3261 1154 3320 iidem
1181 3261 1412 3321 c'anones
1443 3271 1495 3320 in
1526 3261 1790 3336 plerisque

1893 1977 2148 2048 cunisque
2177 1982 2564 2051 antiqurssimis
2605 1977 3004 2049 exemplaribus
3038 1997 3167 2037 usus
3189 1992 3290 2037 est.
3338 1982 3472 2037 Cum

1893 2063 2022 2124 vero
2050 2051 2096 2104 is
2121 2053 2338 2106 concilia
2362 2053 2804 2124 tiartltaginensia
2839 2056 2955 2110 sine
2996 2053 3105 2108 ulla
3128 2051 3472 2108 distinctione

1889 2120 2104 2190 alleget,
2131 2139 2234 2176 non
2269 2125 2332 2175 ita
2363 2125 2516 2178 lacile
2545 2120 2647 2178 erit
2672 2126 2980 2180 discernere
3007 2127 3218 2180 cuinam
3243 2125 3474 2178 concilio

1889 2205 1955 2264 ex
1980 2193 2218 2262 pluribus
2241 2194 2480 2264 ejusdem
2503 2196 2603 2250 loci
2633 2195 2721 2250 hic
2748 2197 2830 2251 vel
2856 2195 2941 2250 ille
2957 2211 3126 2250 canon
3159 2195 3474 2250 tribuendus

1889 2262 1978 2317 sit.
2023 2265 2116 2320 His
2155 2262 2333 2319 tamen
2387 2267 2635 2322 omnibus
2699 2268 2999 2324 sollicitiori
3040 2267 3218 2322 studio
3261 2269 3469 2322 collatis

1889 2342 2050 2404 atque
2079 2337 2359 2406 perpensis
2387 2353 2666 2404 speramus
2691 2339 2805 2393 fore
2831 2349 2887 2393 ut
2907 2339 3294 2394 distinctiorem
3327 2338 3473 2392 Alri-

1887 2418 2144 2490 canorum
2167 2410 2514 2464 conciliorum
2542 2423 2916 2480 canonumque
2952 2410 3195 2464 notitiam
3227 2410 3470 2477 proferre

1889 2491 2178 2545 possuntts.

1959 2551 2011 2622 6.
2063 2550 2197 2604 Huic
2224 2565 2352 2606 vero
2396 2552 2547 2622 operi
2577 2551 2744 2607 facem
2779 2551 3066 2619 prafercnt
3095 2551 3202 2605 duo
3226 2550 3466 2606 Africani

1889 2621 2107 2693 codices
2133 2636 2423 2688 canonum,
2440 2621 2544 2693 qui
2567 2625 2620 2677 iit
2648 2625 2877 2679 concilio
2903 2622 3470 2693 Garthagiuensianni

1890 2691 1996 2766 525
2023 2693 2123 2766 sub
2164 2694 2434 2766 Bonifacio
2473 2691 2536 2750 ex
2579 2697 2695 2766 ipso
2733 2691 3175 2766 Carthaginensis
3212 2692 3470 2766 Ecclesia

1889 2763 2088 2818 scrinio
2120 2765 2361 2838 producti
2391 2766 2479 2838 (Τ.
2519 2767 2555 2820 ν
2583 2763 2787 2822 Concil.
2819 2767 2919 2822 col.
2941 2763 3074 2829 ⁷778,
3103 2767 3178 2835 e),
3211 2765 3469 2838 iutegram

1889 2841 2130 2890 veterum
2163 2835 2534 2893 Africanarum
2554 2854 2818 2894 canonum
2849 2839 3221 2894 collectionem
3250 2835 3302 2890 in
3334 2835 3472 2891 duos

1891 2913 2064 2976 tomos
2089 2907 2426 2963 distributatn
2455 2909 2820 2966 continebant.
2853 2909 3002 2966 Unus
3045 2909 3132 2963 ille
3159 2915 3239 2961 est
3269 2922 3332 2962 ex
3363 2923 3432 2976 qu
3457 2926 3470 2957 ι

1891 2974 2258 3048 lectifuerunt
2281 2980 2484 3047 aliquot
2516 2996 2751 3036 canones
2777 2981 2976 3036 Nicani
3008 2990 3065 3035 et
3108 2994 3245 3034 unus
3279 2974 3470 3048 synodi

1890 3045 2324 3118 Carthaginensis
2350 3045 2450 3104 sub
2473 3051 2668 3115 Grato;
2699 3054 2854 3117 alter,
2883 3054 2970 3122 qui
3001 3045 3472 3122 appellatur-liber

1890 3136 2145 3173 canonum
2170 3122 2480 3190 temporibus
2503 3124 2718 3178 Aurelii.
2764 3120 2973 3178 Primus
3007 3120 3201 3192 prater
3226 3120 3475 3192 Nicanos

1892 3189 2371 3266 comprehendisse
2399 3194 2608 3249 videtur
2635 3210 2870 3250 canones
2908 3189 3231 3266 synodorum
3263 3189 3470 3246 Africa-

1895 3277 2081 3334 narum
2105 3265 2432 3319 anteriorum
2463 3266 2712 3331 Aurelio;
2743 3267 2878 3320 alter
2896 3265 3025 3320 vero
3053 3277 3288 3320 canones
3317 3277 3476 3334 synn-

193 3330 403 3407 [Lxxv]
431 3325 870 3407 synodisit-ssent
905 3337 1140 3404 repetiti,
1179 3351 1298 3390 eum
1339 3325 1553 3390 modum
1586 3339 1674 3407 qui
1703 3325 1788 3392 re-
1816 3325 1864 3389 C
1893 3333 2084 3407 dorum
2114 3350 2234 3402 qua
2277 3336 2377 3407 sub
2429 3341 2617 3390 eodem
2668 3325 2886 3392 Aurelio
2934 3345 3134 3392 coacta
3163 3339 3214 3390 in
3263 3325 3476 3390 lau'dato

193 3403 471 3474 petitioni
497 3405 727 3460 vitanda
751 3405 928 3476 aptior
959 3403 1060 3475 ipsi
1089 3407 1234 3460 visus
1263 3417 1345 3459 est
1374 3403 1628 3469 instituit;
1662 3407 1798 3462 adeo

191 3486 255 3530 ut
295 3476 478 3549 ipsius
499 3477 799 3549 lucubratio
828 3493 1012 3549 earum
1049 3477 1382 3549 synodoruin
1412 3495 1528 3548 qua
1552 3490 1675 3532 ante
1704 3495 1800 3534 an-

192 3563 340 3601 num
386 3547 490 3601 419
539 3548 638 3602 sub
677 3546 896 3604 Aurelio
923 3545 1139 3603 fuerunt
1181 3545 1485 3615 celebrata,
1535 3551 1794 3617 integram

189 3617 436 3674 omnino
471 3619 885 3692 descriptionem
912 3637 1040 3692 non
1091 3619 1366 3692 prabeat;
1398 3621 1538 3692 quod
1587 3621 1795 3691 plenius

189 3693 414 3763 patebit
467 3707 529 3763 ex
561 3690 802 3763 dicendis
834 3691 860 3763 §
898 3691 954 3759 8,
1005 3706 1125 3746 cum
1171 3691 1237 3746 de
1267 3690 1474 3762 synodo
1517 3690 1797 3763 Carthagi-

187 3762 364 3816 nensi
399 3761 524 3815 anni
549 3761 653 3815 M9
679 3779 740 3816 ex
773 3761 1047 3831 proposito
1073 3761 1416 3817 disseremus.

268 3834 331 3888 3.
366 3833 487 3888 Alia
535 3831 906 3889 Africanarum
954 3833 1280 3906 synodurum
1307 3835 1558 3891 collectio
1598 3844 1797 3906 prater

188 3905 595 3975 Dionysianam
622 3914 798 3960 exstat
838 3923 888 3959 ιιι
919 3905 1050 3960 mss.
1092 3905 1366 3969 codicibus
1415 3905 1792 3962 collectionum

187 3976 525 4050 Histianica
546 3986 600 4030 et
621 3975 955 4050 lsidoriatta.
1009 3975 1145 4032 Octo
1175 3977 1226 4031 in
1257 3991 1317 4050 ea
1368 3979 1560 4050 synodi
1595 3981 1797 4035 descri-

183 4049 413 4120 buntur
448 4063 459 4099 :
486 4046 926 4117 Carthaginensis
958 4063 994 4111 ι,
1027 4056 1109 4120 est
1152 4046 1414 4120 synodus'
1442 4049 1544 4106 sttb
1586 4051 1787 4116 Grato;

181 4118 654 4188 Carthaginiensis
689 4134 749 4182 tt,
789 4130 870 4173 est
895 4119 1133 4190 synodus
1173 4118 1273 4173 sun
1324 4119 1641 4177 Genethlio:
1673 4122 1796 4176 Car-

181 4190 550 4262 tltaginensis
577 4205 654 4256 ιιι,
687 4199 771 4245 est
800 4191 1037 4262 synodus
1091 4192 1216 4244 anni
1245 4191 1369 4253 397,
1413 4192 1511 4246 sitb
1554 4195 1794 4258 Aurelio,

180 4261 254 4318 ad
291 4261 736 4335 cujustempora
767 4261 1054 4335 sequentes
1077 4277 1287 4332 quoque
1317 4266 1506 4335 synodi
1543 4267 1798 4335 referun-

186 4343 308 4398 tur,
347 4332 611 4392 nimirum
640 4332 1082 4406 triartltagiuensis
1130 4349 1180 4386 tv
1211 4332 1487 4406 anni'598,
1515 4334 1798 4406 Carthagi-

1893 3400 2158 3476 Bonilaci‘i
2187 3406 2418 3459 concilio
2443 3422 2613 3476 usque
2650 3409 2716 3461 ad
2749 3408 3055 3476 vigesimam
3103 3415 3474 3462 recensentur.

1901 3473 1972 3545 Ut
1991 3489 2020 3526 a
2045 3475 2216 3542 primo
2239 3473 2596 3542 antiquiorum
2624 3473 2888 3532 canonum
2906 3477 3090 3532 codice
3109 3477 3475 3545 exordiamur,

1901 3544 2176 3600 Nicanttm
2229 3546 2514 3601 concilium
2565 3563 2634 3602 ex
2668 3565 2727 3600 ea
2773 3548 3127 3603 vetustissima
3161 3544 3479 3615 interpreta-

1902 3616 2067 3685 tione,
2117 3632 2276 3686 quam
2307 3619 2624 3673 Caecilianus
2673 3620 2724 3673 in
2774 3619 3005 3674 Africam
3033 3618 3306 3684 attulerat,
3337 3617 3477 3685 apud

1896 3687 2183 3742 Africanos
2211 3699 2481 3758 receptum
2508 3704 2572 3744 ac
2603 3692 2826 3746 relatum
2858 3691 2912 3744 in
2950 3689 3190 3745 codicem
3234 3688 3481 3742 animad-

1899 3760 2161 3834 vertimus
2187 3766 2359 3834 capite
2388 3761 2730 3831 praecedenti,
2768 3762 2796 3834 §
2820 3763 2872 3818 1.
2901 3762 2977 3817 lbi
3004 3761 3168 3817 etiam
3195 3759 3481 3834 solius_Ni-

1897 3831 2032 3885 cani
2065 3830 2290 3902 sytnboli
2322 3830 2542 3888 et’sexti
2584 3830 2806 3888 canonis
2852 3835 3153 3888 versionem
3181 3847 3246 3887 ex
3289 3830 3478 3886 eadem

1900 3902 2340 3974 interpretatione
2388 3919 2670 3973 superesse
2713 3906 3105 3972 indicavimus,
3131 3917 3480 3974 erroremque

1898 3972 2201 4048 deteximus
2225 3990 2387 4048 [cum
2417 3972 2470 4030 in
2506 3976 2710 4048 synodo
2744 3977 2996 4032 Bonifacii
3029 3975 3262 4030 versioni
3289 3975 3358 4048 ab
3384 3972 3480 4030 At-

1901 4047 2006 4117 t_ic_o
2049 4043 2254 4117 [LXXVI]
2289 4043 2880 4116 C~nstantinopolitano
2919 4048 3246 4103 transmissa
3277 4047 3472 4101 tributa

1897 4114 2007 4189 fuit
2045 4114 2107 4168 ea
2151 4114 2377 4188 sytitboli
2412 4119 2608 4174 Nicani
2637 4114 2934 4184 translatio,
2965 4137 3081 4189 quia
3109 4118 3174 4172 ad
3203 4119 3474 4187 antiquam

1898 4185 2201 4258 Africanam
2235 4189 2726 4257 interpretationem
2765 4185 3014 4258 pertinet.
3336 4185 3348 4187 ’
3536 4204 3538 4207 ’

1971 4259 2023 4311 7.
2045 4257 2122 4310 Ex
2147 4262 2392 4314 conciliis
2413 4263 2680 4316 Africanis
2703 4257 3064 4316 an’terioriltus
3091 4261 3310 4316 Aurelio
3333 4260 3477 4315 solos

1899 4343 2137 4383 canones
2167 4331 2265 4384 sub
2286 4331 2449 4386 Grato
2465 4343 2519 4386 et
2536 4333 2820 4388 Genetltlio
2841 4331 3348 4401 Carthaginiensibus
3366 4331 3478 4398 epi-

1901 4402 2077 4469 scopis
2107 4403 2354 4458 conditos
2390 4412 2445 4457 et
2485 4407 2538 4458 ιιι
2584 4406 2800 4460 Latinas
2828 4419 2891 4457 ('0
2916 4406 3018 4458 lect
3041 4418 3173 4456 ones
3205 4403 3478 4456 traductos

1901 4475 2226 4544 recepimus.
2255 4474 2505 4544 Synotlus
2526 4475 2962 4544 Carthaginensis
2992 4475 3138 4529 Grati
3169 4489 3289 4528 cum
3319 4487 3482 4528 cano-

1900 4545 2056 4598 nibtts
2086 4543 2151 4598 14
2177 4543 2405 4612 primum
2432 4545 2574 4599 edita
2602 4546 2694 4600 fuit
2721 4562 2782 4599 cx
2813 4545 3129 4601 t'0llectione
3155 4543 3361 4612 lsidori,
3390 4545 3483 4614 qui

1901 4630 1969 4688 ex
1989 4615 2284 4688 llispauica
2288 4615 2434 4688 illam
2459 4619 2811 4686 trattscripsit.
2838 4616 3477 4688 Utrubiqueiuscribitur:

1904 4684 2190 4738 Concilium
2245 4685 2647 4754 Cartltagiueuse
2685 4684 2722 4743 i.
2782 4689 2910 4744 Dein
2956 4684 3082 4744 vero
3143 4690 3481 4744 emendatius

1906 4770 2092 4810 recusa
2125 4768 2206 4812 est
2235 4773 2263 4810 a
2293 4757 2351 4812 P.
2387 4759 2599 4814 Lablieo
2649 4775 2712 4816 ex
2773 4762 2956 4816 codice
3009 4761 3259 4815 Vaticano
3282 4756 3479 4826 ,cujus

1903 4828 2176 4901 exemplar
2199 4829 2456 4894 Holstenii
2481 4845 2637 4887 manu
2661 4833 2917 4901 scriptum
2946 4847 2975 4885 a
2999 4831 3058 4886 P.
3089 4831 3312 4887 Possino
3327 4846 3482 4886 acce-

1904 4899 1999 4968 pit.
2014 4897 2333 4974 Ferraudus
2347 4902 2399 4956 itt
2429 4897 2883 4959 Breviatione'ltos
2902 4919 3138 4974 canones
3160 4903 3270 4958 fere
3287 4902 3482 4974 allegat

1903 4986 2162 5046 expresso
2191 4973 2338 5046 Grati
2388 4976 2603 5028 nomine
2650 4977 2762 5028 sic:
2793 4975 2990 5028 Concil.
3015 4971 3257 5046 Carthag.
3289 4971 3475 5046 sult'S.

1906 5040 2087 5096 Grato.
2119 5045 2189 5098 At
2212 5045 2420 5098 duobus
2448 5048 2499 5098 in
2534 5046 2662 5099 locis
2683 5046 2831 5102 Grati
2854 5061 3048 5101 nomen
3072 5040 3291 5109 omitiit,
3321 5045 3368 5098 id
3400 5052 3483 5098 est

1903 5129 2052 5167 num.
2085 5115 2188 5170 119
2211 5115 2412 5170 ϐοῆειι.
2435 5114 2678 5183 Carthaq.
2709 5121 2786 5171 tit.
2806 5119 2856 5181 8,
2885 5130 2936 5172 et
2960 5134 3106 5172 num.
3133 5119 3259 5180 185,
3281 5114 3480 5169 Coucil.

1903 5185 2145 5256 Cat-that].
2183 5191 2261 5258 tit.
2311 5187 2367 5253 2,
2417 5188 2507 5258 qui
2536 5203 2771 5244 canones
2801 5191 2882 5243 ltis
2915 5189 3152 5244 numeris
3195 5187 3482 5256 designati,

1903 5273 2022 5312 cum
2049 5257 2287 5332 numeris
2313 5257 2578 5332 canonum
2607 5259 2771 5315 solus
2808 5262 2996 5332 synodi
3024 5264 3126 5332 sub
3151 5258 3315 5332 Grato
3346 5271 3485 5332 con-

1903 5340 2153 5391 currunt;
2188 5329 2291 5383 nisi
2319 5331 2437 5398 'quis
2464 5331 2600 5386 forte
2626 5333 2777 5386 ntalit
2821 5327 3048 5388 credere
3079 5330 3162 5384 his
3191 5328 3318 5382 locis
3339 5327 3484 5391 jntli-

1904 5403 2012 5454 cari
2059 5402 2218 5454 aliam
2254 5400 2516 5472 synodum
2557 5402 3029 5469 Carthaginiensem
3059 5415 3125 5472 ex
3157 5399 3484 5472 iisquade-

1903 5472 2229 5536 siderantttr,
2267 5469 2318 5526 iit
2341 5487 2443 5540 qua
2478 5474 2637 5528 iidem
2654 5489 2894 5528 canones
2918 5470 3130 5541 repetiti
3163 5469 3263 5541 sub
3291 5469 3481 5524 iisdem

179 4407 391 4461 nettsis
443 4418 477 4477 v_
543 4405 668 4477 anni
716 4403 842 4477 491,
891 4403 1329 4477 Carthaginensis
1378 4421 1439 4477 vi
1498 4409 1621 4460 anni
1665 4403 1792 4477 U9,

177 4477 441 4546 septimo
466 4473 719 4547 kalendas
745 4474 952 4540 lunias,
981 4473 1418 4547 Cartltaginensis
1462 4493 1530 4530 vu
1555 4473 1794 4547 ejusdem

180 4544 319 4603 an‘ni
349 4547 528 4602 tertio
553 4544 660 4599 kal.
691 4546 896 4610 Junias,
921 4555 975 4600 et
1002 4544 1299 4601 Milevitana
1324 4563 1445 4601 anni
1472 4544 1596 4602 402i.
1628 4550 1681 4602 lu
1715 4551 1796 4606 Itis

181 4636 323 4676 vero
368 4616 636 4673 nonnulla
685 4633 806 4688 qua
851 4627 1008 4674 erant
1053 4618 1450 4688 distinguenda,
1513 4634 1794 4689 perperam

175 4692 500 4761 conjuncta
525 4698 581 4743 et
596 4689 842 4755 confusa,
868 4689 1116 4761 quadam,
1135 4691 1330 4742 omissa
1360 4698 1413 4742 et
1441 4689 1612 4758 aliqua
1635 4695 1799 4746 etiam

175 4759 420 4818 aliunde
453 4759 676 4825 inserta,
701 4770 860 4830 atque
885 4760 1152 4815 Africanis
1169 4761 1344 4815 aflicta
1365 4761 1620 4828 deinceps
1651 4761 1796 4817 vide-

176 4834 399 4890 bimus.
450 4829 634 4900 Neque
684 4832 735 4886 id
762 4829 965 4886 auctori
1012 4831 1348 4886 collectionis
1379 4833 1701 4901 Hispanica,
1743 4844 1797 4889 et

177 4906 370 4963 multo
397 4903 588 4960 minus
607 4902 811 4958 Isidoro
842 4903 1179 4958 tribuendum
1215 4912 1316 4958 est.
1350 4903 1623 4959 Vetustior
1650 4906 1794 4960 enim

175 4980 536 5034 collectione
558 4973 838 5046 Hispanico
878 4974 975 5034 fuit
1016 4975 1134 5028 hac
1162 4972 1534 5030 Africanarum
1563 4977 1792 5046 synodo-

175 5066 309 5106 rum
345 5045 633 5104 collectio.
671 5045 724 5099 Id
754 5045 1097 5114 esploratum
1130 5048 1186 5099 lit
1226 5060 1290 5101 ex
1333 5047 1565 5100 concilio
1595 5045 1794 5102 ’Turo-

176 5123 345 5179 nensi
409 5134 449 5172 ιι
502 5117 626 5188 anni
676 5115 801 5178 567,
833 5117 977 5188 quod
1022 5116 1394 5173 collectionem
1448 5117 1789 5187 Hispanicam

176 5189 526 5249 antecessit.
573 5187 629 5242 ln
679 5188 781 5242 hoc
818 5188 1092 5258 siquidem
1145 5203 1266 5242 can.
1298 5188 1366 5243 20
1407 5190 1598 5258 legitur
1630 5209 1641 5243 ε
1669 5189 1794 5245 Cum

177 5263 434 5320 etiamid
466 5260 523 5313 in
551 5259 772 5332 antiquis
806 5257 1116 5313 Milevitanis
1141 5261 1418 5314 cauonibus
1450 5257 1600 5332 fuerit
1630 5270 1796 5316 statu-

179 5349 320 5392 tum.
361 5333 514 5387 Item
544 5331 732 5397 placuit
772 5337 825 5382 ut
854 5332 1156 5400 quicumque
1192 5334 1548 5402 episcOporum
1585 5335 1801 5386 necessi-

180 5418 290 5461 tate
313 5402 674 5474 periclitantis
717 5402 1296 5474 pudicitiarvirginalis,
1345 5405 1564 5474 cumrvel
1618 5406 1800 5472 petitor

178 5471 397 5549 poteris,
439 5471 526 5549 uel
540 5483 726 5549 raptor
753 5473 938 5549 aliquis
965 5473 1429 5549 formidaturtetc.
1461 5473 1599 5529 Sunt
1619 5471 1799 5549 verba

175 5540 718 5628 ca_nonis__§6,_qui
762 5546 812 5597 in
839 5540 1064 5628 laudata
1115 5544 1445 5628 collectione.
1473 5545 1799 5628 synodorntn
1907 5547 2143 5628 uulneris
2173 5555 2604 5627 recenserentur.
2653 5547 2726 5598 Ex
2761 5544 2861 5628 huc
2902 5540 3063 5628 grati
3083 5540 3286 5623 synodo
3304 5556 3482 5628 autin

176 5621 397 5676 Africa
431 5615 752 5671 Milevitano
778 5615 1006 5669 concilio
1037 5629 1316 5683 perperam
1362 5613 1632 5678 tribuitur,
1670 5631 1790 5672 cum
1891 5615 1960 5670 il
2014 5617 2218 5680 integer
2256 5615 2510 5670 recitatur
2560 5615 2611 5669 in
2644 5615 2872 5668 concilii
2905 5613 3160 5666 Bonifacti
3193 5613 3317 5666 anni
3345 5614 3471 5669 525.

177 5707 319 5750 vere
348 5692 430 5747 sit
459 5700 641 5743 canon
676 5685 888 5757 concilii
933 5686 1370 5757 Cartltaginensis
1415 5689 1538 5742 anni
1575 5689 1700 5751 M8,
1736 5698 1794 5743 ut
1896 5687 2027 5742 Cum
2055 5685 2114 5740 S.
2140 5688 2471 5755 Augustinus
2510 5687 2726 5757 ineunte
2741 5699 2884 5757 anuo
2907 5683 3044 5757 402,
3063 5684 3290 5757 epistola
3315 5684 3384 5742 65
3415 5687 3482 5742 ad

179 5763 405 5835 patebit
443 5774 521 5814 ex
549 5751 838 5835 dicendis§
865 5757 914 5811 7.
957 5751 1167 5835 iamdiu
1203 5773 1333 5830 ergo
1371 5769 1496 5835 ante
1516 5759 1791 5835 collectio-
1897 5751 2252 5835 Xantippum'
2276 5757 2475 5835 scribat
2519 5770 2670 5835 nutu.
2696 5756 2770 5809 ἃς
2814 5753 2919 5810 Sea:
2963 5751 3242 5835 episcOpis_
3267 5771 3480 5835 causam

181 5824 313 5892 item
351 5831 712 5899 Hispanicatn
759 5824 1035 5898 compacta
1085 5824 1370 5886 fuerat'ea
1420 5832 1788 5886 Africanarum
1892 5824 2170 5900 presbyteri
2198 5827 2468 5900 terminari
2483 5824 2699 5900 concilio
2727 5835 2974 5900 statutum
3004 5839 3099 5900 est,
3127 5826 3243 5882 voci
3265 5831 3484 5900 concilio

181 5894 558 5982 synodortim
571 5900 836 5982 collectio,
865 5894 986 5982 qua
1005 5903 1476 5982 canonesconcilii
1508 5903 1788 5972 tJartltagi-
1892 5894 2400 5982 ᾒςιιιρίιριςιιιοιιςιιι
2422 5894 2764 5982 ,Βςιιίξάἰεειιιξ
2795 5898 3029 5982 editores
3057 5899 3118 5982 iu
3131 5899 3382 5982 margine
3397 5900 3484 5982 af-

183 5967 387 6038 tt'etisis
420 5971 561 6032 anni
593 5971 697 6029 “8
730 5967 1046 6030 Milevitana
1088 5974 1297 6041 synodo
1333 5974 1532 6042 afﬁxit;
1565 5989 1628 6030 ac
1657 5967 1784 6042 pFo-
1895 5967 2125 6026 ﬁxerunt
2152 5986 2164 6024 :
2192 5967 2582 6036 Cartltagineusi
2608 5967 2699 6024 sub
2721 5968 2882 6028 Grato
2926 5989 3016 6030 an.
3057 5970 3185 6040 518,
3222 5981 3320 6025 seu
3349 5969 3477 6037 349.
