4014 6346
210 359 315 416 169

792 355 878 410 DE
915 355 1138 424 ANTIQ.
1180 354 1623 412 COLLECTION.
1666 354 1753 411 ET
1791 354 2218 413 COLLECTOR.
2260 355 2604 415 CANONUM.
2648 358 2824 417 PARS
2862 360 2927 415 Il.

3362 363 3466 421 170

209 476 302 553 qui
351 470 529 529 tamen
576 486 607 526 a
637 459 1033 553 praedecessore
1080 487 1177 529 suo
1222 480 1499 553 Agathone
1538 473 1789 553 destinati
1816 479 1867 535 Α
1897 488 2121 553 regnum
2165 473 2457 553 obtinuisse
2512 475 2788 541 probatur.
2844 473 2982 553 Fieri
3021 488 3149 544 ergo
3195 480 3366 546 potuit
3408 494 3466 536 ut

210 543 464 603 fuerant:
497 558 790 616 pronomen
828 545 968 597 nobis
999 558 1094 616 pro
1135 544 1429 616 apostolica
1464 545 1614 616 sede,
1641 546 1788 615 cujus
1894 545 2115 616 Gelasio
2148 543 2213 597 ad
2256 547 2616 609 pontiﬁcatum
2662 556 2853 600 eveeto
2896 543 3112 601 ineunte
3158 543 3297 603 anno
3336 550 3464 616 λίθοι,

212 616 497 673 ministerio
548 615 881 687 fungebatur,
924 614 1477 687 perspicuejsumpsit.
1512 613 1788 687 Utantem
1890 614 2149 669 Odoacris
2199 616 2449 678 ministri,
2499 617 2689 681 quibus
2738 616 2910 687 Roma
2952 617 3190 681 suberat,
3247 613 3463 687 aliquod

212 689 338 743 aliis
367 687 592 741 aliorum
632 684 943 754 pontilicum
990 684 1249 753 exemplis
1280 686 1494 739 omissis
1540 684 1605 737 ad
1632 684 1792 740 Gela-

213 760 355 814 sium
403 755 749 819 accedamus,
780 769 899 808 eum
943 754 987 808 is
1033 754 1083 809 in
1110 756 1335 824 epistola
1382 755 1447 809 ad
1490 754 1791 810 Orientales

212 832 416 885 inserta
438 841 557 895 cap.
586 827 646 880 Si
685 826 1011 880 collectionis
1036 824 1278 889 edendae,
1304 841 1449 879 num.
1468 825 1525 892 2,
1557 824 1793 879 aitzNec

212 900 360 969 apud
396 914 490 953 uos
528 895 688 951 Petro
725 896 999 969 ullatenus
1022 896 1254 950 absoluto
1286 936 1300 959 ,
1342 912 1489 963 quem
1528 896 1795 969 damnasse

214 966 315 1026 nos
350 969 687 1028 novimus;et
722 983 774 1020 n.
826 966 891 1020 12
924 984 936 1018 :
966 966 1259 1033 Queruntur
1304 985 1335 1021 Α
1366 982 1513 1021 NOBIS
1557 968 1797 1021 Acacium

214 1045 375 1111 fuisse
417 1040 717 1093 damnatum
765 1037 906 1111 (quas
927 1039 1025 1091 sub
1071 1037 1334 1111 Fclicelll
1382 1038 1792 1111 contigerant);

217 1107 532 1181 pronomina
586 1125 676 1181 nos
714 1116 769 1181 et
790 1108 932 1162 nobis
963 1122 1059 1181 pro
1100 1108 1392 1175 apostolica
1428 1119 1496 1181 ct
1527 1107 1796 1181 pontiﬁcia

211 1177 479 1253 dignitate
521 1178 1087 1253 certissime_accepit;
1136 1180 1495 1253 nequeenim
1534 1182 1670 1253 ipse,
1701 1177 1797 1253 sed

217 1248 375 1309 Felix
407 1251 471 1306 lll
503 1260 783 1320 utrumque
807 1249 1344 1320 damnaverat.Quod
1366 1250 1410 1302 si
1460 1251 1578 1318 quis
1608 1250 1707 1303 hac
1730 1248 1799 1304 de

212 1339 379 1379 causa
428 1319 777 1377 dubitandum
828 1328 977 1388 putet
1021 1336 1149 1373 num
1181 1319 1297 1375 haec
1335 1336 1545 1389 quoque
1574 1320 1798 1389 epistola

212 1393 414 1451 Gelasii
441 1394 531 1458 sit,
562 1392 706 1446 aliud
732 1392 1034 1461 exemplum
1062 1389 1241 1445 alferri
1276 1400 1448 1459 potest
1471 1406 1536 1445 ex
1562 1406 1801 1444 commo-

214 1465 415 1522 nitorio
440 1464 505 1517 ad
545 1462 830 1523 Faustum,
862 1462 1001 1531 quod
1036 1476 1158 1515 cum
1199 1462 1535 1517 decessorem
1565 1461 1800 1531 Felicem

212 1544 506 1602 memoret,
540 1533 735 1589 Gelasii
764 1547 884 1602 esse
915 1546 1071 1587 nemo
1100 1531 1343 1586 dubitare
1375 1539 1567 1598 potest.
1603 1531 1658 1585 lu
1699 1530 1803 1585 hoc

211 1623 346 1663 vero
381 1600 501 1676 cap.
534 1606 570 1660 ι
595 1605 784 1676 legitur
812 1620 826 1656 ε
856 1600 1001 1657 Illud
1040 1612 1208 1656 autem
1248 1603 1396 1676 nimis
1422 1612 1492 1656 est
1512 1604 1799 1676 impudens,
1820 1603 1838 1618 ‘

210 1677 355 1745 quod
368 1672 611 1730 Acacium
630 1675 823 1728 ueniam
835 1676 1118 1745 postulasse
1138 1674 1448 1743 confingunt,
1467 1683 1511 1727 et
1535 1688 1629 1745 stos
1646 1672 1804 1745 exsti-

215 1742 341 1805 tisse
372 1746 635 1817 difﬁciles;
663 1760 725 1799 ac
748 1742 873 1817 mox
890 1747 958 1798 de
988 1742 1348 1817 Androntaco,
1374 1760 1538 1817 quem
1566 1742 1715 1798 Felix
1748 1744 1802 1797 in

213 1814 810 1909 orien‘temtdirexerat,
826 1815 902 1909 ait
919 1833 930 1867 :
1009 1830 1156 1909 morus
1175 1814 1493 1909 abft‘tlddt‘tltft'
1523 1815 1801 1909 instructus
1828 1848 1877 1909 Β

213 1900 313 1955 est,
340 1899 396 1943 ut
431 1890 785 1941 cohortaretur
809 1888 1052 1940 Acacium
1088 1886 1317 1955 deposita
1358 1885 1692 1939 obstinatione
1720 1901 1801 1937 re-

211 1962 489 2028 sipiscere,
538 1968 642 2013 etc.
682 1957 789 2011 Has
834 1956 1081 2024 periodos
1135 1956 1527 2028 interpolationi
1560 1956 1802 2028 tribuere

218 2026 627 2086 imbecillimum
659 2037 760 2083 est.
794 2027 948 2081 Aliud
979 2026 1280 2092 exemplum
1311 2026 1638 2093 exploratius
1680 2041 1803 2094 pro-

214 2103 456 2158 feremus
487 2116 551 2154 ex
584 2098 690 2152 alio
722 2106 947 2152 tractatu
977 2113 1070 2152 seu
1100 2097 1321 2161 epistola
1355 2104 1419 2149 ad
1447 2096 1749 2151 Orientales
1770 2111 1802 2151 θ

214 2170 520 2229 Veronensi
548 2170 730 2225 codice
764 2170 928 2235 edita,
953 2184 1094 2237 quas,
1128 2167 1251 2221 licet
1293 2167 1489 2221 Gclasii
1523 2184 1714 2221 nomen
1749 2167 1801 2222 in

213 2260 329 2299 ms.
360 2242 630 2309 praeferat,
665 2239 829 2294 Felici
870 2249 1050 2294 tamen
1084 2240 1133 2292 in
1176 2238 1404 2307 vulgatis
1441 2238 1801 2292 Conciliorum

217 2314 455 2380 ascripta
478 2311 594 2367 fuit.
623 2313 677 2366 In
701 2327 811 2365 rem
832 2326 959 2365 vero
987 2319 1303 2379 presentem
1332 2309 1803 2363 animadvertenda

223 2395 354 2440 sunt
384 2385 493 2438 haec
518 2382 702 2449 verba,
728 2397 848 2450 qua:
876 2380 1222 2435 Orientalium
1248 2380 1599 2448 olijectionem
1629 2380 1807 2447 expri-

222 2465 383 2513 munt
406 2474 418 2508 :
444 2454 548 2509 Sed
567 2463 613 2508 et
638 2466 778 2516 tunc,
799 2454 983 2523 inquit,
1010 2452 1132 2523 (leg.
1167 2451 1355 2523 inquis)
1383 2451 1600 2523 Aeacius
1630 2465 1803 2523 rectus

222 2524 651 2590 communicabat,
687 2520 894 2593 quando
938 2520 1237 2593 Timotheus
1279 2520 1579 2593 limeticus,
1607 2520 1683 2593 uel
1713 2522 1807 2593 i_ste

219 2597 415 2653 Petrus
435 2597 526 2651 sub
551 2589 769 2666 tyranno
791 2593 1041 2666 Basilisco
1055 2591 1453 2666 Alemandrinam
1483 2590 1681 2666 tenebat
1704 2589 1808 2644 Ec-

219 2669 453 2723 clesium.
485 2661 791 2734 Respondet
818 2663 1058 2734 pontifex
1088 2680 1100 2715 :
1133 2661 1261 2717 Vere
1288 2664 1415 2716 dicis
1436 2704 1450 2727 ,
1493 2662 1582 2716 sed
1611 2663 1655 2715 is
1686 2671 1807 2734 tunc

217 2739 447 2794 Aeacius
468 2733 673 2792 minime
700 2733 1119 2799 communicabat,
1168 2742 1213 2788 et
1236 2736 1290 2787 in
1319 2750 1423 2788 ucx
1451 2733 1808 2787 communione

218 2812 466 2863 durabat.
506 2809 675 2863 Voces
705 2817 867 2861 tecum
893 2816 946 2861 et
976 2822 1087 2859 mea
1117 2820 1220 2859 non
1260 2804 1325 2857 ad
1356 2803 1640 2858 scribentis
1688 2818 1808 2873 per—

219 2896 414 2935 sonam
437 2923 452 2946 ,
498 2879 591 2933 sed
628 2878 695 2933 ad
721 2879 1065 2943 apostolicam
1094 2876 1276 2929 sedem
1301 2886 1355 2930 et
1377 2875 1699 2946 pontiﬁciam
1724 2875 1807 2928 di-

220 2953 484 3022 gnitatem
508 2949 845 3022 apertissime
871 2949 1192 3022 referuntur.
1224 2947 1351 3022 Sive
1371 2947 1512 3001 enim
1540 2945 1805 3022 Oelasius,

223 3015 343 3078 sive
373 3021 524 3078 Felix
561 3022 718 3088 hujus
750 3020 989 3088 epistola:
1018 3028 1202 3071 auctor
1228 3017 1477 3071 credatur
1499 3061 1512 3086 ,
1546 3015 1661 3071 haec
1692 3032 1810 3085 qua:

224 3094 297 3149 de
322 3091 606 3148 Timotheo
629 3090 836 3155 Alluro,
865 3105 926 3142 ac
948 3090 1103 3143 Petro
1127 3090 1313 3155 Mongo
1339 3097 1637 3151 narrantur,
1670 3088 1812 3141 Sitn-

224 3165 380 3235 plicii
410 3174 649 3232 tempora
683 3161 995 3235 respiciunt.
1044 3158 1193 3213 Felix
1240 3158 1487 3235 nimirum
1530 3158 1811 3235 Simplicio

1895 694 2217 754 praeceptum
2267 687 2383 752 ejus
2428 694 2699 754 urgerent,
2744 688 2827 741 cui
2860 685 2948 740 ille
2989 687 3275 744 obstiterit.
3310 685 3467 749 Forte

1893 756 2051 833 etiam
2089 757 2158 809 de
2193 765 2459 833 prmeepto
2479 770 2657 811 sermo
2695 765 2795 819 est,
2820 756 2962 833 quod
2990 774 3092 812 non
3125 764 3299 815 solum
3333 779 3466 833 pon-

1896 827 2095 901 tiﬁcem
2120 826 2598 901 ,_s_rd_Ro_manum
2638 826 2847 901 quoque
2889 831 3089 901 clerum
3134 826 3423 900 respiceret
3449 880 3465 901 ,

1895 898 2086 974 cuique
2112 896 2356 952 Gelasius
2380 898 2491 974 ipse
2513 906 2636 974 ante
2661 896 3020 967 pontiﬁcatum
3038 900 3177 955 inter
3198 896 3469 974 digniores

1896 969 2121 1025 clericos
2150 982 2336 1036 parere
2358 969 2611 1024 noluerit.

1970 1042 2022 1094 7.
2059 1038 2188 1092 Illud
2222 1054 2399 1106 porro.
2435 1040 2575 1107 quod
2606 1055 2767 1107 nuper
2792 1040 3082 1110 contigisse
3123 1045 3370 1110 traditur,
3397 1048 3467 1103 ita

1898 1125 2011 1164 rem
2033 1124 2153 1187 qua:
2191 1118 2315 1187 ante
2342 1110 2775 1187 anulisundecim
2800 1122 3084 1187 evenerat,
3112 1116 3347 1170 indicare
3378 1136 3466 1187 po-

1902 1181 2278 1256 I_est_;jsicut_in
2306 1181 2407 1256 alia
2430 1180 2625 1256 Gelasii
2647 1182 2871 1249 epistola
2896 1181 2962 1235 ad
2984 1183 3319 1256 Anastasium
3349 1180 3467 1256 cap.

1901 1250 1955 1318 7,
2000 1252 2089 1305 illa
2116 1251 2297 1323 verba,
2344 1249 2588 1323 Nestorio
2614 1268 2776 1321 nuper
2822 1256 3012 1322 ejecm.
3060 1253 3254 1310 factum
3294 1249 3470 1323 expri-

1900 1332 2052 1394 munt
2078 1321 2216 1390 quod
2241 1322 2515 1394 acciderat
2536 1335 2601 1375 an
2629 1338 2660 1377 e
2689 1321 2859 1375 annos
2888 1324 3179 1394 sexaginta.
3213 1328 3302 1382 l=la
3348 1321 3473 1384 rem

1901 1392 2152 1461 hodieque
2178 1393 2254 1463 (id
2272 1404 2363 1463 est
2378 1408 2517 1445 anno
2532 1394 2656 1461 495)
2682 1392 3083 1463 persecutoribus
3112 1399 3342 1453 resistere
3370 1418 3473 1456 non

1902 1465 2137 1539 omittunt
2162 1462 2307 1539 ,non
2337 1462 2404 1518 de
2434 1462 2719 1525 lluncrieo,
2752 1464 2845 1517 sed
2874 1464 2940 1517 de
2969 1466 3178 1539 Arianis
3207 1470 3472 1539 episcopis

1904 1534 2212 1602 accipienda
2242 1544 2383 1601 sunt,
2414 1550 2547 1603 quos
2580 1547 2960 1602 persecuturum
2988 1534 3345 1603 appellatione
3373 1534 3469 1596 de-

1902 1605 2173 1672 signatos,
2195 1613 2251 1659 et
2288 1606 2427 1673 apud
2460 1604 2891 1659 Guntamundum
2923 1614 3187 1672 potentes,
3219 1610 3475 1667 adversus

1902 1675 2196 1729 catholicos
2225 1676 2527 1747 episc0posﬂ
2547 1691 2612 1731 ex
2651 1675 2841 1747 exsilio
2868 1686 3143 1747 revocatos
3174 1679 3325 1747 plura
3356 1692 3472 1736 teu-

1904 1754 2049 1801 tasse
2076 1747 2319 1801 dubitare
2349 1762 2455 1801 non
2497 1746 2639 1801 licet.
2679 1746 2968 1815 Procopius
2992 1746 3206 1815 quidem
3238 1752 3303 1804 ile
3328 1752 3478 1808 Bello

1908 1816 2198 1871 Vandalico
2232 1832 2351 1885 cap.
2388 1818 2420 1872 8
2444 1862 2459 1886 ,
2494 1817 2914 1883 persecutionem
2956 1818 3055 1872 sub
3096 1818 3477 1879 Guntamundo

1904 1886 2043 1941 haud
2074 1889 2292 1962 omnino
2309 1888 2683 1962 conquievisse
2704 1888 2882 1962 tradit.
2908 1888 3045 1962 Nibl
3076 1904 3205 1959 ergo
3233 1906 3478 1962 superest

1906 1974 1971 2012 ex
2003 1973 2107 2027 quo
2139 1958 2255 2013 bmc
2298 1958 2459 2014 Gelas
2480 1975 2596 2013 ana:
2641 1959 2878 2026 epistola:
2918 1958 3315 2027 additamenta,
3342 1964 3478 2019 anti-

1903 2030 2176 2097 quissima:
2203 2030 2534 2084 collectionis
2565 2030 2837 2085 Avellauat
2874 2044 2936 2083 ac
2970 2030 3204 2086 Facundi
3238 2033 3481 2089 Hermiao

1907 2100 2087 2153 nensis
2130 2100 2446 2155 auctoritate
2488 2100 2704 2170 probata
2729 2142 2743 2165 ,
2776 2101 2827 2154 in
2857 2100 3240 2169 suppositionis
3277 2116 3369 2160 aut
3398 2107 3462 2161 itt-

1908 2171 2277 2238 terpolatiouis
2308 2172 2669 2241 suspicionem
2702 2181 2978 2226 vocentur.

1978 2242 2272 2313 8.Altitegra
2305 2240 2646 2313 hacepistola
2665 2241 3037 2313 adeardanos
3068 2243 3119 2296 in
3150 2254 3261 2299 tuto
3282 2248 3476 2313 posita,

1909 2310 2119 2366 facilius
2166 2310 2270 2366 erit
2305 2312 2372 2366 de
2410 2310 2627 2381 reliquis
2663 2312 2919 2379 judicium
2952 2328 3217 2381 promere.
3262 2310 3394 2371 Cum
3425 2310 3479 2373 in

1908 2384 2096 2437 eadem
2147 2382 2369 2451 cpistola
2401 2399 2517 2451 cap.
2555 2383 2621 2437 10
2655 2383 2899 2438 Gelasius
2948 2384 3209 2450 spondeat
3259 2385 3374 2441 fore
3423 2399 3481 2443 ut

1909 2453 2088 2507 eadem
2129 2453 2310 2517 latius,
2340 2456 2382 2507 si
2414 2453 2664 2507 Dominus
2703 2454 3001 2507 concesserit
3030 2454 3343 2523 facultatem,
3375 2467 3481 2512 stu-

1910 2524 2120 2578 deamus
2149 2540 2398 2594 exponere
2417 2542 2434 2584 ε
2456 2525 2770 2594 ampliorem
2801 2524 2867 2578 de
2893 2525 3077 2578 cadent
3102 2538 3268 2580 causa
3290 2539 3482 2583 traclav

1914 2602 2023 2648 tum
2057 2596 2355 2663 pollicetur.
2398 2595 2549 2649 llunc
2572 2604 2854 2648 tractatum
2890 2610 3009 2649 esse
3039 2598 3304 2652 credimus
3336 2599 3482 2655 illum

1911 2667 2002 2731 qtti
2032 2682 2152 2731 ειιιι.
2174 2666 2237 2720 51
2277 2666 2610 2719 collectionis
2647 2666 2768 2719 huic
2795 2676 2940 2718 tomo
2977 2666 3276 2722 inserenda:
3304 2673 3483 2724 statim

1984 2746 2035 2789 st
2071 2752 2188 2791 eam
2220 2737 2495 2805 epistolam
2539 2736 2837 2808 subjicitur.
2869 2736 3020 2808 Quod
3049 2738 3093 2791 si
3128 2755 3229 2792 non
3261 2742 3331 2793 ita
3363 2756 3483 2808 pro-

1937 2809 2053 2861 ixus
2079 2819 2159 2862 est
2183 2819 2239 2861 ιιι
2262 2824 2357 2861 \ox
2381 2809 2534 2861 latius
2565 2807 2868 2873 signiﬁcare
2889 2807 3117 2871 videtur,
3148 2807 3487 2867 animadver~

1914 2878 2132 2932 temlum
2176 2888 2259 2932 est
2307 2878 2619 2947 aceplialum
2667 2892 2825 2942 esse,
2871 2878 3010 2933 adeo
3050 2889 3106 2933 ut
3144 2881 3292 2947 plura
3338 2882 3488 2937 initio

1914 2949 2306 3003 desiderentur.
2333 2949 2490 3003 Forte
2511 2950 2670 3002 etiam
2694 2948 2934 3003 Gelasius
2961 2966 3082 3004 eum
3116 2966 3214 3005 nec
3238 2954 3483 3018 periei-it,

1917 3034 2013 3074 nec
2042 3020 2234 3083 edidit;
2267 3021 2358 3071 sed
2379 3031 2448 3091 _ut
2474 3022 2525 3073 in
2548 3018 2760 3073 schedis
2788 3021 2904 3091 ejus
2934 3021 3181 3074 iuventus
3212 3023 3327 3085 fuit,
3362 3041 3487 3091 ιιι-(ι⁴

1916 3091 2009 3144 diit
2044 3093 2093 3144 in
2140 3091 2331 3145 lucem.
2377 3089 2497 3143 Tria
2530 3092 2630 3143 alia
2675 3090 2929 3158 opuscula
2977 3092 3227 3159 acephala
3276 3089 3490 3148 Gelasio

1919 3162 2170 3228 inscripta
2205 3164 2254 3214 iu
2284 3161 2657 3215 vetustissimis
2686 3176 2815 3215 mss.
2846 3162 3242 3230 exemplaribus
3282 3175 3489 3230 reperta

226 3230 494 3291 'successit
511 3230 652 3287 anno
677 3231 801 3286 485.
842 3231 1125 3285 Basiliscus
1141 3241 1401 3296 occupato
1422 3230 1643 3297 imperio
1672 3244 1815 3284 anno
1841 3231 1888 3294 C
1920 3232 2085 3296 fuere,
2120 3248 2237 3298 qua:
2278 3234 2534 3301 majorem
2565 3232 2930 3287 dillicultatem
2972 3233 3260 3287 facessunt.
3307 3235 3360 3287 1⁸
3388 3236 3491 3289 To-

230 3307 378 3368 476,
406 3303 592 3360 eodem
620 3319 759 3357 anno
796 3301 1132 3356 Tim0theum
1188 3303 1241 3353 itt
1287 3300 1643 3355 Alexandrina
1686 3302 1812 3354 sede

232 3376 469 3439 locavit;
494 3375 761 3443 quipnlso
783 3373 1033 3427 Basilisco
1053 3387 1191 3425 anno
1218 3371 1343 3438 477,
1368 3371 1560 3424 exinde
1586 3371 1639 3424 in
1667 3371 1812 3425 exsi-

234 3448 376 3502 lium
407 3442 826 3519 [cttttxjejectus
854 3444 970 3519 fuit,
1006 3444 1308 3519 ibidemque
1341 3458 1545 3519 veneno
1588 3443 1809 3519 interiit.

229 3519 357 3574 Hoc
390 3512 605 3584 dejecto'
635 3515 821 3570 Petrus
852 3516 1071 3584 Mongus
1101 3512 1345 3568 eamdem
1375 3512 1555 3565 sedem
1587 3512 1810 3584 invasit;

228 3587 333 3645 sed
359 3587 403 3643 is
428 3582 636 3656 quoque
668 3586 825 3654 paulo
860 3582 1324 3656 post’exturbatus
1352 3584 1460 3656 fuit
1486 3584 1553 3635 ab
1584 3582 1813 3656 impera-

230 3669 361 3715 tore
404 3654 648 3720 Zeuoiie,
681 3657 1099 3726 Tiniotheusque
1133 3654 1500 3726 Sololaciolus
1528 3654 1813 3723 episcopus

228 3729 529 3786 catholicus
556 3728 833 3783 restitutus
859 3744 871 3779 :
904 3725 1099 3796 qua’de
1129 3742 1186 3779 re
1216 3725 1280 3778 ad
1319 3725 1648 3796 Simplicium
1678 3740 1813 3796 pou-

233 3803 437 3857 tilicem
472 3800 698 3854 Aeacius
744 3794 961 3867 scripsit
998 3812 1137 3867 anno
1179 3796 1302 3849 478.
1342 3795 1666 3867 Sololaciolo
1708 3794 1816 3849 vita

230 3874 427 3928 functo
460 3885 599 3925 anno
628 3870 729 3925 481
764 3865 1080 3938 subrogatus
1111 3866 1251 3938 fuita
1281 3868 1557 3920 catholicis
1586 3865 1818 3920 Joannes

229 3941 445 4011 Talaja.
474 3942 607 3996 Tum
653 3942 882 3995 Aeacius
926 3937 1048 3993 cum
1092 3937 1305 4011 Zenone
1351 3942 1596 4011 Augusto
1623 3938 1731 4005 egit
1763 3945 1820 3990 ut

230 4008 461 4071 Petiitm
508 4012 753 4081 Mongunt
800 4018 1129 4081 revocaret,
1156 4010 1478 4081 quodlnter
1522 4008 1817 4081 Romanam

232 4084 539 4142 Eeclesiam
579 4078 912 4137 et'Acacium
960 4080 1135 4150 magni
1166 4079 1370 4135 dissidii
1403 4079 1551 4149 origo
1584 4078 1699 4132 fuit.
1729 4079 1820 4133 llis

231 4154 535 4229 praemissis
575 4153 746 4229 palam
796 4153 853 4206 lit
883 4159 1333 4229 vocestecumet
1383 4166 1521 4229 mea,
1573 4150 1821 4203 nimirum

232 4220 502 4283 'Acaciutn
550 4220 641 4277 sub
695 4235 914 4293 tyranno
943 4220 1213 4283 Basilisco,
1258 4221 1310 4274 id
1334 4233 1415 4274 est
1457 4222 1595 4275 inter
1625 4236 1821 4273 annum

231 4296 351 4355 476
380 4306 435 4351 et
472 4294 597 4358 477,
622 4309 799 4349 rccuu
827 4295 1226 4347 communicasse
1246 4334 1259 4354 ,
1298 4301 1353 4345 et
1384 4293 1436 4345 in
1463 4308 1566 4345 una
1599 4305 1825 4343 commu-

234 4371 399 4423 nione
422 4368 657 4429 durasse,
688 4380 807 4435 qua:
836 4365 993 4435 unius
1018 4362 1451 4435 Simpliciitctati
1479 4363 1821 4427 conveniunt,

234 4438 447 4495 nedum
474 4437 539 4489 ad
565 4433 785 4499 Gelasii,
808 4434 901 4489 sed
927 4450 1023 4489 nec
1048 4435 1113 4489 ad
1145 4433 1337 4487 FeLcis
1366 4448 1645 4501 personam
1667 4446 1826 4501 posse

234 4509 464 4567 referri.
499 4506 650 4575 Quod
680 4507 726 4560 si
757 4505 1104 4560 nihilominus
1134 4505 1246 4557 haec
1280 4504 1502 4572 epistola
1550 4503 1826 4575 Simplicio

1923 3319 2043 3357 mus
2089 3303 2155 3357 de
2192 3304 2547 3357 anathematis
2590 3302 2834 3368 Vincula,
2875 3304 2962 3371 qui
2996 3304 3046 3354 in
3077 3305 3278 3359 edenda
3322 3307 3490 3360 colle-

1921 3376 2098 3428 ctione
2120 3374 2457 3427 exhibebitnr
2478 3389 2596 3441 cap.
2621 3374 2716 3436 47;
2748 3374 2806 3426 9.”
2823 3374 3095 3441 exemplar
3123 3376 3344 3429 rationis
3368 3379 3493 3430 red-

1921 3446 2110 3499 dendzc
2160 3445 2217 3497 Β.
2267 3444 2462 3498 Gclasii
2513 3459 2663 3512 papa:
2711 3444 2779 3497 de
2827 3442 3071 3497 evitanda
3107 3444 3496 3503 Comtnuniono

1922 3514 2102 3570 Acacii
2143 3515 2208 3568 ad
2248 3512 2546 3569 Orientales
2590 3513 2909 3580 cpiscoiios;
2964 3514 3101 3582 quod
3140 3531 3171 3568 c
3204 3516 3494 3571 Veronensi

1923 3586 2106 3640 codice
2134 3586 2335 3639 editum
2368 3584 2495 3648 fuit;
2534 3583 2589 3639 '5'
2622 3585 2973 3653 fragmentum
3011 3586 3223 3651 longum
3254 3586 3493 3653 ejusdem

1923 3656 2121 3712 Gelasii
2150 3673 2177 3709 a
2209 3656 2497 3710 Sirmondo
2540 3666 2749 3710 erutum
2790 3671 2819 3707 ιι
2869 3670 2969 3708 nis.
3020 3656 3356 3711 Virduneusi.
3390 3658 3497 3711 Το-

1922 3744 2064 3780 mtun
2112 3728 2177 3781 de
2228 3726 2583 3781 anathemati~
2630 3725 2846 3779 Vinculo
2912 3727 2962 3779 in
3016 3725 3234 3781 dubium
3282 3739 3499 3782 revocat

1922 3798 2296 3852 Tillemontins
2346 3808 2450 3851 art.
2500 3797 2532 3849 6
2572 3797 2624 3849 itt
2679 3798 2954 3865 Euphemii
2985 3796 3086 3850 ΟΡ.
3134 3798 3271 3852 Vita.
3305 3801 3495 3867 Negari

1921 3871 2134 3938 quidem
2160 3870 2341 3938 nequit
2369 3870 2491 3936 quin
2517 3868 2617 3921 hoc
2640 3872 2976 3935 opusculum,
2996 3879 3191 3937 prteter
3211 3882 3493 3936 atiruptum

1923 3941 2154 4001 initium,
2212 3939 2455 4009 qutcdam
2504 3938 2779 3992 contineat
2804 3954 2923 4003 qua:
2971 3955 3143 4006 neque
3187 3955 3307 3993 cum
3342 3941 3497 3994 titulo

1924 4011 1994 4065 de
2025 4011 2379 4065 anathematis
2406 4009 2651 4074 ViIICIllO,
2668 4024 2840 4077 neque
2871 4026 2991 4062 cum
3020 4010 3223 4076 reliqua
3253 4013 3502 4064 oratione

1925 4081 2197 4136 cohaerere
2228 4081 2495 4136 videntur.
2524 4084 2709 4148 Capite
2741 4080 2910 4145 primo
2941 4090 2994 4133 et
3032 4079 3138 4152 [et]
3169 4082 3404 4135 secundo
3434 4082 3503 4137 de

1932 4151 2167 4206 decretis
2216 4151 2744 4205 Clzalcedonensibus
2798 4162 3001 4219 agitur,
3035 4151 3154 4218 qua:
3195 4153 3275 4204 vel
3324 4155 3501 4207 omnia

1935 4224 2207 4291 probanda
2231 4263 2244 4287 ,
2272 4224 2355 4274 vel
2385 4222 2429 4274 si
2476 4238 2537 4276 ex
2575 4234 2724 4289 parte
2751 4222 3077 4288 repudianda
3111 4226 3247 4283 sint.
3298 4238 3360 4275 ex
3392 4232 3504 4276 toto

1936 4297 2083 4348 ﬁrma
2116 4310 2237 4348 esse
2282 4308 2386 4346 non
2415 4307 2569 4361 posse
2609 4292 2943 4345 dicizbaiitur.
2977 4292 3109 4345 Tum
3140 4294 3311 4361 capite
3343 4294 3505 4346 tertio

1933 4364 2000 4417 ad
2021 4368 2196 4419 thema
2224 4364 2289 4417 de
2314 4362 2878 4417 excommunicatioiiis
2901 4363 3107 4415 vinculo
3124 4364 3235 4415 sine
3250 4363 3359 4415 ullo
3378 4378 3505 4429 apto

1937 4450 2075 4490 nexu
2112 4446 2165 4488 et
2205 4436 2321 4489 sine
2352 4434 2541 4486 idonea
2584 4433 2977 4486 introductione
3006 4436 3280 4486 transitur.
3314 4433 3368 4487 ltt
3402 4436 3506 4488 ﬁne

1934 4515 2110 4560 autem
2147 4506 2279 4558 sexti
2304 4507 2492 4573 capitis
2524 4507 2680 4557 verba
2708 4504 2843 4572 quod
2871 4505 3014 4556 sedes
3043 4506 3505 4570 apostolica,‘etc.,

233 4579 416 4637 tribui
454 4573 659 4648 nequit,
690 4577 956 4648 cautique
989 4575 1291 4648 Averba_no_n
1318 4574 1386 4627 de
1408 4588 1634 4648 persona
1667 4573 1827 4642 hujus
1852 4576 1904 4637 1)
1930 4576 1997 4630 ad
2042 4585 2412 4648 argumentum
2463 4575 2617 4642 primi
2668 4586 2742 4648 et_
2764 4573 2983 4627 secundi
3035 4574 3225 4648 capitis
3256 4576 3504 4648 redeunt,

232 4651 334 4706 Vel
390 4645 859 4718 illius'pontiﬁcis,
911 4645 1107 4718 sedda
1127 4645 1653 4718 diguitate_omiiibus
1681 4658 1829 4698 com-

234 4723 399 4779 muni
432 4714 643 4789 sumpta
675 4714 1201 4789 fuisse‘manit‘estum
1244 4729 1347 4770 est.
1380 4714 1513 4769 Cum
1538 4729 1828 4789 porrojvox

232 4804 420 4847 tecum
443 4786 725 4844 hoc'sensu
753 4788 821 4841 ab
841 4786 1203 4842 Orientalibus
1230 4796 1478 4854 usurpata
1508 4792 1576 4839 sit
1606 4786 1657 4839 iit
1689 4786 1828 4839 litte-

231 4865 327 4919 ris
357 4862 462 4917 sub
505 4859 712 4920 Felice,
738 4859 825 4913 vel
872 4858 1087 4913 Gelasio
1113 4855 1362 4927 scriptis,
1396 4858 1543 4911 nihil.
1566 4859 1760 4909 mirum
1779 4856 1829 4910 si

230 4933 500 4991 Gelasius
523 4928 831 4985 eorumdem
864 4928 1216 4983 Orientalium
1244 4927 1467 4997 objectis
1499 4928 1828 4996 respondens

227 5004 418 5061 ssmili
443 5004 649 5057 ratione
680 4999 783 5055 sibi
812 5000 1067 5054 utendum
1113 4998 1362 5065 credidit,
1393 5008 1451 5052 ut
1472 5012 1631 5053 voces
1657 5012 1750 5050 nos
1773 5007 1830 5052 et

228 5092 364 5131 mea
394 5074 461 5129 de
482 5072 750 5143 pontiﬁcia
774 5072 1033 5140 dignitate
1062 5071 1116 5124 in
1148 5085 1335 5124 eorum
1375 5084 1591 5123 sensum
1623 5071 1831 5137 accipe-

226 5156 354 5204 ret.

325 5217 381 5272 6.
406 5212 539 5270 Cum
558 5211 754 5269 veroin
781 5211 1161 5268 additamentis
1174 5211 1413 5281 epistolm
1437 5212 1504 5264 ad
1535 5209 1831 5277 Dardanos,

226 5290 320 5345 de
330 5287 526 5359 quibus
537 5300 676 5359 nunc
690 5284 916 5352 agimus,
935 5284 1176 5338 Gelasius
1188 5281 1426 5359 quzcdam
1441 5290 1587 5359 gesta
1601 5298 1838 5359 comme-

226 5351 431 5417 xuoret
462 5351 915 5424 praedecessorum
946 5369 1164 5409 suorum
1196 5351 1422 5418 Leonis,
1466 5351 1627 5405 llilari
1647 5397 1660 5419 ,
1695 5355 1838 5424 Sim:

283 5430 401 5485 licii
460 5422 617 5497 atque
663 5424 857 5497 Felicis
908 5424 1121 5497 propria
1147 5438 1362 5497 ,voces
1407 5440 1498 5497 nos
1526 5439 1739 5497 quoque
1767 5422 1836 5476 ad

284 5448 401 5485 llClt
460 5448 617 5497 atque
663 5448 856 5480 rullus
909 5448 1121 5494 propria
1147 5464 1162 5488 ,
1202 5448 1362 5478 voces
1407 5448 1498 5476 nus
1542 5448 1739 5493 quoque
1767 5448 1834 5476 au

226 5448 514 5558 gdoacris
546 5508 755 5566 tempus
786 5495 966 5551 relata:
985 5535 1001 5560 ,
1030 5494 1421 5566 aliquidipsius
1442 5493 1834 5566 Gelasiipecu-

228 5575 386 5629 liare
420 5565 922 5623 videnturinnuere.
946 5566 1198 5633 Quamvis
1222 5565 1462 5620 Odoacer
1488 5574 1611 5619 ante
1632 5565 1831 5619 Gelasii

229 5640 624 5714 pontiﬁcatum
650 5635 1261 5714 Baveunmobsidionem
1289 5650 1474 5714 passus
1495 5634 1673 5701 fuerit,
1694 5650 1830 5689 non-

225 5707 383 5769 Ilum
426 5723 602 5763 tamen
647 5712 838 5769 victus,
871 5723 969 5762 nec
991 5722 1179 5763 omnes
1199 5710 1315 5776 ejus
1347 5707 1515 5774 copia:
1536 5714 1830 5775 superatae;

228 5797 363 5841 nec
405 5790 533 5834 ante
561 5780 951 5847 ejusmortem,
1000 5794 1118 5846 qua:
1168 5778 1351 5832 incidit
1380 5780 1430 5831 itt
1470 5792 1667 5831 annum
1706 5776 1833 5839 495,

228 5846 658 5919 Theodericum
688 5846 824 5901 intra
856 5849 1057 5902 Italiam
1088 5850 1299 5918 proprie
1329 5848 1522 5905 dictum
1549 5848 1837 5919 Romaeque

632 5946 894 6004 Panos.
942 5943 1077 6004 LVI

1933 4644 2240 4717 eaque’hoc
2281 4648 2399 4699 loco
2423 4658 2714 4717 perperam
2732 4644 2927 4717 inserta
2951 4654 3095 4698 sunt.
3113 4646 3249 4717 Quae
3278 4647 3418 4700 enim
3453 4650 3507 4700 in

1932 4715 2278 4787 sequentibus
2319 4716 2583 4787 capitibus
2608 4786 2611 4787 ν
2637 4715 3125 4787 διιιιῇοίιιηιιιτηειᾱ
3179 4720 3507 4783 prepositum

1932 4783 2386 4844 de'anathematis
2435 4785 2654 4838 Vineulo
2678 4790 2962 4853 pertinent.
2995 4783 3051 4838 Si
3100 4801 3225 4839 vero
3263 4790 3505 4841 animad-

1933 4869 2170 4913 vertatur
2232 4860 2331 4911 hoc
2377 4856 2686 4926 opusculum
2744 4858 3108 4925 imperfectum
3149 4872 3300 4917 esse.
3354 4858 3511 4913 facile

1934 4932 2037 4985 erit
2093 4929 2395 4995 intelligere
2451 4943 2546 4980 cur
2593 4928 2660 4980 de
2710 4928 2957 4980 omnibus
3013 4926 3150 4980 ratio
3176 4927 3351 4982 all‘erri
3404 4947 3510 4984 non

1938 5001 2123 5070 possit.
2150 4999 2426 5067 Coujicere
2454 4998 2857 5070 tamenglicebit.
2888 5000 3018 5070 cum
3039 4998 3089 5070 in
3122 5000 3512 5070 antiquissimis

1938 5068 2341 5126 collectionibus
2369 5080 2529 5136 atque
2553 5068 2831 5123 codicibus
2860 5068 2998 5135 quia
3026 5068 3226 5122 Gelasii
3257 5087 3370 5121 :nvo
3395 5085 3511 5122 mo-

1937 5142 2115 5197 dicum
2160 5143 2382 5204 di-tant,
2416 5141 2555 5191 idem
2583 5139 2900 5206 Opusculum
2932 5139 3052 5192 huic
3079 5139 3313 5207 pontiﬁci
3343 5140 3513 5192 ascri-

1937 5212 2111 5276 batur,
2159 5212 2438 5279 eidemque
2481 5219 2588 5279 tum
2639 5211 2908 5274 materies,
2956 5218 3065 5262 tum
3124 5208 3403 5262 sententiae
3449 5225 3515 5261 ac.

1939 5284 2110 5351 stylus
2154 5282 2504 5343 conveniam,
2551 5278 2701 5351 jure‘
2731 5279 2957 5351 dubitari
3018 5279 3202 5347 nequit
3251 5281 3378 5346 quin
3438 5296 3508 5332 ex

1936 5348 2153 5409 schedis
2200 5366 2318 5418 lelS
2365 5360 2631 5416 sumptum
2683 5348 2858 5404 fuerit.
2910 5348 3069 5403 Forte
3117 5362 3241 5401 veio
3287 5364 3406 5401 cum
3459 5354 3511 5403 in

1940 5424 2128 5478 iisdem
2159 5424 2372 5477 schedis
2398 5437 2504 5474 non
2527 5428 2672 5473 esset
2694 5422 3003 5485 perlectum,
3031 5418 3125 5472 sed
3152 5420 3320 5485 prima
3352 5434 3513 5473 manu

1938 5504 2203 5564 paratum,
2227 5501 2304 5555 et,
2333 5502 2391 5545 ut
2416 5492 2474 5544 ﬁt
2496 5493 2546 5543 in
2572 5490 2753 5564 primis
2778 5490 2993 5556 fetibus,
3021 5490 3222 5553 aliquot
3251 5493 3515 5556 separatis

1937 5563 2080 5619 foliis
2105 5565 2361 5632 scriptum
2383 5603 2396 5627 ,
2430 5577 2528 5616 nec
2565 5563 2784 5614 omnino
2823 5568 3155 5626 compactum
3198 5569 3358 5626 atque
3386 5575 3519 5614 con-

1939 5634 2471 5697 nexumrc‘ollector
2515 5646 2620 5685 non
2679 5644 2868 5683 omnes
2913 5640 3091 5695 partes
3149 5638 3336 5684 nactus
3394 5640 3515 5695 est,

1937 5721 2136 5775 easque
2194 5718 2327 5774 quas
2398 5702 2600 5756 invenit
2644 5700 2828 5775 minus
2874 5706 3011 5775 apte
3054 5700 3337 5775 disposuit.
3403 5702 3519 5756 Duo

1941 5770 2110 5845 prima
2141 5770 2309 5842 capiti
2342 5781 2562 5845 eatenus
2587 5770 2655 5845 ad
2687 5770 3058 5845 anathematis
3081 5770 3359 5845 Vinculum
3392 5787 3516 5839 per-

1942 5840 2115 5904 tinere
2145 5840 2400 5915 possunt,
2436 5843 2479 5897 si
2509 5840 2811 5894 Orientales
2838 5841 3152 5910 opposuisse
3186 5842 3476 5898 credantur
3501 5885 3513 5908 ,

3034 5932 3071 5990 6
