4014 6346
227 413 334 470 177

778 414 866 470 DE
904 414 1127 482 ANTIQ.
1168 407 1609 470 COLLECTION.
1654 413 1742 470 ET
1779 413 2203 472 COLLECTOR.
2245 415 2589 476 CANONUM.
2631 419 2807 476 PARS
2843 421 2908 478 11.

3387 423 3498 487 1⁸18

228 531 300 614 de
328 529 654 614 apoc’rypliis
698 529 948 594 Damaso,
988 539 1054 614 _ut
1079 531 1331 594 vidimus,
1364 530 1560 614 ascribi
1603 531 1808 614 nequit,
1837 532 1892 592 Α
1915 530 2337 614 Scripturasnnon
2351 538 2742 614 prtemiserunt.
2773 538 3196 614 Difficultasqua:
3210 542 3275 596 ad
3289 543 3497 614 abjudi-

228 604 313 676 ita
329 616 427 656 nec
443 601 848 676 Scripturarum
867 602 1156 671 catalogus,
1183 601 1482 676 neqnelimc
1504 601 1812 676 prazfatiun-

223 673 374 737 cula,
407 688 525 742 quae
568 683 680 725 tum
703 672 1012 740 'catalogum
1060 683 1168 726 tum
1210 672 1483 727 decretum
1517 674 1806 742 praesumit.

227 742 366 798 Hinc
408 758 569 808 porro
603 744 702 814 tria
743 754 1138 814 consequuntur
1171 744 1272 814 :t'
1318 745 1369 797 in
1397 760 1525 797 mss.
1561 744 1806 814 Additio-

228 831 360 869 num
403 813 644 885 Dionysii
676 812 1000 870 mutilum'et
1025 812 1390 879 imperfectum
1419 830 1540 870 esse
1569 813 1694 868 illud
1721 830 1808 868 ca-

228 897 327 956 put
351 901 457 956 quo
505 893 623 954 post
667 885 939 956 laudatum
973 887 1288 953 prowmium
1343 887 1615 954 catalngtts
1662 885 1807 940 Scri-

228 955 509 1027 pturarnrn
559 955 841 1025 subjicitur
891 957 1007 1011 sine
1057 957 1276 1010 decreto
1331 957 1398 1011 de
1447 957 1802 1027 apocryphis;

228 1018 291 1081 '2’
315 1018 560 1083 eumdem
586 1018 886 1096 caiaIOgiim
918 1027 1114 1082 ibidem
1132 1042 1251 1082 cum
1273 1042 1338 1083 eo
1365 1018 1630 1094 promittit;
1649 1018 1806 1082 addi-

230 1098 410 1154 titiam
435 1113 554 1153 esse
583 1098 921 1154 antecedenti
951 1097 1167 1153 decreto
1205 1097 1274 1154 de
1299 1099 1499 1168 Spiritu
1529 1110 1736 1159 sancto.
1765 1098 1809 1153 si

230 1169 340 1224 hoc
368 1169 434 1224 ad
465 1170 746 1240 llamasum
771 1170 1038 1240 pertinere
1060 1168 1390 1239 probabilius
1412 1169 1694 1234 credatur;
1726 1183 1813 1223 re-

227 1247 479 1311 ctiusque
516 1239 617 1294 hoc
665 1239 878 1294 unicum
916 1241 1190 1294 decretum
1230 1241 1457 1294 Damaso
1501 1240 1811 1309 inscriptum

225 1311 478 1366 exhiberi
500 1311 551 1364 in
579 1325 680 1365 ms.
714 1311 1024 1366 Florentino
1052 1311 1109 1365 8.
1136 1312 1290 1366 Marci
1315 1329 1330 1377 ;
1360 1311 1416 1366 3'
1438 1311 1734 1365 addititiam
1760 1312 1810 1366 in

227 1383 425 1437 iisdem
463 1381 736 1436 codicibus
757 1383 925 1436 multo
952 1383 1119 1450 magis
1146 1396 1288 1448 esse,
1319 1397 1381 1436 ac
1414 1383 1638 1436 Damaso
1685 1396 1811 1450 per-

225 1469 418 1523 peram
446 1452 753 1506 attributam
776 1467 892 1508 eam
919 1463 1121 1520 partem
1147 1455 1388 1522 catalogo
1414 1452 1807 1520 Scripturarum

224 1524 552 1588 subaexam,
570 1539 690 1593 qua:
709 1525 776 1578 de
807 1523 973 1578 tribus
996 1524 1274 1592 praecipuis
1303 1523 1520 1579 sedibus
1545 1523 1804 1589 Romana,

224 1594 598 1650 Alexandrina
652 1604 708 1649 et
745 1595 1103 1659 Antiochena,
1156 1596 1336 1662 paucis
1378 1593 1594 1648 disserit
1612 1594 1640 1663 ξε
1691 1607 1808 1647 eam

223 1666 495 1735 siquidem
543 1664 756 1721 Gelasio
804 1666 1102 1721 certissime
1146 1663 1481 1720 referendam
1513 1680 1634 1720 mox
1664 1663 1812 1720 vide-

223 1737 465 1865 b'liz‘f'iie
488 1809 703 1865 Gelasio
731 1808 908 1877 itaque
933 1815 990 1861 ut
1015 1814 1330 1868 statuamus,
1359 1806 1636 1861 decretum
1663 1805 1731 1877 de
1755 1805 1811 1860 li-

227 1853 354 1934 bris
390 1853 1810 1948 Ega“;'(ii;.;is;;'.§aaaiaisais;Egestas.
1839 1853 1887 1915 Β

226 1949 370 2017 bnit,
403 1947 506 2006 non
523 1958 699 2005 autem
724 1947 1024 2003 Hormisda:
1045 1963 1166 2003 esse
1183 1948 1550 2014 asserendum,
1568 1947 1813 2002 dubitare

222 2037 332 2075 non
367 2022 512 2078 licet.
544 2021 831 2090 Explorate
863 2021 1004 2074 enim
1043 2019 1326 2090 llormisda
1378 2019 1479 2073 hoc
1534 2020 1810 2074 decretum

221 2106 252 2144 a
313 2093 562 2148 Patribus
603 2089 716 2160 jam
739 2103 894 2146 antea
919 2089 1190 2145 conditum
1225 2091 1422 2144 indicat
1465 2091 1516 2144 in
1556 2093 1714 2158 ep‘st.
1740 2091 1809 2160 7Q

221 2162 291 2234 ad
338 2158 729 2218 Possessorem.
772 2162 1025 2216 Scribens
1081 2163 1222 2234 enim
1259 2161 1327 2216 de
1362 2162 1610 2234 operibus
1641 2158 1808 2234 [cun]

223 2233 409 2288 Fausti
450 2236 725 2306 Regensis,
765 2247 886 2306 qum
916 2235 967 2285 in
1002 2247 1068 2286 eo
1095 2232 1316 2286 decreto
1348 2232 1679 2301 rejiciuntur,
1714 2247 1807 2306 ne-

225 2320 328 2373 que
355 2306 498 2359 iitum
530 2301 703 2377 Vrecipi
744 2301 993 2368 affirmat,
1025 2319 1196 2377 neque
1242 2319 1562 2377 quemquam,
1596 2319 1724 2377 quos
1749 2301 1804 2377 in

230 2377 534 2430 auctoritate
563 2372 776 2430 Patrum
803 2391 906 2428 non
933 2373 1110 2442 recipit
1141 2389 1350 2427 examen
1371 2374 1636 2426 catholica:
1651 2372 1800 2440 ﬁdei:

228 2446 323 2499 ubi
345 2450 615 2502 auctoritas
647 2447 860 2500 Patrum
880 2445 1160 2500 decretum
1176 2445 1243 2498 de
1263 2444 1583 2514 apocrypliis
1606 2446 1798 2499 innuit.

221 2517 292 2570 Et
321 2528 438 2585 post
467 2518 723 2573 nonnulla
753 2518 890 2571 idem
926 2517 1196 2585 decretura
1240 2517 1474 2582 apertius
1507 2517 1801 2582 respiciens

220 2589 299 2642 ait
323 2584 345 2641 7:
380 2590 497 2644 Non
527 2589 807 2657 improvide
835 2585 1117 2657 veneranda
1142 2584 1359 2638 Patrum
1383 2585 1631 2657 sapientia
1657 2585 1802 2652 ﬁdeli

222 2662 468 2730 potestati
515 2655 627 2728 quit
671 2669 839 2714 essent
867 2655 1117 2730 catholica
1144 2658 1380 2728 dogmata
1409 2656 1637 2730 definiit;
1663 2668 1798 2710 certa

218 2727 467 2784 ﬁbrarum
496 2727 646 2786 etiam
671 2739 890 2784 ueterum
910 2729 964 2782 in
990 2727 1339 2782 auctoritatem
1356 2727 1645 2789 recipienda
1681 2743 1796 2782 san-

220 2811 307 2855 clo
335 2802 535 2872 Spiritu
560 2804 842 2856 instruente
869 2800 1157 2872 prae/ignis.
1189 2799 1281 2852 llis
1301 2800 1480 2872 utique
1520 2798 1795 2872 decretum

217 2887 330 2926 non
357 2869 456 2927 abs
476 2888 557 2938 se,
585 2872 680 2928 sed
710 2887 738 2926 a
768 2869 1256 2941 praedecessoribus
1284 2870 1396 2941 suis
1425 2871 1474 2923 in
1499 2869 1671 2938 aliqua
1697 2870 1804 2941 Pa-

217 2951 366 2998 trum
413 2944 624 3016 synodo
651 2939 996 3016 constitutum
1027 2942 1312 3016 significat.
1343 2940 1474 2994 Cum
1511 2956 1674 3016 porro
1696 2939 1804 3016 Da-

218 3030 376 3069 maso
397 3011 463 3069 ex
490 3016 650 3070 dictis
677 3014 840 3068 tribui
865 3024 1112 3082 nequeat,
1144 3013 1407 3080 reliquum
1439 3020 1523 3065 est
1550 3020 1606 3064 ut
1637 3011 1802 3066 Gela-

216 3086 305 3139 sio
329 3085 654 3148 vindicetur,
680 3085 763 3138 cui
798 3099 929 3139 sane
959 3086 1131 3154 ipsum
1159 3083 1429 3154 pleneque
1459 3082 1804 3154 collectiones

217 3165 275 3211 et
301 3156 518 3212 codices
539 3164 806 3212 asserunt.
838 3153 991 3208 llinc'
1014 3154 1185 3209 eidem
1209 3153 1421 3207 Gelasio
1447 3153 1804 3217 adjudiranda

1920 603 2148 676 candum
2164 620 2192 657 a
2211 603 2426 660 Gelasio
2448 608 2619 676 ipsum
2649 611 2923 665 decretum
2948 610 3016 666 de
3037 603 3185 668 libris
3202 603 3498 673 nonnullos

1919 674 2188 739 movebat,
2219 691 2285 749 ex
2310 674 2561 733 chronica
2597 683 2870 735 notatione
2900 681 3116 749 pendet,
3151 685 3400 741 nimirum
3425 700 3497 744 ex

1915 748 2196 826 consulatu
2222 747 2414 802 Asterii
2445 759 2602 826 atque
2630 749 2870 826 Prmsidii
2900 747 3023 826 anni
3060 754 3186 826 494,
3219 769 3324 824 quo
3354 773 3498 814 anno

1917 821 2244 896 posteriores
2262 827 2384 871 sunt
2403 821 2618 896 quidam
2639 823 2756 878 libri
2787 824 2838 878 in
2860 825 3050 879 eodem
3071 821 3290 880 decreto
3311 842 3499 884 recen-

1915 887 2024 939 siti.
2046 886 2190 942 Hanc
2221 897 2397 944 autem
2422 886 2764 948 consularem
2790 903 2970 950 notam
3003 909 3123 950 cum
3151 897 3202 950 in
3227 897 3367 951 nulla
3382 901 3498 955 col-

1917 955 2233 1038 le.(_‘t_i_one,_in
2256 960 2440 1038 codice
2461 963 2609 1016 nullo
2621 965 2964 1038 nactisimus,
2981 980 3260 1038 perperam
3282 969 3331 1020 at
3339 969 3494 1024 fixam

1921 1028 2051 1106 nihil
2083 1029 2431 1106 ambigimus;
2461 1047 2524 1106 ac
2569 1044 2850 1103 propterea
2895 1028 3016 1106 jure
3059 1028 3119 1092 Ρ.
3151 1037 3497 1097 Constantius

1924 1098 2088 1180 (teste
2120 1101 2177 1154 P.
2211 1101 2446 1180 blopinot
2472 1104 2522 1158 in
2546 1098 2768 1180 epistola
2794 1098 2935 1180 edita
2977 1123 3119 1162 anno
3148 1109 3310 1173 1724)
3340 1113 3498 1180 quiu-

1920 1176 1975 1222 to
2012 1169 2132 1225 loco
2164 1169 2493 1249 probandum
2515 1169 2630 1249 _sibi
2682 1179 3054 1249 proposuerat,
3081 1169 3492 1249 expungendum,

1919 1255 2034 1306 quae
2063 1249 2132 1293 tot
2162 1243 2406 1317 hactenus
2425 1246 2550 1298 rixis
2576 1243 2745 1299 locum
2769 1247 2928 1311 dedit,
2958 1243 3368 1317 chrono'logicam
3398 1243 3494 1304 no;

1921 1318 2047 1376 tam,
2080 1313 2587 1388 utpote__nuttasatis
2617 1317 2767 1388 ﬁrma
2795 1319 3097 1372 auctoritate
3123 1313 3316 1388 nixam,
3340 1322 3496 1376 immo

1921 1389 2105 1456 temere
2117 1399 2201 1456 ex,
2221 1385 2326 1456 alia
2357 1385 2546 1438 Gelasii
2571 1387 2785 1456 epistola
2814 1388 3096 1442 advectam.

1977 1453 2080 1533 .10:
2107 1451 2242 1533 Quid
2275 1470 2434 1533 porro
2461 1451 2756 1533 dicendum
2772 1459 2840 1512 sit
2871 1458 2939 1513 de
2968 1475 3097 1533 mss.
3127 1459 3278 1514 libris
3323 1462 3494 1517 colle-

1919 1523 2112 1576 ctionis
2148 1524 2468 1594 llispanicas,
2489 1528 2577 1594 qui
2603 1529 2701 1582 hoc
2728 1529 3001 1583 decretum
3031 1530 3324 1586 llormisda:
3349 1547 3494 1588 asse-

1919 1601 2063 1658 runt,
2094 1596 2276 1671 paucis
2308 1596 2684 1671 indicabimus.
2719 1599 2831 1654 lloc
2851 1600 3128 1655 decretum
3162 1617 3268 1656 non
3298 1603 3363 1657 ad
3387 1606 3494 1671 pri-

1919 1679 2142 1718 nizevam
2175 1667 2546 1723 collectionem
2577 1669 2934 1737 liispanicam,
2969 1673 3064 1726 sed
3096 1671 3161 1726 ad
3200 1667 3492 1730 auctiorem

1917 1744 1971 1788 et
2019 1737 2096 1812 ad_
2117 1740 2411 1812 posteriora
2459 1739 2698 1812 ejusdem
2741 1741 3099 1796 additamenta
3150 1745 3399 1812 pertinet,
3438 1755 3495 1801 ut

1917 1807 2166 1882 superius
2211 1810 2540 1882 monuimus.
2594 1809 2725 1865 Cum
2779 1827 2940 1880 porro
2994 1807 3200 1867 sincera
3232 1815 3339 1868 sint
3375 1807 3495 1882 tritta:

1919 1875 2042 1930 huic
2066 1877 2367 1933 collectioni
2409 1883 2633 1935 auctiori
2665 1875 2842 1936 addita
2876 1881 3046 1945 fuere,
3081 1885 3181 1937 lioc
3219 1875 3496 1941 decretum

1917 1946 2272 2021 Hispanorum
2304 1965 2464 2004 causa
2493 1953 2775 2021 repetitum
2808 1953 2970 2008 fuisse
2993 1954 3059 2008 ab
3090 1955 3391 2021 l-lormisda,
3441 1968 3497 2013 et

1917 2018 2282 2091 ingHispauias
2311 2018 2979 2091 missum—conjiciendum
3011 2025 3242 2082 videtur.
3276 2018 3412 2082 Hinc
3439 2030 3493 2082 in

1913 2089 2047 2143 solis
2075 2105 2205 2146 mss.
2234 2090 2382 2145 libris
2404 2089 2724 2166 iiispanicis,
2763 2095 2840 2148 vel
2871 2096 3055 2166 qniab
3083 2091 3384 2166 HiSpanicis
3403 2099 3496 2152 ali.

1913 2174 2015 2238 qua
2041 2171 2405 2238 sumpserunt,
2433 2163 2730 2238 Hormisdaa
2751 2181 2946 2238 nomen
2968 2165 3092 2221 huic
3122 2163 3338 2228 decreto
3359 2185 3492 2238 prae-

1915 2229 2112 2298 figitur.
2144 2231 2303 2306 Forte
2321 2236 2482 2306 etiam
2509 2234 2595 2289 hic
2616 2235 2851 2306 pontifex
2873 2237 3170 2305 catalogum
3195 2229 3495 2306 Scriptura-

1913 2315 2030 2354 rum
2046 2303 2322 2369 prmmisit,
2343 2305 2607 2372 siquidem
2622 2303 2682 2360 in
2708 2305 2992 2360 Gelasiano
3013 2303 3231 2364 decreto
3257 2303 3494 2366 defuisse

1911 2373 2179 2448 credatur.
2211 2374 2343 2448 Qum
2369 2389 2529 2448 porro
2548 2377 2666 2431 dua:
2681 2377 2875 2446 smpius
2898 2390 3204 2433 memorata:
3223 2383 3493 2448 particula:

1909 2443 1976 2516 de
1990 2444 2194 2516 synodo
2207 2443 2817 2516 ConstantinOpolitana,
2842 2459 2897 2502 et
2910 2448 2976 2502 de
2995 2450 3113 2503 aliis
3128 2443 3340 2505 Patrum
3359 2466 3490 2507 con-

1907 2514 2047 2569 ciliis
2077 2531 2180 2570 non
2211 2515 2455 2584 legantur
2477 2519 2526 2572 in
2556 2514 2795 2587 pluribus
2817 2535 2880 2574 ac
2905 2521 3287 2576 vetustioribus
3306 2524 3491 2579 diver-

1905 2598 2085 2639 sarum
2110 2587 2484 2642 rollectionum
2510 2605 2637 2644 mss.
2665 2591 2863 2644 decreti
2892 2588 3158 2645 Gelasiani
3190 2605 3340 2647 antea
3376 2594 3492 2649 lau-

1905 2655 2064 2721 datis,
2087 2657 2300 2712 easdem
2325 2661 2615 2724 particulas
2638 2660 2689 2715 in
2720 2661 3034 2728 quibusdam
3058 2662 3324 2718 inferioris
3349 2676 3491 2720 noue

1903 2729 2298 2802 exemplaribus
2315 2729 2598 2802 Gelasiano
2609 2731 2827 2787 decreto
2849 2733 3075 2788 insertas
3097 2746 3362 2802 putamus.
3388 2737 3490 2792 Ad~

1905 2797 2458 2873 ditamentum'lcun]
2481 2803 2692 2872 quidem
2711 2803 3034 2858 elucescitin
3052 2797 3152 2859 ms.
3181 2804 3300 2860 Vat.
3326 2807 3489 2868 3832.

1909 2869 2108 2944 Mentio
2133 2869 2892 2944 enim—Constantinopolitanze
2909 2876 3098 2944 synodi
3118 2876 3311 2932 ibidem
3336 2887 3489 2936 extra

1909 2943 2182 3013 proprium
2211 2942 2386 2996 locum
2413 2955 2531 3010 post
2549 2942 3044 3000 Chalcedonensem
3065 2946 3266 3002 intrnsa
3289 2949 3406 3013 fuit,
3426 2965 3488 3007 ac

1907 3026 2027 3086 mos
2059 3011 2158 3065 alia
2187 3015 2440 3079 particula
2471 3015 2648 3086 addita
2675 3015 2742 3069 de
2768 3017 2977 3070 caeteris
3007 3019 3246 3086 synodis,
3280 3021 3354 3073 uti
3389 3011 3487 3076 suo

1909 3081 2028 3135 loco
2049 3086 2445 3138 annotavimus.
2479 3085 2604 3138 llmc
2621 3100 2778 3152 porro
2793 3081 3156 3142 additamenta
3175 3081 3486 3145 in'llormis-

1907 3152 1989 3206 die
2019 3151 2239 3208 decreto
2265 3168 2363 3208 suo
2391 3157 2507 3209 loco
2533 3151 2655 3224 apte
2685 3155 2967 3221 collocata,
2996 3159 3242 3212 eumdem
3276 3159 3487 3224 pontifi-

218 3237 308 3300 est
335 3230 497 3300 etiam
532 3227 973 3300 commemoratio
1003 3226 1070 3300 de
1102 3225 1384 3300 prmcipttis
1413 3224 1650 3292 sedibus,
1686 3239 1805 3294 qua
1832 3222 1880 3287 C
1909 3238 2026 3300 cem
2045 3224 2284 3278 fortassis
2307 3222 2826 3300 habentauctorem;
2850 3241 2914 3281 ac
2929 3242 2993 3281 ex
3012 3227 3126 3297 ejus
3139 3222 3487 3300 decretoqui~

221 3297 388 3353 initio
411 3299 612 3353 decreti
633 3298 700 3352 de
742 3297 886 3351 libris
915 3297 1058 3352 brevi
1088 3295 1481 3366 perstringitur.

303 3369 360 3423 9.
385 3368 567 3424 Solum
589 3367 776 3438 ambigi
796 3375 969 3436 potest
991 3364 1118 3422 num
1147 3368 1380 3423 secunda
1405 3365 1567 3438 hujus
1590 3364 1802 3438 decreti

224 3437 425 3502 forma,
453 3455 570 3510 quas
600 3435 888 3509 catalogum
935 3438 1334 3510 Scripturarum
1385 3435 1687 3510 praemittit,
1730 3450 1799 3510 an

226 3525 361 3565 vero
390 3505 543 3565 teriia
571 3505 796 3574 tantum,
827 3525 946 3580 qum
973 3505 1164 3564 eodem
1191 3508 1434 3580 catalogo
1455 3515 1623 3580 caret,
1649 3505 1806 3580 Gela-

215 3582 305 3635 sio
335 3581 647 3636 ascribenda
675 3583 761 3635 sit.
795 3576 1126 3635 Vetustiores
1145 3579 1357 3643 quidem
1380 3576 1593 3632 codices
1613 3585 1667 3630 et
1693 3577 1804 3631 col-

219 3651 484 3708 lectiones
517 3653 652 3706 hanc
681 3653 893 3706 tertiam
922 3650 1229 3721 praeferunt.
1254 3649 1395 3703 Inter
1417 3650 1509 3701 bas
1530 3647 1803 3721 collectio-

216 3723 303 3777 nis
346 3718 1094 3789 Lucano-Colbertinae'origo
1119 3737 1146 3775 a
1183 3721 1398 3776 Gelasio
1437 3735 1541 3773 non
1575 3718 1800 3773 multum

215 3795 402 3848 distat.
455 3793 712 3849 Collectio
753 3792 1096 3848 Additionum
1149 3792 1407 3862 Dionysii,
1441 3806 1560 3860 qua:
1595 3789 1804 3862 Asmcuulo

217 3878 312 3919 vnt
363 3877 641 3935 compacta
689 3864 803 3926 fuit,
851 3878 936 3935 ex,
965 3860 1804 3935 antiquioribuscollectionibus

210 3930 706 3990 dimanathodex
755 3935 874 3989 Vat.
918 3930 1227 3989 Palat-£95
1253 3933 1472 4000 originis
1514 3930 1803 3985 Gallicana:

208 4021 478 4060 summam
520 4005 890 4075 antiquitatem
923 4003 1221 4074 przesefert.
1257 4005 1374 4071 Ipse
1413 4003 1646 4075 Isidorus
1667 4001 1803 4075 Mer-

209 4086 384 4141 cator,
418 4079 505 4147 qui
555 4072 774 4132 ineunte
816 4072 1013 4130 saeculo
1039 4091 1093 4129 tx
1144 4089 1294 4128 suam
1323 4073 1690 4147 collectionem

207 4149 404 4215 gessit,
432 4142 538 4202 non
568 4148 710 4201 aliud
751 4147 947 4202 Gelasii
977 4147 1280 4215 exemplum
1307 4143 1523 4212 reperit.
1555 4142 1688 4215 Cum
1718 4143 1800 4197 liis

209 4214 490 4274 codicibus
517 4230 570 4272 et
599 4217 1006 4274 collectionibus
1035 4214 1381 4284 comparandi
1413 4231 1515 4268 non
1546 4214 1799 4269 videntur

206 4287 287 4344 illi
321 4291 411 4358 qui
454 4291 742 4345 secundam
771 4289 971 4343 decreti
1001 4287 1249 4350 formam,
1283 4287 1332 4340 id
1376 4295 1457 4340 est
1495 4284 1799 4358 Scriptura-

207 4356 517 4414 rum—etiam
550 4361 848 4425 catalogum
878 4359 1096 4413 Gelasio
1128 4359 1425 4412 inscribunt
1456 4373 1469 4408 :
1496 4356 1633 4409 inter
1662 4370 1799 4424 quos

208 4445 352 4501 unus
383 4431 591 4501 collegii
631 4430 942 4486 Parisiensis
972 4430 1039 4483 ab
1067 4428 1340 4501 Harduino
1378 4427 1624 4501 laudatus
1644 4435 1795 4501 utom.

207 4499 250 4554 V
283 4495 647 4566 Concil.,'col.
678 4504 804 4564 585,
845 4502 972 4555 dum
1011 4501 1147 4554 lianc
1177 4499 1500 4568 epigraplicn
1533 4495 1752 4550 exhibet
1779 4512 1795 4550 :

209 4572 418 4626 Notitia
448 4589 733 4648 sacrarum
752 4573 1158 4648 Scripturarum,
1186 4567 1286 4648 seu:
1318 4567 1795 4648 librorumcanoni-
1822 4588 1875 4648 υ

208 4660 393 4696 corum
425 4661 541 4696 cum
571 4639 908 4712 descriptione
939 4641 1013 4695 vel
1055 4641 1384 4694 annotatione
1413 4639 1794 4712 Gelasiipapw,

205 4715 385 4767 solam
416 4709 797 4768 annotatiouem
838 4714 1134 4782 (decretum
1177 4712 1243 4764 de
1276 4711 1428 4782 libris
1467 4709 1796 4782 intelligit)_a

205 4785 426 4838 Gelasio
457 4787 706 4852 scriptam
728 4780 1031 4854 significare
1057 4783 1282 4836 videtur.
1319 4781 1429 4854 Alia
1453 4793 1665 4854 quoque
1679 4780 1794 4831 col-

207 4855 372 4910 lectio
423 4852 1023 4918 Additionunflsidori,
1065 4869 1186 4923 qua:
1218 4853 1516 4919 catalogum
1552 4852 1795 4923 Scriptu-

206 4941 390 5000 rarum
413 4927 965 5000 Gelasioinscriptum
1009 4919 1318 5000 praeferunt,
1347 4923 1488 5000 hunc
1517 4919 1792 5000 abeodem

205 4997 532 5066 quibusdam
564 4997 774 5050 indiciis
800 4992 1128 5065 abjudtcant.
1154 4993 1321 5063 Hujus
1336 4994 1486 5066 enim
1515 4992 1794 5066 collectio-

208 5061 294 5121 nis
323 5069 539 5122 codices
572 5078 688 5136 post
720 5061 1045 5135 descriptum
1091 5080 1199 5118 uno
1228 5061 1460 5136 capitulo
1492 5061 1790 5136 catalogum

207 5132 612 5208 Scripturarum
642 5153 764 5192 cum
796 5132 982 5207 tituloj,
1021 5135 1164 5208 Ordo
1197 5137 1372 5208 veteris
1413 5132 1788 5208 Testamenti...

207 5205 437 5279 digestus
478 5228 508 5262 a
537 5208 743 5262 Gelasio
787 5224 920 5278 papa
951 5205 1063 5279 cum
1109 5206 1178 5279 7t)
1206 5205 1638 5279 episcopisknon
1685 5211 1795 5256 sta-

209 5273 302 5333 tim
335 5281 529 5334 eodem
563 5273 796 5344 capitulo
817 5273 1106 5348 subjiciunt
1127 5273 1398 5348 decretum
1421 5273 1648 5348 delibris
1669 5287 1790 5328 cum

208 5351 384 5417 initio,
417 5353 560 5420 quod
584 5342 1236 5417 prtemi'sSum'catalogum
1258 5346 1476 5414 reSpicit
1499 5362 1511 5398 :
1540 5342 1792 5420 Pastum

209 5415 384 5492 curtas
422 5415 766 5492 propheticas,
816 5430 863 5473 et
912 5415 1449 5492 evangelicasgatque
1487 5415 1793 5492 apostolicus

211 5487 537 5556 Scriptiiras,
572 5491 645 5545 uti
676 5491 899 5545 habetur
929 5490 980 5543 in
1014 5490 1222 5543 caneris
1249 5489 1401 5542 libris
1432 5487 1521 5556 qui
1552 5500 1612 5538 ex
1647 5494 1792 5538 utra-

211 5579 313 5634 que
343 5575 496 5630 parte
518 5578 678 5616 unum
711 5563 982 5615 decretum
1014 5560 1334 5634 conficiunt}
1366 5560 1464 5634 sed
1492 5558 1543 5609 in
1574 5556 1682 5634 alio
1702 5568 1792 5609 ca-

208 5627 381 5702 pitulo
423 5636 563 5686 lianc
593 5634 917 5702 epigraplten
951 5631 1249 5702 praefigunt.
1296 5627 1792 5702 Incipiuntdecreta

213 5697 404 5758 Celasii
434 5719 603 5771 papae.
632 5697 907 5755 Decretum
935 5697 1049 5754 cum
1073 5697 1141 5755 7O
1169 5697 1421 5769 episcopis
1444 5697 1682 5771 _habitum
1717 5697 1790 5771 _de

211 5766 524 5844 apocryphis
549 5773 840 5844 scripturis,
857 5773 944 5844 cui
957 5772 1058 5844 ltoc
1081 5766 1284 5844 initium
1305 5766 1384 5825 est
1401 5788 1413 5821 :
1429 5768 1561 5844 Post
1579 5766 1789 5844 prophe-

210 5839 339 5900 ticus
361 5839 418 5896 et
437 5843 775 5912 evangelicas,
798 5854 900 5897 etc.
927 5842 1151 5896 Notetur
1180 5842 1395 5895 verbum
1422 5839 1704 5912 Incipiunt,
1733 5847 1790 5892 et

210 5913 423 5977 initium
435 5909 923 5977 Post'propheticas.
937 5915 1011 5969 uti
1029 5915 1080 5968 in
1096 5912 1354 5974 exemplis
1369 5927 1487 5975 qum
1499 5909 1786 5966 canonicas

1910 3295 2032 3368 dam
2053 3304 2234 3368 postea
2255 3296 2440 3368 eadem
2462 3296 2708 3368 adjecere
2721 3299 2801 3368 vel
2817 3308 2972 3368 extra
2995 3295 3267 3367 proprium
3287 3295 3484 3368 locum,

1909 3365 1992 3420 vel
2012 3379 2109 3418 suo
2126 3367 2243 3419 loco
2266 3365 2316 3419 in
2341 3367 2693 3421 exscribendo
2713 3367 2931 3424 decreto
2947 3365 3162 3424 Gelasii.
3188 3371 3317 3427 Cum
3342 3365 3486 3428 scilié

1909 3444 1998 3510 cet
2013 3436 2289 3510 Hormisda
2306 3437 2554 3510 pont_itice
2573 3453 2671 3504 pax
2684 3453 2803 3492 cum
2818 3439 3485 3510 Orientalibuscomposita

1912 3506 2125 3580 fuisset,
2134 3506 2190 3580 _hi
2211 3505 3042 3580 autemConstantinOpolitanarn
3060 3505 3325 3580 synodum
3347 3513 3486 3568 inter

1910 3577 2179 3647 generalia
2209 3577 2435 3631 concilia
2484 3577 2845 3632 referrent’in
2893 3577 3312 3646 professionibus
3360 3581 3483 3638 fidei

1908 3661 2042 3717 quas
2072 3647 2135 3701 ad
2167 3649 2414 3702 eumdem
2446 3648 2782 3718 Hormisdam
2827 3649 3094 3713 direxere,
3139 3659 3197 3705 ut
3242 3663 3387 3718 patet
3414 3669 3484 3709 ex

1909 3718 2172 3790 relatione
2190 3719 2472 3790 Epiphanii
2499 3719 2734 3788 episcOpi
2756 3717 2860 3774 (ΖΡ.
2887 3730 3014 3773 ιοηι.
3051 3719 3089 3773 γ
3110 3717 3339 3789 Concil.,
3369 3723 3478 3778 col.

1908 3790 2040 3862 6'66;
2083 3788 2386 3862 forteidem
2419 3791 2656 3862 pontifex
2693 3805 2810 3844 eam
2839 3789 3099 3862 synodum
3129 3788 3385 3862 quantum
3411 3793 3482 3848 ad

1905 3860 2215 3934 symbolum
2256 3871 2414 3934 atque
2457 3860 2989 3934 definitionemntidei
3041 3860 3181 3934 inter
3208 3864 3480 3934 generalia

1905 3930 2345 4004 primusadjecit,
2379 3947 2442 3986 ac
2470 3931 2663 3987 exinde
2693 3930 2793 4004 sub
2816 3930 3029 4000 Vigilio,
3069 3930 3285 4004 Pelagio
3317 3945 3481 4003 atque

1904 4001 2420 4073 Gregoriorqnatuor
2445 4003 2894 4073 (acumenicarum
2925 4001 3250 4073 synodorufn
3277 4001 3481 4062 mentio

1903 4071 2044 4145 apud
2076 4071 2292 4127 Latinos
2331 4071 2503 4145 audiri
2536 4074 2724 4145 cmpit.
2748 4071 3043 4145 Quantum
3059 4073 3137 4145 ad
3179 4075 3479 4145 symbolum

1904 4141 2135 4196 diximus
2165 4151 2323 4211 atque
2347 4143 2708 4198 definitionem
2739 4143 2861 4197 fidei
2885 4159 2986 4209 qua
3019 4141 3352 4200 Macedonius
3371 4146 3480 4202 lue-

1903 4213 2092 4284 reticus
2117 4214 2336 4267 debitam
2363 4215 2737 4268 damnationem
2779 4215 3000 4284 accepit,
3048 4214 3098 4268 id
3139 4219 3280 4271 enim
3312 4233 3476 4273 unum

1905 4281 1957 4356 in
1985 4283 2350 4356 additamento
2375 4285 2578 4356 decreti
2610 4281 2996 4356 praefertur,ut
3028 4300 3094 4340 ne
3121 4301 3257 4356 opus
3278 4288 3349 4343 sit
3376 4289 3478 4345 hoc

1903 4352 2044 4425 idem
2077 4353 2365 4409 transferre
2412 4355 2477 4409 ad
2519 4352 2753 4410 canones
2792 4355 3030 4423 ejusdem
3080 4352 3290 4425 synodi.
3343 4373 3478 4425 quos

1903 4424 2141 4478 nondum
2169 4440 2268 4480 suo
2293 4441 2406 4480 (ενο
2431 4441 2459 4478 a
2479 4426 2716 4479 Romana
2738 4425 2976 4479 Ecclesia
2999 4424 3243 4493 receptos
3267 4427 3326 4483 8.
3348 4424 3480 4486 (ire-

1900 4495 2082 4564 gorius
2111 4504 2335 4550 testatur
2363 4496 2453 4551 lib.
2481 4512 2572 4558 vu,
2601 4497 2757 4564 epist.
2782 4494 3093 4566 5LAConfer
3112 4513 3231 4566 qua:
3260 4500 3478 4563 scripsi-

1902 4581 2020 4618 mus
2047 4580 2167 4634 cap.
2203 4567 2254 4630 1,
2281 4566 2306 4634 §
2330 4566 2385 4618 2.
2435 4566 2699 4632 Quantum
2731 4564 2795 4618 ad
2839 4564 3065 4619 alterum
3095 4564 3225 4621 vero
3269 4570 3473 4626 addita-

1903 4646 2161 4702 mentum,
2189 4636 2295 4692 Sed
2323 4638 2441 4690 etsi
2477 4654 2579 4705 qua
2620 4645 2737 4689 sunt
2773 4635 2988 4688 concilia
3029 4653 3060 4688 a
3093 4636 3200 4693 SS.
3236 4638 3476 4697 Patribus

1898 4706 2142 4761 hactenus
2163 4707 2414 4770 instituta,
2437 4717 2568 4771 etc.,
2603 4705 2994 4776 observandum
3021 4716 3104 4762 est
3131 4709 3328 4764 nullam
3356 4727 3472 4766 cer-

1899 4787 2008 4832 tam
2031 4793 2091 4831 ac
2112 4778 2430 4848 peculiarem
2460 4777 2722 4848 synodum
2752 4777 2900 4846 quasi
2927 4777 2979 4831 in
2996 4777 3193 4848 codice
3208 4795 3472 4837 canonum

1897 4862 1926 4900 a
1960 4848 2195 4901 Romana
2227 4847 2457 4903 Ecclesia
2490 4847 2757 4913 receptam
2788 4848 2870 4902 his
2893 4847 3070 4902 verbis
3099 4848 3345 4917 indicari,
3378 4854 3471 4908 sed

1896 4919 2259 4989 conditionate
2285 4929 2339 4973 et
2360 4919 2579 4974 confuse
2599 4918 2882 4987 approbari
2904 4918 3149 4984 concilia,
3173 4922 3216 4974 si
3234 4938 3334 4989 qua
3355 4931 3470 4977 sunt

1896 5005 1928 5041 a
1953 4989 2140 5042 sanctis
2168 4987 2404 5044 Patribus
2430 4991 2685 5044 instituta.
2710 4989 2764 5042 Id
2796 4989 2933 5060 forte
2965 4989 3016 5044 in
3035 4987 3258 5060 gratiam
3284 4992 3469 5060 Hispa-

1896 5075 2086 5131 norum
2115 5060 2182 5114 ab
2214 5060 2492 5131 Hormisda
2520 5061 2756 5114 additum
2783 5059 2905 5127 fuit,
2935 5075 3004 5115 ne
3034 5059 3312 5131 Hispanico
3344 5059 3493 5117 con-.

1895 5130 2037 5200 cilia,
2069 5139 2160 5184 aut
2192 5130 2460 5192 Africana.
2511 5139 2602 5186 aut
2629 5131 2752 5195 alia,
2785 5145 2903 5197 qua:
2945 5130 3084 5199 apud
3131 5130 3278 5200 ipsos
3308 5133 3471 5188 robur

1897 5199 2183 5260 habebant,
2220 5201 2509 5269 reprobare
2538 5202 2826 5256 videretur.
2862 5201 3011 5255 Licet
3035 5199 3210 5256 autem
3242 5201 3340 5255 hoc
3372 5204 3469 5255 de-

1895 5281 2124 5331 cretum.
2161 5280 2216 5324 ut
2246 5271 2396 5324 initio
2426 5273 2747 5336 monuimus,
2782 5271 2834 5325 in
2864 5273 3114 5340 primazva
3151 5272 3470 5328 collectione

1897 5341 2180 5408 Hispanica
2214 5355 2318 5394 non
2363 5341 2542 5408 fuerit,
2589 5341 2857 5396 exsﬁtisse
2907 5352 3082 5396 tamen
3125 5341 3241 5408 ejus
3281 5356 3468 5395 exem-

1898 5413 2065 5481 plaria
2108 5411 2245 5482 apud
2292 5413 2506 5466 eosdem
2550 5412 2831 5480 Hispanos,
2883 5427 3002 5466 cum
3056 5411 3167 5463 hare
3215 5411 3467 5482 priinawa

1897 5483 2142 5536 collectio
2183 5482 2397 5537 condita
2445 5484 2560 5547 fuit,
2610 5483 2862 5550 colligere
2911 5483 3036 5534 licet
3063 5496 3125 5533 ex
3160 5481 3468 5545 prmiationc

1893 5569 2052 5620 quam
2094 5562 2282 5606 auctor
2327 5552 2569 5623 ejusdem
2617 5552 2966 5623 collectionisg
3002 5550 3249 5619 praefixit,
3295 5567 3356 5606 ac
3406 5555 3465 5609 S.

1893 5623 2129 5678 Isidorus
2177 5621 2506 5693 HiSpalensis
2549 5624 2601 5678 in
2653 5623 2798 5676 libris
2828 5621 3102 5686 Originum
3154 5623 3263 5676 fere
3301 5631 3468 5680 totam

1892 5694 2193 5762 descripsit.
2243 5694 2298 5748 ln
2346 5694 2444 5748 hac
2469 5695 2611 5748 enim
2638 5702 2823 5746 auctor
2851 5700 2970 5763 p_ost
2991 5705 3311 5746 memoratas
3336 5709 3468 5763 qua-

1893 5772 2014 5818 tuor
2039 5760 2296 5835 synodos,
2323 5764 2428 5818 alia
2459 5764 2841 5835 catholicorum
2873 5760 3088 5815 Patrum
3137 5760 3366 5819 concilia
3395 5765 3486 5821 ita.

1893 5831 2199 5904 recipienda
2243 5836 2424 5900 tradit,
2462 5843 2529 5904 fut
2579 5832 2716 5904 idem
2744 5831 3016 5904 decretum
3046 5847 3155 5904 prae
3185 5837 3352 5889 oculis
3375 5835 3466 5890 Ita-

1891 5906 2071 5963 buissc
2121 5919 2183 5960 ac
2221 5905 2406 5960 eadem
2449 5903 2566 5961 fere
2594 5903 2759 5959 verba
2805 5903 3154 5972 exscripsisse
3197 5906 3462 5962 videatur.
