4014 6346
219 439 323 516 iss

811 452 896 508 DE
934 452 1156 519 ANTIQ.
1195 449 1616 507 COLIJECTION
1659 449 1742 505 ET
1781 441 2204 504 COLL'ECTUII.
2244 444 2594 504 CANONUM.
2640 445 2817 502 PARS
2858 445 2916 502 II.

3379 448 3483 506 186

219 576 520 637 imperator,
554 572 666 618 etc.
715 563 846 618 IIuic
891 565 1130 637 epistola}
1167 563 1324 637 edita:
1367 573 1497 618 tum.
1534 564 1571 618 V
1611 564 1753 637 Cone
1781 604 1796 629 ,
1826 564 1876 624 Ἀ
1904 563 2228 637 peruersitate
2266 565 2475 634 propria
2518 581 2877 637 perseverans,
2922 566 3090 620 locum
3119 566 3483 637 satisfactionis

218 659 287 698 CO

316 684 328 696 .
369 637 468 694 957
501 638 705 692 inserta
735 644 818 690 est
847 635 1070 704 epistola
1101 634 1380 690 Iustiniani
1419 637 1482 689 ad
1515 636 1795 705 Agapitum

220 712 486 781 incipiens
512 707 678 781 :,Ante
703 713 918 775 tempus,
948 717 1075 781 etc_._.
1106 721 1224 781 quin
1248 707 1440 781 legitur
1468 706 1660 781 ibidem
1690 707 1796 761 col.

220 776 352 850 956,
383 776 575 850 cuique
608 779 821 832 inserta:
847 788 971 831 sunt
994 778 1112 831 alia:
1139 779 1332 832 littera:
1361 776 1600 846 ejusdem
1630 779 1798 850 impe-

222 846 422 910 ratoris
455 846 520 905 ad
550 849 812 903 Joannem
844 863 1030 917 papam
1052 889 1066 912 ,
1108 859 1328 918 quarum
1367 850 1572 902 initium
1607 865 1619 900 :
1655 846 1796 902 Red-

221 927 399 978 dentes
421 924 662 976 honorem
683 961 697 984 ,
727 929 786 973 ut
809 919 861 973 in
887 920 1072 974 eadem
1099 919 1200 972 col.
1233 918 1358 974 956.
1389 919 1480 974 llis
1503 930 1679 974 autem
1711 919 1796 975 in-

220 997 389 1050 ss-rtis
429 992 767 1064 prosequitur
797 989 1260 1064 prior_.lustiniani
1303 989 1528 1064 epistola
1568 989 1634 1044 ad
1663 996 1796 1064 Aga-

222 1069 395 1135 pitum
431 1061 446 1120 Ξ
481 1062 823 1135 Quamobrem
861 1061 1099 1135 petimus,
1143 1064 1215 1135 uti
1264 1063 1463 1135 eodem
1493 1070 1658 1135 tomo,
1690 1061 1796 1135 c_ol.

223 1131 355 1200 957,
385 1137 436 1189 in
461 1136 594 1199 line;
618 1148 682 1188 ac
703 1131 916 1187 tandem
936 1131 1274 1186 concluditur
1298 1133 1510 1201 Δεξιρίιί
1531 1131 1756 1196 epistola
1781 1149 1795 1185 :

222 1207 566 1290 IIuiciyitur,
607 1213 667 1290 ut
708 1202 1006 1290 pfwdictum
1035 1211 1316 1290 est_,_etc.,
1372 1203 1638 1290 ibidatpol.

221 1273 508 1333 Chronica;
539 1273 680 1330 nota:
720 1274 946 1328 duarum
993 1275 1335 1342 epistularum
1366 1273 1573 1344 Agapiti
1613 1273 1677 1327 ad
1709 1273 1801 1328 Ju-

221 1350 539 1415 stinianum,
571 1356 630 1400 et-
654 1344 936 1400 Iustiniani
965 1346 1028 1398 ad
1054 1346 1334 1416 Agapitum
1354 1386 1369 1408 ,
1393 1361 1507 1416 qn.er
1534 1346 1584 1398 in
1612 1345 1797 1399 iisdem

222 1420 454 1489 vulgatis
482 1427 636 1473 erant
665 1419 891 1489 vitiata,
924 1425 1043 1489 post
1072 1415 1701 1489 cardinalem'Not-isium
1733 1429 1798 1470 ex

226 1485 489 1545 Vaticano
518 1490 703 1544 codice
739 1487 894 1556 hujus
921 1487 1247 1542 collectionis
1269 1487 1563 1541 ememlatze
1590 1485 1802 1541 fuerunt

222 1574 252 1612 θ
286 1558 350 1612 Ρ.
385 1561 618 1615 Antonio
651 1556 844 1627 Pagio,
884 1558 956 1611 uti
991 1561 1041 1611 in
1069 1559 1267 1612 Veneta
1297 1556 1654 1627 Conciliorum
1683 1557 1798 1612 edi-

223 1629 376 1684 tione
405 1640 621 1686 notatur
649 1626 832 1685 eadem
863 1628 965 1682 col.
993 1629 1118 1692 958,
1143 1645 1289 1684 nunt.
1320 1629 1354 1682 2
1375 1639 1427 1681 et
1453 1626 1506 1680 5.

294 1697 460 1756 XCII.
485 1701 706 1770 Vigilius
726 1700 1042 1755 Iustiniano.
1073 1698 1292 1754 Litteras
1313 1698 1589 1754 clementia:
1607 1708 1797 1765 cesti-cc,

215 1781 331 1827 etc.
365 1774 495 1827 Ibid.
522 1773 627 1827 Col.
659 1771 815 1826 I395.

295 1843 740 1969 |XtillJlflfsVigilius
771 1842 993 1896 Mennm.
1043 1837 1182 1894 Licet
1229 1841 1485 1907 universa,
1526 1850 1630 1896 etc.
1665 1841 1796 1897 Ibid.

216 1915 330 1970 CUI.
369 1915 525 1970 Ii93.
1679 1931 1688 1940 '

1904 634 2094 688 amisit.

1970 703 2036 779 ϐ.
2086 702 2276 774 Incipit
2312 706 2541 770 ejusdem
2579 724 2730 779 papae
2772 707 2969 763 Gelasii
2994 709 3238 765 adversus
3268 710 3479 764 Andro-

1903 775 2139 852 macham
2166 785 2444 830 senatorem
2463 787 2510 852 et
2526 775 2732 852 crateras
2757 779 3036 852 Romanos,
3063 783 3149 850 qui
3175 780 3482 852 Lupercalia

1901 847 2176 900 secundum
2203 862 2394 900 morem
2419 849 2690 907 pristinum
2715 851 2926 905 colenda
2966 847 3350 907 constituebant.
3385 852 3480 906 Se-

1900 917 2018 1042 ιέξῖιε
2039 918 2265 1044 ἕέξάαηι
2303 918 2358 972 in
2401 917 2633 976 domibus
2665 922 2791 987 suis,
2837 932 2976 991 etc.,
3012 933 3140 977 tom.
3178 923 3214 977 V
3242 923 3474 990 Concil.,

1902 1001 1984 1042 COI
1997 1027 2010 1040 .
2039 1001 2165 1043 059.

1972 1059 2294 1135 CI._Gelasii
2325 1059 2588 1135 Dardanis
2628 1071 2683 1135 et
2730 1078 2824 1132 per
2861 1061 3152 1135 Illyricum.
3203 1065 3478 1122 Audientes

1903 1131 2258 1193 orthodoxam.
2282 1141 2384 1187 etc.
2414 1132 2542 1186 Ibid.
2579 1133 2687 1187 col.
2717 1131 2843 1189 522.
2929 1131 2942 1135 ’
3282 1158 3289 1165 ·

1973 1201 2076 1273 CII.
2113 1201 2336 1273 Libellus
2368 1219 2515 1272 quem
2548 1204 2794 1258 dederunt
2824 1207 3144 1273 apocrisiarii
3171 1206 3480 1262 Alexandri-

1903 1286 1982 1349 nce
2010 1271 2470 1349 Eccl_esia.,'hlegatis
2502 1275 2570 1349 ab
2614 1276 2734 1329 urbe
2783 1271 2956 1349 Ilo—ma
2983 1276 3480 1349 Constantinopolim

1903 1344 2184 1416 destinatis.
2219 1341 2606 1416 Gloriosissimo
2634 1357 2782 1414 atque
2818 1348 3239 1401 excellentissimo
3265 1341 3482 1416 patricio

1906 1410 2096 1479 Festo,
2141 1423 2242 1468 etc.
2279 1414 2410 1470 Ibid.
2443 1416 2547 1470 col.
2581 1410 2706 1470 412.
2750 1419 2875 1472 Post
2905 1418 3045 1472 hunc
3076 1410 3308 1474 libellum
3336 1420 3480 1474 Ana-

1903 1484 2070 1557 stasio
2097 1485 2348 1552 pontifice
2387 1487 2642 1555 scriptum
2677 1488 2789 1542 haec
2817 1489 3020 1544 notatio
3044 1488 3350 1557 majusculis
3394 1492 3482 1546 Iit-

1905 1555 2032 1610 teris
2062 1567 2279 1628 ex_arata
2307 1557 2496 1628 legitur
2518 1557 2568 1611 in
2599 1558 2720 1612 cod.
2753 1560 2868 1613 Vat.
2899 1560 3061 1624 4961,
3087 1555 3206 1628 pag.
3238 1562 3326 1615 63.
3356 1560 3481 1616 Dio-

1905 1628 2083 1694 nysius
2103 1624 2336 1696 Exiguus
2365 1627 2524 1681 Roma
2541 1630 2606 1682 de
2625 1629 2805 1684 Greco
2828 1632 3067 1685 converti.
3090 1624 3276 1686 Bittius
3302 1631 3483 1685 lauds-

1905 1705 2116 1769 totomo
2139 1696 2319 1769 V,col.
2345 1697 2470 1763 405,
2496 1709 2607 1753 not.
2626 1717 2679 1763 a,
2696 1700 2830 1756 hanc
2851 1701 3174 1756 notationem
3199 1708 3481 1769 perperam

1905 1766 2072 1841 refert
2098 1768 2162 1841 ad
2190 1783 2420 1841 sequens
2445 1772 2858 1841 documentum,
2898 1773 3038 1841 quod
3071 1766 3480 1841 cumscriptum

1904 1835 2065 1961 {ite‘rit
2107 1835 2326 1908 Latine,
2370 1855 2399 1893 a
2442 1840 2698 1912 Dionysio
2735 1859 2766 1898 e
2810 1835 2998 1898 Graeco
3026 1835 3346 1900 vertendum
3372 1859 3480 1900 non

1930 1923 1979 1961 ut
2011 1949 2024 1960 .

294 1985 480 2039 XCIV.
520 1983 766 2054 Gelasius
796 1982 1003 2038 Picenis
1032 1983 1299 2052 episcopis
1328 1991 1511 2054 contra
1549 1985 1796 2040 Itmresim
1827 1975 1874 2042 Β
1912 1978 2430 2054 __C|II.__E:remplar
2476 1993 2728 2054 gestorum
2782 1985 2845 2038 de
2903 1985 3217 2040 tbsolutione
3269 1983 3477 2042 Miseni.

217 2057 586 2119 Pelagianam.
621 2052 908 2108 Barbaricis
929 2054 1170 2107 hactenus
1188 2093 1201 2115 ,
1234 2062 1338 2108 etc.
1365 2053 1494 2119 Ibid.
1525 2055 1609 2108 col
1635 2055 1758 2111 501.

295 2123 456 2183 XCV.
495 2123 635 2180 Idem
663 2125 726 2179 ad
756 2124 1046 2179 Dardanos.
1081 2123 1242 2178 Valde
1270 2125 1439 2177 mirati
1462 2141 1658 2192 sumus,
1691 2137 1795 2183 etc.

221 2198 363 2254 Ibid.
393 2197 498 2253 col.
531 2193 655 2252 324.
685 2195 808 2249 Ηεεε
829 2196 1048 2265 epistola
1077 2195 1282 2249 auctior
1309 2204 1392 2250 cst
1420 2211 1576 2262 quam
1608 2199 1657 2250 in
1681 2197 1798 2253 aliis

219 2267 658 2332 collectionibus;
699 2267 917 2336 haecque
951 2267 1308 2321 additamenta
1345 2268 1595 2320 secundis
1634 2268 1798 2336 ipsius

225 2339 428 2394 Gelasii
454 2340 592 2394 curis
617 2338 893 2393 tribuenda
922 2338 1265 2407 probavimus
1291 2339 1463 2407 capite
1495 2339 1800 2408 praeceden-

231 2419 270 2464 υ
509 2479 652 2562 Idem
696 2479 947 2562 [lonorid
968 2481 1238 2562 episeopo.
1273 2478 1526 2534 Miramur
1569 2481 1797 2536 dilectio-

215 2567 338 2604 nem
367 2562 536 2615 luant,
567 2560 671 2607 etc.
704 2550 836 2605 Ibid.
866 2551 970 2607 col.
1001 2551 1122 2607 500.

293 2622 500 2678 XCVII.
537 2621 784 2691 Ejusdem
829 2620 1028 2678 Gelasii
1073 2621 1214 2676 dicta
1258 2621 1517 2678 adversus
1559 2623 1798 2691 Pelagia-

216 2710 346 2765 nam
391 2693 660 2765 lueresim.
694 2693 923 2765 Incipit;
959 2691 1032 2748 De
1072 2691 1366 2765 Pelagianis
1403 2694 1606 2765 quidem
1636 2695 1798 2750 sensi-

209 2764 336 2826 bus,
366 2774 472 2820 etc.
508 2764 636 2819 Ibid.
670 2765 773 2818 col.
807 2762 932 2818 565.

290 2835 522 2891 XCVIII.
559 2837 700 2890 Idem
733 2835 967 2889 Honorio
1002 2836 1273 2905 episc0po.
1305 2834 1441 2905 Licet
1471 2837 1600 2891 inter
1623 2837 1792 2892 varias

213 2917 506 2976 temporum
533 2906 874 2976 di/ﬁcultates,
899 2914 1001 2960 etc.
1035 2907 1166 2960 Ibid.
1190 2904 1303 2960 col.
1324 2904 1448 2961 298.

285 2977 476 3032 XCIX.
509 2976 700 3048 Incipit
725 2979 776 3031 in
798 2993 952 3030 causa
976 2978 1095 3047 ﬁdei
1121 2977 1428 3042 christiana,
1454 2979 1537 3031 cui
1563 2981 1624 3033 ab
1645 2995 1792 3034 exor-

210 3050 306 3103 dio
349 3051 431 3102 sui
462 3065 718 3116 nunquam
752 3048 974 3119 defuisse
1005 3049 1280 3115 probantur
1306 3049 1528 3115 inimici,
1561 3059 1663 3106 etc.
1697 3051 1794 3105 Est

209 3120 347 3174 illud
384 3120 696 3191 opusculum
736 3119 892 3191 quod
920 3129 1066 3191 tomo
1101 3119 1136 3173 V
1164 3119 1520 3174 Conciliornm
1549 3122 1651 3175 col.
1689 3122 1792 3176 I75

211 3189 495 3264 vulgatum
526 3201 607 3244 est
633 3190 932 3264 c_nm_titulo
974 3208 986 3242 :
1031 3189 1324 3264 Breviculus
1372 3192 1596 3264 historia,
1625 3191 1792 3264 Euty-

213 3262 616 3314 chianistarum.
648 3261 726 3316 Ex
771 3261 868 3316 hac
912 3269 1091 3315 nostra
1137 3261 1452 3316 collectione
1483 3263 1653 3331 primo
1693 3261 1792 3318 itit-

217 3346 480 3401 pressum
512 3340 632 3384 ante
656 3331 712 3386 S.
739 3331 933 3386 Leonis
969 3332 1223 3400 epistolas
1253 3335 1302 3386 in
1334 3333 1567 3387 editione
1599 3335 1793 3387 Itoma-

221 3417 292 3456 na
346 3401 694 3470 Epistolarum
733 3402 1091 3458 Romanorum
1133 3404 1441 3471 pontificum
1469 3404 1592 3458 anni
1625 3403 1752 3458 1591
1775 3445 1792 3470 ,

220 3482 336 3526 tom
368 3471 390 3526 Ι
424 3487 540 3541 pag.
574 3473 692 3528 142.
734 3473 866 3528 Tum
915 3489 1040 3528 vero
1083 3473 1399 3528 Sirmondns
1436 3474 1582 3528 velut
1627 3474 1795 3529 incdi-

218 3553 335 3598 tum
367 3559 441 3597 ex
473 3545 570 3599 alia
611 3545 924 3600 collectione
965 3543 1157 3609 edidit,
1201 3558 1264 3599 ac
1290 3561 1353 3599 ex
1395 3547 1511 3614 ipso
1538 3545 1794 3600 Conciliis

113 3651 116 3653 λ
213 3616 508 3670 insertum.
561 3615 751 3670 Verum
793 3616 843 3669 in
896 3615 996 3670 hoc
1039 3615 1306 3670 Sirmondi
1352 3616 1598 3679 exemplo
1644 3616 1796 3672 deest

211 3686 408 3740 ultima
457 3687 708 3754 periodus
730 3727 744 3749 ,
773 3697 827 3741 et
855 3686 1206 3751 fragmentum
1238 3686 1477 3756 epistola:
1504 3685 1701 3742 Felicis
1730 3686 1795 3742 III

210 3771 340 3826 quae
387 3771 454 3809 ex
494 3757 604 3812 sola
651 3766 829 3812 nostra
861 3757 1175 3812 collectione
1202 3768 1255 3813 et
1283 3757 1475 3812 exinde
1504 3760 1554 3811 in
1583 3757 1796 3814 laudata

211 3827 459 3882 editione
489 3827 724 3882 Romana
768 3827 1032 3898 leguntur.
1081 3828 1191 3882 Hoc
1235 3830 1549 3897 opusculum
1594 3829 1798 3885 scilicet

214 3899 418 3966 triplici
465 3898 629 3952 forma
675 3900 971 3968 vulgatum,
1005 3901 1111 3953 dno
1156 3898 1516 3954 additamenta
1563 3899 1629 3953 ab
1678 3901 1796 3969 ipso

211 3977 447 4022 auctore
494 3970 760 4038 recepisse
801 3970 1126 4039 conjecimns
1167 3979 1351 4024 annot.
1404 3973 1421 4023 I
1467 3971 1517 4025 in
1568 3984 1686 4039 cap.
1727 3968 1796 4025 45

211 4039 557 4095 collectionis
589 4043 690 4094 hoc
738 4050 881 4096 tomo
921 4040 1143 4095 edenda:
1182 4041 1288 4095 col.
1337 4041 1459 4098 508.
1508 4041 1796 4096 Auctorem

211 4126 351 4164 vero
388 4125 508 4164 esse
543 4113 716 4179 ipsum
747 4111 1048 4174 Gelasium,
1084 4112 1173 4166 intt
1195 4127 1222 4165 r
1247 4111 1400 4180 cujus
1429 4111 1684 4181 epistolas
1713 4127 1798 4167 re-

211 4183 413 4245 fertur,
448 4182 1088 4250 probabiliter‘statuisse
1124 4182 1365 4236 videntur
1390 4194 1501 4236 not.
1541 4181 1575 4234 4
1614 4183 1665 4237 in
1693 4182 1797 4238 Ob-

208 4253 562 4324 servationes,
578 4254 852 4324 Quesnelli
881 4253 942 4306 ad
969 4253 1126 4319 epist.
1153 4252 1225 4308 28
1249 4252 1305 4308 S.
1340 4253 1537 4324 Leonis
1562 4262 1692 4307 tom.
1724 4254 1790 4321 II,
1819 4319 1822 4324 _

207 4324 326 4378 col.
358 4322 517 4376 1414.
547 4323 696 4379 Nunc
717 4324 952 4378 ultimam
973 4324 1118 4394 illam
1142 4325 1418 4394 periodum
1445 4335 1497 4377 et
1521 4323 1791 4393 fragmen-

210 4403 330 4448 tum
379 4394 680 4466 Iitterarum
717 4394 906 4449 Felicis
941 4393 1004 4466 III
1033 4393 1156 4466 quae
1181 4395 1490 4466 inpvulgatis
1525 4394 1794 4450 Concilio-

207 4481 338 4519 rum
370 4465 598 4532 desunt,
634 4464 718 4520 Itic
743 4464 1088 4536 appendend'a
1127 4465 1417 4521 credimus.
1460 4467 1642 4536 Itaque
1673 4477 1793 4535 post

207 4537 408 4590 ultima
439 4537 704 4591 editorum
740 4535 902 4591 verba
932 4537 999 4588 ad
1038 4536 1404 4590 Antiochenam
1447 4537 1585 4590 misit
1615 4535 1795 4591 Eccle-

205 4608 371 4670 siam,
406 4605 519 4660 tunc
545 4607 788 4662 addenda
817 4618 940 4662 sunt
965 4625 976 4660 :
1004 4605 1281 4676 Postquam
1307 4607 1534 4676 Joannes
1558 4623 1794 4676 superve-

1819 3298 1866 3362 C

1903 2046 2086 2104 Flavio
2123 2046 2332 2106 Viatore
2365 2069 2412 2106 υ.
2442 2046 2497 2107 οἷ
2527 2059 2619 2108 sub
2654 2071 2708 2109 III
2749 2057 2866 2109 idus
2895 2055 3152 2110 Maiarum
3184 2058 3237 2110 in
3268 2056 3480 2111 basilica

2021 2120 2183 2196 Petri.
2231 2121 2500 2196 liesidente
2542 2127 2594 2179 in
2637 2126 2834 2194 synodo
2874 2128 3147 2181 venerabili
3186 2128 3293 2180 viro
3341 2144 3480 2196 papa

1903 2190 2128 2257 Gelasio,
2157 2202 2264 2248 etc.
2301 2194 2431 2248 Ibid.
2459 2197 2561 2249 col.
2608 2190 2732 2251 '59'7.
2780 2198 2854 2250 Ex
2889 2197 2988 2251 hac
3017 2190 3478 2253 collectiotie'héc

1901 2263 2141 2337 synodus
2181 2263 2354 2337 primo
2393 2267 2599 2335 vulgata
2627 2267 2694 2321 ab
2722 2267 3016 2322 editoribus
3063 2268 3319 2322 Itomanis
3364 2271 3480 2337 epi-

1901 2334 2158 2406 stolarum
2201 2334 2560 2391 Romanorum
2601 2338 2945 2406 pontificum,
2981 2349 3088 2392 tum
3116 2354 3246 2393 vero
3268 2354 3296 2391 a
3323 2334 3475 2393 card.

1902 2404 2133 2460 Baronio
2178 2407 2243 2459 ad
2292 2421 2380 2460 an.
2428 2407 2555 2474 395,
2579 2404 2633 2462 ἡ.
2678 2410 2740 2472 6,
2772 2424 2892 2463 cum
2923 2409 3386 2464 emendationibns
3409 2425 3476 2464 ex

1902 2489 2004 2530 ms.
2033 2476 2376 2544 Virduaensi,
2400 2478 2552 2549 cujus
2583 2480 2841 2535 lectiones
2863 2496 2893 2534 a
2911 2480 2969 2534 P.
2997 2479 3264 2536 Frontone
3283 2481 3479 2537 Dircaeo

1901 2557 2198 2616 acceperat.

1971 2619 2104 2672 CIV.
2159 2619 2458 2692 Symmachi
2498 2621 2746 2676 universis
2783 2639 2872 2692 per
2902 2618 3147 2692 Illyrium
3181 2633 3231 2675 et
3275 2619 3477 2676 Darda-

1901 2689 2060 2762 niam,
2093 2698 2194 2762 etc.
2233 2691 2381 2756 Quod
2411 2693 2562 2762 plane
2591 2694 2724 2762 ﬁeri.
2757 2689 2860 2747 etc.
2895 2689 3028 2747 Ibid.
3052 2694 3157 2747 col.
3181 2691 3304 2747 451.

1972 2759 2081 2814 CV.
2131 2759 2429 2818 Dorntlteus
2461 2759 2778 2820 IIortnisdae.
2821 2765 2904 2817 Ait
2941 2765 3161 2834 quodam
3199 2765 3338 2830 loco,
3368 2773 3476 2821 etc.

1899 2829 2036 2886 Ibid.
2065 2831 2170 2886 col.
2203 2832 2326 2888 565.

1961 2831 2036 2886 id.
2065 2831 2170 2886 col.
2203 2832 2326 2889 565.

1969 2902 2104 2978 CVI.
2131 2903 2413 2978 IIormisda
2460 2905 2750 2962 Dorotbeo.
2794 2905 2890 2961 Ubi
2933 2907 3198 2962 charitatis
3235 2908 3476 2978 interest,

1897 2981 2002 3035 etc,
2031 2972 2165 3028 Ibid.
2195 2976 2301 3030 col.
2325 2978 2449 3032 564.

1969 3043 2122 3099 CVII.
2157 3047 2466 3103 Anastasius
2497 3049 2789 3118 imperator
2811 3049 3127 3104 llormisdre.
3159 3047 3476 3104 Beatitudini

1897 3124 2074 3170 vestra:
2103 3133 2202 3170 non
2225 3129 2458 3184 putamus
2480 3121 2728 3191 ignotum,
2760 3128 2864 3174 etc.
2904 3121 3031 3174 Ibid.
3063 3121 3169 3174 col.
3193 3120 3317 3175 561.

1967 3185 2144 3262 CVIII.
2195 3187 2834 3262 IlortuisdaﬂAnastasio.
2864 3189 3069 3245 Gratias
3107 3207 3342 3262 superna:
3373 3190 3476 3246 vir-

1897 3259 2028 3321 tuti,
2055 3269 2162 3314 etc.
2194 3259 2322 3315 Ibid.
2357 3263 2461 3315 Col.
2489 3261 2613 3317 562.

1963 3328 2098 3407 CIX.
2125 3333 2436 3407 Anastasius
2460 3332 2782 3389 Ilormisdaz.
2817 3331 3066 3388 Omnibus
3098 3333 3333 3407 negotiis,
3364 3341 3470 3388 etc.

1898 3398 2031 3458 Ibid.
2055 3401 2164 3456 col.
2195 3401 2322 3457 565.

1965 3467 2404 3596 CIII'..dIlortnisda
2452 3472 2754 3530 Anastagio.
2797 3473 2932 3529 Bene
2971 3475 3239 3529 clementia
3278 3483 3474 3540 vestra,

1965 3555 1999 3594 ξ.
2071 3558 2100 3595 n
2147 3583 2158 3596 .

1896 3549 1999 3596 etc.
2029 3541 2158 3596 Ibid.

1967 3611 2110 3686 CXI.
2135 3615 2448 3686 Anastasius
2469 3614 2786 3672 Hormisdaa.
2817 3614 3005 3671 Omnia
3035 3629 3148 3686 qua:
3167 3613 3474 3685 benignitas,

1898 3693 2006 3738 etc.
2041 3683 2171 3737 Ibid.
2203 3686 2308 3738 col.
2341 3686 2465 3741 575.

1967 3751 2132 3826 CXII.
2145 3754 2425 3812 Hormisda
2442 3757 2745 3814 Anastasio.
2767 3757 3054 3813 Sollicitari
3067 3758 3290 3812 animum
3309 3767 3474 3826 tuum,

1896 3833 2002 3880 etc.
2030 3826 2084 3879 Ib
2104 3825 2157 3881 d.
2182 3828 2284 3880 col.
2321 3829 2445 3884 574.

1968 3893 2152 3950 CXIII.
2182 3899 2493 3954 Anastasius
2531 3901 2736 3956 senatui
2773 3898 2924 3953 urbis
2955 3900 3158 3954 Romae.
3202 3899 3263 3955 Si
3295 3915 3380 3954 vos
3410 3900 3475 3955 li-

1898 3967 2102 4035 berique
2130 3969 2282 4021 vestri
2311 3972 2511 4037 valetis,
2542 3981 2646 4026 etc.
2676 3971 2808 4025 Ibid.
2833 3971 2939 4024 col.
2973 3972 3098 4026 575.

1970 4037 2152 4091 CXIV.
2199 4038 2530 4108 Iiescriptnm
2562 4051 2780 4096 senatus
2814 4043 2879 4096 ad
2914 4043 3183 4098 eumdem.
3218 4042 3279 4098 Si
3310 4041 3476 4110 prima

1899 4123 2096 4175 semper
2119 4120 2214 4177 est,
2247 4121 2351 4165 etc.
2383 4113 2516 4168 Ibid.
2547 4113 2650 4169 col.
2683 4111 2804 4167 576.

1971 4177 2136 4255 CXV.
2155 4180 2433 4255 Hort‘nisda
2467 4184 2770 4239 Anastasio.
2804 4181 2937 4237 Bene
2964 4194 3114 4255 atque
3133 4184 3343 4250 utiliter,
3367 4192 3475 4241 etc.

1901 4247 2033 4303 Ibid.
2057 4252 2161 4304 col.
2195 4253 2320 4307 570.

1971 4319 2152 4396 CXVI.
2184 4321 2449 4396 Indiculus
2477 4325 2564 4396 qui
2595 4326 2742 4379 datus
2768 4333 2839 4378 est
2860 4322 3098 4396 Ennodio
3119 4333 3162 4377 et
3192 4323 3480 4380 Fortunata

1901 4392 2174 4462 episcopis,
2201 4405 2306 4448 etc.
2337 4395 2464 4449 Cum
2489 4392 2584 4450 Dei
2603 4397 2893 4466 adiutorio,
2925 4406 3027 4448 t'lC.
3057 4395 3188 4448 Ibid.
3215 4399 3316 4449 col.
3347 4397 3476 4452 566.

1969 4461 2178 4520 CXVII.
2224 4462 2355 4518 Item
2384 4468 2612 4522 capitula
2649 4464 2969 4522 sinaularum
2997 4481 3295 4522 causarum.
3325 4477 3379 4521 ut
3411 4466 3476 4522 S.

1969 4468 2178 4520 CXVII.
2224 4468 2355 4518 Item
2384 4468 2612 4534 capitula
2649 4468 2969 4536 singularum
2997 4481 3295 4532 causarum,
3325 4477 3379 4521 ut
3411 4468 3477 4525 S.

1899 4534 2122 4604 synodus
2149 4533 2604 4604 Chalcedonensis,
2635 4545 2738 4590 etc.
2771 4536 2900 4590 Ibid.
2929 4537 3030 4589 col.
3066 4538 3190 4592 569.

1969 4603 2199 4660 CXVIII.
2237 4604 2542 4675 Exetttplum
2568 4603 2834 4662 relationis
2873 4606 3090 4660 Joannss
3123 4608 3345 4675 episcopi
3375 4607 3479 4662 Nic

204 4680 286 4749 nit
311 4678 782 4749 episcopus,un
805 4679 1033 4732 Romana
1053 4675 1273 4741 suscepit
1298 4675 1550 4742 Ecclesia,
1580 4675 1639 4732 S.
1663 4695 1796 4748 papa
1824 4683 1873 4744 ι)
1899 4675 2176 4742 copotitani
2202 4692 2306 4749 per
2353 4677 2602 4744 Ruﬁnum
2643 4678 2918 4732 diaconum
2951 4680 3199 4749 ejusdem.
3251 4678 3477 4734 Domino

206 4746 378 4802 Felix
415 4746 435 4820 [
449 4746 994 4820 chw]‘legationem,
1036 4765 1088 4802 ut
1120 4749 1310 4802 dictum
1353 4757 1462 4814 est,
1494 4749 1622 4802 sicut
1645 4746 1796 4818 opor-

204 4821 314 4873 tuit
341 4815 758 4889 ordinat-inqua:
785 4820 924 4890 apud
960 4820 1233 4890 prcedictos
1257 4835 1430 4873 omnes
1451 4815 1701 4890 quidquid
1721 4828 1798 4874 est

203 4891 512 4944 hostilitatis
555 4899 765 4958 experta
806 4899 900 4944 est.
952 4890 1091 4944 Nam
1131 4890 1338 4944 detrusa
1381 4890 1435 4943 in
1479 4891 1792 4960 custodiant,

202 4961 433 5030 perditis
461 4961 673 5028 chartis,
714 4976 827 5014 cum
862 4961 1046 5031 grandi
1084 4961 1168 5014 vix
1207 4962 1444 5014 remeat-it
1491 4962 1794 5030 opprobrio,

223 5033 567 5103 rpiscopatum
597 5031 761 5096 Petri,
783 5031 852 5084 ad
877 5048 1026 5103 quem
1047 5031 1399 5103 expellendum
1427 5035 1579 5086 missa
1603 5039 1792 5100 fuerat,

223 5078 227 5081 .
298 5049 567 5100 scoparum
597 5049 761 5096 rem,
783 5049 850 5084 aa
877 5049 1026 5103 quem
1047 5049 1399 5102 expettenaum
1427 5049 1579 5086 nassa
1603 5049 1792 5100 prerat,

200 5049 482 5171 gratatum
508 5112 820 5173 reportans,
869 5118 1018 5173 quem
1071 5102 1299 5156 Romana
1345 5103 1795 5173 anathematizaret

203 5170 472 5227 Ecclesia.
498 5171 581 5244 Ita
611 5171 766 5228 Felix
785 5170 921 5241 papa
945 5173 1196 5244 episcOpis
1223 5190 1310 5242 per
1330 5170 1638 5244 xquptum,
1660 5173 1795 5227 The-

201 5244 420 5296 baTdem
441 5286 456 5311 ,
489 5243 733 5314 Libyam,
763 5254 808 5298 et
841 5243 1164 5311 Pentapolim
1191 5243 1483 5297 constitutis
1501 5255 1612 5310 post
1637 5245 1742 5298 alia
1772 5260 1792 5298 :

200 5315 408 5369 Petrus
445 5331 559 5368 vero
576 5357 591 5378 ,
619 5315 709 5384 qui
735 5330 790 5368 se
815 5315 877 5368 ab
919 5315 1159 5368 Ecclesia:
1185 5314 1380 5368 unitate
1401 5315 1492 5368 sub
1527 5315 1686 5370 beata:
1713 5331 1792 5367 re-

200 5385 528 5440 enrdationis
574 5385 809 5440 Proterio
853 5386 1132 5454 separavit,
1184 5395 1232 5438 et
1277 5387 1328 5438 in
1377 5395 1586 5440 mortem
1630 5387 1793 5455 ipsius

199 5456 494 5527 parricida:
526 5455 789 5527 Timotheo
818 5473 870 5509 se
895 5456 963 5510 ad
993 5457 1362 5522 persequendos
1399 5458 1579 5527 junxit
1619 5457 1794 5510 ortho-

199 5525 416 5590 ἄορι-οε,
464 5525 608 5579 nulla
655 5527 784 5580 tanti
819 5527 1036 5581 nominis
1077 5535 1162 5578 aut
1207 5525 1412 5580 honoris
1460 5528 1791 5597 permittimus

196 5600 453 5653 societate
481 5597 692 5657 ‘lcetari,
744 5606 931 5666 quanto
976 5599 1029 5650 in
1072 5597 1380 5668 creatoribus
1430 5599 1651 5668 propriis
1690 5614 1792 5652 non

197 5669 550 5722 dissimilibus
578 5670 797 5737 ipso_sui
824 5669 1030 5722 exordio
1055 5667 1339 5732 caducum,
1383 5667 1533 5737 quod
1562 5684 1615 5722 se
1656 5670 1794 5722 testi-

197 5751 352 5805 mat,
388 5735 657 5810 reperitur.
692 5735 792 5810 Est
827 5755 947 5810 ergo
975 5739 1222 5809 prwfatus
1257 5735 1451 5792 cunctis
1491 5738 1790 5804 anathema,

198 5827 300 5865 nec
329 5809 405 5860 ab
438 5807 665 5862 Ecclesia
693 5807 939 5862 catholica
968 5807 1204 5863 credatur
1231 5825 1457 5877 unquam
1486 5810 1679 5879 recipi,
1707 5811 1794 5880 qui

197 5889 324 5951 post
375 5880 731 5951 coercitionem
758 5880 1029 5950 sepissime
1059 5880 1325 5951 (editores
1356 5880 1578 5934 Romani
1611 5880 1796 5934 cohor-

199 5949 461 6014 tationem
507 5949 867 6018 scepissirnam)
908 5959 953 6004 et
990 5949 1082 6020 per
1120 5959 1191 6006 tot
1237 5966 1486 6004 annorum
1531 5953 1696 6024 spatia
1740 5952 1795 6005 in

1897 4762 2028 4806 meo,
2061 4757 2165 4801 etc.
2201 4747 2334 4803 Ibid.
2358 4751 2462 4803 col.
2497 4750 2620 4805 577.

1968 4816 2152 4871 CXIX.
2178 4819 2459 4877 Hormisda
2496 4821 2710 4878 Joanni.
2751 4817 2922 4874 Gavisi
2969 4837 3174 4886 sumus,
3205 4830 3308 4877 etc.
3339 4819 3472 4877 Ibid.

1898 4888 2665 5041 COCXSXnynr-tdushyetcris
2699 4963 2866 5034 Epiri.
2894 4962 3127 5041 Ioannes
3156 4965 3324 5041 etalii
3365 4964 3478 5041 θρῖ-

1896 5030 2042 5155 Ξῗῦρὶ
2075 5030 2389 5088 ιὶυτιηίεάω.
2419 5034 2480 5089 Si
2523 5034 2692 5106 dignis
2731 5030 2953 5105 praemis
2977 5077 2991 5101 ,
3041 5043 3147 5089 etv.
3189 5035 3319 5090 Ibid.
3371 5030 3474 5089 col.

2198 5154 2497 5246 lieslionsio
2539 5176 2837 5230 Ilormisdze
2876 5176 2941 5230 ad
2997 5177 3132 5231 hanc
3187 5175 3474 5246 synodum.

1899 5239 2206 5330 Balnedictus
2228 5244 2534 5330 ρειξξερις..
2559 5247 2690 5330 Ibid.
2723 5247 3012 5330 col._580._
3080 5317 3138 5330 ω
3217 5239 3234 5246 ⁷
3285 5315 3316 5330 ν

1917 5312 1988 5396 ..ι
2007 5314 2180 5386 οων]
2226 5312 2454 5400 CXXII..
2494 5317 2772 5399 Ilormisda
2823 5318 3012 5400 Joanni
3080 5315 3472 5384 Nicopolitano.

1896 5383 2203 5439 Litterarum
2223 5403 2373 5453 quant
2401 5390 2678 5453 direxistts,
2703 5399 2806 5443 etc.
2839 5389 2970 5442 Ibtd.
2999 5389 3104 5442 col.
3133 5387 3255 5441 582.

1965 5453 2201 5511 CXXIII.
2255 5457 2520 5512 Iudiculus
2572 5477 2665 5526 per
2720 5460 3011 5514 I’ulIionem
3070 5457 3474 5513 subdiaconum.

1895 5525 2147 5600 Cumaei
2164 5529 2450 5600 adjutorio,
2478 5525 2586 5585 etc.
2611 5530 2743 5584 Ibid.
2778 5531 2881 5583 col.
2923 5530 3048 5584 583.

1966 5597 2198 5671 CXXIV.
2232 5596 2524 5654 'IIormisda
2553 5601 2725 5654 eidem
2757 5599 2950 5671 Ioanui
2977 5607 3032 5671 et
3049 5596 3276 5669 synodo.
3309 5596 3475 5671 Opta-

1895 5683 2080 5733 remus,
2115 5670 2453 5734 dilectissimi,
2483 5683 2590 5725 ett'.
2623 5671 2754 5724 Ibid.
2787 5669 2892 5722 col.
2923 5669 3047 5724 595.

1963 5739 2181 5822 CXXV.
2223 5741 2409 5797 Eidem
2447 5739 2661 5794 Joanni.
2720 5741 2993 5794 Rcmcante
3039 5738 3319 5812 Pullione,
3369 5749 3474 5800 etc.

1898 5809 2204 5937 Ιδὲξίηῖνι.
2246 5882 2407 5936 Sacra
2433 5881 2698 5936 Anastasii
2747 5883 2964 5950 Augusti
2996 5883 3316 5944 ltormisdzr.
3347 5883 3456 5941 Cra

1897 5951 1993 6006 tias
2021 5954 2348 6024 omnipotenti
2381 5951 2508 6020 Deo,
2541 5962 2649 6006 etc.
2685 5951 2816 6008 Ibid.
2857 5956 2963 6010 col.
2993 5953 3119 6009 572.
