3978 6342
596 351 704 414 ὶδθ

667 470 726 524 ιιι
749 481 920 538 prima
949 466 1109 538 serie,
1142 480 1259 536 qum
1295 464 1358 520 ad
1393 465 1616 520 concilia
1646 464 1869 538 Graeciae
1912 464 2163 538 pertinet,

597 555 704 597 non
729 534 903 594 solum
941 534 1278 608 proferuntur
1318 550 1548 608 canones
1591 535 1917 608 synodorum
1948 534 2161 608 Graeca:

593 626 712 668 rum
733 605 1183 679 interpretationis
1203 605 1564 679 Dionysiante,
1585 605 1769 662 verum
1795 606 1955 679 etiam
1986 605 2162 679 Latini

595 695 831 737 canones
868 675 1121 744 Africani,
1175 691 1307 746 quos
1340 675 1635 748 Dionysius
1685 675 1953 748 produxit,
1996 677 2064 748 ita
2105 684 2164 731 ut

594 761 764 807 totam
814 750 1039 820 primam
1085 757 1286 820 partem
1343 746 1625 820 Hadrianze
1668 747 2006 820 collectionis
2047 746 2164 801 haec

631 823 764 877 rima
787 817 956 876 series
980 818 1267 883 contineat,
1311 819 1489 884 paucis
1527 819 1740 874 insertis
1771 817 2066 887 praesertim
2095 831 2162 872 ex

645 892 896 961 ispanica,
934 897 993 944 ut
1017 905 1088 961 _cx
1115 890 1368 961 sequenti
1405 889 1611 961 ordine
1639 889 1856 957 patebit.
1904 887 2162 943 Dividitur

589 959 708 1019 haec
732 961 898 1031 prima
923 959 1090 1014 series
1113 959 1164 1013 in
1191 959 1472 1031 duodecim
1501 960 1692 1030 capita.

661 1034 698 1087 Ι.
733 1030 983 1086 Εειιιοιιθε
1003 1030 1282 1099 apostolici
1306 1046 1454 1086 num.
1481 1032 1569 1087 50.

660 1102 726 1156 ll.
766 1100 965 1156 Nicani
995 1117 1140 1154 num.
1172 1099 1261 1164 20,
1304 1101 1495 1170 quibus
1530 1100 1923 1168 praemittuntur
1959 1100 2160 1153 notatio

587 1171 858 1235 chronica,
902 1179 957 1225 et
997 1170 1318 1240 symbolum,
1374 1171 1651 1240 subjicitur
1676 1181 1853 1226 autem
1889 1170 2161 1237 catalogus

585 1243 982 1311 cpiscoiiorum,
1015 1250 1074 1295 ut
1105 1241 1157 1294 in
1206 1241 1468 1296 Hadriana
1506 1242 1753 1295 vidimus.
1801 1240 1935 1296 lllud
1981 1248 2158 1294 autem

587 1313 858 1382 peculiare
878 1322 982 1378 est,
1009 1312 1159 1384 quod
1181 1323 1298 1384 post
1319 1312 1939 1384 symbolum_Nictenutn._
1961 1319 2014 1363 et
2036 1320 2160 1384 ante

583 1379 965 1456 canones_sine
993 1381 1102 1456 ul_|_o
1128 1379 1280 1436 titulo
1305 1379 1583 1456 adjicitur:
1607 1382 1730 1435 Post
1759 1381 2026 1435 concilium
2053 1379 2107 1433 Ν
2112 1381 2158 1433 i-

583 1469 781 1508 ctenum
808 1452 861 1506 in
885 1455 1006 1506 urbe
1030 1452 1192 1505 Roma
1213 1453 1483 1506 concilium
1520 1461 1880 1522 congregatum
1912 1460 1984 1505 est
2014 1467 2046 1502 a
2075 1467 2159 1504 ca-

583 1526 788 1578 tholicis
814 1522 1084 1592 episwpis,
1105 1534 1150 1576 et
1167 1524 1473 1576 addiderunt
1495 1524 1557 1577 de
1584 1524 1784 1592 Spiritu
1813 1534 2007 1587 sancto,
2027 1529 2156 1584 etc.,

581 1595 725 1664 quod
759 1597 809 1648 in
839 1594 942 1648 alio
970 1607 1068 1648 ms.
1095 1593 1211 1648 Vat.
1248 1594 1382 1648 1557
1409 1595 1738 1648 collectionis
1774 1593 2053 1647 Hadriana:
2082 1593 2159 1646 si-

583 1663 782 1720 militer
805 1666 1062 1719 insertum
1083 1663 1446 1734 vidimuscap.
1473 1665 1530 1727 2,
1566 1680 1710 1718 ιιιιιιι.
1743 1665 1798 1719 6.

654 1736 744 1790 lll.
786 1735 1297 1804 Ancyranicanones
1321 1751 1469 1788 num.
1501 1735 1592 1790 24.

654 1806 744 1860 ιν.
789 1803 1039 1871 Ephesini
1066 1806 1276 1860 concilii
1308 1805 1525 1860 nomine
1553 1819 1620 1859 ex
1664 1803 1945 1872 Hispanica
1995 1804 2158 1859 colle-

580 1877 756 1932 ctione
780 1876 997 1946 insertae
1024 1875 1142 1946 duae
1165 1877 1400 1945 epistolae
1427 1879 1483 1930 S.
1511 1874 1713 1946 Cyrilli
1735 1875 1801 1946 ad
1830 1875 2155 1930 Nestorium.

657 1947 720 2001 V.
761 1945 1005 2001 Canones
1032 1943 1494 2001 Neocrcsarienses
1524 1943 1667 1999 num.
1700 1943 1786 1998 M.

657 2017 744 2073 Vl.
784 2017 1118 2084 Gangrenses
1149 2032 1295 2071 num.
1320 2018 1409 2082 ‘20,
1438 2031 1558 2071 cum
1586 2015 1812 2084 epistola
1842 2015 1908 2070 ad
1944 2015 2160 2085 cpisco-

583 2103 684 2213 gos
725 2088 992 2143 Armeniae
1029 2096 1082 2141 et
1124 2086 1366 2157 catalogo
1404 2087 1800 2157 episcoporum,
1851 2095 1912 2140 ut
1943 2086 1998 2141 in
2048 2085 2158 2140 lla-

625 2174 792 2213 riana.

625 2174 792 2214 riana.

657 2229 766 2285 Vll.
808 2229 1124 2285 Antiocheni
1148 2245 1294 2284 num.
1325 2228 1416 2294 25,
1443 2243 1564 2285 cum
1593 2227 1964 2299 episcoporum
1988 2227 2161 2283 nomi-

583 2299 741 2357 nibus
769 2314 836 2355 ex
863 2299 1126 2354 Hadriana
1148 2300 1452 2357 descriptis.

653 2370 788 2426 Vlll.
830 2371 1117 2425 Laodiceni
1143 2386 1295 2424 num.
1326 2370 1416 2424 59.

651 2441 745 2498 ιιι.
785 2440 1360 2510 Constantinopolitani
1397 2455 1546 2495 num.
1589 2440 1644 2504 5,
1686 2454 1807 2495 cum
1835 2438 2082 2511 symbolo
2105 2448 2160 2496 et

583 2511 1085 2578 subscriptionibus.

653 2581 722 2635 X.
760 2580 1228 2636 Chalcedonenses
1259 2595 1405 2635 num.
1434 2580 1525 2650 27,
1550 2595 1671 2637 cum
1701 2579 2013 2638 definitione
2034 2580 2158 2637 fidei

582 2660 638 2708 et
663 2653 1033 2719 episcoporum
1054 2653 1316 2721 catalogo.

652 2722 743 2777 XI.
784 2723 1130 2778 Sardicenses
1183 2738 1330 2777 num.
1375 2722 1467 2789 21,
1513 2737 1634 2778 cum
1678 2722 1865 2779 eadem
1922 2721 2157 2779 clausula

579 2807 738 2864 quam
766 2792 1131 2864 inrrHadrianis
1157 2808 1285 2849 mss.
1320 2793 1641 2850 notavimus.

652 2863 766 2919 XII.
807 2863 1042 2918 Tandem
1072 2863 1520 2932 Carthaginenses
1545 2878 1777 2920 canones
1806 2863 1858 2918 in
1883 2865 2015 2920 duas
2037 2879 2157 2933 par-

581 2942 664 2990 tes
693 2934 876 2990 divisi:
902 2934 1042 3003 quod
1070 2934 1350 2989 Hadriana:
1377 2935 1710 2991 collectionis
1738 2936 2012 3004 proprium
2045 2935 2157 2988 ani-

577 3005 984 3060 madvertimus.
998 3005 1231 3059 Primum
1251 3007 1392 3060 enim
1404 3005 1696 3068 afferuntur
1708 3020 1949 3061 canones
1964 3021 2151 3071 xxxtn,

575 3088 698 3130 cum
720 3076 1010 3145 praemissis
1039 3075 1376 3146 Dionysianis
1396 3077 1448 3130 in
1475 3075 1736 3130 Hadriana
1769 3077 1970 3145 pariter
1999 3090 2154 3130 rece-

574 3148 719 3215 ptis;
743 3147 988 3201 ultimum
1018 3161 1147 3202 vero
1169 3161 1428 3202 eanonem
1459 3148 1528 3202 ’ὀὸ
1565 3147 1985 3216 subscriptiones
2013 3148 2156 3216 excio

573 3201 749 3284 piunt.
797 3216 930 3270 Tum
969 3201 1216 3270 inseritur
1245 3231 1308 3271 ex
1345 3201 1628 3285 Hispanica
1664 3201 1981 3272 collectione
2022 3215 2158 3270 For-
2181 3201 2229 3263 C

574 3295 717 3339 mata
762 3286 914 3340 Attici
940 3285 1050 3340 (ΣΡ.
1085 3287 1272 3341 Postea
1314 3288 1582 3342 adduntur
1609 3287 1790 3354 caeteri
1831 3301 2066 3342 canones
2094 3302 2160 3341 cv

572 3371 641 3428 ex
670 3356 898 3428 diversis
938 3357 1176 3428 conciliis
1212 3357 1424 3423 Africae,
1455 3357 1544 3427 qui
1565 3359 1793 3428 primam
1822 3367 2023 3427 partem
2042 3359 2160 3413 col-

571 3425 824 3484 lectionis
855 3427 1132 3482 Hadriana:
1161 3425 1505 3482 concludunl.

644 3501 696 3553 5.
737 3499 868 3566 Quae
907 3513 1063 3566 porro
1109 3497 1402 3552 afferuntur
1440 3499 1541 3552 sub
1597 3499 1752 3554 titulo
1799 3498 2154 3555 conciliorum

571 3567 785 3638 Africae,
819 3567 1003 3623 Galliae
1033 3577 1089 3622 et
1120 3568 1408 3639 Hispaniae,
1449 3582 1667 3637 prorsus
1709 3581 1955 3639 excerpta
2003 3568 2156 3624 fuere

571 3653 642 3710 ex
664 3639 750 3694 illa
779 3639 1100 3695 colleczione
1149 3638 1432 3706 Hispanica
1464 3654 1582 3707 quae
1608 3638 1892 3694 Toletanas
1919 3639 2156 3710 synodos

570 3709 641 3764 ad
665 3710 924 3764 decimam
954 3710 1166 3763 tertiam
1198 3724 1384 3777 usque.
1415 3717 1470 3762 et
1496 3711 1876 3764 Bracarensem
1908 3709 2027 3762 anni
2050 3710 2157 3765 675

571 3782 798 3848 recepit.
827 3779 1062 3833 Africani
1085 3786 1260 3831 autem
1291 3793 1546 3840 canones,
1578 3778 1678 3832 etsi
1706 3781 1805 3833 sub
1831 3781 1983 3833 titulo
2021 3794 2152 3833 con-

569 3847 817 3904 ciliorum
849 3847 1068 3902 Graeciae
1093 3863 1159 3901 ex
1179 3848 1446 3901 Hadriana
1468 3857 1624 3902 antea
1645 3849 1898 3915 descripti
1923 3850 2150 3916 fuerint,

570 3931 696 3974 eum
725 3929 905 3974 tamen
935 3918 987 3988 in
1016 3917 1326 3972 collectione
1354 3919 1634 3988 Hispanica
1665 3919 1767 3973 alia
1799 3919 2066 3974 divisione
2089 3936 2157 3976 ac

570 4003 799 4045 numero
828 3987 1186 4058 proferantur,
1218 3987 1302 4042 hic
1334 3989 1433 4042 sub
1457 3987 1608 4042 titulo
1636 3990 1984 4045 conciliorum
2012 3991 2156 4045 Afri-

572 4073 653 4114 ca:
682 4074 746 4114 ex
775 4059 960 4114 eadem
1009 4058 1290 4127 Hispanica
1329 4059 1515 4113 eadem
1559 4061 1764 4115 ratione
1811 4060 2144 4116 exhibentur.

571 4127 710 4184 Vide
738 4144 857 4199 quae
885 4130 1186 4183 notavimus
1210 4127 1383 4197 capite
1423 4129 1741 4198 praecedenti
1788 4146 1935 4184 num.
1968 4132 2054 4196 iO,
2087 4148 2156 4188 ac“

573 4214 644 4255 ex
667 4199 748 4254 his
775 4199 1012 4254 omnium
1043 4199 1366 4270 synodorutn
1404 4207 1515 4254 tum
1555 4200 1764 4269 Africae,
1799 4208 1907 4255 tum
1938 4199 2146 4268 Galliae,

571 4278 683 4324 tum
701 4270 964 4339 HiSpaniee
976 4274 1168 4324 seriem
1184 4270 1284 4324 hoc
1296 4270 1414 4324 loco
1428 4279 1696 4339 receptam
1712 4286 2020 4339 cognosces.
2041 4272 2157 4328 Has

569 4355 705 4396 vero
732 4341 983 4412 synodos
1008 4355 1215 4412 noniex
1253 4340 1564 4406 lsidoriana,
1615 4340 1709 4394 sed
1751 4357 1817 4396 ex
1863 4342 2154 4411 Hispanica-

569 4411 889 4467 collectione
915 4411 1080 4466 fuisse
1106 4411 1424 4480 descriptas,
1454 4412 1713 4466 lectiones
1741 4413 2018 4481 explorate
2047 4414 2153 4467 do-

569 4492 816 4551 cuerunt.
841 4482 1014 4537 Unum
1042 4483 1365 4550 praecipuum
1385 4490 1441 4536 et
1462 4482 1680 4535 evidens
1701 4483 2002 4551 exemplum
2027 4499 2152 4550 pro-

567 4550 715 4622 l'erre
737 4552 984 4606 suftieiet.
1008 4552 1204 4622 omnes
1237 4553 1448 4607 codices
1477 4551 1762 4607 lsidoriani
1787 4550 1921 4622 ques
1947 4563 2152 4611 attente

567 4619 924 4694 inspeximus,
963 4622 1018 4676 in
1059 4621 1356 4694 Hispalensi
1392 4623 1626 4694 secunda
1655 4619 1862 4694 synodo
1885 4637 2148 4679 canoncm

569 4693 856 4760 septimum
912 4691 1283 4758 interpolatum
1325 4692 1631 4760 prmferunt.
1684 4691 1944 4748 intrusam
2005 4696 2148 4749 enim

567 4759 772 4816 habent
796 4761 878 4832 bis
911 4775 1100 4832 vocem
1129 4759 1617 4832 chorepiscopos,et
1660 4763 1714 4818 in
1759 4767 1863 4818 line
1907 4764 2146 4832 ejusdem

571 4832 794 4886 canonis
821 4831 1118 4903 addititium
1152 4846 1380 4899 pannum
1411 4831 1695 4887 exhibent:
1725 4851 1839 4903 qua:
1867 4831 2036 4887 omnia
2075 4839 2150 4890 eis

569 4917 605 4954 a
635 4903 760 4982 sede-
785 4902 1066 4982 apostolica
1099 4903 1353 4982 prohibita
1380 4902 1922 4982 _ess_e_n_oscuntur.rld
1966 4913 2147 4982 autem

567 4972 1199 5046 respicit_suppo_siti_tiam
1225 4972 1807 5046 Pseudoflsidorianam
1831 4972 2007 5046 [ccxv]
2033 4977 2149 5046 epi-

566 5045 760 5098 stolam
783 5042 992 5097 Damasi
1017 5042 1082 5096 ad
1107 5043 1386 5111 episcopos
1410 5043 1692 5098 Numidiae.
1717 5045 1808 5098 Hae
1824 5042 1951 5100 vero
1975 5042 2142 5100 inter-

563 5113 865 5182 polationes
912 5113 967 5167 in
1008 5113 1306 5182 Hispanicae
1335 5112 1662 5168 collectionis
1691 5129 1823 5170 mss.
1856 5115 2006 5169 libris
2047 5116 2142 5170 de-

562 5193 710 5254 sunt,
743 5192 802 5238 ut
829 5184 1004 5252 palam
1038 5184 1097 5254 fit
1122 5199 1198 5254 ex,
1216 5183 1451 5238 editione
1491 5184 1716 5246 Loaiste,
1745 5200 1865 5253 qua:
1889 5200 1955 5239 ex
1997 5187 2148 5254 puris

561 5252 871 5324 Hispanicis
895 5253 1288 5324 exemplaribus
1312 5262 1518 5324 sumpta
1542 5254 1638 5308 fuit
1665 5273 1677 5308 :
1701 5252 1803 5322 qua
1835 5257 1901 5308 de
1929 5252 2147 5312 re’vide

563 5323 695 5378 tom.
730 5325 772 5378 ll
796 5325 955 5392 hujus
975 5323 1227 5379 editionis
1252 5325 1356 5381 col.
1392 5323 1549 5389 1270,
1573 5332 1628 5380 et
1664 5325 1858 5381 ibidem
1903 5336 2137 5381 nostram

562 5405 745 5464 notam
777 5395 830 5449 5.
874 5393 1003 5450 Cum
1036 5409 1200 5463 porro
1228 5393 1313 5449 hae
1359 5395 1795 5464 interpolationes
1841 5410 1946 5450 non
1993 5397 2146 5451 iure-

561 5463 780 5534 piantur
822 5466 875 5519 in
915 5465 1164 5534 praesenti
1207 5463 1520 5520 collectione
1551 5465 1669 5520 Vat.
1703 5465 1859 5529 1558,
1895 5465 2031 5522 hinc
2073 5483 2142 5522 ex

563 5531 888 5602 Hispanicis,
917 5531 1022 5590 non
1053 5549 1183 5590 vero
1210 5551 1277 5590 ex
1317 5533 1629 5589 lsidorianis
1653 5536 1946 5600 codicibus,
1977 5552 2148 5593 cano-

560 5614 666 5674 nes
704 5605 1050 5660 conciliorum
1089 5604 1299 5671 Africae,
1344 5604 1529 5661 Gallia:
1583 5615 1638 5660 et
1679 5605 1944 5674 Hispania:
1988 5621 2144 5664 rece-

565 5672 715 5741 pisse
743 5675 1076 5730 manifestum
1104 5685 1206 5730 est.

637 5741 774 5817 4._ln
796 5745 1024 5817 secunda
1047 5755 1219 5817 parte,
1241 5761 1361 5816 quae
1377 5746 1700 5817 apostolicus
1719 5748 2137 5805 constitutiones

565 5813 830 5880 continet,
847 5813 930 5870 hac
947 5831 1011 5872 ex
1031 5813 1144 5873 Sola
1166 5813 1434 5874 Hadriana
1458 5819 1772 5875 collectione
1798 5820 2136 5887 transcripta:

1607 5942 1645 5954 σ-ιπ
1657 5945 1691 5957 ’.ε
1699 5945 1754 5957 ιπη-
1766 5953 1810 5965 ..Α

1533 347 1621 404 AD
1657 345 1887 405 OPERA
1924 341 1980 404 S.
2024 339 2265 404 LEONIS
2304 341 2512 403 MAGNI
2552 343 2912 402 APPENDIX.

3683 358 3762 418 ιω

2193 465 2246 527 Α
2267 485 2507 558 fuerunt.
2547 485 2679 558 Cum
2707 500 2836 558 vero
2863 482 3031 558 codex
3063 482 3116 538 in
3149 483 3251 558 _fine
3275 484 3344 558 sit
3371 487 3586 556 mutilus,
3611 492 3762 558 desinit

2247 555 2318 618 _in
2348 555 2543 613 Leonis
2572 557 2796 628 epistola
2826 555 2891 610 ad
2915 555 3254 611 Anastasium
3273 555 3759 627 ThessaloniCensen.

2862 664 3087 721 CAPUT
3141 665 3224 723 Vl.

2560 759 2638 814 De
2663 758 2955 814 collectione
2985 756 3178 814 Isidori
3203 758 3512 819 Mercatoris.

2260 849 2290 924 §
2319 849 2708 926 l.’De_spuriis
2747 849 2904 926 hujus
2937 849 3586 926 collectionisudocumentis.
3634 861 3762 926 Qum

2331 937 2443 1000 sero
2480 921 2763 1000 impostura
2792 922 3005 1000 detecta.
3044 921 3189 1000 llum
3231 921 3541 1000 Nicotaus]
3565 921 3762 1000 οίαῖιηοάε

2332 989 2678 1045 collectionem
2708 989 3023 1061 approbarit.
3055 990 3270 1047 Potiora
3297 989 3629 1066 suppositionis
3645 1017 3763 1062 am-

2330 1071 2498 1116 menta
2517 1069 2888 1132 proponuntur.

2337 1173 2386 1246 1.
2416 1171 2672 1228 Collectio
2699 1173 2888 1228 lsidori
2922 1175 3227 1230 Mercatoris
3249 1177 3629 1246 praecedentium
3654 1181 3764 1237 locu-

2263 1243 2536 1318 pletioreo
2552 1246 2855 1318 _prtesertim
2877 1246 3033 1300 titulo
3054 1243 3414 1318 distinguitur,
3438 1251 3563 1318 quod
3579 1251 3762 1318 pluribus

2262 1316 2611 1384 supposititiis
2629 1315 2962 1370 documentis
2984 1315 3177 1371 referta
3210 1315 3309 1372 est.
3344 1315 3761 1377 Vetustissimorum

2263 1385 2628 1439 Romanorum
2671 1387 2980 1454 pontificum
3031 1401 3062 1440 a
3093 1387 3150 1443 S.
3184 1387 3452 1442 Clemente
3475 1389 3534 1443 ad
3560 1389 3609 1444 S.
3636 1390 3764 1446 Silve-

2263 1465 2655 1528 strumusque,
2688 1470 2939 1528 _quorum
2969 1457 3110 1528 nulla
3139 1466 3348 1512 exstant
3373 1459 3598 1522 decreta,
3629 1462 3764 1528 plures

2263 1526 2517 1598 epistolas
2567 1526 2782 1598 praefert
2829 1543 2844 1581 :
2897 1527 3118 1596 aliisque
3167 1529 3492 1596 pontificibus
3543 1526 3682 1598 usque
3715 1531 3763 1587 ad

2263 1595 2840 1669 Gregoriumliaguum
2862 1595 3066 1669 aliquas
3088 1595 3212 1653 item
3237 1599 3479 1666 imponit,
3500 1613 3558 1654 ac
3573 1595 3765 1669 genuinis

2263 1665 2554 1740 interserit.
2586 1667 2772 1721 Mirum
2803 1676 2886 1722 est
2910 1665 3014 1721 tam
3039 1667 3300 1740 insignem
3318 1665 3654 1737 impostura'm,
3675 1686 3762 1740 quae

2265 1751 2371 1790 non
2413 1738 2643 1802 sensim,
2687 1752 2786 1792 nec
2825 1752 2922 1806 per
2948 1748 3147 1804 partes,
3191 1739 3285 1794 sed
3316 1754 3418 1793 uno
3460 1740 3511 1794 in
3539 1740 3654 1795 libro
3685 1738 3763 1795 tota

2264 1807 2423 1879 simul
2453 1806 2681 1879 prodiit,
2705 1822 2828 1879 non
2862 1807 3040 1862 statim
3085 1808 3250 1865 fuisse
3287 1809 3554 1865 detectam.
3604 1810 3764 1879 Aliquid

2266 1877 2590 1946 suspicionis
2638 1878 2938 1933 suboluisse
2985 1879 3221 1934 creditur
3257 1880 3529 1934 Hincmaro
3567 1877 3764 1938 Remensi

2265 1947 2491 2017 aliisque
2517 1946 2800 2019 Gallicanis
2828 1950 3092 2019 episcopis
3119 1952 3208 2019 qui
3235 1951 3300 2003 ad
3325 1950 3579 2004 Nicolaum
3612 1951 3627 2003 l
3659 1953 3759 2004 scri-

2263 2026 2505 2087 pserunt.
2539 2017 2730 2072 Verum
2765 2019 2818 2072 hi
2851 2017 3047 2072 nullam
3095 2017 3340 2076 falsitatis
3365 2020 3700 2075 dubitationem
3723 2020 3761 2076 in

2264 2087 2505 2142 animum
2543 2088 2813 2144 induxisse
2852 2090 3130 2155 videntur,
3166 2090 3261 2145 sed
3291 2106 3356 2146 eo
3383 2101 3568 2144 tantum
3602 2091 3765 2146 nomine

2265 2158 2648 2230 ipsisepistolis
2665 2160 3034 2214 auctoritatem
3052 2160 3388 2216 adimendam
3403 2170 3643 2230 putarunt,
3655 2162 3759 2228 quis,

2263 2227 2595 2298 inquiebant,
2613 2230 2666 2282 in
2678 2230 2849 2284 codice
2867 2246 3118 2284 canonum
3140 2247 3245 2284 non
3261 2227 3547 2285 haberentur
3557 2233 3760 2296 ascripta:

2264 2299 2517 2352 nimirum
2559 2300 2680 2368 quia
2725 2315 2830 2354 non
2876 2310 3028 2354 erant
3069 2301 3122 2355 in
3167 2301 3483 2357 collectione
3523 2302 3759 2363 Hadriana,

2263 2385 2423 2436 quam
2455 2369 2556 2423 hoc
2600 2378 2838 2438 tempore
2867 2371 3223 2425 Ecclesiarum
3255 2388 3350 2427 usu
3379 2381 3620 2439 receptam
3645 2369 3760 2424 Codi-

2263 2454 2386 2510 cemg
2418 2455 2670 2493 canonum
2715 2441 3072 2510 appellabant.
3120 2441 3250 2497 Jure
3291 2451 3460 2498 autem
3493 2441 3694 2496 Nicolaus
3712 2440 3759 2493 ad

2262 2509 2497 2584 eosdem
2523 2509 2821 2584 resciibens
2874 2510 3150 2584 (Nicolaus
3183 2513 3225 2578 l,
3273 2514 3417 2584 epist.
3459 2512 3522 2567 42
3557 2513 3616 2565 ad
3643 2511 3756 2584 epist}.

2263 2578 2453 2650 (ἐσίω,
2483 2579 2621 2633 hanc
2651 2582 2819 2635 solam
2849 2578 3110 2637 rationem
3139 2578 3596 2638 nihili'faciendam
3627 2578 3757 2635 credi-

2261 2649 2380 2724 dit,
2407 2665 2528 2705 cum
2561 2666 2665 2704 non
2705 2666 2892 2724 omnes
2919 2651 3283 2708 Romanorum
3321 2654 3604 2724 pontiﬁcum
3628 2650 3758 2724 εἱειει-

2260 2722 2505 2791 rissimze
2540 2723 2863 2791 caeteroquin
2917 2720 3362 2787 constitutiones,
3406 2725 3494 2779 sed
3537 2720 3758 2791 admodum

2263 2806 2448 2864 paucae
2472 2789 2524 2845 iii
2550 2806 2612 2864 ea
2630 2789 2957 2864 collectione
2989 2795 3261 2861 legantur;
3293 2795 3542 2864 iidemque
3565 2790 3760 2864 Gallicani

2260 2863 2519 2936 episcOpi,
2551 2861 2638 2936 ubi
2665 2879 2772 2936 ante
2797 2864 3067 2936 intentioni
3091 2865 3201 2918 lucc
3236 2861 3490 2936 (priorum
3519 2862 3760 2936 pontificum

2260 2931 2569 3002 decretalia)
2620 2932 2896 3003 suffragari
2949 2931 3300 3003 conspiciunt,
3347 2937 3447 2990 illis
3487 2933 3762 3003 indi/feratur

2259 3011 2487 3056 utantur.
2535 3003 2668 3056 (lum
2701 3002 2830 3058 vero
2869 3003 2943 3058 illi
2979 3002 3194 3060 easdem
3227 3007 3514 3061 decretales
3537 3002 3759 3074 epistolas.

2261 3075 2363 3127 etsi
2396 3074 2448 3127 in
2479 3081 2744 3145 eanonum
2765 3075 2949 3129 codice
2978 3087 3083 3129 non
3105 3076 3426 3145 descriptas,
3453 3091 3510 3130 ac
3533 3077 3762 3145 minuset:-

2260 3150 2441 3216 ceptus
2471 3143 2741 3216 traderent
2763 3185 2779 3212 ,
2811 3160 2934 3216 _non
2967 3153 3142 3200 tamen
3172 3141 3420 3216 spurias,’
3447 3145 3529 3201 sed
3561 3141 3764 3216 genuinas

2266 3209 2545 3285 haberent,
2569 3215 2701 3269 adeo
2723 3209 2780 3268 ut
2808 3214 2957 3285 ipsis,
2981 3231 3100 3270 cum
3133 3209 3355 3285 libebat,
3380 3209 3636 3277 uterentur;
3651 3209 3762 3285 idem

2267 3284 2539 3355 pontifex,
2588 3286 2677 3355 qui
2710 3283 2843 3359 illas:
2863 3301 2927 3359 ex
2975 3288 3088 3342 sola
3131 3283 3520 3344 Gallicanorum
3561 3283 3764 3359 relatione

2265 3351 2621 3428 cognoverat,
2652 3354 2793 3428 nihil
2813 3355 2880 3412 de
2908 3358 3201 3427 impostura
3253 3359 3538 3428 suspicatus
3569 3351 3763 3426 (quandiu

2265 3427 2396 3498 nihil
2437 3425 2649 3498 aliunde
2677 3425 2999 3498 all‘ulgeret),
3029 3429 3319 3494 repudiare
3348 3425 3458 3484 ‘non
3485 3425 3650 3497 potuit;
3688 3433 3761 3476 nec

2265 3497 2382 3569 ejus
2413 3497 2571 3552 verba
2609 3497 2817 3567 quibus
2839 3513 2928 3552 eas
2959 3499 3358 3568 quodammodo
3404 3499 3597 3569 videtur
3621 3505 3766 3569 appro:

2264 3567 2426 3642 basse
2448 3610 2462 3634 ,
2491 3640 2497 3642 Α
2523 3570 2570 3642 ei
2617 3565 3015 3636 prtesumplioni
3073 3571 3303 3624 subnixa
3323 3613 3339 3635 ,
3389 3585 3536 3642 quam
3565 3565 3763 3642 Gallicini

2265 3637 2501 3711 episcopi
2535 3634 2898 3711 ingesserunt,
2928 3654 3024 3708 pro
3052 3655 3288 3711 veraac,
3320 3634 3540 3711 legitima
3567 3634 3766 3711 approba-

2264 3709 2413 3762 tione
2439 3710 2603 3775 accipi
2635 3718 2866 3778 queunt,
2892 3725 3012 3777 qua“:
3038 3712 3152 3765 sine
3178 3708 3417 3780 ipsarum
3459 3708 3762 3780 epistularum.

2264 3771 2709 3852 quibuscareb'at
2733 3821 2750 3846 ,
2781 3771 3008 3852 lectione
3039 3771 3283 3850 przestari
3329 3799 3430 3836 non
3462 3771 3659 3852 poterat.
3687 3771 3765 3852 illis

2264 3845 2442 3903 autem
2471 3845 2742 3904 Nicolaum
2769 3851 3008 3905 caruisse
3028 3845 3252 3907 evidens
3279 3868 3346 3908 ex
3367 3868 3431 3908 eo
3464 3845 3556 3914 'fit,
3587 3845 3700 3916 quod
3728 3845 3763 3892 in

2263 3921 2376 3993 suis
2409 3921 2678 3993 epistolis,
2703 3921 2788 3975 ubi
2818 3935 2908 3975 eas
2933 3922 3192 3993 allegandi
3226 3923 3502 3993 multiplex
3538 3919 3622 3993 fuit
3649 3927 3764 3969 occa-

2263 3990 2368 4064 _sio,
2402 3992 2505 4044 alia
2527 3991 2845 4064 documenta
2868 3989 3147 4064 sollicitius
3176 3989 3442 4063 exquisita
3471 3989 3656 4064 laudet.
3679 3995 3766 4064 qum

2217 4101 2224 4106 .
2262 4061 2321 4114 in
2343 4075 2603 4115 canonum
2628 4062 2814 4116 codice
2844 4076 2949 4116 non
2981 4060 3355 4130 inveniuntur;
3391 4073 3444 4119 et
3470 4060 3627 4116 laudet
3647 4060 3766 4130 etiam

2263 4131 2506 4202 quaedam
2538 4133 2863 4202 apocrypha,
2889 4147 3006 4201 qua:
3026 4134 3153 4188 olim
3180 4127 3406 4188 conficta
3433 4143 3580 4202 atque
3606 4127 3766 4195 vulgata

2265 4200 2320 4254 in
2347 4203 2676 4274 antiquiores
2701 4200 3043 4274 coliectiones
3073 4207 3429 4274 irrepserant,
3475 4200 3675 4274 utisunt
3701 4207 3769 4261 sy°

2262 4271 2437 4346 nodus
2462 4276 2519 4346 ξ.
2552 4272 2819 4346 silvestri,
2849 4273 2952 4346 alia
2974 4271 3331 4346 _Sinvessana,
3360 4283 3500 4346 gesta
3528 4271 3588 4326 de
3627 4277 3771 4346 purgaf

2263 4340 2612 4414 t_ionengsti
2666 4343 2729 4396 Ill
2775 4351 2830 4398 et
2868 4343 2934 4397 de
2973 4344 3289 4414 Polycronio
3341 4340 3642 4414 {nunquam
3674 4343 3774 4389 vero

2265 4410 2818 4466 Pseudo-Isidorianis
2861 4410 3215 4469 decretalibus
3253 4429 3386 4470 usus
3423 4410 3639 4469 sitillas
3676 4415 3771 4460 sane

2263 4480 2431 4553 Leoni
2464 4481 2528 4536 IV
2562 4484 2868 4538 immediato
2893 4483 3008 4552 ejus
3039 4485 3418 4552 praedecessori
3449 4482 3661 4553 cognitas
3693 4484 3772 4553 n90

2261 4550 2427 4606 fuisse
2463 4561 2606 4622 patet
2636 4568 2700 4607 ex
2725 4555 2840 4622 ejus
2871 4543 3092 4623 epistola
3124 4555 3190 4609 ad
3218 4543 3588 4621 Britannosfin
3606 4560 3690 4620 qua
3705 4543 3774 4598 (ιε’

2261 4623 2480 4696 crotalia
2524 4624 2574 4677 in
2619 4623 2802 4696 codice
2837 4638 3102 4678 canonum
3141 4635 3393 4681 contenta
3431 4631 3717 4696 recenseam,
3741 4624 3770 4696 ,ἦ

2260 4692 2522 4748 Silvestro
2548 4693 2851 4759 exorditur,
2882 4703 2936 4750 et
2961 4705 3151 4750 caetera
3187 4695 3470 4751 Hadriana:
3500 4691 3774 4759 collectionis

2258 4763 2340 4838 ita
2362 4775 2779 4838 commemorat,
2811 4750 2938 4819 utsi
2976 4764 3102 4838 quid
3145 4750 3346 4836 negotii
3375 4750 3769 4838 incur‘rat.__tttltid

2259 4833 2371 4888 illis
2396 4834 2602 4904 dirimi
2636 4827 2892 4904 nequeat,
2947 4827 3012 4888 ad
3044 4827 3352 4892 sancto'rum
3400 4840 3599 4890 Patrum
3625 4827 3770 4904 Hie}?

2261 4903 2430 4975 nytni,
2461 4895 2761 4975 Augustini,
2795 4895 2924 4972 elei,
2955 4907 3158 4973 scripta
3186 4906 3590 4975 confugiendum
3614 4895 3771 4975 tradat;

2261 4922 2430 4975 nynu,
2461 4922 2761 4974 Augustini,
2795 4922 2924 4972 ete.,
2955 4922 3158 4973 scripta
3186 4922 3348 4962 contu
3389 4922 3590 4962 tenuum
3615 4922 3771 4953 tranat,

2259 4989 2361 5029 nec
2383 4975 2449 5028 de
2487 4976 2604 5028 aliis
2639 4974 2864 5043 vulgatis
2892 4975 3248 5032 decretalibus
3289 4922 3535 5032 ingicium
3571 4968 3772 5043 parite-alo

2332 5046 2386 5099 2.
2415 5045 2601 5098 Plures
2627 5034 2841 5114 quidem
2870 5046 3176 5114 impostura:
3193 5047 3528 5102 characteres
3544 5034 3592 5114 in
3615 5038 3685 5092 his
3698 5034 3770 5114 de;

2255 5115 2548 5170 cretalibus
2577 5111 2800 5189 aliisque
2830 5111 3136 5189 lsidorianis
3157 5115 3358 5189 [ccxvr]
3379 5113 3626 5189 mercibus
3643 5111 3771 5189 cordt-

2253 5193 2474 5248 nentur,
2498 5200 2616 5254 quae
2637 5181 2913 5241 ad'carum
2934 5181 3216 5242 falsitatem
3236 5189 3290 5242 in
3314 5181 3430 5255 ipso
3444 5194 3558 5241 ortu
3574 5181 3772 5255 detegepj

2249 5255 2380 5310 dam
2411 5243 2640 5331 attentos
2660 5265 2710 5312 et
2735 5257 2931 5326 peritos
2965 5256 3205 5312 homines
3223 5243 3383 5331 facile
3405 5243 3702 5331 induceret“?

2257 5340 2322 5380 ea
2349 5336 2462 5380 erat
2500 5326 2707 5382 illorum
2735 5320 3032 5392 iemporum
3063 5336 3118 5382 et
3147 5328 3455 5396 scquiorum
3481 5321 3709 5396 conditio.
3728 5320 3772 5365 ιιι

2257 5397 2412 5465 pauci
2444 5406 2623 5467 essent
2652 5399 2738 5467 qui
2763 5386 2948 5465 puram
2974 5386 3278 5452 remotioris
3303 5393 3616 5466 antiquitatis
3642 5386 3770 5467 habe:

2259 5456 2380 5522 i‘ent
2403 5456 2741 5528 notitiamfet
2764 5456 2996 5521 sanioris
3015 5469 3227 5522 critices
3250 5483 3407 5522 usum
3431 5456 3593 5521 facere
3615 5456 3770 5515 vellem

2253 5547 2352 5591 aut
2386 5537 2862 5614 possenl.__Primns
2890 5538 2978 5614 qui
3009 5553 3189 5614 earum
3223 5536 3628 5614 suppositionem
3660 5537 3770 5614 tibi:

2255 5610 2426 5661 sensit
2467 5617 2519 5662 et
2551 5608 2832 5667 indicavit.
2884 5605 2983 5662 fuit
3009 5605 3308 5663 cardinalis
3325 5605 3394 5663 de
3422 5605 3554 5676 Cosa
3576 5605 3620 5656 in
3641 5606 3769 5676 opere

2253 5676 2631 5732 Coucordantia
2669 5677 2921 5732 catholica
2947 5679 3060 5745 lib.,
3094 5695 3169 5743 ιιι,
3201 5693 3251 5731 c.
3286 5677 3341 5731 2.
3374 5674 3610 5745 Wiclefus
3631 5674 3766 5745 enim,

2250 5750 2343 5816 qui
2381 5759 2504 5821 ante
2545 5750 2716 5818 ipsum
2756 5749 2980 5821 effutivit
3029 5737 3390 5821 _Decretales
3443 5742 3649 5821 ερὶξιοζαξ
3679 5737 3766 5821 ‘ffff

2250 5803 2580 5889 tipocryplue:
2608 5829 2653 5874 et
2683 5820 2927 5874 seducunt
2959 5836 2988 5874 a
3019 5817 3204 5876 Christi
3231 5819 3373 5892 ﬁde,
3421 5803 3643 5876 et'clcrici
3676 5803 3766 5866 ⁸⁸³⁸

2169 5892 2218 5916 Δ

2190 1833 2241 1896 Β
