3978 6342
218 451 318 512 2H

763 451 850 511 DE
887 450 1113 522 ANTIQ.
1151 452 1598 514 COLLECTION.
1639 456 1727 514 ET
1763 457 2187 523 COLLECTOR.
2228 469 2581 530 CANONUM.
2623 475 2801 533 PARS
2840 478 2929 536 III.

3363 483 3472 540 212

215 568 1803 663 9.9,‘33333-ffugﬂfﬁ‘fifff'l3?}.9?“"5’.“3"3§i'3]§§d97°
1828 578 1880 640 Α
1909 590 2120 663 BERN”
2158 588 2516 663 φηνῖηεὶιυτν
2552 606 2613 646 ac
2638 608 2700 647 θι
2740 594 2854 663 ipso
2903 597 3306 663 resnnnsiomlm
3339 614 3472 654 cnn-

211 638 475 699 conﬁct'as
504 639 558 694 in
589 638 949 710 suspicionem
975 640 1272 706 adducere,
1303 641 1397 697 sed
1429 644 1666 698 omnium
1706 645 1800 700 de-

212 711 497 773 cretalium
526 713 899 766 auctoritatem
929 721 1169 767 evertere
1197 712 1486 767 nitebatur.
1537 715 1660 770 Post
1688 715 1801 770 Cu-

214 798 408 842 sanum
429 796 558 838 vero
584 779 781 837 sensim
805 781 893 836 alii
923 781 1102 851 plures
1121 783 1358 850 excitati,
1396 784 1530 838 adeo
1551 786 1713 840 multa
1742 795 1798 841 et

217 857 376 910 ﬁrma
401 853 470 909 ad
498 853 918 922 suppositionem
937 853 1262 922 probandam
1285 854 1576 910 attulerunt
1605 858 1654 910 in
1679 873 1795 910 me-

216 927 390 992 dium,
421 933 478 979 ut
503 938 660 979 nemo
682 925 793 993 jam
819 923 887 979 de
915 923 1224 994 imposturis
1251 925 1512 994 ejusmodi
1533 927 1654 996 jure
1676 943 1801 997 pos-

216 999 290 1051 sit
310 995 606 1051 ambittere.

215 999 290 1053 sit
310 995 606 1053 ambiaere.

289 1011 633 1124 algggzma
652 1065 955 1136 imposturte
979 1076 1287 1137 argumenta
1309 1069 1438 1122 satis
1458 1069 1527 1124 sit
1555 1070 1638 1125 hic
1663 1070 1799 1125 deli-

216 1137 732 1219 baretiionleveest
752 1137 878 1219 illud
893 1137 1034 1219 quod
1060 1154 1126 1194 ex
1153 1141 1260 1209 ipsa
1286 1138 1595 1219 praefatione
1615 1142 1796 1209 prodi-

215 1218 329 1266 tur.
364 1210 489 1264 llaec
514 1209 565 1280 in
593 1209 749 1263 titulo
767 1209 1070 1280 inscribitur
1085 1219 1268 1264 sancto
1284 1209 1488 1264 Isidoro
1514 1212 1764 1280 episcopo
1782 1254 1798 1279 ,

213 1295 378 1351 quem
408 1279 622 1349 quidem
643 1280 952 1351 episcOpum
974 1279 1134 1334 etiam
1163 1280 1400 1335 declarat
1428 1281 1514 1334 illa
1545 1281 1657 1349 ipsa
1685 1279 1798 1338 fur-

214 1350 364 1406 ruula
390 1351 686 1422 praelationi
711 1350 931 1418 inserta,
955 1366 1059 1420 qua
1093 1353 1374 1420 episcopos
1395 1353 1580 1422 fratres
1600 1364 1798 1407 nostros

213 1421 476 1503 appellat.
503 1421 792 1503 Hispan'um
815 1436 944 1503 vero
972 1423 1379 1503 praeierunt‘illa.
1395 1421 1634 1503 ejusdem
1659 1439 1800 1493 prae-

159 1557 170 1561 __
213 1489 436 1548 fationis
456 1489 621 1564 verba
653 1507 664 1544 :
689 1489 754 1545 In
776 1489 1027 1564 principio
1052 1508 1166 1564 uero
1191 1489 1462 1546 uoluminis
1490 1495 1641 1564 hujus
1660 1489 1796 1564 qua-

212 1564 334 1618 liter
362 1563 634 1616 concilium
665 1577 799 1618 aeuo
828 1576 924 1635 nos
948 1561 1247 1626 celebretur,
1275 1561 1589 1635 posuimus:
1613 1561 1801 1620 subdi-

213 1642 306 1688 tur
330 1643 512 1688 autem
552 1643 673 1701 post
706 1634 1069 1702 praelationem
1103 1637 1226 1690 ordo
1269 1633 1559 1688 celebrandi
1593 1637 1798 1690 concilii

212 1713 464 1776 sumptus
480 1718 550 1776 ex
567 1704 772 1776 synodo
788 1703 1040 1758 Toletana
1059 1719 1132 1772 tv,
1158 1719 1207 1759 c.
1225 1704 1279 1758 4.
1303 1705 1433 1773 Quis
1459 1713 1634 1760 autem
1660 1708 1798 1762 alius

212 1775 458 1830 Isidorus
480 1775 767 1845 Hispanus,
791 1783 847 1828 et
872 1776 1161 1845 cpiscopus,
1190 1785 1244 1829 et
1273 1785 1493 1841 sanctus,
1527 1777 1626 1831 nisi
1655 1777 1796 1832 cele-

212 1847 329 1902 bris
357 1845 448 1901 ille
469 1845 529 1901 S.
556 1846 791 1902 Isidorus
819 1846 1100 1917 episcopus
1124 1847 1451 1917 liispalensis
1471 1847 1556 1901 cui
1580 1849 1794 1917 quidem

212 1918 461 1974 eamdem
493 1917 860 1973 collectionem
878 1916 963 1970 vix
994 1917 1214 1984 editam,
1243 1916 1293 1971 id
1317 1927 1398 1972 est
1418 1932 1561 1974 nono
1575 1916 1794 1985 saeculo,

212 2004 284 2044 ex
327 1989 520 2043 eadem
549 1990 732 2058 utique
763 1988 1070 2057 praefatione
1109 1989 1266 2057 vulgo
1305 1987 1471 2042 fuisse
1506 1990 1794 2057 ascriptam

212 2059 347 2114 satis
373 2060 717 2128 cognoscitur
741 2073 807 2113 ex
838 2058 1106 2113 Hincmari
1137 2059 1415 2114 Bernensis
1458 2059 1615 2128 epist.
1655 2061 1706 2126 7,
1742 2076 1791 2115 c.

213 2129 319 2184 ὶΞῖ
355 2130 488 2197 Quae
532 2139 711 2185 autem
743 2129 913 2198 major
956 2131 1248 2197 impostura
1285 2145 1442 2198 quam
1485 2131 1542 2186 S.
1590 2130 1793 2186 Isidoro

214 2199 521 2268 Hispalensi
543 2203 798 2271 episcopo
818 2199 1190 2256 collectionem
1220 2200 1450 2255 tribuere
1481 2212 1602 2255 octo
1629 2201 1793 2256 'I‘ole-

215 2280 341 2326 tana
361 2272 586 2326 concilia
619 2271 982 2327 continentem
1013 2287 1041 2323 a
1073 2287 1103 2322 v
1135 2271 1199 2324 ad
1228 2286 1351 2335 xui,
1383 2280 1436 2325 et
1464 2288 1624 2326 unum
1669 2274 1795 2326 Bra-

215 2355 468 2407 carense,
491 2356 610 2412 qua
647 2349 767 2408 post
790 2343 957 2410 ipsius
987 2351 1213 2397 mortem
1251 2341 1516 2412 celebrata
1549 2343 1791 2409 fuerunt;

215 2422 276 2468 et
294 2413 479 2468 eodem
497 2411 908 2468 anachronismo
923 2414 973 2467 in
997 2412 1110 2480 ipsa
1132 2411 1442 2482 praefatione
1461 2414 1789 2470 mentionem

215 2484 398 2538 facere
425 2485 639 2539 concilii
668 2500 719 2539 vi
749 2484 1086 2544 mcumenici.
1110 2483 1248 2554 quod
1272 2483 1331 2554 S.
1361 2483 1564 2539 Isidoro
1584 2486 1794 2542 vivente

211 2555 453 2610 nondum
484 2555 722 2610 habitum
754 2555 961 2610 fuerat?
988 2553 1294 2624 Quidquod
1331 2555 1382 2608 in
1406 2555 1649 2623 epistolis
1675 2571 1794 2626 quze

210 2625 506 2696 afﬁguntur
536 2627 726 2696 priscis
747 2626 905 2681 trium
928 2628 1164 2696 priurum
1189 2627 1505 2680 saeculorum
1530 2625 1795 2694 pontiﬁci-

209 2697 344 2761 bus,
387 2698 543 2765 plura
579 2711 748 2752 sacrm
780 2698 1072 2765 Scriptura:
1120 2696 1424 2751 testimonia
1453 2697 1698 2766 leguntur
1727 2715 1793 2754 ex

210 2767 465 2840 versione
486 2769 545 2823 S.
569 2768 1043 2840 Hieronymi.’qua3
1065 2769 1326 2840 posterius
1342 2769 1479 2822 edita
1501 2767 1630 2822 fuit?
1655 2769 1791 2834 Quid

214 2839 362 2908 quod
396 2839 669 2909 pleraeque
701 2839 1014 2894 consulares
1041 2849 1182 2894 noue
1214 2839 1400 2892 iisdem
1432 2840 1673 2907 epistolis
1699 2855 1795 2908 ap-

209 2924 400 3034 pensa:
427 2911 514 2965 vel
543 2911 795 2965 consules
822 2911 1088 2974 referunt,
1118 2909 1204 2979 qui
1236 2911 1287 2962 in
1317 2911 1464 2964 lastis
1492 2911 1790 2964 consulari-

250 2995 314 3034 us
342 2996 620 3034 nunquam
652 2981 888 3034 fuerunt.
916 2981 1001 3034 vel
1029 2983 1073 3034 si
1126 2980 1468 3034 inveniuntur
1513 2981 1564 3034 in
1604 2981 1754 3034 fastis
1774 3025 1790 3034 .

250 2995 314 3036 us
342 2996 620 3051 nunquam
652 2981 888 3047 fuerunt,
916 2981 1001 3035 vel
1029 2983 1073 3036 si
1126 2980 1468 3035 inveniuntur
1513 2981 1564 3034 in
1604 2981 1754 3034 fastis
1774 3025 1790 3050 ,

210 3067 334 3105 cum
380 3053 648 3122 pontilicis
696 3054 937 3118 epistolae
981 3051 1214 3107 auctoris
1253 3061 1411 3106 :etate
1457 3066 1792 3122 nequaquam

209 3122 570 3178 concordant?
591 3123 742 3178 Adde
771 3123 1174 3192 magistratuum
1197 3123 1421 3176 conlicta
1445 3122 1680 3186 nomina,
1709 3139 1795 3175 ar-

208 3191 592 3264 chiﬂaminum,
621 3191 902 3264 primorum
928 3194 1194 3264 ﬂaminum
1213 3233 1229 3258 ,
1254 3203 1383 3258 etc.,
1412 3201 1466 3246 et
1490 3207 1650 3248 voces
1684 3194 1794 3260 yri-

208 3278 456 3316 matuum
476 3304 492 3328 ,
518 3266 1007 3332 arclticpiswporum
1030 3307 1045 3331 ,
1079 3265 1548 3336 apocrisiariorum,
1580 3281 1697 3331 quae
1724 3264 1792 3317 ab

209 3343 389 3404 aetate
444 3349 508 3389 ac
552 3351 648 3390 usu
688 3349 923 3390 veterum
965 3336 1176 3390 illorum
1224 3335 1532 3404 pontiﬁcum
1577 3336 1796 3390 omnino

214 3403 402 3475 aliena
443 3407 662 3475 quisque
694 3410 774 3462 vel
815 3407 1005 3462 leviter
1045 3408 1096 3461 in
1130 3403 1345 3475 antiqua
1373 3406 1595 3460 historia
1626 3417 1679 3460 et
1719 3408 1817 3475 di-;

214 3420 402 3459 auena
443 3420 562 3472 quis
599 3421 662 3460 ue
694 3420 774 3462 vet
815 3420 1005 3462 leviter
1045 3422 1096 3461 m
1130 3420 1345 3475 antiqua
1373 3420 1595 3460 historia
1626 3420 1679 3460 et
1719 3420 1812 3460 (ιι-ι

211 3474 452 3544 sciplina
486 3420 838 3532 ecc1esiastica
872 3487 1114 3534 versatus
1147 3476 1299 3531 facile
1339 3476 1614 3546 intelliget.
1648 3467 1812 3534 Adde'

203 3549 366 3614 quod
419 3547 616 3602 nullum
648 3551 946 3617 priscorum
990 3563 1198 3603 morum
1231 3548 1482 3602 indicium
1508 3590 1523 3614 ,
1574 3547 1801 3615 plurima

202 3626 398 3673 autem
433 3619 744 3690 posterioris
770 3618 1064 3690 disciplinae
1099 3620 1151 3674 in
1183 3618 1371 3690 iisdem
1401 3617 1594 3690 litteris
1629 3621 1803 3674 conti-
1830 3661 1835 3666 .

203 3699 438 3744 nentur.
465 3688 581 3745 Alia
614 3705 720 3745 non
749 3688 921 3759 pauca
942 3697 1252 3760 argumenta
1284 3688 1374 3743 alii
1405 3689 1618 3743 uberius
1648 3699 1801 3745 nota-
1827 3698 1832 3702 ”

200 3770 364 3830 runt,
392 3775 514 3829 quae
543 3760 748 3816 referre
779 3764 888 3816 nec‘
902 3771 1076 3826 vacat,
1109 3774 1208 3816 nec
1237 3775 1372 3830 opus
1400 3770 1502 3813 est.
1760 3797 1768 3805 .

284 3829 341 3884 4.
378 3831 494 3886 Duo
517 3841 724 3886 tantum
755 3831 1045 3887 omittenda
1072 3846 1176 3886 non
1207 3829 1498 3898 credimus,
1528 3846 1646 3901 qua:
1679 3833 1776 3887 lice

194 3901 447 3957 seorsim
464 3904 696 3971 aliquam
714 3903 1117 3972 responsionem
1141 3901 1349 3972 possint
1363 3901 1626 3972 recipere,
1641 3903 1801 3958 simul

194 3984 396 4028 tamen
423 3973 607 4042 juncta
620 3971 924 4028 evidentem
954 3974 1265 4042 imposturae
1285 3971 1797 4028 demonstrationem

195 4043 596 4113 praeferunt.
623 4045 802 4100 Primo
828 4044 946 4099 alia:
971 4058 1034 4099 ex
1057 4045 1138 4099 his
1159 4042 1398 4113 epistolis
1419 4043 1558 4098 danae
1585 4045 1802 4098 tradun-

194 4126 300 4171 tur
315 4114 387 4169 ad
408 4129 600 4186 omnes
612 4116 917 4186 episcopos,
934 4116 1055 4171 aliae
1070 4115 1138 4170 ad
1159 4113 1496 4186 orthodoxos
1511 4129 1716 4186 omnes,
1736 4115 1802 4170 ad

188 4201 404 4243 omnes
415 4184 709 4253 Ecclesiae,
724 4187 788 4241 ad
802 4187 1082 4256 episcopos
1096 4185 1282 4252 Italiae,
1297 4184 1498 4252 Gallite,
1511 4185 1800 4254 Hispanias,

185 4259 434 4323 Africa,
468 4257 796 4328 Germaniae,
828 4266 934 4312 etc.
967 4259 1128 4314 Plura
1157 4272 1285 4328 ergo
1314 4272 1495 4311 earum
1524 4257 1804 4328 exempla-

185 4330 288 4385 ria
317 4327 618 4399 perorbem
645 4328 990 4384 disseminata
1019 4343 1138 4384 esse
1159 4329 1478 4399 debuerunt.
1505 4327 1604 4395 Qui
1625 4338 1802 4382 autem

183 4397 332 4457 ﬁeri
365 4399 545 4465 potuit
577 4409 634 4453 ut
665 4415 697 4453 e
726 4408 806 4453 tot
839 4400 1079 4469 epistolis
1105 4407 1218 4452 toto
1244 4398 1376 4453 orbe
1405 4397 1689 4468 divulgatis
1738 4415 1806 4453 ne

182 4487 317 4528 una
352 4470 574 4539 quidem
597 4479 722 4525 ante
746 4486 944 4524 nonum
973 4470 1227 4526 saeculum
1251 4484 1280 4522 a
1309 4471 1558 4539 quopiam
1590 4469 1806 4524 inventa

180 4552 250 4600 et
287 4541 518 4597 laudata
546 4541 740 4597 fuerit?
762 4540 1013 4597 Secundo
1037 4540 1238 4597 eaedem
1267 4541 1508 4609 epistolae
1536 4542 1806 4609 posterio-

184 4629 337 4670 rum
386 4611 595 4681 quarti,
649 4613 851 4682 quinti,
882 4614 1051 4679 sexti,
1084 4612 1299 4682 septimi
1340 4621 1392 4665 et
1439 4611 1615 4682 octavi
1645 4614 1808 4666 etiam

175 4683 402 4742 δίκαιιί
426 4681 707 4738 auctorum
734 4698 840 4738 non
866 4681 1161 4738 sententias
1189 4682 1382 4746 solum,
1406 4681 1504 4738 sed
1531 4697 1692 4737 voces
1711 4723 1724 4746 ,
1754 4690 1810 4737 et

174 4758 459 4826 integras
495 4753 785 4826 identidem
825 4755 1075 4826 periodos
1101 4755 1232 4808 satis
1253 4753 1587 4826 prolixas__et
1615 4754 1809 4826 multas

171 4823 520 4892 exsc'iiptas
565 4824 851 4891 exhibent,
906 4825 981 4880 uti
1020 4832 1270 4880 accurate
1313 4834 1435 4894 post
1475 4823 1807 4880 Blondellum

169 4899 250 4954 P.
287 4895 595 4964 Philippus
624 4895 869 4952 Labbeus
896 4897 952 4951 in
992 4897 1234 4964 margine
1275 4894 1582 4950 earumdem
1611 4895 1810 4964 episto-

167 4970 397 5026 Iarum
433 4966 660 5021 notavit.
709 4967 892 5022 Primo
931 4975 1252 5036 argumento
1279 4964 1594 5035 responderi
1633 4975 1810 5034 potest

163 5054 290 5096 eas
341 5036 612 5104 epistolas
642 5053 810 5108 usque
852 5038 918 5093 ad
947 5051 1146 5092 nonum
1169 5037 1423 5108 saeculum
1463 5036 1719 5100 latuisse.
1751 5046 1805 5092 et

163 5109 430 5168 idcirco
455 5122 486 5162 a
514 5106 738 5164 nemine
753 5109 919 5164 fuisse
939 5108 1203 5164 laudatas.
1227 5106 1474 5162 Secundo
1498 5118 1675 5162 autem
1700 5123 1808 5163 non

161 5193 376 5239 nemo
412 5179 804 5248 responditeos
842 5179 1172 5248 posteriores
1201 5186 1446 5234 auctores
1474 5178 1564 5248 qui
1599 5177 1808 5232 indica-

160 5263 273 5310 tas
313 5247 634 5306 sententias
664 5247 856 5307 iisdem
888 5249 1066 5306 verbis
1095 5248 1420 5319 praeferunt,
1447 5247 1539 5304 eas
1581 5265 1645 5303 ex
1675 5247 1808 5318 ipsis
1835 5287 1842 5291 -

161 5320 470 5396 epistolis
504 5320 572 5396 ad
608 5322 834 5396 verbum
874 5321 1246 5396 exscripsisse.
1283 5319 1480 5396 Neutra
1519 5334 1648 5374 vero
1695 5335 1810 5375 res-

251 5393 417 5451 nsio
438 5391 731 5461 probabilis
750 5400 834 5449 est
857 5409 870 5445 :
891 5389 1240 5447 immo’altera
1261 5405 1382 5446 cum
1398 5389 1564 5447 altera
1584 5400 1801 5460 pugnat.

251 5410 417 5451 DSIO
438 5410 731 5461 pI'ODaDIIIS
750 5410 834 5449 881
857 5410 870 5445 ἒ
891 5410 1055 5446 immo
1071 5410 1240 5447 altera
1261 5410 1382 5446 cum
1398 5410 1564 5447 altera
1584 5410 1801 5460 pugnat.

153 5410 447 5526 gerrim
471 5462 718 5532 epistola:
748 5464 927 5519 statim
958 5472 1078 5532 post
1106 5477 1290 5517 earum
1329 5469 1504 5516 ortum
1538 5476 1708 5530 usque
1737 5462 1807 5516 ad

155 5547 424 5596 nonum
447 5532 706 5588 saeculum
735 5533 812 5590 ita
833 5533 1195 5597 delituissent,
1218 5541 1278 5588 ut
1303 5547 1462 5588 nemo
1485 5533 1686 5588 idcirco
1715 5546 1807 5588 eas

151 5609 462 5679 allegare
513 5605 789 5675 potuerit;
847 5605 1234 5679 posterioribus
1281 5601 1806 5679 ergo_sc_riptoribu_s

151 5673 670 5747 non'patuerunt,
693 5685 750 5730 ut
774 5673 1048 5732 ex'iisdem
1080 5683 1293 5747 possent
1329 5673 1578 5744 periodos
1605 5673 1807 5747 exscri-

146 5744 359 5810 bere;
421 5745 576 5814 Quod
615 5747 662 5802 si
695 5761 765 5802 ex
804 5747 934 5816 ipsis
964 5745 1172 5817 periodi
1217 5746 1438 5815 integrae.
1475 5759 1512 5817 ra
1568 5744 1808 5817 pluribus

143 5821 388 5883 multo
413 5825 470 5870 et
499 5817 760 5888 temporis
778 5813 842 5888 et
876 5813 1116 5888 locorum
1141 5813 1666 5888 intervallogdissitis
1692 5813 1806 5888 fue-

1834 4722 1890 4784 D

1908 651 2064 738 Ilicttt‘
2083 657 2247 725 magis
2295 661 2459 738 multo
2485 651 2842 738 eluccscit.'Si
2878 651 3018 720 enim
3055 667 3234 733 plures
3269 651 3472 738 antiqui

1904 731 2193 809 scriptores
2223 742 2288 782 ex
2323 732 2716 809 ipsisepistolis
2763 731 3114 809 sumpsissent
3145 731 3469 809 sententias,

1903 796 2258 879 verba.atque
2287 796 2566 879 periodos;
2602 796 2927 879 notteigittir
2979 807 3240 873 fuissent,
3271 819 3325 862 et
3366 796 3466 865 fre:

1903 870 2084 988 ﬂuenti
2107 884 2203 921 tl~ll
2234 870 2393 938 tritze,
2425 874 2689 941 rebusque
2715 870 2951 942 pluribus
2977 879 3152 944 utiles,
3181 870 3251 932 ita
3281 888 3338 932 ut
3359 880 3472 933 latt-

1941 953 2014 988 M'I
2045 948 2262 988 00358111
2284 956 2311 988 3
2339 943 2536 988 multis
2565 952 2617 988 et
2643 945 2709 988 ah
2732 947 2797 988 iis
2821 951 3116 988 nrmcnrlim
3140 950 3224 988 niti
3248 964 3309 988 ιη
3342 950 3468 988 inci:

1941 943 2028 1019 ari_
2045 948 2262 1019 possent
2284 956 2312 994 a
2339 943 2538 1019 multis,
2565 952 2617 996 ct
2643 945 2709 997 ab
2732 947 2797 999 iis
2821 951 3116 1016 praesertim
3140 950 3226 1016 qui
3248 964 3314 1003 ex
3341 950 3470 1019 ipsis

1903 1007 2254 1088 profe_c_isseu_t
2296 1030 2308 1065 :
2340 1013 2477 1067 inter
2504 1007 3032 1088 quos‘sane'summi
3074 1007 3386 1088 pontifices,
3417 1031 3474 1077 et

1904 1080 2114 1160 synodi,
2145 1089 2194 1160 et
2219 1081 2424 1160 Patres,
2454 1083 2542 1160 qui
2573 1084 2756 1138 eadem
2791 1089 2951 1160 verba
2979 1101 3030 1144 et
3059 1080 3272 1144 easdem
3301 1080 3475 1160 perio-

1903 1149 2000 1230 dos
2040 1151 2357 1230 praeferunt,
2411 1149 2482 1208 ita
2523 1158 2632 1230 has
2659 1159 3134 1230 vetustissimorum
3163 1149 3470 1230 pontiﬁcum

1903 1221 2156 1300 epistolas
2178 1223 2529 1300 allegassent,
2562 1226 2633 1279 uti
2663 1227 2794 1300 alias
2818 1229 3060 1290 aliorum.
3086 1221 3204 1300 qua:
3229 1233 3471 1299 genuinae

1903 1301 2046 1357 sunt,
2072 1291 2316 1348 laudasse
2347 1296 2709 1351 inveniuntur.
2741 1298 2796 1352 Si
2823 1314 2952 1354 vero
2978 1291 3118 1354 inter'
3143 1291 3257 1354 tam,
3275 1305 3471 1359 multos

1904 1375 2045 1434 nono
2067 1364 2262 1417 saeculo
2291 1367 2585 1422 anteriores
2617 1369 2761 1423 viros
2802 1380 2855 1424 et
2883 1372 3267 1434 sanctissimos,
3291 1387 3338 1427 et
3373 1375 3472 1426 do-

1902 1433 2073 1504 ctrina
2105 1435 2371 1500 celebres,
2406 1439 2494 1504 qui
2521 1439 2738 1494 easdem
2769 1441 3060 1495 sententias
3080 1443 3264 1495 iisdem
3295 1445 3474 1499 verbis

1902 1502 2095 1594 inanis
2121 1507 2376 1594 operibus
2405 1502 2630 1591 alierum
2651 1551 2666 1572 ,
2697 1525 2767 1594 ne
2801 1527 2940 1593 unus
2973 1511 3186 1594 quidem
3229 1513 3474 1594 inventus

1901 1583 1982 1657 est
1999 1576 2090 1657 qui
2121 1576 2325 1630 illarum
2351 1582 2675 1634 mentionem
2695 1581 2903 1657 fecerit,
2922 1576 3041 1652 quia
3062 1598 3125 1637 ex
3145 1583 3274 1657 ipsis
3297 1590 3474 1653 reipsa

1902 1644 2061 1723 niltil_
2083 1658 2457 1723 sumpserunt;
2499 1653 2779 1706 sententia;
2803 1644 2956 1722 ergo'
2975 1661 3028 1707 et
3054 1644 3256 1723 periodi
3286 1644 3472 1722 pares,

1900 1717 2364 1795 quse‘inepistolis
2394 1735 2606 1795 quoque
2630 1717 2991 1795 inveniuntur,
3043 1717 3107 1778 ex
3136 1717 3322 1778 iisdem
3351 1717 3476 1795 pro-3

1899 1786 2165 1866 culdubio
2181 1786 2533 1866 scriptoribus
2548 1791 2800 1848 derivata;
2817 1786 3027 1849 fuerunt
3043 1786 3474 1866 abgepistolai-um

1900 1858 2291 1932 artiliccg‘quod
2320 1863 2554 1930 Spurium
2586 1878 2768 1918 earum
2798 1866 3055 1932 originem
3078 1858 3220 1920 clare
3251 1865 3477 1921 demono

1900 1935 2054 1981 strat.
2107 1929 2239 1984 Hinc
2259 1929 2417 1985 etiam
2462 1949 2490 1987 a
2543 1935 2689 1987 nullo
2718 1936 2824 1989 alio
2854 1929 3071 1990 auctore
3119 1947 3240 1990 ante
3271 1951 3476 1992 nonum

1898 1999 2395 2075 saeculumfuerunt
2441 2003 2695 2071 laudatae,
2740 2022 2845 2060 non
2876 2006 2996 2075 quia
3030 2007 3328 2072 latuerunt,
3380 2015 3478 2063 aut

1899 2071 2505 2144 earumallegandarum
2535 2077 2784 2131 materies
2824 2071 3118 2130 et'occasio
3148 2091 3251 2130 non
3295 2087 3472 2144 esset;

1899 2140 1991 2216 sed
2015 2141 2136 2216 quia
2169 2143 2402 2216 nondum
2433 2154 2587 2216 natus
2617 2157 2732 2200 erat
2753 2147 2840 2215 qui
2867 2147 3080 2201 easdem
3104 2140 3471 2216 conﬁngereti

1898 2211 2029 2286 alias
2057 2215 2196 2266 sicut
2242 2213 2360 2267 illas
2402 2225 2520 2283 post
2568 2215 2671 2269 hoc
2717 2211 2925 2283 tempus
2953 2232 3060 2286 quo
3096 2211 3385 2284 suppositae
3414 2229 3473 2274 et

1898 2283 2126 2352 vulgatae
2159 2287 2390 2347 luerunt,
2422 2287 2622 2353 passim
2665 2287 2939 2352 laudatas,
2968 2283 3021 2341 et
3043 2287 3094 2340 in
3126 2283 3475 2344 cullectiunes

1896 2353 2060 2424 etiam
2102 2368 2204 2409 non
2232 2369 2395 2423 pauca
2440 2370 2511 2410 ex
2544 2356 2729 2412 iisdem
2763 2359 3004 2412 traducta
3035 2359 3359 2424 reperimus;
3397 2360 3472 2416 ita

1897 2423 2126 2498 idipsum
2158 2427 2390 2498 antiquis
2417 2428 2580 2480 etiam
2609 2428 2937 2498 temporibus
2955 2423 3150 2482 factum
3175 2427 3476 2497 deprehen-

1897 2493 2168 2559 deremus,
2201 2496 2243 2549 si
2276 2493 2524 2569 apriscis
2558 2497 2664 2551 illis
2694 2493 3033 2569 pontiﬁcibus
3060 2493 3261 2569 quibus
3277 2501 3476 2557 amota

1895 2576 2038 2634 sunt,
2071 2581 2199 2622 vere
2224 2567 2439 2636 scripta;
2467 2578 2522 2623 et
2549 2569 2704 2624 editae
2731 2568 2974 2626 fuissent.

1899 2675 1926 2748 §
1977 2677 2184 2753 2.__Alia
2203 2679 2507 2753 documenta
2533 2681 2730 2753 sincera
2758 2682 2920 2735 eidem
2946 2683 3233 2737 collectioni
3253 2683 3472 2753 inserta,

1966 2749 2146 2870 Zuibus
2203 2767 2229 2804 e
2279 2750 2498 2819 fontibus
2551 2751 2733 2805 hausta
2776 2753 2984 2835 (actim.
3030 2753 3223 2820 Quanti
3273 2749 3478 2811 intersit

2004 2835 2060 2870 os
2101 2823 2263 2870 fontes
2302 2821 2532 2870 detegere
2558 2824 2626 2870 ad
2653 2839 2712 2870 ea
2741 2824 3076 2870 discernenda
3102 2841 3217 2870 num
3251 2824 3478 2870 Panda-

2004 2835 2081 2895 os
2099 2823 2263 2890 fontes
2302 2821 2532 2895 detegere
2551 2824 2626 2895 ad
2653 2839 2712 2895 ea
2741 2824 3076 2878 discernenda
3102 2841 3217 2895 quit
3245 2824 3479 2880 Pseudo-

1967 2887 2202 2946 Ist'dorns
2231 2887 2496 2960 conﬁnia.
2533 2894 2778 2957 Quwdam
2829 2897 3027 2950 sincera
3065 2887 3368 2950 documenta
3412 2897 3478 2951 ab

1967 2963 2140 3036 eodem
2180 2964 2501 3036 interpolata.
2550 2965 2909 3036 Duqultimc
2942 2967 3121 3036 synodi
3167 2966 3478 3036 Symmacho

1967 3033 2251 3106 attribuat,
2292 3043 2336 3106 et
2373 3034 2600 3102 capitula
2648 3034 2915 3089 Hadriano
2950 3033 3230 3097 l'asserta',
3263 3054 3376 3106 qua:
3398 3054 3478 3106 ge-

1967 3105 2123 3156 nuina
2149 3121 2181 3156 a
2212 3104 2382 3157 multis
2411 3106 2711 3171 creduntur,
2737 3106 2799 3159 ab
2826 3108 3002 3161 eodeni
3029 3104 3477 3163 Pirenida-Isidoro

1965 3176 2230 3246 supposita
2251 3176 2680 3229 demonstrantur.

1967 3265 2022 3320 5.
2063 3265 2256 3341 Neque
2279 3282 2409 3341 vero
2440 3283 2515 3341 ex
2537 3269 2666 3341 solis
2705 3268 3042 3341 documentis
3070 3271 3265 3341 spuriis
3292 3270 3389 3325 abs
3419 3286 3480 3327 se

1825 3340 1872 3405 C
1903 3337 2290 3394 consarcinatis
2346 3338 2852 3394 Pseudo-lsidorus
2907 3356 3055 3394 suam
3101 3337 3481 3396 collectionem

1903 3408 2160 3462 condidit.
2199 3408 2353 3462 Plura
2385 3409 2587 3463 scilicet
2633 3410 2991 3464 sincerissima
3031 3421 3084 3464 et
3113 3412 3325 3466 aliunde
3355 3423 3481 3467 nota

1903 3476 2436 3551 _monumenta_falsis
2466 3479 2838 3551 intermiscuit.
2877 3481 3072 3534 Fontes
3103 3492 3279 3536 autem
3304 3498 3334 3535 e
3361 3483 3481 3551 qui-

1903 3549 2002 3604 bus
2061 3550 2178 3604 haec
2232 3549 2442 3604 sincera
2505 3549 2826 3604 documenta
2881 3551 3148 3605 derivavit
3197 3549 3481 3619 detege'ndi

1902 3629 2054 3684 sunt;
2083 3620 2133 3674 id
2157 3620 2298 3675 enim
2333 3635 2438 3673 non
2469 3621 2733 3675 modicum
2753 3621 2951 3690 juverit
2970 3621 3036 3674 ad
3066 3637 3126 3674 ea
3151 3622 3266 3690 ipsa
3294 3638 3478 3678 secer-

1903 3691 2076 3745 nenda
2119 3706 2238 3761 quae
2270 3690 2356 3744 ille
2386 3707 2416 3744 e
2448 3706 2545 3744 suo
2574 3692 2798 3746 cerebro
2832 3703 3166 3747 commentus
3194 3703 3293 3746 est.
3339 3693 3483 3748 Prte-

1903 3761 2094 3831 cipuus
2121 3762 2241 3816 fons
2261 3771 2344 3815 est
2374 3761 2618 3832 collectio
2647 3762 2952 3832 Hispanica,
2985 3778 3143 3832 quam
3173 3773 3334 3817 totam
3367 3779 3482 3819 sua:

1904 3834 2206 3888 collectioni
2250 3832 2493 3887 inseruit.
2525 3831 2763 3902 Cumque
2792 3831 3167 3902 vulgata’esset
3193 3834 3377 3902 opinio
3416 3835 3482 3902 S.

1903 3903 2164 3958 Isidorum
2183 3903 2545 3970 Hispalensem
2561 3903 2725 3958 fuisse
2736 3913 3012 3960 auctorem
3035 3905 3369 3959 collectionis
3387 3905 3481 3960 Hi-

1904 3973 2292 4044 spanicaa,hinc
2305 3973 2489 4028 Isidori
2506 3981 2717 4038 nomen,
2735 3976 2874 4044 quod
2890 3976 3138 4030 omnibus
3151 3976 3484 4032 venerationi

1908 4054 2044 4110 erat,
2090 4045 2320 4099 libenter
2347 4045 2570 4110 arripuit
2602 4057 2657 4100 et
2686 4046 2980 4114 praefationi
3009 4046 3302 4115 inscripsit.
3335 4046 3481 4101 Illam

1907 4130 2039 4171 vero
2064 4115 2434 4170 collectionem
2453 4115 2790 4178 HiSpanicam
2814 4119 3062 4184 sumpsit,
3089 4132 3191 4170 non
3223 4132 3341 4183 quae
3371 4118 3482 4184 pri-

1908 4187 2069 4258 mitus
2082 4187 2297 4253 prodiit,
2313 4187 2524 4258 acultra
2543 4186 2852 4241 Toletanam
2873 4203 2922 4240 tv
2939 4187 3198 4258 synodum
3232 4204 3334 4241 non
3360 4203 3484 4256 pro-

1907 4257 2274 4324 grediebatur,
2307 4256 2399 4310 sed
2449 4256 2592 4310 illam
2627 4256 3115 4326 paulo.auctiorem
3143 4274 3260 4326 qtae
3293 4273 3484 4313 novem

1909 4327 2196 4383 Toletauas
2225 4327 2543 4398 synodoset
2585 4328 2962 4382 Bracarensem
3016 4330 3140 4382 anni
3191 4327 3295 4382 675
3333 4343 3485 4382 rece-

1911 4407 2081 4466 perat.
2135 4397 2316 4468 Neque
2348 4400 2411 4452 iis
2467 4397 2623 4463 hujus
2688 4399 3022 4452 collectionis
3089 4399 3484 4467 exemplaribus

1912 4483 2038 4524 usus
2065 4478 2151 4524 est
2177 4485 2298 4539 qua:
2330 4467 2672 4539 Hispanicam
2715 4469 2974 4538 originem
3004 4468 3219 4530 habent,
3251 4470 3343 4522 st-d
3378 4470 3485 4525 illis

1909 4555 2029 4610 quae
2065 4538 2436 4606 suntoriginis
2465 4538 2780 4602 Gallicanae,
2815 4539 2888 4593 uti
2921 4539 3160 4610 pluribus
3184 4549 3486 4597 statuemus

1913 4609 2058 4665 num.
2096 4612 2184 4667 14.
2219 4611 2368 4664 Alter
2399 4610 2519 4663 fons
2547 4621 2631 4663 est
2669 4611 2916 4666 collectio
2955 4609 3244 4674 Hadriana,
3282 4626 3347 4665 ex
3380 4628 3484 4679 qua

1913 4697 1942 4734 a
1973 4679 2421 4736 Pseudo-Isidoro
2460 4692 2708 4749 excerpta
2738 4683 2942 4734 luerunt
2993 4681 3250 4736 nonnulla
3273 4697 3392 4750 quae
3430 4684 3484 4738 in

1914 4753 2143 4818 Hispana
2166 4751 2481 4806 collectione
2511 4752 2723 4807 desunt.
2771 4753 2916 4807 Fons
2970 4752 3156 4806 tertius
3199 4760 3286 4806 est
3333 4765 3488 4808 vetus

1912 4823 2161 4880 collectio
2190 4838 2219 4876 a
2259 4821 2548 4890 Quesnello
2571 4825 2734 4886 edita.
2766 4832 2819 4878 et
2846 4839 2874 4877 a
2905 4823 3058 4877 nobis
3097 4825 3198 4877 hoc
3228 4835 3374 4876 tomo
3403 4839 3487 4878 re-

1913 4909 2060 4950 cusa.
2083 4892 2198 4948 Non
2228 4907 2392 4962 pauca
2419 4893 2561 4947 enim
2585 4896 2904 4949 documenta
2931 4909 3050 4963 qtue
3074 4903 3200 4948 sunt
3235 4894 3287 4948 in
3318 4892 3487 4948 Isido-

1913 4966 2060 5020 riana
2085 4965 2424 5027 collectione,
2469 4978 2568 5035 nec
2611 4966 2856 5035 leguntur
2898 4967 2948 5019 in
2981 4963 3279 5032 Hadriana,
3307 4980 3403 5018 nec
3430 4965 3486 5018 in

1913 5035 2227 5103 Ilispanica,
2278 5051 2344 5090 ex
2389 5049 2454 5088 eo
2504 5033 2891 5091 fonte'eodem
2945 5035 3259 5105 quandoque
3297 5035 3485 5089 ordine

1912 5107 2149 5162 derivata
2191 5106 2360 5161 fuere.
2401 5104 2518 5158 Alia
2564 5121 2729 5174 pauca
2769 5104 3240 5161 auctur’delihavit
3291 5119 3354 5158 ex
3386 5105 3483 5159 Ili-

1913 5178 2076 5232 Storia
2102 5176 2412 5245 Tripartita,
2457 5175 2682 5246 aliisque
2710 5193 2774 5232 ex
2816 5176 3054 5230 fontibus
3081 5191 3215 5243 quos
3245 5174 3296 5228 in
3341 5183 3486 5228 cata-

1912 5247 2034 5316 logo
2061 5245 2286 5302 inferius
2307 5261 2406 5302 suo
2429 5245 2687 5317 cujusque
2717 5249 2836 5302 loco
2865 5247 3234 5301 indicabimus.

1983 5313 2036 5374 6.
2091 5318 2241 5373 Adeo
2267 5333 2397 5372 vero
2445 5317 2575 5372 utile
2602 5313 2699 5373 'est
2728 5318 2827 5373 hos
2868 5318 3042 5372 fontes
3061 5313 3398 5383 cognovisse,
3427 5322 3487 5369 ut

1950 5403 2244 5458 uaacunque
2268 5389 2321 5443 in
2352 5388 2435 5442 his
2465 5401 2570 5458 non
2619 5390 2976 5450 invenientur.
3001 5401 3060 5440 ea
3085 5383 3484 5458 a_Pse_ud_o-Isi-

1950 5405 2244 5458 uaecunque
2268 5405 2321 5443 in
2353 5405 2435 5442 nis
2465 5405 2570 5442 nou
2619 5405 2976 5450 invenientur.
3001 5405 3060 5440 ea
3085 5405 3111 5437 a
3137 5405 3484 5439 rseuno-isi-

1910 5405 2042 5516 ﬂora
2068 5460 2340 5528 supposita
2364 5457 2665 5514 certissime
2693 5460 2913 5514 dicenda
2948 5455 3251 5528 sint._Qnod_
3281 5453 3323 5506 si
3365 5469 3485 5528 quze

1909 5525 2229 5586 documenta
2258 5545 2354 5600 per
2386 5545 2446 5586 se
2474 5533 2701 5600 genuina
2742 5531 2792 5584 in
2826 5529 2927 5582 illis
2958 5526 3192 5600 fontibus
3237 5525 3482 5600 breviora

1911 5602 2039 5664 sint,
2069 5601 2206 5670 apud
2239 5595 2744 5657 Pseudo-isidorum
2767 5615 2896 5654 vero
2921 5597 3159 5670 auctiora
3184 5613 3198 5663 ;
3223 5595 3484 5667 quidquid

1912 5668 2256 5728 additamenti
2287 5675 2512 5730 accessit
2541 5671 2683 5739 quod
2707 5672 2758 5724 in
2797 5671 2902 5724 illis
2934 5668 3166 5723 fontibus
3189 5683 3293 5739 non
3329 5684 3485 5736 repe-

1867 5785 1872 5790 .
1912 5744 2099 5809 riatur,
2140 5741 2192 5799 id
2229 5743 2466 5812 ejusdem
2495 5738 2802 5812 im’postoris
2827 5755 3000 5812 Aopera
3039 5738 3366 5812 suppositum
3397 5739 3482 5792 af-

1858 5846 1875 5882 ;
1913 5814 2129 5870 ﬁrmare
2170 5809 2368 5869 licebit.
2417 5814 2493 5870 Ita
2537 5809 2874 5882 supposititia
2909 5819 3030 5882 sunt
3059 5810 3482 5882 dqupostrema

138 5878 657 5964 Rht‘excerptai,
689 5889 742 5942 in
773 5887 996 5964 [ccxvii]
1014 5886 1253 5943 tenebris
1275 5902 1402 5964 ergo
1419 5886 1618 5942 diutius
1643 5885 1808 5964 fuisse
1833 5881 2165 5964 gcapitula,
2216 5894 2428 5940 sextum
2467 5893 2521 5964 e_t
2549 5878 2831 5964 sep—timum
2883 5881 3121 5964 epistolae
3183 5878 3478 5964 Vigiliidald

137 5945 444 6040 ἱὲῥάιιω
470 5945 578 6017 dici
600 5945 889 6027 nequeunt.
915 5945 1248 6018 Alierutrum
1275 5945 1452 6027 malis,
1470 5971 1684 6026 semper
1706 5957 1808 6014 im-
1833 5945 1906 6030 ἦ
1912 5945 2275 6024 Profuturum,
2310 5971 2428 6023 quae
2463 5945 2656 6012 absunt
2709 5968 2738 6008 a
2786 5945 3012 6010 sinceris
3038 5945 3334 6019 Hispanicae
3361 5945 3478 6002 col-
