3978 6342
197 401 304 459 ΞΠ»

775 402 860 459 DE
899 403 1126 474 ANTIO.
1168 400 1619 463 COLLECTION.
1660 402 1749 464 ET
1787 403 2214 464 COLLECTOR.
2255 402 2605 465 CANONUM.
2649 404 2830 464 PARS
2868 402 2954 462 IV.

3380 401 3495 466 ιιι

207 522 488 591 copulatur
519 519 635 575 sic:
668 518 730 576 Si
753 519 842 594 qui
871 529 1127 594 cerasum
1150 521 1321 575 clerici
1348 533 1495 594 extra
1519 539 1691 579 sacros
1716 539 1793 578 or-
1819 524 1874 584 Α
1898 530 1992 577 aut
2037 522 2118 579 vir
2158 536 2285 594 sum,
2310 521 2524 593 conjugi
2566 522 2887 594 permixtus,
2936 519 3245 594 priusquam
3286 520 3497 594 lavetur

210 595 372 651 dines.
404 600 541 656 etc.,
568 605 735 661 usque
757 590 823 646 ad
854 592 1095 661 ejusdem
1127 593 1495 662 responsionis
1523 594 1705 650 linem.

289 662 609 738 «Secundo
634 677 849 738 quoque
869 664 1046 735 capite
1076 662 1323 738 requiris,
1352 667 1480 738 quia
1513 665 1670 738 [quia
1700 680 1799 734 pro

210 730 340 805 cur]
372 750 493 789 cum
525 749 631 788 una
652 730 951 799 'sit‘lides,‘
988 743 1113 790 sunt
1153 730 1532 792 Ecclesiarutn
1559 730 1799 795 diversa!

209 806 657 870 consuetudines,
678 814 732 859 et
751 806 905 862 aliter
928 807 1259 862 consuetudo
1281 808 1561 863 missarum
1596 810 1648 864 iu
1676 824 1801 865 san-

209 888 298 934 cta
328 877 570 931 Romana
597 875 862 944 Ecclesia,
894 887 1053 947 atque
1090 878 1247 933 aliter
1282 879 1334 932 in
1365 880 1660 935 Galliarum
1692 880 1801 936 Ec-

210 949 395 1005 clesiis
424 956 667 1012 tenetur;
710 958 871 1012 atque
898 948 1047 1003 addit
1084 947 1393 1005 fraternitas
1424 961 1510 1005 tua
1541 952 1797 1007 Romana:

210 1020 471 1076 Ecclesiae
507 1019 976 1091 consuetudinem,
1023 1019 1209 1091 iniqua
1241 1034 1299 1075 se
1331 1023 1576 1078 meminit
1625 1024 1801 1078 nutri-

211 1101 360 1154 tam,
396 1107 555 1162 quam
588 1089 744 1146 valde
771 1091 1053 1147 amabilem
1092 1089 1271 1145 habet.
1316 1092 1423 1148 Sed
1455 1094 1583 1149 mihi
1626 1094 1800 1162 placet

210 1170 272 1217 ut
296 1164 410 1218 sive
448 1164 510 1236 in_
532 1162 788 1236 Romana,
814 1172 943 1228 etc.,
984 1181 1002 1214 ι
1039 1170 1097 1216 ιιι
1122 1162 1175 1217 in
1207 1162 1418 1234 vulgata
1448 1166 1803 1236 responsione

210 1244 400 1304 quarta
431 1234 536 1289 col.
566 1231 725 1289 “5'3.

292 1323 311 1356 ι
356 1304 542 1377 Tertio
569 1318 778 1377 quoque
822 1308 994 1377 capite
1024 1304 1274 1377 requiris!
1296 1305 1424 1374 quid
1469 1307 1576 1377 pati
1608 1306 1803 1361 debeat

209 1375 257 1431 si
289 1374 413 1443 quis
450 1374 651 1446 aliquid
687 1375 754 1430 de
788 1375 1013 1429 ecclesia
1047 1374 1188 1430 lurto
1229 1374 1526 1433 abstulerit.
1564 1377 1669 1434 Sed
1698 1377 1801 1432 hoc

211 1457 301 1518 tua
325 1447 634 1502 fraternitas
655 1461 717 1518 ex
741 1460 969 1515 persona
998 1461 1224 1517 pensare
1248 1456 1447 1518 potest,
1472 1458 1605 1517 etc.,
1627 1468 1644 1501 ι
1668 1457 1727 1503 ut
1747 1448 1801 1503 in

211 1516 426 1588 vulgata
458 1517 809 1587 responsione
836 1528 1045 1585 quarta.

290 1610 319 1661 σν
355 1588 560 1656 Quarto
589 1602 801 1661 quoque
839 1589 1077 1661 capitulo
1122 1589 1393 1660 requisisti
1431 1590 1477 1645 si
1518 1604 1803 1661 pregnans

207 1660 413 1718 mulier
442 1661 637 1715 debeat
656 1658 935 1731 baptizari,
959 1668 1051 1713 aut
1069 1658 1353 1731 postquam
1379 1658 1655 1731 genuerit,
1681 1671 1803 1730 post

211 1740 477 1802 quantum
496 1729 752 1798 temporis
773 1731 940 1796 possit
959 1729 1242 1786 ecclesiam
1264 1729 1505 1795 introire,
1527 1743 1620 1789 aut
1639 1729 1801 1788 etiam

210 1803 273 1860 1).ι
284 1803 471 1873 ptizari
492 1817 510 1869 ;
530 1810 625 1876 aut
646 1815 721 1876 _ne
746 1813 920 1876 morte
945 1812 1348 1876 praeoccupetur
1368 1802 1511 1870 quod
1534 1804 1798 1876 genuerit,

209 1872 335 1946 poSt
356 1884 486 1941 quot
508 1873 623 1927 dies
646 1872 747 1927 hoc
768 1872 926 1928 liceat
949 1875 1085 1927 sacri
1111 1874 1443 1946 baptismatis
1466 1872 1801 1930 sacramenta

1898 608 2059 664 aqua,
2091 594 2134 648 si
2169 591 2669 662 Ecclesiain'po'ssit
2698 594 2920 659 intrare,
2971 591 3054 664 vel
3090 592 3252 664 etiam
3287 592 3353 648 ad
3386 593 3490 649 ini-

1900 662 2179 721 nisterium
2206 674 2405 719 sanctae
2426 665 2820 720 communionis
2848 663 3130 719 accedere.
3154 662 3284 731 Quae
3307 664 3491 721 omnia

1899 750 1930 791 a
1976 735 2094 791 rudi
2138 736 2431 805 Anglorum
2460 745 2620 805 gente
2650 736 3038 792 lraternitatem
3082 745 3227 791 tuam
3256 736 3497 793 arbitror

1901 806 2246 878 requisitam,
2286 807 2371 861 cui
2401 806 2512 878 jam
2554 815 2608 878 te
2640 821 2959 877 responsum
2999 807 3216 863 dedisse
3246 821 3353 864 non
3373 822 3499 864 am-

1902 876 2048 950 bigo.
2073 878 2179 933 Sed
2198 877 2250 933 id
2266 877 2408 948 quod
2434 876 2551 950 ipse
2562 876 2743 950 dicere
2760 888 2814 933 et
2836 880 3039 935 sentire
3060 878 3301 950 potuisti,
3316 890 3450 947 etc.,
3471 897 3491 933 ι

1903 947 2041 1006 ιιῐίιι
2073 947 2660 1020 νυιειιωιεεμοηείοηθ
2688 949 2893 1004 decima
2922 950 3029 1005 col.
3063 947 3225 1005 1157.

1982 1039 2001 1072 ι
2048 1020 2245 1089 Quinto
2276 1034 2489 1091 qunque
2517 1022 2693 1091 capite
2725 1020 3017 1091 requisisti,
3064 1022 3108 1076 si
3140 1030 3262 1088 post
3286 1022 3497 1078 illusio-

1905 1108 2028 1163 nem
2052 1107 2174 1163 qua:
2196 1107 2291 1163 per
2313 1090 2579 1147 somnium
2602 1090 2743 1163 solet
2766 1090 3034 1163 accidere,
3062 1092 3147 1163 vel
3172 1108 3371 1163 corpus
3398 1095 3499 1149 Do—

1904 1162 2037 1220 mini
2086 1162 2337 1232 quislibet
2379 1163 2625 1233 accipere
2652 1161 2845 1233 valeat,
2878 1162 2962 1217 vel
2984 1202 2999 1233 ,
3027 1162 3071 1218 si
3112 1161 3364 1219 sacerdos
3391 1165 3495 1233 sit,

1907 1231 2115 1290 audeat
2130 1248 2284 1288 sacra
2332 1232 2630 1287 ministeria
2658 1231 2957 1304 celebrare.
2983 1232 3052 1288 Et
3090 1234 3305 1304 quidem
3351 1231 3495 1289 hunc

1906 1305 2237 1361 Testamenti
2280 1305 2478 1359 veteris
2521 1304 2628 1370 lex,
2657 1302 2793 1358 sicut
2824 1302 3122 1374 superiori
3149 1307 3323 1374 capite
3360 1306 3502 1359 dixi-

1906 1392 2048 1442 mus,
2067 1376 2326 1448 pollutum
2356 1374 2505 1448 dicit,
2534 1382 2666 1442 etc.,
2690 1392 2708 1425 ι
2742 1382 2799 1428 ut
2820 1373 2874 1428 in
2906 1376 3116 1445 vulgata
3146 1373 3499 1448 reaponsione

1909 1447 2191 1502 undecima
2219 1447 2325 1501 col.
2356 1444 2516 1500 lilii.

1986 1536 2006 1571 s
2051 1516 2216 1572 Sexto
2241 1532 2453 1587 quoque
2482 1516 2657 1583 capite
2702 1516 3012 1585 requisisti,
3056 1515 3101 1569 si
3145 1516 3346 1572 debent
3392 1519 3501 1573 duo

1906 1588 2150 1659 germani
2192 1589 2384 1643 fratres
2422 1587 2658 1657 singulas
2696 1587 3213 1659 sororesaccipere,
3238 1604 3359 1657 qua:
3378 1599 3504 1645 sunt

1908 1656 1978 1715 ab
2004 1660 2090 1714 illa
2124 1659 2278 1727 longa
2311 1656 2568 1729 progenie
2593 1667 2885 1724 genere-tte.
2919 1656 3025 1712 Sed
3060 1657 3161 1714 hoc
3185 1658 3300 1713 licri
3329 1660 3503 1714 modis

1908 1730 2160 1786 Omnibus
2185 1730 2341 1797 licet;
2370 1745 2471 1784 nec
2491 1730 2781 1798 quidquam
2812 1730 2865 1783 in
2896 1729 3065 1782 sacris
3096 1729 3326 1796 eloquiis
3352 1731 3504 1786 inve-

1911 1803 2057 1858 nitur
2086 1800 2227 1871 quod
2259 1800 2385 1855 huic
2404 1798 3058 1871 capituloicontradixisse
3088 1801 3351 1858 videatur.
3392 1820 3411 1853 ι

1983 1873 2038 1928 In
2068 1869 2149 1926 his
2174 1872 2342 1927 codex
2378 1869 2495 1925 Vat.
2530 1869 2668 1926 1345
2690 1869 2907 1924 desinit.
2942 1871 3055 1925 Duo
3083 1886 3213 1926 vero
3240 1875 3325 1925 alii
3357 1872 3503 1927 codi-

212 1938 520 2017 percipere,
551 1953 645 2017 aut
664 1951 791 2017 post
818 1954 1076 2017 quantum
1107 1938 1366 2017 temporis
1405 1945 1529 2000 huic
1557 1946 1639 2000 vir
1670 1960 1801 2001 suus
1834 1938 1883 2000 B
1912 1959 2006 2000 ces
2040 1942 2157 2017 Vat.
2194 1942 2339 2017 1511
2357 1953 2408 2017 et
2441 1942 2734 2017 Patavinus
2762 1943 2865 1996 159
2899 1951 3018 2007 post
3036 1944 3367 2017 prooemium
3408 1959 3503 1998 no-

209 2015 383 2088 possit
401 2017 450 2071 in
474 2016 674 2088 carnali
695 2015 1033 2088 c0pulatione
1052 2015 1329 2086 conjungi,
1351 2027 1442 2071 aut
1462 2017 1507 2071 si
1529 2028 1801 2088 menstrua

208 2086 603 2143 consuetudine
633 2096 893 2153 teneatur,
924 2101 989 2169 an
1019 2086 1071 2169 in
1105 2089 1399 2143 Ecclesium
1429 2088 1630 2169 intrare
1652 2088 1701 2141 ei
1732 2087 1801 2141 li-

208 2168 354 2227 εεθι,
381 2167 474 2213 aut
497 2171 666 2213 sacra:
694 2167 1088 2213 communionis
1111 2170 1447 2215 sacramenta
1481 2167 1791 2229 percipere;

1915 2030 2035 2069 vem
2064 2014 2344 2083 Augustini
2378 2012 2845 2086 interrogationes
2869 2022 2928 2086 et
2956 2013 3183 2086 totidem
3208 2016 3267 2069 S.
3302 2014 3503 2086 Grego«

1915 2086 1979 2141 rii
2009 2100 2269 2155 responsa
2297 2085 2519 2139 omnino
2546 2084 2624 2137 uti
2650 2083 2790 2153 apud
2823 2083 3022 2138 Bcdatn
3049 2085 3364 2154 subjiciunt.

3314 2276 3501 2295 -_l.

1416 2354 1711 2439 PARS
1767 2355 2295 2466 QUARTA.

363 2491 449 2552 De
481 2492 764 2574 antiquis
789 2509 1099 2556 canonum
1133 2490 1633 2574 breviationilgus
1672 2487 2455 2574 aliisque‘cgllectionibus
2488 2488 2729 2553 Latinis
2754 2490 2826 2553 in
2861 2490 3086 2553 titulos
3117 2500 3177 2553 et
3195 2491 3368 2556 locos

1130 2588 1476 2633 communes
1504 2570 1866 2635 distributis
1887 2570 1969 2634 ad
1994 2570 2370 2634 Gratianum
2391 2588 2603 2651 usque.

576 2785 847 2859 [δοται]
882 2786 1113 2844 CAPUT
1152 2787 1447 2847 PRIMUM.

209 2884 298 2943 De
342 2886 650 2941 breeiatione
686 2902 941 2941 canonum
991 2880 1250 2938 Ferrandi
1292 2884 1499 2939 diaconi
1543 2882 1814 2953 Carthagi-

290 2959 484 3013 nensis.
521 2954 713 3011 Plures
741 2959 970 3012 obscura'
1000 2955 1334 3025 allegationes
1371 2955 1664 3025 explicatae,
1695 2956 1814 3025 alia:

289 3029 545 3100 suppleta
589 3029 668 3083 vel
707 3027 1071 3094 emendatam,
1100 3024 1217 3098 qua:
1241 3042 1386 3081 nam
1420 3024 1631 3080 editioni
1662 3024 1814 3079 utiles

288 3110 463 3154 erunt.

291 3213 348 3284 1.
394 3212 685 3281 Explicatis
727 3212 1135 3284 collectionibus
1173 3226 1294 3284 qua:
1324 3214 1531 3281 Integra
1576 3209 1657 3284 vel
1700 3198 1888 3284 fereC

216 3282 438 3353 integra
464 3275 717 3339 canonica
754 3275 1075 3339 documenta
1124 3275 1401 3349 exhibent,
1438 3275 1588 3353 hunc
1625 3282 1693 3335 de
1735 3279 1811 3353 iis

218 3350 631 3425 collectionibus
679 3354 941 3425 agendum
980 3370 1099 3425 quae
1136 3368 1398 3410 canonum
1448 3350 1812 3425 abbreviatio-

224 3438 331 3479 nes
356 3424 442 3479 vel
466 3425 675 3481 eosdem
718 3422 954 3481 canones
978 3422 1030 3480 in
1056 3426 1239 3480 titulos
1276 3434 1331 3480 et
1366 3425 1479 3478 loca
1506 3422 1814 3479 communia

219 3496 543 3569 distributos
571 3506 981 3569 repraesentant.
1013 3498 1155 3569 Inter
1186 3496 1546 3569 breviationes
1584 3496 1813 3569 primum

216 3567 406 3643 l_ocu_m
424 3562 648 3643 _obtinet'
665 3569 754 3643 illa
784 3568 1051 3643 Eulgentii
1083 3567 1341 3643 Fet-randi
1358 3562 1816 3643 Carthaginiensis

216 3639 486 3701 Ecclesia:
514 3638 747 3695 diaconi.
793 3640 887 3695 llic
916 3639 1113 3694 .lustini
1143 3653 1207 3694 ac
1234 3638 1518 3693 Justiiiiani
1556 3638 1817 3702 tempori-

215 3709 328 3765 bus
376 3709 583 3767 ﬂoruit.
617 3711 675 3767 In
714 3710 986 3766 Chronico
1028 3711 1169 3765 enim
1214 3708 1446 3764 Victoris
1486 3704 1816 3763 Turonensis

213 3781 487 3836 clausisse
508 3781 707 3837 dicitur
732 3796 875 3836 anno
904 3791 1058 3836 sexto
1089 3788 1209 3850 post
1237 3780 1578 3850 consulatum
1611 3776 1812 3850 Basilii,

214 3852 273 3907 id
304 3863 414 3919 est,
438 3868 580 3907 anno
608 3854 736 3909 517.
762 3853 1015 3922 Magistro
1042 3846 1171 3922 nius
1200 3860 1284 3907 est
1306 3851 1363 3905 S.
1389 3849 1677 3922 Fulgentio
1702 3846 1816 3922 Ru-

212 3928 405 3992 spensi
441 3925 716 3993 episcOpo,
747 3931 809 3977 ut
835 3919 900 3978 ex
930 3921 1146 3993 scriptis
1173 3922 1289 3992 ejus
1319 3922 1507 3993 liquet.
1536 3919 1817 3993 Eacundus

212 3989 639 4050 Hermianensis
662 3995 799 4050 libro
828 4010 879 4048 tv
902 4010 1000 4064 pro
1022 3989 1337 4048 defensioue
1367 3989 1523 4046 trium
1544 3989 1818 4064 Capitulo-

214 4080 342 4121 rutu
383 4080 505 4136 cap.
552 4068 605 4130 ὅ,
654 4062 985 4121 Ferrandutn
1028 4064 1305 4136 laudabilis
1354 4064 1520 4117 virum
1560 4062 1819 4136 memoria

212 4133 547 4222 appellans,-
582 4136 837 4222 vitatjam
872 4136 1110 4222 iunctum
1139 4133 1699 4222 sigliilicatzscripsit‘
1712 4146 1820 4222 an:

214 4204 330 4262 tem
360 4221 460 4262 eos
492 4207 657 4262 libros
701 4204 987 4263 Facundus
1032 4222 1176 4262 anno
1213 4204 1341 4271 551,
1384 4207 1459 4259 uti
1491 4220 1559 4259 ex
1586 4204 1817 4259 Victoris

213 4278 497 4334 Chronico
520 4278 788 4349 colligitur
816 4296 828 4331 :
856 4294 920 4333 ac
946 4278 1171 4349 proinde
1196 4275 1505 4349 Ferraudus
1528 4286 1653 4349 ante
1675 4274 1818 4349 hunc

212 4364 427 4405 annum
471 4365 503 4405 e
534 4345 671 4404 vivis
697 4345 1024 4404 excesserat.
1056 4346 1379 4403 Cresconius
1418 4348 1472 4403 in
1505 4345 1819 4405 praefatione

212 4436 337 4475 sua:
359 4420 694 4476 collectionis
722 4436 847 4476 eum
874 4420 1347 4475 reverendissimum
1370 4415 1695 4487 Carthaginis
1718 4415 1821 4469 Ec-

214 4493 396 4545 clesia
425 4491 700 4546 diaconum
726 4502 781 4546 et
818 4493 984 4546 virum
1020 4490 1452 4561 sapientissimum
1478 4497 1656 4561 vocat.
1679 4488 1820 4544 Scri-

1918 2802 2115 2843 nonem
2144 2799 2354 2843 sextum
2381 2789 2398 2856 (
2430 2787 2549 2865 για.
2582 2797 2706 2865 tam.
2731 2789 2793 2843 lll
2812 2789 3021 2865 _(.‘oncil.
3055 2792 3156 2849 col.
3186 2794 3291 2849 M9
3310 2796 3350 2865 ),
3377 2810 3505 2865 quo.

1920 2874 2041 2913 cunt
2074 2874 2336 2914 canonem
2359 2861 2647 2924 septimum
2674 2861 2851 2929 jungit
2883 2880 2894 2913 :
2927 2866 3215 2928 septimum
3248 2861 3410 2919 cuim'
3443 2866 3508 2921 ti-

1922 2930 2089 2984 tulum
2122 2946 2269 3003 num.
2304 2930 2407 2983 1Ἱῖ
2429 2946 2553 2985 eum
2581 2934 2819 2999 appellat
2844 2934 2934 2998 qui
2967 2935 3017 2987 in
3048 2935 3276 3003 volgatis
3304 2946 3389 2992 est
3418 2951 3511 2991 ca:

1921 3002 2115 3075 nouli.
2160 3001 2408 3056 Canones
2456 3003 2651 3075 vulgati
2694 3004 2727 3056 9
2764 3014 2817 3057 et
2862 3008 2923 3059 10
2954 3007 3094 3075 apud
3138 3001 3311 3073 ip.~um
3356 3024 3505 3065 nutu.

1921 3072 2013 3137 87,
2044 3071 2096 3126 in
2128 3087 2292 3126 unum
2320 3073 2553 3143 copulati
2586 3084 2712 3143 sunt
2741 3075 2818 3126 tit.
2850 3075 2902 3127 8.
2936 3071 3209 3131 (ﬁnenem
3250 3079 3301 3130 in
3347 3079 3509 3135 editis

1921 3144 2290 3215 undecimum,
2321 3142 2468 3215 num.
2506 3142 2610 3215 116
2638 3145 2790 3197 titulo
2820 3146 2853 3199 9
2883 3146 3151 3215 designat.
3182 3147 3318 3202 Tres
3346 3163 3510 3203 cano.

1923 3228 2020 3269 nes
2045 3214 2134 3280 12,
2174 3215 2241 3268 15
2269 3223 2323 3267 et
2350 3214 2440 3277 14,
2475 3214 2661 3269 uullibi
2692 3216 2904 3283 allegat.
2935 3214 3070 3271 Cum
3103 3232 3230 3271 vero
3262 3234 3411 3273 num.
3443 3218 3513 3275 18

1919 3300 2183 3356 canonem
2213 3285 2479 3340 decimum
2502 3286 2748 3355 quintum
2779 3291 3049 3356 vulgatum
3082 3290 3282 3344 tribuat
3312 3292 3389 3345 tit.
3418 3291 3511 3356 11,

1920 3367 2031 3411 tres
2072 3355 2255 3410 omissi
2295 3370 2531 3409 canones
2561 3357 2613 3410 in
2648 3358 2903 3413 Ferrandi
2948 3359 3136 3414 codice
3164 3355 3357 3425 partim
3382 3355 3516 3415 con;

1915 3426 2280 3496 jungebautur
2304 3440 2424 3480 cum
2457 3440 2620 3493 nono,
2655 3430 2846 3495 partim
2873 3439 3054 3483 autem
3084 3431 3352 3485 decimum
3387 3433 3517 3487 titu-

1921 3500 2029 3569 lum
2058 3497 2435 3569 conliciebant.
2464 3496 2648 3551 Canuti
2672 3500 2724 3551 iu
2750 3499 2978 3567 vulgatis
3009 3498 3079 3554 16
3112 3504 3250 3569 apud
3283 3501 3517 3556 Ferran-

1921 3568 2047 3622 dum
2077 3564 2368 3640 [‘ccxcvn]
2401 3582 2548 3622 num.
2590 3569 2659 3622 2⁵1
2695 3578 2777 3624 est
2807 3564 2885 3625 tit.
2920 3568 3027 3631 12;
3075 3564 3247 3625 canon
3292 3586 3420 3625 vero
3446 3573 3515 3627 17

1922 3636 2209 3693 ιιυιιιί125
2240 3652 2335 3708 per
2352 3636 2607 3693 errorem
2642 3647 2868 3695 vocatur
2893 3640 2975 3695 tit.
3007 3640 3096 3705 N,
3136 3656 3258 3695 cum
3294 3658 3357 3697 ex
3401 3643 3517 3697 Iau-

1920 3710 2053 3763 data'
2081 3711 2222 3764 serie
2262 3722 2384 3765 esse
2428 3708 2621 3764 debeat
2661 3711 2843 3764 titulus
2882 3713 2969 3767 15.
3021 3711 3319 3767 Enimvero
3362 3728 3513 3769 num.

1921 3779 2025 3836 106
2054 3780 2231 3835 titulus
2261 3778 2329 3834 ts
2355 3780 2660 3849 assignatur
2688 3783 2905 3848 vulgato
2933 3785 3128 3837 canoni
3157 3783 3247 3847 18,
3273 3793 3329 3837 et
3358 3799 3512 3840 num.

1924 3851 2027 3906 175
2050 3852 2232 3905 titulus
2261 3852 2330 3907 15
2356 3852 2550 3907 canoni
2574 3852 2642 3907 19
2662 3853 2971 3908 ascribitur.
3002 3852 3317 3909 Postremus
3342 3870 3519 3914 canon

1922 3922 2172 3978 Nicmnus
2191 3922 2264 3977 20
2285 3921 2624 3995 Sardicensis
2646 3924 2853 3995 primus
2873 3932 3096 3979 vocatur
3118 3940 3268 3981 num.
3292 3924 3420 3995 214,
3447 3928 3521 3982 de

1927 4008 2033 4064 quo
2053 3995 2297 4049 dicemus
2316 4003 2529 4063 postea.
2556 3994 2672 4064 Duo
2695 3994 2783 4050 hic
2808 3995 3163 4051 observanda.
3198 3995 3381 4051 Primo
3409 3994 3519 4054 non

1921 4063 2095 4121 solum
2120 4065 2354 4135 partitio,
2378 4065 2471 4120 sed
2496 4063 2633 4121 ordo
2655 4066 2819 4121 etiam
2848 4080 3116 4123 canonum
3135 4066 3207 4124 ab
3228 4067 3521 4125 lsidoriana

1922 4137 2175 4211 versione
2214 4136 2506 4211 discrepat.
2550 4135 2683 4192 Nam
2722 4153 2893 4193 canon
2938 4137 3013 4211 de_
3050 4139 3390 4211 diaconibus,
3428 4140 3520 4211 qui

1926 4206 2075 4279 titulo
2108 4205 2525 4279 “designatur
2543 4222 2667 4276 post
2693 4223 2953 4265 canonem
2982 4208 3053 4265 de
3089 4205 3519 4279 feneratoribus,

1926 4279 1979 4333 in
2006 4277 2463 4349 lsidorianaante
2484 4278 2693 4348 aliquot
2718 4294 2952 4335 canones
2983 4282 3345 4349 praemittitur.
3385 4277 3521 4338 lliuc

1925 4364 2056 4421 ergo
2094 4348 2427 4421 Ferrandum
2466 4351 2774 4421 versionem
2804 4350 2873 4405 ab
2908 4348 3201 4406 lsidoriana
3242 4352 3519 4409 diversam

1926 4419 2161 4477 iu'hisce
2189 4420 2486 4475 canonibus
2517 4419 2685 4477 luisse
2722 4430 2966 4476 secutum
3008 4423 3380 4479 conﬁrmatur.
3413 4422 3520 4479 Se-

1928 4492 2107 4547 cundo
2126 4506 2247 4545 cum
2272 4492 2577 4546 versionem
2600 4491 2840 4547 Philonis
2859 4502 2911 4546 et
2936 4491 3166 4548 Evaristi
3190 4507 3218 4547 a
3241 4492 3522 4551 Ferrando

213 4574 313 4633 pta
349 4564 491 4630 ejus,
515 4577 634 4631 quas
660 4574 806 4617 tome
832 4578 975 4618 nono
1002 4560 1348 4618 Bibliotheca;
1375 4562 1591 4636 [’atrum
1620 4560 1818 4636 inserta
1844 4572 1901 4636 ι)
1926 4562 2222 4636 adhibitam
2253 4562 2607 4636 conjecimus,
2637 4576 2705 4636 ne
2735 4561 2950 4636 nloveat
2978 4564 3196 4634 partitio
3223 4565 3435 4635 vulgata
3460 4566 3515 4622 in

213 4629 387 4699 sunt,
406 4629 833 4689 commemorare
860 4649 967 4688 non
996 4643 1080 4689 est
1106 4648 1347 4687 necesse.
1380 4632 1454 4687 De
1474 4632 1587 4687 sola
1610 4629 1822 4686 Brevia-

213 4707 364 4759 tione
404 4720 681 4770 canonum,
726 4720 846 4776 qua:
888 4705 1055 4760 nostri
1100 4703 1331 4759 instituti
1360 4712 1465 4771 est,
1512 4718 1620 4757 non
1652 4716 1818 4771 pauca

213 4776 457 4828 dii'enda
487 4785 636 4828 sunt.

213 4777 457 4831 dii'enda
487 4785 636 4831 sunt.

290 4847 353 4900 2.
398 4846 517 4900 Duo
543 4855 747 4902 tantum
770 4845 926 4917 hujus
952 4846 1306 4902 Breviationis
1326 4844 1540 4900 codices
1561 4844 1821 4903 hactenus

213 4918 431 4975 inventi
464 4930 619 4982 sunt,
661 4918 981 4985 Trecensis,
1016 4928 1072 4973 et
1105 4917 1470 4973 Corbeiensis.
1505 4917 1821 4972 Frauciscus

213 4989 467 5045 Pitbazus
495 5004 564 5043 ex
584 4988 869 5045 Trecensis
900 4988 1150 5045 Ecclesiae
1178 4989 1364 5044 codice
1394 4988 1627 5058 primum
1656 4988 1825 5043 edidit

213 5060 450 5117 Parisiis
477 5075 565 5114 an.
599 5060 760 5117 1588.
791 5060 922 5115 Dein
952 5059 1144 5116 Petrus
1174 5057 1497 5115 Franciscus
1522 5057 1823 5114 Chillletius

213 5134 354 5188 Sec.
383 5132 514 5187 Jesu
542 5134 593 5186 in
616 5133 849 5187 editione
883 5130 1193 5186 Divionensi
1222 5130 1349 5185 anni
1372 5129 1534 5194 1619,
1560 5144 1663 5185 ms.
1687 5129 1821 5184 Cor-

116 5213 126 5269 ;
214 5205 431 5259 lieiensi
468 5217 617 5270 usus,
652 5202 905 5259 nonnulla
938 5202 1053 5257 loca
1090 5202 1432 5269 emendavit,
1467 5201 1719 5271 notisque
1759 5201 1822 5255 il-

213 5274 499 5331 lustravit.
531 5272 611 5328 Ex
636 5274 718 5329 his
738 5284 917 5329 autem
943 5273 1152 5328 duabus
1173 5272 1498 5329 editionitius
1524 5272 1666 5327 idem
1690 5288 1824 5342 opu-

210 5348 437 5400 sculum
472 5346 670 5413 pluries
700 5359 970 5405 recusum,
1004 5344 1372 5415 insertumque
1400 5343 1823 5415 tomoiliBiblio-

214 5418 397 5470 thecm
428 5416 707 5487 canonica:
733 5432 855 5487 pag.
888 5414 1025 5482 118,
1059 5430 1159 5472 nec
1189 5413 1297 5471 nou
1326 5424 1473 5471 tome
1501 5413 1573 5470 IX
1610 5414 1820 5471 Biblio-

211 5490 399 5541 theca:
424 5485 668 5553 Patrum,
691 5485 745 5543 et
770 5485 919 5543 alibi.

289 5556 349 5610 3.
392 5558 451 5611 In
504 5558 799 5625 allegandis
860 5559 1094 5615 Nicaznis
1152 5558 1450 5616 canonibus
1508 5556 1819 5614 Ferrandus

212 5629 469 5702 Phi'onis
497 5639 552 5684 et
576 5629 803 5702 Evaristi
835 5631 1161 5696 versionem,
1190 5647 1310 5702 qua:
1334 5630 1388 5685 in
1417 5630 1681 5702 Africanis
1722 5644 1817 5685 co-

108 5716 115 5725 ·
212 5700 437 5755 dicibus
465 5716 728 5755 canonum
758 5701 1026 5771 descripta
1055 5710 1191 5771 erat,
1208 5700 1442 5757 secutus
1468 5701 1705 5768 videtur,
1738 5702 1819 5757 uti

212 5772 707 5827 animadvertimus
737 5780 874 5839 part.
906 5788 940 5827 ιι
967 5788 1017 5828 c.
1048 5774 1106 5842 2,
1142 5773 1169 5844 §
1203 5771 1257 5839 1,
1288 5789 1344 5828 ιι.
1385 5774 1437 5829 1.
1472 5772 1814 5828 Νἰοωηοιιιιιι

212 5856 493 5898 caminum
526 5858 620 5897 seu
661 5843 975 5911 titulorum,
1021 5843 1161 5915 quos
1198 5844 1406 5911 laudat,
1451 5846 1661 5913 numeri
1692 5858 1816 5900 cum

213 5914 441 5975 caeteris
469 5928 683 5984 quoque
711 5914 1051 5973 versionibus
1080 5915 1375 5973 concinunt
1414 5929 1582 5981 usque
1623 5915 1691 5972 ad
1726 5930 1815 5971 ca-

1326 6075 1421 6089 Ὀφ-

1932 4633 2114 4705 viginti
2159 4632 2574 4703 canoneszejus
2601 4632 2745 4705 enim
2789 4632 3062 4689 codex'in
3100 4632 3521 4695 contractiorem

1932 4704 2789 4779 titulorum__numerumeamdem
2815 4704 3123 4779 versionem
3147 4708 3407 4763 exhibere
3432 4724 3523 4779 po.

1930 4778 2053 4842 tuit,
2079 4784 2135 4831 ut
2158 4776 2246 4849 alii
2267 4789 2480 4849 quoque
2501 4775 2729 4849 aliarum
2747 4777 3077 4849 synodorum
3111 4793 3368 4848 canones,
3396 4775 3524 4837 licet

1932 4850 2094 4923 iidem
2147 4846 2293 4923 sint,
2330 4848 2507 4903 varias
2553 4846 2871 4919 partitiones
2906 4847 2963 4904 in
2989 4848 3218 4906 diversis
3246 4846 3525 4923 exempla-

1930 4920 2081 4975 ribus
2104 4918 2390 4987 recipiunt.
2558 4918 2565 4919 “
2892 4972 2899 4977 1

2002 4992 2061 5071 ιε
2088 4988 2145 5043 ln
2175 4988 2388 5071 caneris
2399 4988 2708 5071 Graecarum
2730 4989 3062 5063 synodorum
3073 4994 3370 5071 canonibus
3391 4993 3525 5049 Fer;

1930 5061 2131 5134 candus
2159 5074 2278 5114 eam
2309 5061 2810 5134 interpretationem
2840 5078 2950 5133 pra
2969 5064 3141 5119 oculis
3164 5064 3367 5129 habuit,
3398 5078 3522 5134 qua:

1929 5131 2223 5204 lsidoriana
2255 5131 2437 5204 vocari
2458 5131 2639 5187 solet.
2673 5131 2885 5189 Etenim
2921 5143 3119 5204 praiter
3148 5135 3366 5190 nomina
3415 5131 3525 5189 Ἀκη

1926 5202 2176 5268 quirituni
2204 5210 2258 5257 et
2281 5199 2748 5258 Νουαεωιαήεηεὶε
2784 5199 3135 5261 conciliorum
3161 5205 3328 5260 solius
3354 5204 3523 5261 lsido-

1928 5274 2094 5330 riana:
2123 5273 2581 5341 interpretationis
2606 5279 2843 5344 prepria,
2880 5276 3008 5330 dum
3032 5290 3180 5331 num.
3208 5275 3312 5331 M9
3341 5276 3525 5332 concl-

1927 5344 1988 5400 lii
2020 5344 2354 5415 Anquiritani
2387 5345 2701 5418 titulum}?
2729 5347 2943 5416 allegat,
2974 5348 3137 5401 verba
3154 5347 3288 5418 inter
3308 5361 3523 5418 energu-

1926 5432 2101 5470 menos
2119 5414 2283 5482 orent,
2298 5430 2362 5469 ex
2382 5416 2495 5488 sola
2515 5414 2809 5488 lsidoriana
2823 5414 3071 5473 versione
3088 5414 3524 5488 proﬁciscuntur.

1927 5488 2187 5557 Similiter
2224 5502 2373 5540 num.
2401 5485 2472 5542 80
2495 5486 2707 5543 concilii
2740 5488 3057 5544 Antiocheni
3090 5485 3181 5540 'tit.
3210 5492 3244 5543 8
3268 5485 3525 5557 laudans,

1930 5572 2090 5614 voces
2128 5556 2320 5611 Vicarii
2349 5558 2708 5628 episcoporum
2747 5573 2870 5628 cum
2898 5558 3085 5628 eadem
3114 5559 3365 5613 versione
3391 5572 3524 5614 con-

1926 5629 2191 5695 cordant;
2240 5636 2296 5683 et
2335 5626 2483 5683 num.
2524 5626 2629 5684 114
2662 5626 2885 5683 totidem
2924 5627 3231 5684 lsidoriana:
3258 5629 3526 5686 versionis

1925 5700 2091 5783 verba
2120 5715 2200 5781 ex.
2211 5712 2338 5786 can.
2352 5698 2450 5786 ,111
2468 5707 2806 5786 repetuntur.
2821 5697 2990 5786 Plura.
3005 5699 3199 5754 indicia
3223 5709 3521 5786 suppetunt

1926 5772 1980 5827 in
2012 5770 2310 5826 canonibus
2351 5769 2689 5824 Laodicenis.
2722 5766 2858 5824 Cum
2904 5770 3049 5825 enim
3076 5785 3224 5827 num.
3258 5766 3363 5826 113
3391 5766 3524 5828 citat

1927 5843 2112 5898 concil.
2163 5839 2381 5894 Laodic.
2435 5842 2512 5893 tit.
2547 5840 2603 5907 5,
2648 5853 2811 5895 voces
2858 5857 3047 5896 usuras
3074 5852 3123 5897 et
3161 5843 3326 5907 lucra,
3355 5841 3415 5896 id
3444 5852 3526 5897 est

1925 5913 2158 5982 sescupla
2180 5910 2492 5968 lsidoriana
2512 5910 2775 5969 versionis
2801 5922 2947 5971 sunt.
2970 5914 3159 5974 Canon
3182 5913 3243 5971 11
3270 5911 3521 5973 laudatus
