3978 6342
589 395 698 454 279

1514 390 1606 444 AD
1643 388 1871 445 OPERA
1911 385 1967 444 S.
2010 381 2254 442 LEONIS
2289 383 2500 441 MAGNI
2545 379 2901 442 APPENDIX.

3701 387 3775 449 ιω

589 519 793 576 referre
819 531 1054 572 canones
1083 513 1199 585 ejus
1243 511 1431 585 synodi
1455 510 1815 585 Hipponensis
1841 524 1910 585 ex
1940 507 2172 585 concilio
2199 507 2254 566 Α
2280 505 2442 585 missa
2467 505 2690 585 epistola
2717 505 2799 585 liis
2822 505 3001 585 verbis
3017 500 3264 585 esposuit
3286 518 3302 561 :
3323 501 3531 585 bonane:
3543 504 3585 557 in
3602 506 3771 585 partibus

589 589 996 659 Cartltaginensi
1025 579 1150 659 anni
1193 579 1296 640 597
1323 627 1338 648 ,
1372 585 1424 638 in
1453 579 1594 651 quod
1624 597 1811 659 eorum
1839 579 2170 659 Breviarjum

587 651 849 716 insertuin
884 658 1000 714 fuit.
1040 658 1285 711 Capones
1324 669 1454 709 vero
1481 662 1591 708 tres
1635 668 1699 708 ac
1741 652 1955 719 triginta
1989 651 2176 716 prima:

588 730 814 786 actionis
846 729 1055 785 concilii
1092 727 1532 795 Carthaginensis
1561 725 1688 779 anni
1715 723 1840 788 M9,
1871 723 2064 791 partim
2093 735 2174 795 ex

591 802 965 863 anterioribus,
1004 802 1192 869 partim
1222 792 1697 869 exposterioribus
1725 795 1948 869 synodis
1968 792 2171 869 retulit,

591 875 647 928 in
675 875 864 938 quibus
908 864 1271 932 vel'conditi,
1311 864 1400 922 vel
1431 866 1646 937 repetiti
1672 864 1911 938 fuerant.
1933 864 2172 918 l’eculia-

591 936 974 1006 rctnprreterca
1003 943 1244 996 codicem
1273 936 1538 993 canonum
1571 936 1860 1006 provincia:
1884 936 2178 1004 Byzacena:

590 1015 861 1076 adhibuit,
897 1031 962 1067 ex
990 1028 1095 1083 quo
1135 1013 1316 1083 plures
1347 1011 1582 1082 synodos
1613 1008 1850 1083 ejusdem
1889 1006 2177 1074 provincia:

590 1086 788 1139 laudat.
822 1085 954 1140 Vide
999 1079 1199 1154 quaain
1244 1079 1390 1135 hinc
1421 1097 1530 1135 rem
1580 1079 1885 1154 notavimus
1929 1085 2067 1154 part.
2114 1091 2172 1154 tt,

589 1172 638 1210 ε’.
683 1159 714 1210 5
742 1197 756 1218 ,
789 1155 815 1225 §
846 1158 878 1210 9
929 1173 982 1208 ιι.
1017 1147 1057 1208 ’5
1081 1196 1096 1220 ,
1141 1153 1228 1207 tibi
1284 1155 1442 1225 etiam
1493 1149 1748 1225 nonnulla
1795 1149 2085 1225 attigimus
2109 1147 2178 1201 de

589 1217 1092 1299 synOilovZellensi,
1113 1236 1166 1279 et
1194 1223 1494 1299 deduabus
1514 1221 1704 1299 _S_iricii
1723 1219 1973 1299 epistolis
2004 1217 2176 1273 eidem

591 1292 796 1367 s'ynodo
820 1298 1057 1366 insertis,
1091 1311 1220 1366 quas
1246 1295 1335 1349 illc
1363 1294 1654 1349 identidem
1689 1292 1899 1362 allegat.

1218 1430 1442 1486 CAPUT
1482 1431 1524 1484 ll

681 1528 755 1579 De
785 1526 1090 1580 Collectione
1126 1541 1212 1578 seu
1243 1523 1495 1591 Capitulis
1523 1522 1584 1578 S.
1619 1520 1835 1576 Martini
1871 1520 2093 1592 episcopi

1207 1594 1559 1648 Bracarensis.

663 1711 714 1765 l.
769 1711 894 1766 Post
940 1709 1331 1766 Breviatinnem
1381 1708 1636 1763 Ferrandi
1700 1707 2046 1762 memoranda
2093 1712 2176 1760 est

592 1784 847 1837 (lollcctio
874 1784 1236 1851 Capitnlorum
1278 1781 1335 1834 S.
1372 1781 1581 1834 Martini
1611 1779 1847 1851 episcopi
1880 1778 2176 1851 Hracareu-

594 1855 687 1918 sis,
741 1856 826 1922 qtti
874 1849 1061 1908 eodem
1110 1853 1307 1905 sweulo
1354 1851 1552 1922 floruit.
1597 1850 1749 1904 Hunc
1779 1851 1863 1922 ring
1901 1849 2170 1922 Pannonia

593 1920 768 1980 ortuni
821 1935 1043 1978 testatur
1071 1924 1126 1979 S.
1159 1924 1447 1991 Gregorius
1492 1921 1820 1975 Turonensis
1851 1920 1905 1974 in
1937 1920 2166 1991 l-lﬁistorii

593 1995 920 2049 Francorum
952 1997 1044 2050 lib.
1073 2011 1104 2046 v
1144 2009 1192 2046 c.
1222 1990 1320 2057 38;
1349 2009 1410 2047 ac
1435 2002 1712 2061 propterea
1734 1991 1933 2045 erravit
1957 1990 2172 2045 Garsias

595 2067 805 2127 Loaisa.
857 2068 942 2135 qui
1001 2082 1120 2120 eum
1173 2065 1416 2120 Crtecum
1474 2063 1720 2135 credidit.
1773 2065 1849 2118 Ex
1903 2062 2173 2135 Pannonia

592 2154 726 2191 vero
761 2138 824 2191 ad
855 2133 1116 2191 visitanda
1151 2136 1265 2190 loea
1298 2146 1480 2189 sancta
1511 2136 1560 2188 in
1595 2134 1870 2188 Orientem
1911 2133 2170 2202 migrans,

593 2209 811 2262 Graecas
833 2208 1039 2261 litteras
1064 2217 1118 2260 et
1144 2209 1372 2276 optimas
1398 2205 1647 2260 scientias
1672 2204 1868 2276 ibidem
1899 2203 2170 2276 excoluit;

592 2289 906 2349 tantmnque
938 2282 987 2331 in
1030 2274 1218 2333 iisdem
1269 2277 1544 2349 profecit,
1584 2284 1641 2330 ut
1688 2275 2016 2349 doctissimis
2053 2274 2172 2349 qui-

590 2344 919 2420 busque'sui
971 2350 1226 2420 temporis
1272 2344 1407 2402 nihil
1453 2348 1687 2420 cederet.
1743 2347 1814 2420 Ex
1855 2345 2075 2420 Oriente
2119 2344 2170 2398 in

593 2416 870 2475 Gallicialtt
919 2421 1148 2488 trajecit,
1202 2419 1382 2486 ibique
1419 2418 1488 2472 ab
1521 2418 1714 2472 Ariana
1741 2416 2016 2488 impietate
2037 2429 2174 2488 con-

593 2496 768 2546 versis
799 2485 1093 2547 Suevorum
1125 2485 1333 2559 populis
1365 2489 1602 2559 regulam
1648 2489 1769 2543 fidei
1797 2502 1858 2541 ac
1900 2485 2173 2552 religionis

595 2575 859 2629 pra-cepta
892 2563 1205 2627 constituit,
1235 2559 1856 2622 Ecclesiasinformavit,
1886 2566 1941 2613 et
1986 2571 2176 2629 mona-

593 2628 753 2687 SIeria
780 2628 1046 2698 condidit,
1080 2633 1152 2686 uti
1184 2634 1238 2687 S.
1271 2631 1506 2686 Isidorus
1541 2631 1872 2698 Hispalensis
1899 2628 2173 2683 memorias

592 2705 826 2771 prodidit
857 2703 957 2774 (De
987 2703 1096 2758 Vir.
1131 2705 1320 2758 illuslr.
1364 2719 1410 2755 c.
1432 2703 1504 2756 9.2
1532 2704 1602 2756 al.
1630 2703 1752 2774 55).
1791 2699 2170 2774 Monastel'ium

593 2769 883 2830 Dumicnse
934 2777 1303 2830 construxisse
1361 2774 1586 2828 traditur
1627 2771 1680 2826 in
1735 2772 1966 2825 concilio
2015 2769 2173 2824 Tole-

591 2855 720 2900 tauo
758 2862 788 2899 x
837 2862 885 2903 c.
916 2845 972 2915 3,
1012 2846 1164 2915 cujus
1191 2847 1351 2901 etiam
1399 2845 1601 2913 primus
1640 2843 1806 2915 abbas
1836 2842 1954 2915 l'uit.
1984 2839 2174 2915 illone-

591 2919 733 2970 sterii
762 2912 1053 2971 Durniensis
1079 2912 1361 2986 episcOpns
1403 2912 1630 2969 vocatur
1656 2914 1724 2968 ab
1755 2913 1943 2986 eodem
1977 2912 2032 2986 ξ.
2077 2913 2172 2966 lsi-

591 2990 723 3042 doro
755 2987 806 3041 in
836 2989 1068 3042 Historia
1109 2983 1404 3042 Gothbrum
1429 3027 1445 3053 ,
1491 2986 1582 3056 qui
1610 2983 1928 3056 episcopalis
1978 2983 2170 3047 honor,

591 3058 800 3112 Martini
835 3061 1073 3126 ejusdem
1115 3059 1320 3112 meritis
1351 3055 1623 3111 Dumiensi
1646 3055 1911 3110 Ecclesia:
1942 3057 2169 3126 primum

593 3131 823 3183 tributus
849 3124 876 3194 ,_
897 3132 948 3182 iu
981 3130 1186 3192 aliquot
1209 3130 1326 3198 ejus
1355 3142 1695 3182 successores
1737 3126 2013 3198 transivit.
2039 3124 2171 3198 Hinc

496 3242 502 3249 .
593 3215 699 3252 non
732 3200 871 3254 male
899 3216 1018 3252 eum
1059 3199 1148 3268 qui
1173 3200 1223 3252 in
1244 3197 1479 3253 concilio
1504 3198 1816 3252 Bracarensi
1848 3213 1863 3252 ι
1894 3197 2018 3251 anni
2043 3197 2168 3264 565,

2288 571 2517 630 Orientis
2541 576 2604 629 ab
2635 577 2859 644 antiquis
2896 571 3138 628 Patribus
3179 575 3448 641 constituti,
3475 571 3629 628 Graeco
3665 578 3770 647 prius

2282 662 2513 702 sermone
2549 649 2814 700 constituti
2841 658 2996 714 sunt;
3024 655 3196 715 postea
3221 655 3385 699 autem
3411 646 3658 715 succedenti
3679 657 3770 700 tem-

2280 733 2406 785 pore
2439 719 2490 771 in
2523 717 2757 771 Latinam
2784 718 3010 786 lingnam
3026 713 3272 770 translati
3315 726 3446 769 sunt.
3477 713 3537 769 Et
3566 717 3664 784 quia
3684 718 3772 786 tliﬁ

2283 791 2381 843 cile
2404 799 2476 842 est
2506 797 2561 842 ut
2598 789 2883 857 simplicius
2926 788 3120 857 aliquid
3154 804 3217 842 ea:
3241 786 3344 841 alia
3370 787 3529 856 lingua
3556 788 3774 853 transfera-

2284 867 2366 913 tur
2388 861 2440 912 in
2481 861 2735 923 alteram,
2778 860 3028 928 simulque
3053 875 3098 911 et
3140 859 3273 912 illud
3302 859 3477 911 accidit
3514 866 3562 909 ut
3595 858 3638 910 in
3662 861 3774 912 tantis

2285 931 2591 995 temporibus
2634 933 2910 1000 scriptores
2950 941 3040 984 aut
3082 946 3182 982 non
3211 929 3528 996 intelligente:
3551 972 3563 996 ,
3595 939 3668 981 aut
3689 929 3772 981 dor-

2282 1002 2518 1055 mitantes
2563 1005 2722 1054 multa
2773 1003 3202 1069 prwtermittant;
3248 1010 3294 1054 et
3343 1011 3584 1067 propterea
3618 999 3660 1051 in
3687 1002 3774 1066 ipsis

2283 1074 2560 1143 rationibus
2611 1075 2784 1139 aliqua
2827 1071 3220 1143 simplicioribus
3269 1072 3521 1143 videantur
3567 1069 3772 1123 obscura:

2282 1141 2398 1196 ideo
2438 1145 2598 1197 visum
2636 1154 2708 1197 est
2739 1155 2791 1196 ut
2843 1141 2956 1197 cum
2993 1143 3131 1196 omni
3158 1141 3417 1213 diligentia
3451 1153 3494 1196 et
3519 1157 3570 1195 ea
3593 1156 3682 1208 que
3715 1155 3774 1213 per

2282 1215 2616 1268 translatores
2665 1215 2929 1269 obscurius
2957 1214 3092 1266 dicta
3127 1211 3273 1277 sunt,
3305 1221 3349 1267 et
3368 1229 3426 1267 ea
3448 1227 3550 1279 qua:
3584 1228 3657 1279 per
3685 1211 3774 1264 scri-

2283 1295 2450 1354 ptores
2477 1295 2594 1338 sunt
2621 1287 2906 1351 immutata,
2930 1285 3216 1352 simplicius
3245 1291 3292 1337 et
3319 1282 3608 1338 emendatius
3632 1291 3774 1335 restas-

2280 1353 2470 1409 rarem.
2523 1357 2707 1411 Latina
2746 1355 3056 1412 Graecorum
3096 1369 3361 1410 canonum
3411 1353 3573 1408 versio
3609 1367 3703 1422 qua:
3741 1354 3776 1405 in

2283 1425 2532 1492 Hispania
2579 1428 2808 1496 vigebat,
2853 1442 3079 1496 qumque
3125 1425 3327 1482 idcirco
3370 1424 3591 1496 traducta
3625 1423 3705 1496 fuit
3739 1423 3774 1476 in

2281 1492 2654 1552 collectionem
2709 1492 3066 1565 lliSpanicain,
3121 1496 3209 1551 illa
3234 1505 3318 1552 est
3358 1513 3470 1565 qua:
3520 1495 3580 1549 ab
3624 1492 3774 1565 Isidoro

2281 1576 2466 1638 postea
2503 1580 2748 1638 recepta,
2800 1563 3096 1624 lsidoriana
3144 1563 3400 1637 appellari
3441 1566 3584 1638 solet.
3610 1565 3670 1638 _l_n
3708 1563 3777 1638 liae

2280 1637 2458 1709 itaque
2491 1634 2734 1694 versione
2772 1639 3015 1711 quaedam
3063 1634 3346 1711 obscurius
3375 1635 3577 1711 reddita
3609 1634 3776 1711 Martino

2279 1704 2390 1764 vis-.i
2424 1721 2568 1764 sunt.
2603 1704 2804 1780 Aliqua'
2825 1726 2958 1766 vero
2993 1712 3044 1763 in
3085 1710 3274 1763 eadem
3307 1725 3335 1762 a
3375 1707 3583 1763 librariis
3607 1714 3681 1759 aut
3702 1704 3773 1758 mi-

2280 1795 2381 1834 nus
2402 1779 2820 1850 intelligentibus
2844 1824 2858 1847 ,
2897 1782 2980 1836 vel
3015 1781 3425 1834 dormitantibus
3456 1779 3693 1850 immutata
3713 1783 3777 1828 aut

2203 1884 2252 1945 Β
2279 1852 2482 1945 omissal
2505 1854 2556 1907 in
2579 1848 2847 1935 aliquibus
2871 1851 3487 1945 evemplaribus‘reperit
3513 1848 3776 1945 Ξ

2285 1923 2338 1994 in
2387 1924 2572 1977 eadem
2621 1924 2869 1978 versione
2911 1939 3030 1994 quae
3088 1924 3140 1977 in
3188 1923 3374 1978 codice
3414 1931 3777 1994 canonum-mox

2279 1993 2487 2047 edendo
2508 1995 2840 2059 continetur,
2871 1990 3154 2048 nonnullas
3181 1994 3469 2048 sententias
3498 1990 3684 2045 liberius
3705 1996 3778 2042 tra-

2278 2065 2464 2119 ductas
2494 2076 2653 2134 atque
2683 2077 2912 2120 mutatas
2938 2109 2952 2133 ,
2983 2065 3189 2132 aliquas
3219 2079 3350 2120 vero
3391 2064 3638 2134 breviores
3661 2059 3779 2129 parti~

2278 2134 2426 2189 culas
2457 2133 2844 2203 prattermissas
2869 2138 2919 2191 in
2945 2135 3308 2191 potationibus
3339 2133 3676 2189 indicabimus.

2437 2200 2752 2280 Paschasius
2789 2208 3104 2273 Quesnellus
3132 2206 3352 2260 dissert.
3385 2205 3450 2260 12
3493 2200 3778 2280 naitlexisti-

2277 2289 2387 2348 mat
2435 2278 2715 2332 Martinum
2748 2296 2809 2333 ex
2856 2280 3071 2348 antiqua
3104 2293 3369 2332 canonum
3405 2274 3708 2330 translatione
3743 2274 3778 2322 in

2276 2345 2474 2402 Codice
2501 2363 2766 2404 canonum
2819 2349 2916 2403 abs
2945 2345 3004 2404 se
3045 2351 3192 2404 edito
3220 2356 3492 2409 contenta,
3535 2360 3627 2399 non
3649 2352 3778 2396 autem

2277 2433 2343 2473 es
2373 2418 2562 2474 Graeco
2610 2436 2760 2474 suam
2808 2421 3180 2475 collectionem
3207 2422 3586 2479 concinnasse;
3635 2426 3778 2481 eosque

2276 2490 2591 2544 allucinatos
2629 2491 2863 2544 affirmat
2900 2493 2986 2561 qui
3014 2507 3136 2546 eum
3179 2505 3333 2546 nova:
3379 2486 3702 2561 translationis
3720 2498 3779 2561 ρετ

2277 2577 2476 2614 nonum
2503 2570 2772 2616 auctorem
2811 2554 3120 2631 praedicant.
3157 2562 3227 2616 Ea
3260 2577 3382 2630 qua:
3403 2560 3550 2615 affert
3575 2566 3622 2610 ut
3644 2554 3779 2625 probet

2276 2631 2556 2685 Martinum
2585 2647 2736 2686 usum
2769 2632 2933 2688 fuisse
2969 2633 3182 2687 laudato
3207 2632 3407 2688 Codice
3435 2642 3699 2688 canomnn,
3723 2639 3780 2676 re-

2277 2702 2522 2757 fellemus
2552 2702 2605 2757 in
2647 2703 3124 2759 Observationibus
3160 2702 3227 2758 ad
3271 2703 3514 2758 eamdem
3539 2700 3716 2754 dissert.
3741 2692 3781 2747 l2

2275 2788 2394 2847 cap.
2424 2774 2459 2828 2
2490 2791 2546 2847 n_.
2576 2775 2660 2830 lo.
2703 2775 2742 2828 E
2771 2773 2958 2847 Grazco
2982 2785 3158 2830 autem
3191 2773 3410 2847 codice,
3453 2789 3550 2827 non
3577 2777 3780 2847 autemet

2277 2845 2384 2899 ulla
2425 2845 2638 2914 antiqua
2667 2846 2913 2901 versione
2957 2859 3107 2900 suam
3155 2846 3525 2900 collectionem
3561 2841 3781 2914 digeS§i550

2278 2931 2384 2970 non
2405 2907 2578 2969 solum
2611 2917 2844 2970 indicant
2891 2917 3110 2972 recitata
3135 2916 3251 2988 ejus
3276 2916 3461 2988 verba,
3485 2907 3652 2984 quibus
3673 2907 3781 2988 (ξςιιι-

2276 3002 2398 3059 cum
2430 2996 2630 3041 textum
2666 3002 2787 3040 cum
2823 2988 3047 3057 vulgatis
3088 2979 3521 3059 versionibus'se
3559 2979 3781 3059 contulisse

2276 3058 2635 3118 demonstrat;
2666 3073 2849 3112 verum
2881 3047 3041 3112 citam
3071 3075 3135 3115 es
3173 3057 3306 3126 ipsis
3329 3056 3560 3126 ejusdem
3586 3047 3782 3119 Capitulis

2257 3129 2446 3197 'liqnet
2470 3171 2482 3193 ,
2516 3145 2634 3194 qua:
2663 3143 2784 3183 cum
2807 3129 2952 3184 nulla
2976 3130 3156 3185 Latina
3189 3127 3616 3197 interpretatione
3640 3131 3780 3174 conve-

2276 3195 2448 3254 niunt.
2469 3200 2658 3252 Verum
2689 3209 2864 3255 tamen
2897 3210 2979 3255 est
3005 3199 3290 3255 Martinum
3331 3195 3516 3253 novam
3542 3195 3780 3250 Cumarum

595 3286 686 3323 seu
717 3311 730 3332 ,
757 3281 812 3324 ut
844 3280 992 3337 putat
1029 3263 1217 3324 Loaisa
1239 3311 1252 3335 ,
1300 3272 1424 3323 anni
1458 3271 1582 3331 561,
1617 3268 1952 3338 subscriptus
1984 3263 2171 3336 legitur
2201 3263 2247 3327 C
2277 3272 2602 3340 synodorum
2655 3271 2955 3326 versionem
3007 3271 3393 3326 lucubrandam
3429 3269 3523 3324 sibi
3564 3280 3652 3340 uoti
3698 3274 3782 3328 Ρτ⁰⁴

593 3340 852 3395 Martinus
892 3342 1177 3412 episcopus,
1239 3351 1478 3394 nostrum
1525 3340 1806 3394 Martinum
1860 3339 2166 3412 episcopum

594 3413 934 3466 Dumiensem
992 3411 1234 3466 nonnulli
1294 3412 1626 3479 interpretati
1682 3419 1824 3464 sunt.
1876 3411 2168 3466 Enimvero

590 3500 709 3536 cum
751 3485 801 3538 in
830 3483 1057 3537 concilio
1089 3483 1402 3537 Bracarensi
1433 3498 1468 3536 η
1492 3483 1629 3536 idem
1663 3481 1920 3536 Martinus
1949 3483 2166 3538 decreta

588 3557 747 3624 primi
801 3555 1140 3609 Bracarensis
1189 3570 1218 3606 a
1259 3570 1318 3608 se
1345 3555 1453 3623 jam
1486 3563 1640 3608 antea
1684 3553 1896 3624 firmata
1934 3569 2170 3622 proauita

590 3623 718 3691 tict,
769 3637 896 3680 tunc
941 3637 1117 3679 autem
1166 3625 1548 3678 Bracarensem
1604 3623 1785 3678 sedem
1828 3631 2036 3678 teneret
2064 3624 2167 3680 Lu-

587 3702 816 3760 cretius;
843 3712 947 3749 non
978 3697 1082 3749 alio
1115 3695 1351 3762 profecto
1382 3697 1598 3749 nomine
1628 3693 1717 3748 ille
1741 3693 1793 3746 in
1818 3695 2006 3748 eodem
2038 3709 2166 3750 con-

587 3768 712 3820 cilio
745 3784 758 3818 ι
801 3782 860 3821 ea
899 3766 1113 3819 decreta
1168 3767 1380 3818 firmare
1433 3768 1603 3834 potuit
1633 3763 1734 3818 nisi
1765 3765 1836 3818 uti
1880 3765 2164 3834 episcopus

590 3837 915 3890 Dmniensis.
956 3838 1088 3890 lluic
1111 3846 1286 3888 autem
1329 3838 1556 3903 tempori
1601 3850 1709 3906 quo
1737 3847 1852 3888 erat
1880 3836 2164 3906 episcopus

590 3906 914 3973 Dumiensis,
947 3906 1257 3960 ascribenda
1283 3907 1494 3977 videtur
1520 3923 1584 3961 ca
1614 3906 1796 3961 Latina
1814 3907 1990 3961 versio
2011 3909 2163 3977 cujus

589 3980 831 4030 meminit
873 3978 1185 4045 bigeiicrtus
1211 3978 1278 4030 de
1305 3976 1498 4046 Script.
1527 3979 1732 4033 Eccles.
1768 3993 1818 4031 c.
1852 3978 1987 4033 H7:
2017 3976 2160 4033 Mar-

589 4049 725 4100 tinus
751 4047 1016 4117 epismpus
1037 4049 1292 4100 transtulit
1323 4066 1411 4117 per
1436 4065 1642 4102 manum
1668 4047 1936 4102 Pascltasii
1960 4049 2164 4104 diaconi

586 4119 1034 4189 iiuerrogationea
1059 4128 1108 4172 et
1159 4119 1509 4189 responsiones
1561 4120 1809 4189 plurimas
1865 4131 2161 4175 sanctorum

585 4187 954 4260 /Egyptiorum
999 4187 1214 4260 Patrum
1242 4187 1316 4242 ‘in
1365 4187 1627 4244 Dumiensi
1667 4191 1994 4245 monasterio.
2038 4190 2161 4246 Hec

584 4262 758 4314 versio
809 4259 863 4314 in
894 4259 1218 4332 ,Appendice
1261 4260 1327 4332 a_d
1370 4261 1502 4313 vitas
1534 4260 1751 4314 Patrum
1789 4263 1929 4332 typis
1961 4261 2161 4316 Planti-

581 4332 753 4385 nianis
780 4331 904 4403 anni
940 4331 1076 4403 1028
1101 4329 1242 4384 edita
1273 4330 1391 4403 fuit.
1416 4332 1594 4385 Monet
1616 4341 1795 4403 autem
1814 4329 2160 4403 'tioswcydus

581 4403 748 4455 solius
776 4402 984 4456 Martini
1026 4416 1218 4473 nomen
1251 4401 1492 4473 pra-ferri
1525 4403 1576 4456 in
1618 4400 1830 4455 duobus
1858 4400 2154 4473 codicibus,

583 4473 720 4525 inter
747 4489 881 4541 quos
909 4482 1060 4527 vetus
1099 4472 1234 4526 liber
1262 4473 1318 4528 S.
1359 4472 1593 4526 Floriani
1624 4473 1859 4541 scriptus
1882 4474 2080 4528 saeculo
2103 4489 2155 4529 ts

585 4541 722 4614 lianc
762 4537 1085 4614 epigraplten
1114 4542 1330 4614 exitibet
1362 4560 1375 4594 :
1410 4537 1847 4614 Inter-rogationes
1875 4553 1924 4597 et
1946 4561 2154 4614 respon-

582 4613 746 4665 siones
774 4613 1135 4704 ngyptiqrum
1172 4613 1388 4704 {’utrum
1413 4657 1427 4680 ,
1459 4631 1585 4696 quas
1622 4613 1688 4666 de
1724 4613 1902 4695 Graeco
1928 4616 1981 4671 in
2013 4613 2154 4669 Lati-
2181 4643 2236 4704 Β

581 4698 703 4753 nam
729 4684 987 4737 transtulit
1014 4682 1194 4753 [acut]
1219 4683 1474 4737 Martinus
1487 4686 1750 4753 episwpns
1772 4687 1823 4738 in
1849 4687 2154 4741 monasterio

581 4749 870 4824 Ditniiensi.
904 4749 1192 4824 Pasclriasii'
1217 4763 1395 4808 autem
1437 4749 1615 4808 versio
1657 4749 1848 4810 referti
1882 4765 2057 4824 potest
2085 4759 2150 4812 ad

577 4822 719 4896 aliud
745 4840 849 4878 non
871 4823 1114 4878 absimile
1135 4837 1269 4896 opus
1292 4824 1550 4896 injeadem
1576 4825 1810 4879 editione
1833 4822 2150 4896 impressum

574 4892 714 4948 libro
744 4896 995 4967 septimo,
1025 4895 1164 4967 quod
1177 4892 1499 4967 '_Paschasio
1521 4895 1735 4964 quidem
1778 4892 2053 4967 interpreti
2096 4901 2148 4954 in

574 4979 708 5018 mss.
744 4964 1016 5020 tribuitur.
1069 4965 1150 5019 Ad
1184 4965 1564 5020 Bracarensem
1601 4983 1760 5034 porro
1799 4964 1979 5022 sedem
2013 4968 2149 5025 Mar-

573 5036 718 5088 tinus
752 5047 1059 5106 promotus,
1088 5037 1297 5106 prmfuit
1327 5037 1640 5090 Bracarensi
1672 5052 1707 5090 ll
1733 5052 1859 5093 ann.
1895 5039 2031 5105 572,
2061 5043 2146 5096 cui

570 5104 888 5179 subscripsit
914 5123 928 5160 :
970 5104 1225 5179 Martinus
1256 5105 1585 5179 Bracorensis
1614 5104 2022 5179 metropolitanw
2045 5111 2147 5165 Ec-

568 5177 737 5250 clesia:
765 5178 1059 5250 episcopus.
1097 5177 1188 5250 llla
1237 5193 1367 5231 vero
1411 5177 1468 5232 S.
1509 5176 1748 5250 Gregorii
1773 5176 2144 5250 Turonensis,

569 5247 764 5318 quibus
796 5248 1100 5304 sacerdodo
1133 5247 1249 5316 ejus
1275 5250 1459 5303 tribuit
1493 5264 1663 5303 annos
1696 5248 1815 5318 plus
1851 5252 2027 5307 minus
2055 5247 2143 5318 30,

568 5334 676 5374 non
702 5321 876 5374 solum
896 5320 1262 5390 episcopatum
1293 5321 1800 5385 Bracarcnsem,sed
1819 5333 1870 5376 et
1893 5322 2147 5380 Dumien-

567 5403 680 5444 sem
714 5390 1025 5460 respiciunt.

483 5471 487 5476 '
639 5460 691 5534 ῖς
710 5463 869 5534 ΔΙηιεξι·
886 5461 1004 5532 ejus
1029 5475 1195 5531 opera
1225 5460 1290 5515 ad
1323 5470 1562 5534 nostrum
1593 5462 1889 5534 institutum
1916 5466 2148 5534 pertinet

567 5543 629 5584 ea
661 5529 730 5584 84
761 5529 1026 5588 canonum
1069 5529 1164 5588 seu
1209 5533 1566 5600 capitulorum
1619 5533 1864 5588 collectio
1913 5529 1963 5589 in
2006 5537 2140 5593 duas

566 5610 746 5666 partes
791 5605 1060 5676 distincta,
1107 5619 1332 5674 quarum
1367 5605 1511 5672 prior
1535 5605 1760 5673 exponit.
1794 5621 1912 5676 quae
1936 5606 2001 5660 ad
2026 5608 2139 5676 epi-

566 5681 761 5741 scopos
797 5685 849 5727 et
905 5675 1211 5729 universum
1244 5675 1446 5729 clerum
1484 5676 1779 5741 pertinent,
1814 5675 1980 5731 altera
2013 5675 2140 5733 vero

564 5751 656 5818 res
681 5740 745 5794 ad
791 5744 954 5818 laicos
990 5755 1295 5818 spectantes
1336 5740 1732 5818 complectitur.
1781 5747 1928 5801 Hanc
1976 5750 2141 5805 colle-

562 5810 797 5886 ctionem
818 5810 904 5886 ille
921 5810 1300 5886 excauonibus
1319 5810 1620 5886 praesertim
1649 5817 1850 5872 Graecis
1879 5826 1934 5872 et
1955 5820 2142 5876 Latine

565 5879 791 5946 redditis
810 5881 1050 5952 digessit.
1075 5884 1242 5952 Hujus
1265 5879 1669 5958 compingendae
1685 5903 1903 5946 causam
1929 5891 1984 5948 in
2006 5907 2144 5948 ora:-

2274 3337 2535 3415 posuisse,
2566 3341 2826 3415 sedpova
2868 3343 3098 3415 quadam
3122 3341 3348 3396 faciliori
3379 3337 3617 3415 methodo
3642 3342 3781 3415 novam

2274 3423 2329 3467 et
2360 3413 2574 3466 brevem
2606 3412 2980 3468 collectionem
3018 3413 3254 3468 voluisse
3298 3412 3532 3467 condere
3571 3421 3627 3461 es
3654 3412 3704 3458 iis
3723 3415 3781 3456 ca-

2273 3483 2455 3553 pitulis
2505 3500 2622 3552 quae
2669 3484 2880 3538 clericis
2941 3493 2997 3539 et
3042 3483 3192 3540 laicis
3242 3485 3459 3538 utiliora
3496 3477 3780 3553 videbantur:

2271 3550 2387 3607 Hoc
2415 3550 2566 3608 simul
2594 3554 2892 3620 obserrans,
2926 3555 3124 3624 inquit,
3153 3565 3206 3609 ut
3237 3555 3332 3609 illa
3362 3569 3476 3624 qua:
3494 3550 3558 3604 ad
3581 3552 3781 3624 θριδεᾳρω

2267 3627 2344 3678 vel
2368 3627 2652 3678 universum
2679 3628 2868 3680 clerum
2895 3623 3168 3696 pertinent.
3190 3642 3295 3680 una
3324 3623 3383 3677 in
3396 3631 3532 3694 parte
3556 3623 3782 3696 contenti“!

2268 3696 2402 3770 δί’ἶῑξ
2441 3696 2675 3770 δίθηὲιὶιειζ
2702 3705 2749 3750 et
2787 3689 2905 3764 quia
2943 3697 3010 3770 ad
3048 3697 3211 3770 laicos
3240 3689 3686 3770 pertiiiertt,_sintul
3712 3689 3783 3737 sint

2268 3766 2516 3831 adunata,
2545 3775 2598 3819 ut
2626 3766 2702 3838 Vde
2729 3763 2830 3835 quo
2859 3768 3085 3831 capitulo
3111 3770 3240 3822 scire
3253 3767 3447 3838 aliquis
3471 3763 3677 3838 uoluerit,
3699 3770 3780 3835 pot-

2267 3838 2332 3890 sit
2365 3838 2578 3891 celerius
2615 3837 2857 3892 invenire.
2888 3838 2953 3894 Ut
2977 3849 3154 3892 autem
3178 3840 3276 3892 hac
3311 3836 3363 3892 in
3396 3854 3457 3891 re
3480 3836 3783 3908 lectoruinni-

2267 3908 2577 3977 tolligentias
2619 3917 2673 3962 et
2710 3908 2920 3963 utilitati
2952 3911 3320 3978 prospiceret,
3368 3919 3593 3961 canones
3619 3896 3780 3978 quidet}!

2254 3977 2570 4033 .Grtccarum
2614 3977 3019 4048 synodorumin
3050 3979 3166 4047 ipso
3207 3979 3401 4035 Grazco
3442 3978 3580 4031 fonte
3619 3977 3782 4048 potis-I-

2265 4063 2412 4102 mum
2444 4036 2725 4118 expendit;
2760 4051 2853 4104 sed
2892 4065 2988 4105 eos
3028 4036 3163 4119 quos
3187 4051 3347 4106 utiles
3379 4059 3434 4104 et
3481 4036 3783 4119 excerpendos

2265 4110 2530 4185 credidit,
2563 4135 2676 4200 non.
2703 4110 2918 4200 semper
2957 4110 3146 4176 Latine
3179 4110 3781 4200 interpretatus

2263 4191 2631 4263 rosljuegenim
2665 4193 2734 4244 ita
2762 4185 2973 4263 retulit,
3001 4202 3055 4246 ut
3085 4185 3340 4263 qumdani
3363 4205 3484 4263 qua:
3507 4185 3784 4263 simplici-(tre

2265 4249 2713 4316 busividebautur
2743 4249 3004 4329 obscura,
3049 4249 3330 4330 cx'plicarit
3371 4249 3525 4316 latius
3550 4298 3563 4321 ,
3590 4249 3780 4324 quredam

2263 4332 2506 4386 omiserit
2526 4372 2543 4394 .
2571 4332 2813 4400 qumdam
2845 4335 3004 4388 etiam
3051 4332 3339 4388 inseruerit
3361 4373 3379 4397 ,
3429 4339 3578 4401 prout
3611 4331 3780 4401 suorum

2262 4402 2559 4472 disciplina:
2583 4395 2761 4456 utilius
2793 4405 2992 4473 putavit
3025 4423 3036 4456 :
3069 4412 3124 4459 et
3152 4403 3221 4459 ob
3249 4395 3389 4456 hanc
3411 4395 3515 4467 {ut
3538 4395 3780 4473 credimus.

2264 4470 2587 4547 liberlalem,
2637 4470 2904 4528 undenam
2951 4475 3051 4529 hoc
3097 4473 3339 4547 velillud
3368 4470 3782 4547 capitulumsultl-

2262 4553 2412 4614 ptum
2441 4537 2633 4608 fuerit,
2667 4560 2934 4612 nunquam
2973 4546 3238 4613 ascripsit.
3265 4537 3472 4599 Eodem
3501 4537 3780 4596 consiliou-

2262 4629 2456 4669 nonem
2513 4614 2814 4687 decimum,
2857 4617 2989 4670 alias
3037 4631 3234 4670 nonum
3282 4615 3477 4687 synodi
3517 4614 3782 4687 Ancyra-III,

2259 4701 2418 4756 quem
2451 4701 2561 4753 pra}
2587 4685 2756 4740 oculis
2787 4675 2965 4742 liabuit
2992 4702 3111 4754 cap.
3133 4687 3201 4742 59
3231 4675 3546 4747 cm'cndaus,
3576 4675 3783 4734 Occiden-

2261 4757 2352 4813 tali
2380 4757 2676 4824 disciplina:
2716 4759 3159 4812 accommodavit.
3191 4756 3327 4812 Cum
3365 4756 3509 4811 enim
3539 4768 3598 4807 co
3621 4756 3782 4824 canone

2259 4819 2618 4896 diaconis'qui
2644 4829 2694 4882 in
2722 4830 3061 4883 ordinatione
3097 4828 3376 4896 protestati
3409 4819 3782 4881 luerintvellese

2259 4913 2479 4971 uxorem
2511 4902 2750 4971 ducere,
2779 4907 2834 4953 et
2876 4899 3220 4971 nihilominus
3259 4897 3780 4971 ordinationenraccc:

2257 4969 2454 5040 perint,
2478 4970 2522 5024 si
2555 4979 2736 5038 postea
2762 4969 3426 5040 matrimoniojungantur,
3459 4971 3509 5022 in
3542 4967 3782 5040 ministtfl'w

2257 5032 2574 5111 permanere
2623 5040 2997 5107 permittatur;
3038 5032 3294 5095 Martinus
3348 5032 3446 5093 hos
3493 5045 3612 5111 post
3642 5032 3781 5111 llul'l?‘

2258 5106 2401 5166 inodi
2432 5106 2865 5180 protestationem
2896 5112 3133 5166 ordinari
3164 5120 3324 5166 vetat.
3351 5111 3484 5165 Cum
3514 5106 3691 5180 nullum
3714 5109 3780 5152 ca-

2255 5179 2483 5252 pitulum
2509 5182 2806 5250 proferatur
2829 5183 2969 5251 quod
2991 5198 3112 5238 cum
3127 5179 3644 5252 Clialceilonensibns
3659 5180 3781 5252 cang

2257 5241 2415 5308 ilibus
2445 5241 2551 5307 ulla
2585 5253 2789 5309 ratione
2815 5241 3118 5319 conveniat,
3145 5253 3402 5308 Martinus
3433 5251 3610 5306 Graeco
3635 5241 3780 5300 codice

2257 5340 2386 5380 usus
2413 5324 2625 5396 videtur
2650 5326 2738 5396 qui
2772 5323 2961 5396 iisdem
2992 5324 3286 5396 canonibus
3309 5324 3546 5396 carebat.
3671 5383 3682 5396 .

2331 5393 2532 5468 [CCLlll]
2571 5394 2626 5450 4.
2653 5395 3194 5468 Ιλίοθιλρηιιΐειιὶοηθηι
3225 5391 3708 5468 legentibusomnis
3730 5391 3780 5468 ex

2255 5462 2614 5522 Orientalibus
2655 5465 2876 5537 synodis
2914 5476 3163 5536 excerpta
3195 5462 3370 5537 videri
3413 5462 3638 5537 possint.
3678 5467 3781 5537 "’0'"

2247 5538 2388 5592 nulla
2421 5547 2597 5591 tamen
2642 5524 2708 5591 ei
2749 5538 2951 5592 Latinis
2982 5524 3191 5607 quoque
3221 5524 3462 5590 fontibus
3498 5532 3670 5607 hausta
3695 5524 3780 5607 ille:

2245 5619 2391 5663 runt.
2417 5609 2632 5663 Certum
2656 5609 2918 5678 siquidem
2939 5592 3022 5663 esi
3045 5592 3284 5678 quicdam
3311 5606 3500 5678 iisdem
3519 5603 3622 5678 fere
3639 5592 3781 5678 Vetllif

2246 5689 2456 5750 sumpta
2487 5695 2553 5734 ex
2584 5673 2813 5754 concilio
2842 5673 3104 5754 Toletani)
3135 5677 3470 5754 t,_no_nnulla
3495 5673 3683 5754 etiam,
3707 5675 3756 5754 ᾖ

2247 5746 2441 5818 rarius,
2489 5766 2556 5806 ex
2588 5750 2898 5805 Bracarensi
2934 5766 2948 5804 l
2993 5761 3046 5804 et
3085 5766 3149 5805 ex
3183 5747 3448 5803 Africanis
3477 5746 3692 5818 derivata
3716 5746 3781 5818 tif

2247 5809 2461 5896 deniué.
2481 5891 2492 5896 Α
2512 5821 2625 5896 Non
2671 5836 2837 5896 pauca
2870 5836 2996 5876 vero
3024 5838 3142 5896 qua;
3183 5822 3235 5896 in
3273 5819 3449 5896 nullis
3478 5829 3572 5896 nec
3596 5809 3778 5896 (ἶγεξξτξξν

2248 5907 2350 5950 nec
2380 5891 2584 5949 Latinis
2616 5881 2936 5951 ca'nonibus.
2970 5881 3056 5948 oni
3087 5892 3310 5948 Martino
3339 5885 3658 5945 antiquiores
3678 5881 3776 5933 sial-

2859 6045 2950 6055 εν..

3892 2703 3893 2794 i

3891 3145 3893 3256 φ
