3978 6342
165 438 269 499 28!

166 627 460 683 bitramur.
516 627 575 681 ln
618 626 853 682 editione
891 628 1106 697 quidem
1167 628 1365 685 inserta
1418 629 1765 685 Bibliotheca:

167 699 317 752 Juris
363 700 613 752 canonici
660 696 1109 753 GnlielmiVoelli
1160 708 1214 753 et
1263 700 1474 754 Hearici
1519 700 1761 765 Justelli,

167 768 405 837 singulis
436 770 646 823 Martini
690 769 939 839 capitulis
981 770 1014 823 ii
1056 785 1290 825 canones
1332 771 1684 825 conciliorum
1735 785 1767 826 e

167 843 400 909 regione
428 847 773 905 annotantur,
818 856 882 895 ex
919 839 1113 909 quibus
1144 851 1395 909 tanquam
1427 857 1491 897 ex
1527 842 1766 897 fontibus

169 926 234 965 ca
270 926 301 964 c
320 911 509 977 ipitula
536 912 852 980 deprompta
879 914 1193 966 creduntur.
1229 911 1383 967 Utilis
1411 922 1465 967 et
1493 928 1766 968 commen-

178 980 364 1035 danda
398 985 511 1036 liatc
541 982 833 1051 diligentia,
867 998 1023 1051 quam
1060 982 1252 1037 Joanni
1290 983 1537 1050 Doujatio
1569 983 1766 1039 laudati

169 1054 420 1106 editores
466 1053 727 1108 referunt.
781 1058 849 1107 Λι
877 1067 1112 1107 canones
1142 1054 1387 1108 Nicanus
1416 1055 1449 1108 8
1489 1065 1542 1109 et
1574 1054 1765 1109 Laodi-

170 1138 349 1177 ccnus
378 1125 450 1178 39
496 1127 563 1177 ita
610 1126 886 1178 minimum
925 1134 1227 1193 congruunt
1257 1141 1377 1179 cum
1408 1126 1655 1195 capitulis
1694 1124 1765 1181 36

172 1205 229 1248 et
261 1196 365 1255 75.
420 1196 614 1264 quibus
657 1196 966 1263 afﬁguntm',
1018 1205 1075 1249 nt
1122 1196 1243 1249 illos
1286 1196 1541 1250 Martinus
1588 1196 1639 1251 in
1683 1195 1765 1250 his

171 1266 434 1337 capitulis
464 1267 645 1337 animo
673 1267 975 1321 obvolvisse
1019 1266 1157 1321 haud
1188 1266 1345 1321 facile
1384 1267 1531 1322 credi
1574 1267 1763 1337 possit.

173 1335 420 1397 Eadem.
474 1336 639 1391 immo
689 1338 856 1392 multo
902 1338 1075 1404 major
1119 1348 1199 1392 est
1247 1339 1383 1392 ratio
1425 1338 1493 1393 de
1537 1335 1769 1393 concilio

173 1406 489 1478 Turonensi
533 1424 603 1471 tt,
652 1409 802 1478 cujus
845 1423 1016 1461 canon
1055 1408 1127 1461 22
1168 1408 1298 1462 alias
1341 1410 1446 1475 ‘25,
1497 1424 1600 1463 una
1643 1423 1767 1463 cum

174 1477 493 1532 Laodiceuo
521 1477 726 1535 canone
756 1479 1038 1547 apponitur
1067 1480 1281 1533 laudato
1308 1478 1543 1547 capitulo
1574 1480 1670 1543 75;
1714 1490 1770 1534 et

175 1548 245 1602 de
294 1550 621 1615 Agatltensi,
679 1555 830 1618 cujus
876 1565 1046 1603 canon
1096 1553 1162 1605 64
1210 1550 1494 1604 ascrihitur
1536 1550 1771 1619 capitulo

174 1620 311 1673 item
352 1620 446 1675 δι.
498 1621 629 1675 Nam
680 1630 1034 1690 praeterquam
1078 1620 1220 1691 quod
1274 1620 1488 1675 indicati
1536 1635 1770 1675 canones

173 1706 305 1744 curn
340 1692 532 1745 iisdem
560 1694 804 1759 capitulis
835 1691 1011 1745 minus
1051 1692 1407 1757 conveniunt,
1454 1691 1769 1747 incredibile

174 1772 259 1815 est
297 1763 401 1815 has
426 1764 661 1832 synodos
688 1762 989 1816 Gallicanas
1021 1778 1130 1829 prie
1160 1763 1327 1817 oculis
1356 1764 1604 1817 fuisse-3.
1633 1762 1771 1816 Mar-

175 1834 329 1895 tino,
385 1848 477 1900 qui
524 1850 589 1886 ex
638 1832 925 1887 Gallicanis
970 1834 1212 1887 conciliis
1259 1833 1389 1888 nihil
1436 1834 1771 1900 excerpsisse

175 1903 629 1970 deprehenditur.
682 1905 834 1958 Adde
875 1904 1013 1973 quod
1057 1904 1294 1973 synodus
1326 1905 1653 1959 Turonensis
1697 1918 1764 1971 ll,

176 1976 284 2028 sub
314 1974 460 2028 idem
492 1976 703 2029 circiter
734 1984 944 2043 tempus
973 1974 1239 2031 celebrata
1268 1990 1375 2043 quo
1402 1975 1659 2029 Martinus
1682 1989 1772 2028 ca-

178 2044 353 2114 pitula
381 2046 640 2110 condidit,
674 2062 794 2100 cum
825 2046 1105 2113 posteriori
1134 2045 1437 2101 collectioni
1470 2046 1771 2114 Hispanicae

177 2117 349 2171 etiam
381 2116 608 2169 anetiori
633 2133 736 2170 non
760 2117 1059 2171 inveniatur
1089 2118 1309 2180 inserta,
1338 2117 1583 2186 Hispanis
1608 2116 1770 2171 fuisse

178 2187 407 2241 videtur
452 2186 654 2255 ignota.
709 2188 817 2241 Cur
858 2202 1021 2258 porro
1069 2188 1304 2258 capitulo
1352 2188 1422 2242 68
1470 2195 1771 2255 apponatur

178 2272 361 2313 canon
418 2258 694 2330 cujusdam
750 2257 960 2314 concilii
1020 2274 1087 2315 ex
1140 2257 1525 2330 Capitularinm
1582 2258 1674 2311 lib.
1721 2274 1769 2312 vi

181 2344 341 2383 num.
370 2328 493 2385 198.
536 2346 642 2386 non
683 2331 1047 2401 intelligimus.
1104 2328 1231 2385 Non
1254 2331 1424 2386 solum
1452 2330 1593 2385 enim
1627 2330 1768 2385 idem

182 2416 362 2455 canon
392 2415 512 2454 cum
542 2417 609 2455 eo
639 2402 846 2457 Martini
877 2401 1110 2471 capitulo
1141 2418 1245 2457 non
1276 2403 1540 2465 concinit;
1584 2417 1769 2457 verum

186 2473 353 2530 etiarn
384 2473 589 2527 nullum
620 2471 816 2527 ibidem
846 2474 1132 2527 concilium
1166 2472 1394 2527 Martino
1424 2473 1664 2528 anterius
1692 2472 1771 2526 al—

180 2543 401 2614 legatur
447 2559 513 2598 ex
561 2560 665 2614 quo
715 2544 853 2599 idem
902 2543 1193 2612 capitulum
1243 2545 1456 2613 excerpi
1512 2544 1767 2613 potuerit.

179 2612 350 2683 Pejus
391 2612 779 2669 antem‘multo
821 2615 1064 2670 nonnulli
1108 2615 1207 2670 hac
1248 2612 1524 2671 notatione
1561 2615 1770 2682 decepti

179 2684 565 2755 aitiriuarnnt,
606 2686 888 2740 Martinam
927 2700 1163 2742 canones
1205 2690 1501 2755 sumpsisse
1528 2686 1682 2739 etiam
1709 2700 1773 2738 ea:

179 2754 609 2827 capitulm-ibus,
647 2772 765 2827 qua:
802 2758 970 2811 multo
1008 2767 1130 2827 post
1166 2758 1285 2821 eius
1323 2754 1535 2812 aetatem
1565 2755 1773 2827 digesta

180 2826 428 2881 fuerunt.
464 2829 633 2883 Simili
663 2826 730 2882 de
752 2842 912 2883 causa
942 2844 1048 2882 non
1077 2828 1279 2883 arridet
1307 2829 1556 2896 sllegatio
1587 2826 1773 2881 Arela-

180 2899 360 2951 tensis
392 2914 451 2951 ιιι
483 2914 604 2952 cau.
636 2901 691 2961 5,
732 2915 795 2953 ex
828 2914 975 2953 num.
1002 2897 1103 2953 194
1132 2899 1371 2968 ejusdem
1410 2898 1527 2952 ltbri
1557 2898 1773 2967 Capitu-

180 2970 379 3023 larium
402 2968 562 3022 afﬁxa
583 2970 818 3038 capitulo
833 2971 923 3033 69,
942 2985 1061 3024 cum
1082 2970 1380 3040 praesertim
1404 2970 1455 3023 in
1478 2968 1774 3023 canonibus

182 3040 526 3093 Arelatensis
557 3055 612 3093 ιιι
652 3042 782 3094 nihil
820 3042 925 3097 tale
965 3042 1287 3096 inveniatur.
1338 3042 1466 3106 Quae
1495 3055 1624 3094 vero
1651 3055 1773 3095 cum

182 3108 353 3165 lvone
368 3109 683 3165 Caruotensi
707 3110 1003 3167 aﬁ'eruntur
1024 3127 1088 3167 ex
1110 3112 1353 3167 conciliis
1370 3110 1773 3167 Carthattinensi

183 3194 237 3235 et
282 3181 602 3236 Bracarensi
642 3181 707 3236 ad
737 3183 966 3251 capitula
998 3185 1089 3251 65‘,
1135 3182 1203 3236 74
1233 3194 1286 3236 et
1313 3181 1411 3248 75,
1457 3181 1589 3235 nihil
1632 3182 1774 3236 aliud

758 436 845 496 DE
883 438 1111 509 ANTIO.
1151 439 1593 498 COLLECTION.
1640 443 1725 499 ET
1762 442 2188 505 COLLEC'I'OR.
2231 448 2581 507 CANONUM.
2624 450 2803 510 PARS
2841 450 2927 508 IV.

166 557 440 611 hactenus
469 555 717 610 invenire
744 552 921 620 licuit,
962 556 1060 625 ipsi
1088 557 1315 611 Martino
1353 558 1630 612 tribuendi
1677 574 1766 613 ar-
1796 562 1846 622 Α
1874 562 2089 617 concilio
2144 563 2358 619 Martini

2411 584 2579 637 papa.
2634 568 2745 623 Hoc
2791 583 2975 623 errore
3019 567 3163 622 ducti
3214 569 3454 625 nonnulli

1872 634 2060 688 eadem
2108 638 2337 705 capitula
2385 634 2419 689 a'
2458 634 2515 692 S.
2546 639 2817 694 Martinol
2858 654 3067 695 summo
3106 640 3359 705 pontiﬁce
3398 641 3454 696 in

1869 705 2101 759 concilio
2124 704 2365 760 Romano
2392 710 2593 764 sancita
2623 720 2891 779 putantes,
2912 709 3301 836 jccuvkidetn
3330 725 3456 779 pon-

1872 776 1999 830 tiﬁci
2040 776 2345 831 tribuerunt
2374 793 2491 833 eam
2522 781 2814 836 ilisciolinte
2854 796 2911 835 re
2935 783 3237 836 axationent
3267 796 3368 836 una
3399 783 3452 836 irt

1872 776 1999 850 tiﬁci
2040 776 2345 850 tribuerunt
2374 793 2491 833 eam
2522 776 2814 849 disciplima
2854 776 3237 837 relaxationent
3267 776 3368 850 qua
3399 783 3452 837 itt

1869 844 2059 922 iisdem
2093 848 2342 922 capitulis
2374 844 2700 917 permittitur
2731 861 2787 906 ut
2828 852 3021 922 bigami
3064 852 3117 907 in
3160 844 3455 907 minoribus

1870 917 2420 993 ordinumgradilnis
2471 917 2966 989 permaneantfet
3018 923 3241 993 proinde
3289 922 3453 978 etiam

1870 990 2287 1061 contendebant.
2318 992 2366 1045 vi
2399 994 2711 1047 eorumdeni
2738 990 3127 1061 capitulorum,
3166 1010 3283 1061 qure
3316 994 3453 1049 Mar-

1873 1059 1985 1135 tin_o
2036 1060 2275 1129 pontiﬁci
2324 1063 2742 1135 asserebantur,
2800 1059 2900 1120 hoc
2948 1059 3453 1135 quoque‘tempore

1872 1130 2184 1203 episcopum
2225 1148 2344 1187 cunt
2393 1132 2603 1203 bigamo
2648 1148 2805 1203 posse
2849 1135 2914 1188 ad
2961 1130 3195 1191 minores
3238 1130 3455 1191 ordines

1874 1201 2209 1270 dispensare.
2260 1204 2428 1269 Quam
2455 1201 2778 1272 opinionem
2824 1205 2958 1259 falso
2989 1205 3333 1261 fundamento
3373 1207 3454 1261 in-

1874 1272 2281 1345 nisamASixtus
2322 1274 2617 1345 Vrtandem
2670 1276 2937 1345 explosit,
2990 1285 3048 1329 ut
3094 1276 3277 1333 videre
3326 1278 3457 1332 licet

1873 1344 2013 1413 apud
2038 1343 2342 1413 Fagnanum
2373 1344 2427 1399 in
2447 1343 2847 1401 Commentario
2874 1343 2942 1401 ad
2972 1357 3132 1413 caput
3160 1348 3453 1403 secundum

1874 1414 1938 1468 de
1963 1414 2193 1487 (rigentis.

2482 1485 2710 1544 CAPUT
2760 1487 2845 1542 Ill.

2125 1580 2198 1635 De
2226 1579 2489 1636 Breoiario
2519 1590 2566 1635 et
2594 1580 2901 1637 Collectione
2927 1582 3206 1638 (Iresconii.

1948 1694 1997 1777 l_.
2024 1693 2298 1777 Cresconii
2330 1708 2446 1759 seu,
2472 1702 2528 1749 ut
2550 1695 2640 1750 alii
2670 1696 2896 1761 malunt,
2938 1693 3454 1777 Qrisconiiepiscopl

1872 1762 2111 1819 Africani
2141 1766 2249 1819 duo
2279 1780 2442 1834 opera
2484 1777 2870 1829 memorantur,
2916 1768 3139 1821 alterum
3172 1762 3457 1821 Concordia

1874 1850 2147 1907 canonum,
2183 1836 2407 1891 alterum
2445 1852 2635 1906 poema
2671 1838 2733 1891 de
2770 1838 2928 1892 Bellis
2966 1836 3189 1907 Libycis.
3243 1836 3456 1892 Utrum-

1874 1921 1980 1977 que
2025 1906 2126 1961 hoc
2169 1922 2303 1974 opus
2331 1908 2666 1977 designatum
2695 1910 2927 1963 vidimus
2972 1908 3023 1963 in
3066 1906 3172 1965 rus.
3208 1907 3459 1963 Vallicel-

1876 1976 2000 2030 lano
2034 1977 2097 2031 18
2159 1993 2282 2047 pag.
2330 1979 2464 2041 l36.
2532 1979 2621 2033 ubi
2670 1978 2990 2035 describitur
3036 1978 3215 2033 tabula
3271 1994 3458 2035 eorum

1872 2063 1992 2119 qua:
2018 2047 2073 2119 in
2102 2048 2507 2119 eodemrcodice
2550 2050 2914 2105 continentur.
2967 2050 3023 2103 ln
3068 2049 3239 2119 primo
3279 2059 3455 2105 autem

1874 2118 2117 2186 ejusdem
2165 2118 2363 2191 tabula:
2413 2131 2638 2191 numero
2687 2121 2801 2176 haec
2850 2122 3133 2191 leguntur:
3169 2118 3456 2174 Concordia

1873 2205 2127 2262 canonum
2172 2206 2202 2241 a
2245 2188 2513 2262 Cresconio
2552 2190 2795 2260 Africano
2837 2188 3074 2262 cpiswpo
3115 2191 3330 2262 digesta
3364 2191 3456 2244 sub

1873 2260 2117 2325 capitulis
2158 2261 2412 2315 trecentis.
2464 2258 2569 2315 Iste
2600 2258 3195 2315 nimirum'Crcsconius'
3232 2260 3363 2315 bella
3413 2270 3455 2315 ct

1874 2331 2109 2386 victorias
2131 2348 2259 2401 quas
2284 2329 2555 2403 Iohannes
2575 2333 2819 2401 patricius
2845 2335 2983 2403 apud
3010 2332 3325 2403 Africantde
3348 2330 3454 2403 Sa-

1873 2404 2073 2473 racenis
2090 2400 2261 2473 gessit,
2277 2400 2585 2458 Iterumuris
2602 2403 2822 2461 versibus
2843 2400 3110 2473 descripsit
3130 2400 3219 2456 sub
3241 2400 3455 2457 libris...

1874 2472 2110 2528 Primum
2134 2491 2267 2541 opus
2290 2484 2495 2529 tantttm
2517 2483 2792 2543 superest;
2824 2472 3116 2529 secundum
3142 2487 3291 2539 vero,
3313 2473 3454 2541 quod

1878 2544 2141 2600 hactenus
2172 2545 2224 2601 in
2256 2544 2526 2601 desiderio
2557 2555 2674 2611 est,
2716 2561 2837 2602 cum
2868 2545 3215 2609 inscriptione
3242 2543 3453 2612 quidem

1874 2616 1937 2669 de
1981 2614 2140 2669 Bellis
2187 2615 2420 2687 Libycis,
2469 2617 2849 2672 continebatur
2894 2617 2946 2671 in
2999 2631 3101 2687 ms.
3146 2615 3453 2687 monasterii

1875 2688 2074 2742 montis
2099 2684 2307 2742 Cassin'i
2348 2690 2488 2742 inter
2515 2688 2730 2742 codices
2764 2704 2900 2756 quos
2930 2686 3238 2741 Desiderius
3268 2684 3455 2756 abbas,

1875 2767 2061 2827 postea
2093 2756 2366 2813 Romanus
2398 2758 2637 2827 pontifex
2665 2754 2845 2814 Victor
2864 2757 2928 2813 lll
2954 2758 3291 2812 bibliotheca:
3315 2754 3455 2824 ejus-

1873 2828 1995 2883 dem
2034 2830 2345 2883 monasterii
2390 2829 2661 2884 addidisse
2697 2828 2925 2893 traditur
2960 2844 2989 2881 a
3020 2841 3203 2882 cozcvo
3241 2834 3456 2882 auctore

1874 2896 2056 2953 Leone
2076 2899 2308 2955 Ostiensi
2351 2901 2402 2955 in
2432 2898 2705 2955 Chronico
2732 2900 3038 2955 Cassinensi
3079 2899 3172 2953 lib.
3203 2912 3258 2951 Ill
3286 2911 3335 2951 c.
3366 2896 3455 2953 63.

1878 2968 1934 3040 id
1970 2980 2146 3024 autem
2177 2971 2423 3025 utilitatis
2451 2972 2634 3026 notitia
2666 2972 2823 3040 hujus
2851 2974 3031 3039 operis
3059 2970 3265 3033 attulit,
3310 2968 3454 3038 quod

1875 3037 2147 3112 Cresconii
2189 3050 2319 3095 tetas
2346 3042 2539 3096 exinde
2568 3037 2929 3112 cognoscitur.
2979 3041 3112 3112 Cum
3151 3040 3291 3092 enini
3335 3054 3449 3112 me-

1876 3112 2070 3181 morati
2116 3110 2337 3167 Joannis
2382 3112 2587 3181 patricii
2628 3109 2848 3167 victoria
2901 3122 3008 3166 turn
3058 3110 3125 3163 ab
3174 3109 3456 3181 Anastasio

1877 3180 2290 3237 Bibliothecario
2334 3178 2395 3236 in
2432 3183 2801 3238 Ecclesiastica
2844 3182 3105 3246 llistoria,
3148 3190 3256 3234 tuin
3296 3193 3325 3231 a
3357 3178 3453 3234 Ce-

184 3262 322 3323 sunt
354 3252 454 3305 nisi
486 3259 595 3320 ipsa
622 3250 813 3308 horum
834 3253 1041 3308 Martini
1067 3255 1427 3321 capitulorum
1449 3252 1633 3323 verba,
1657 3267 1778 3323 quat
1824 3321 1848 3323 _
1879 3250 2050 3307 dreno
2076 3253 2321 3322 afﬁgatur
2341 3269 2483 3308 anno
2510 3255 2668 3309 tertio
2688 3252 2895 3310 Leontii
2921 3252 3276 3323 imperatoris,
3301 3250 3350 3304 id
3375 3259 3457 3323 est

187 3321 248 3395 in
283 3322 435 3395 nullo
454 3319 880 3395 Carthagiiiensi,
903 3334 995 3379 aut
1021 3319 1330 3379 llracarensi
1362 3322 1591 3378 concilio
1622 3319 1779 3395 re'pe—
1805 3321 1853 3385 C
1881 3336 2025 3378 anno
2049 3319 2247 3395 Christi
2272 3325 2399 3391 697,
2432 3326 2784 3391 Cresconius,
2826 3324 2914 3395 qui
2943 3319 3061 3379 eam
3090 3320 3332 3377 versibus
3360 3319 3457 3377 de-

190 3392 313 3447 rire
336 3393 532 3447 licebit.
557 3392 713 3450 Forte
734 3395 823 3449 lvo
842 3396 1127 3450 concilium
1146 3396 1474 3449 Bracarense
1491 3394 1779 3463 appellavit

193 3462 317 3535 ipsa
361 3464 563 3518 Martini
606 3467 869 3533 capitula,
918 3483 1038 3535 qua:
1080 3465 1220 3535 apud
1261 3462 1774 3534 quosdamconctlii

187 3532 542 3589 Brai'arensis
569 3532 786 3593 nomine
809 3532 1095 3592 donantur.
1117 3532 1205 3591 ἸΙί
1234 3532 1363 3606 ergo
1394 3550 1629 3589 canones
1658 3549 1780 3589 cum

185 3606 411 3659 caeteris
441 3622 574 3675 quos
603 3610 760 3675 paulo
786 3620 909 3663 ante
936 3609 1309 3671 indicavimus,
1341 3608 1514 3662 eidem
1553 3606 1783 3661 Martino

186 3675 467 3730 referendi
491 3678 761 3733 videntur.
794 3679 1039 3734 Nonnuili
1066 3693 1301 3733 canones
1324 3677 1647 3745 apostolicos
1668 3692 1783 3748 per-

186 3761 385 3822 peram
414 3749 612 3822 afcrilii
656 3760 839 3822 putant
878 3750 1125 3822 capitulis
1153 3749 1225 3803 26
1255 3761 1309 3803 et
1336 3749 1441 3822 27,
1478 3764 1599 3803 cum
1644 3762 1784 3822 prae-

187 3820 382 3890 sertim
415 3819 538 3873 illos
565 3820 791 3874 Martino
821 3819 1028 3890 ignotos
1054 3822 1401 3884 arbitrentur,
1430 3820 1593 3874 immo
1618 3821 1781 3875 etiam

188 3887 438 3942 nondum
483 3893 729 3945 conditos
766 3887 890 3946 (lunt
932 3892 1074 3947 idem
1117 3892 1170 3946 in
1201 3891 1420 3946 Oriente
1457 3899 1780 3946 versaretur.

187 3958 306 4032 [los
333 3975 468 4013 vero
499 3964 666 4013 multo
695 3964 1025 4032 antiquiores
1054 3962 1383 4017 ostendimus
1415 3972 1552 4029 part.
1579 3977 1618 4028 ι,
1650 3976 1699 4016 c.
1729 3962 1779 4016 1.

188 4030 359 4103 Certe
383 4032 671 4100 Dionysius
696 4030 948 4103 Exiguus,
974 4037 1061 4103 qui
1094 4042 1215 4088 ante
1240 4035 1297 4089 S.
1321 4033 1602 4087 Martinunt
1631 4049 1781 4089 suam

187 4100 572 4173 collectionem
600 4100 918 4173 lucubravit,
936 4100 1159 4159 eosdem
1185 4120 1217 4160 e
1237 4105 1424 4159 Grteco
1450 4104 1636 4158 Latine
1662 4104 1786 4159 red-

186 4171 432 4244 diderat.
464 4174 599 4227 Num
628 4190 754 4229 vero
782 4191 843 4231 ex
877 4171 1123 4243 aucriptis
1152 4175 1450 4230 canonibus
1477 4176 1785 4244 apostolicis

185 4242 461 4297 Martinus
495 4244 697 4313 aliquid
724 4242 1031 4314 sumpserit
1050 4257 1105 4301 et
1133 4262 1285 4300 more
1309 4260 1409 4300 suo
1436 4242 1594 4299 latius
1620 4260 1786 4315 expo-

186 4315 401 4377 suerit,
446 4331 511 4368 an
544 4331 670 4370 vero
708 4316 821 4372 haec
852 4334 1063 4387 quoque
1091 4317 1322 4386 capitula
1350 4318 1420 4371 26
1460 4328 1513 4371 et
1548 4318 1617 4371 27
1649 4320 1786 4372 inter

186 4399 251 4459 ea
284 4387 627 4459 recettscnda
657 4389 765 4442 sint
793 4403 1017 4459 quorum
1048 4390 1162 4458 ipse
1189 4394 1377 4443 auctor
1404 4388 1629 4458 exstitit,
1654 4387 1781 4444 deﬁ-

187 4458 315 4510 nire
351 4470 459 4511 non
487 4458 766 4514 audemus.

262 4528 339 4597 5.,
363 4528 513 4581 Hanc
534 4531 888 4597 capitulorum
910 4530 1287 4586 collectionem
1311 4529 1570 4585 Martinus
1591 4529 1786 4587 direxit

187 4597 255 4652 ad
289 4596 611 4664 Nitigisium
645 4611 696 4655 et
725 4603 1033 4656 universum
1065 4602 1348 4655 concilium
1381 4600 1640 4657 Lucense.
1692 4602 1788 4657 llic

188 4668 654 4742 ﬁitigisinscum
708 4672 821 4727 suis
870 4672 1220 4742 snﬁraganeis
1270 4672 1509 4727 inter-fuit
1560 4673 1787 4728 concilio

189 4740 521 4813 Bracarensi
552 4758 617 4808 ιι,
647 4743 730 4797 cui
760 4744 1018 4799 Martinus
1042 4740 1281 4812 praefuit.
1325 4742 1522 4797 Eadem
1557 4743 1785 4813 capitula

189 4812 245 4867 in
292 4812 408 4865 hoc
446 4813 673 4868 concilio
720 4814 857 4869 lecta
900 4824 955 4869 ct
998 4815 1314 4869 conﬁrmata
1352 4814 1664 4869 creduntur.
1719 4818 1789 4871 At

191 4883 349 4953 quod
394 4882 590 4938 ibidem
636 4884 831 4940 lectum
878 4894 935 4941 et
976 4886 1347 4941 conﬁrmatum
1388 4885 1636 4949 traditur,
1678 4901 1785 4941 non

190 4965 329 5009 sunt
365 4953 479 5007 haec
508 4956 773 5024 capitula.
812 4957 906 5011 sed
948 4966 1097 5025 gesta
1138 4958 1480 5012 Bracarensis
1513 4972 1563 5020 ι,
1610 4965 1669 5010 ιιι
1712 4972 1783 5012 ex

190 5025 623 5081 interlocutione
666 5026 833 5094 ipsius
872 5027 1086 5083 Martini
1128 5026 1469 5083 manifestum
1506 5037 1607 5081 est.
1664 5028 1787 5083 llaec

191 5096 440 5166 capitula
480 5097 635 5152 nobis
662 5094 977 5153 conservata
1010 5099 1223 5153 fuerunt
1251 5114 1280 5152 a
1310 5099 1628 5154 collectione
1669 5099 1789 5153 llis-

193 5166 435 5237 panica,
479 5182 545 5222 ex.
587 5183 688 5233 qua
733 5168 789 5222 in
835 5168 1183 5225 lsidorianatn
1232 5172 1576 5225 transierunt.
1631 5169 1788 5225 Edita

193 5239 609 5310 suntprimum
641 5253 705 5293 ex
737 5240 923 5296 codice
967 5241 1288 5305 Isidoiiano,
1334 5254 1491 5310 quem
1538 5240 1790 5297 Merlinus

195 5308 488 5373 adhibuit;
531 5308 653 5365 dein
683 5326 812 5365 vero
842 5312 927 5366 illa
969 5312 1167 5366 recusit
1196 5308 1382 5366 Loaisa
1414 5314 1480 5367 ad
1511 5311 1667 5367 ﬁdem
1700 5326 1792 5367 co-

194 5379 387 5449 dicum
414 5394 561 5447 purse
581 5381 914 5437 collectionis
940 5383 1254 5449 llispanictc.
1288 5384 1544 5438 Justellus
1563 5396 1615 5437 et
1635 5383 1793 5438 Voel-

196 5448 603 5524 Ius‘utriusque
632 5452 879 5507 editionis
915 5448 1174 5509 lectiones
1210 5464 1264 5508 et
1305 5459 1787 5524 manuscriptornm

195 5520 496 5595 variantes
511 5520 764 5595 notarunt
790 5540 947 5595 quam
979 5524 1382 5593 diligentissime
1414 5528 1464 5580 in
1495 5520 1791 5595 appendice

197 5591 335 5663 torni
364 5590 384 5644 Ι
416 5591 762 5649 Bibliotheca!
792 5590 933 5650 luris
960 5590 1224 5651 canenici.
1277 5598 1331 5650 In
1369 5590 1640 5663 peran'ipla
1670 5598 1783 5651 col-

197 5661 757 5737 Lectionecanonum
805 5670 1164 5737 manuscripta
1208 5668 1421 5736 collegii
1470 5661 1788 5737 l’arisiensis

199 5731 499 5805 §9cietatis
526 5734 651 5790 Jesu
693 5736 809 5791 haec
845 5731 1471 5805 capitula'inscribuntur
1500 5736 1786 5791 Concilium

199 5800 433 5877 Martini
463 5821 643 5877 papa,
687 5816 745 5862 ut
782 5807 843 5862 P.
875 5800 1178 5863 H'ardninus
1209 5812 1429 5864 notavit.
1480 5808 1615 5862 Hinc
1654 5808 1785 5862 nibil

200 5875 432 5939 mirum,
462 5878 507 5930 si
533 5875 639 5932 illa
670 5878 807 5946 apud
839 5882 1161 5948 posteriores
1190 5880 1445 5949 quosdam
1472 5880 1789 5935 collectores

201 5956 483 6008 canonum
516 5964 899 6021 nonnunquam
928 5950 1229 6021 allegentur
1255 5966 1315 6005 ιτ
1342 5951 1572 6014 decretis,
1602 5966 1697 6008 seu
1727 5966 1792 6007 ea:

1884 3394 2117 3463 scripsit,
2149 3394 2251 3449 hoc
2280 3403 2521 3463 tempore
2546 3396 2746 3451 ﬂoruit.

1954 3463 2006 3517 2.
2048 3464 2196 3518 Nunc
2221 3466 2288 3520 de
2316 3465 2487 3520 altero
2514 3481 2693 3535 Opere,
2726 3465 2866 3535 quod
2891 3464 3177 3519 Concordia
3202 3482 3456 3520 canonum

1885 3534 2213 3619 inscribitur.
2263 3536 2417 3619 Haec,
2458 3534 2617 3619 quam
2661 3534 3168 3619 petente_l.iberino
3195 3537 3459 3619 episcopo

1883 3604 2240 3678 concinnavit,
2269 3616 2432 3661 totam
2458 3604 2695 3678 Dionysii
2719 3606 3166 3678 collectionemin
3193 3604 3461 3661 tercento:

1886 3675 2068 3730 titulos
2092 3675 2432 3733 distributam
2465 3677 2534 3731 ita
2565 3675 2834 3743 continet,
2871 3687 2929 3731 ut
2956 3691 3060 3748 non
3095 3677 3296 3748 integra
3328 3691 3461 3748 con-

1884 3748 2029 3819 cilia,
2057 3748 2419 3819 necintegras
2448 3748 2815 3803 Romanorum
2846 3747 3153 3817 pontiﬁcum
3185 3747 3459 3819 epistolas,

1884 3818 1959 3902 nti
1990 3819 2128 3902 apud
2148 3818 2473 3902 _Dionvsium
2517 3821 2784 3902 lcguntur,
2829 3820 3082 3902 continua
3124 3818 3263 3902 serie
3301 3818 3460 3902 exhi-

1884 3888 2047 3972 beat;
2068 3891 2160 3944 sed
2191 3888 2370 3945 omnia
2397 3888 2746 3973 conciliorum
2776 3890 3200 3973 pontiﬁcumque
3222 3890 3459 3953 decreta,

1884 3974 2005 4029 quae
2036 3962 2087 4015 in
2115 3976 2275 4017 unam
2309 3964 2586 4017 materiam
2617 3962 2921 4030 conferunt,
2953 3962 3078 4016 hinc
3112 3961 3236 4015 inde
3263 3974 3459 4017 excer-

1884 4041 1974 4101 pta
2013 4031 2172 4104 simnl
2207 4033 2447 4104 colligat,
2500 4044 2554 4088 ct
2592 4035 2753 4087 certis
2796 4033 2964 4089 titulis
3010 4032 3276 4101 subjiciat.
3328 4030 3461 4104 Ctttn

1885 4117 2016 4157 vero
2048 4102 2149 4158 hoc
2174 4119 2309 4173 opus
2336 4101 2443 4159 non
2474 4115 2642 4158 totum
2672 4105 2853 4169 simul,
2886 4104 2979 4159 sed
3010 4117 3105 4171 per
3133 4110 3310 4171 partes
3337 4101 3456 4173 edi-

1888 4182 1998 4228 tum
2040 4172 2227 4241 luerit,
2271 4191 2376 4229 non
2419 4175 2549 4230 satis
2588 4185 2923 4245 perspectum
2959 4183 3060 4245 est.
3115 4176 3269 4229 Anno
3300 4172 3460 4245 ιξεδ,

1887 4254 2108 4300 curante
2133 4245 2423 4301 Francisco
2452 4242 2661 4303 Pithtio
2693 4242 2795 4300 una
2824 4261 2944 4300 curn
2975 4244 3310 4300 Breviatione
3335 4242 3463 4299 Fer-

1887 4314 2039 4370 randi
2064 4315 2202 4370 edita
2225 4316 2325 4372 fuit
2346 4333 2407 4373 ea
2433 4327 2638 4373 tantum
2660 4316 2900 4385 ejusdem
2921 4313 3263 4371 Cresconiani
3284 4315 3463 4385 operis

1887 4386 2062 4511 Ertio
2089 4402 2207 4456 qua:
2236 4398 2358 4470 post
2384 4384 2749 4458 praefationem
2780 4387 2948 4455 ipsius
2971 4385 3344 4467 Cresconiiad
3372 4384 3463 4439 Li-

1962 4472 2134 4511 rmnm
2168 4475 2272 4511 non
2315 4468 2552 4511 integros
2589 4472 2825 4511 canones
2874 4465 2967 4511 aut
3009 4456 3223 4511 decreta
3257 4464 3463 4511 tntettra

1962 4458 2134 4529 riuum
2168 4456 2272 4513 non
2315 4456 2552 4529 integros
2589 4472 2825 4515 canones
2874 4465 2967 4512 aut
3009 4456 3223 4511 decreta
3256 4456 3463 4529 integra

1889 4528 2138 4594 exhibet;
2184 4530 2277 4583 sed
2318 4526 2726 4584 sola'canonum
2770 4538 2823 4584 et
2864 4530 3203 4583 decretorum
3234 4526 3463 4595 capitula

1889 4599 2082 4670 cuique
2110 4601 2264 4655 titulo
2291 4601 2655 4670 congruentia,
2680 4609 2741 4655 ut
2770 4600 2820 4654 in
2837 4598 3185 4670 Breviatione
3208 4598 3464 4655 Ferrandi

1891 4669 2311 4736 observavimus,
2348 4669 2536 4726 leviter
2562 4671 2789 4737 indicat,
2834 4669 2935 4725 hac
2972 4670 3321 4739 inscriptione
3346 4670 3463 4725 edi-

1894 4740 2022 4795 tioni
2064 4740 2598 4829 prreﬁxanzﬁrisconii
2633 4742 3117 4829 cpiscopiﬁAfricani
3154 4740 3465 4829 Breviari‘stin

1894 4815 2216 4866 canonicum.
2258 4812 2361 4867 Hic
2390 4814 2601 4871 habetur
2630 4812 2916 4869 Concordia
2945 4829 3197 4867 canonum
3226 4813 3465 4866 concilio-

1892 4898 2007 4936 rtnn
2037 4885 2482 4952 infrascriptorunt
2510 4895 2557 4941 et
2586 4885 2865 4955 pra'sulum
2898 4884 3274 4949 Romanorum,
3313 4883 3367 4936 id
3395 4892 3467 4936 est

1893 4970 2146 5025 canonum
2198 4957 2576 5025 apostolorum.
2637 4955 2997 5017 Nicanorum,
3050 4957 3466 5025 Ancyranorum,

1896 5024 2435 5097 Nat'wcwsariensium
2459 5069 2473 5091 ,
2536 5026 2911 5097 Gangrensium
2937 5068 2951 5090 ,
3012 5024 3465 5097 Atttiochettsittrtt,

1894 5096 2317 5160 Laodicensium,
2348 5093 2864 5165 Chalcedonénsium,
2900 5097 3309 5160 Sardicensium,
3345 5093 3465 5146 Car-

1895 5169 2270 5245 tltagincnsinrn
2296 5188 2312 5234 ;
2340 5174 2511 5245 gitcm_
2542 5168 2819 5245 praemium
2839 5169 3039 5245 __Siricii
3068 5209 3082 5231 ,
3100 5165 3429 5245 LI-nnocentit'
3448 5203 3467 5229 ,

1895 5234 2118 5303 Zosimi,
2149 5240 2435 5306 Carlcstini,
2483 5234 2697 5302 Leonis,
2743 5252 2788 5295 et
2829 5240 3041 5294 Gclasii.
3098 5234 3468 5306 l’ritna_|tujua

1894 5310 2257 5386 inscriptionis
2284 5303 2445 5386 verba
2473 5310 2721 5386 Criscouii
2745 5313 2966 5386 episcopi
3000 5306 3227 5386 Africani
3256 5303 3470 5386 Bregiti-

1894 5383 2029 5436 riunt
2059 5376 2389 5447 canonicum,
2432 5384 2482 5437 in
2516 5384 2661 5437 nullo
2689 5376 2872 5437 codice
2904 5376 3238 5439 inveninnis;
3264 5376 3374 5447 sed
3415 5376 3470 5433 in

1896 5454 2143 5507 omnibus
2176 5454 2355 5507 titulus
2376 5444 2572 5523 incipit
2600 5469 2629 5507 a
2661 5450 2991 5523 verbisLllic
3017 5449 3225 5523 habetur
3248 5444 3471 5523 Concor-

1896 5526 2013 5587 dia,
2053 5535 2159 5578 etc.
2210 5524 2325 5578 Non
2368 5518 2657 5593 incongrue
2687 5540 2813 5577 vero
2842 5518 3471 5593 Brei‘iariumnappell‘ata

1896 5604 1978 5650 est
2000 5611 2062 5648 ea
2087 5598 2252 5664 prima
2279 5612 2420 5661 pars,
2446 5587 2565 5666 qum
2587 5612 2690 5649 non
2712 5607 2847 5661 opus
2864 5592 3132 5666 integrum
3153 5587 3471 5666 concordior,

1897 5670 1990 5741 sed
2013 5658 2130 5741 ejus
2150 5658 2521 5741 compendium
2546 5658 2913 5719 tantummodo
2932 5660 3170 5715 exhibet.
3200 5662 3309 5713 Iloc
3330 5658 3472 5741 idem

1900 5731 2227 5792 Breviarium
2255 5738 2671 5792 Cresconianum
2704 5742 2883 5802 postea
2923 5746 3170 5787 recusum
3197 5745 3224 5784 a
3257 5731 3472 5802 multis,

1900 5818 2047 5863 torno
2076 5809 2095 5863 l
2126 5809 2468 5863 Bibliotheca:
2506 5805 2647 5861 Juris
2688 5800 2928 5857 canonici
2972 5818 3074 5857 una
3104 5817 3225 5858 cum
3258 5800 3473 5857 Brevia-

1902 5878 2053 5935 tione
2079 5880 2331 5933 l‘errandi
2356 5883 2609 5932 inscrtum
2636 5874 2737 5929 fuit
2760 5889 2878 5944 pag.
2897 5874 3019 5931 456.
3047 5874 3181 5929 Cum
3212 5888 3371 5944 porro
3388 5885 3474 5944 co-

1901 5949 2023 6006 dem
2049 5958 2193 6006 tomo
2219 5951 2284 6006 ad
2310 5948 2615 6004 utnliilicuni
2634 5942 2916 6018 perducto,
2940 5942 3237 6005 Gulielmus
3261 5942 3473 6007 Voellus
