3978 6342
573 425 674 490 519

1013 545 1322 621 [acuunt]
1359 543 1584 602 CA-PU'I‘
1622 544 1714 600 XI.

793 640 871 697 De
900 640 1176 714 Reginonis
1202 649 1248 695 et
1279 637 1496 693 Abbonis
1544 634 1940 692 collectionibus.

649 756 702 812 I.
742 754 980 812 Celebris
1010 764 1091 810 est
1115 753 1406 824 Reginonis
1437 752 1645 824 abbatis
1684 749 2017 824 Prumiettsis
2034 748 2151 824 col-

582 826 764 896 lectio,
793 842 859 881 ex
889 842 988 897 qua
1017 821 1287 881 subsecuti
1317 832 1508 897 postea
1548 822 1861 897 collectores
1893 821 2152 875 Burcliar-

582 898 684 953 dus
704 893 759 954 et
780 898 868 955 Ivo
900 893 1048 966 plura
1077 893 1440 966 sumpserunt.
1466 893 1611 966 Hanc
1635 893 1722 966 ille
1743 893 1959 966 ineunte
1975 906 2154 966 smon-

584 967 637 1023 Io
669 983 697 1021 χ
740 962 982 1038 digessit,
1037 962 1380 1037 praacipiente
1426 964 1703 1038 Batlibodo
1750 962 2156 1038 archiepiscopo

585 1033 910 1102 Trevire'nsi,
939 1037 991 1092 in
1014 1033 1166 1106 c'ujus
1195 1033 1412 1092 dioecesi
1443 1036 1602 1089 silum
1632 1042 1747 1090 erat
1772 1033 2155 1106 monasterium

586 1109 918 1164 Prumiense.
942 1109 995 1162 Id
1023 1103 1166 1174 patet
1203 1123 1268 1163 ex
1310 1108 1425 1176 ipso
1451 1107 1601 1160 titulo
1629 1120 1784 1172 quem
1824 1103 2072 1176 Baluzius
2102 1103 2155 1157 in

587 1179 839 1250 prteclara
867 1178 1098 1233 editione
1134 1175 1426 1250 Parisiensi
1462 1176 1754 1250 a_n_ni‘167I_
1805 1175 1882 1228 sic
1907 1190 1988 1250 _ex_
2025 1187 2155 1250 mss.

588 1244 860 1304 codicibus
907 1249 1202 1318 expressit:
1251 1247 1441 1316 Incipit
1483 1245 1683 1300 libellus
1719 1247 1782 1318 de
1815 1244 2158 1318 ecclesiasticis

589 1320 870 1390 disciplinis
913 1316 1250 1390 et'religione
1282 1318 1610 1390 βΙινὶςςιίίψαὲ
1647 1316 1886 1390 collectus
1917 1316 2159 1390 ea‘jussu

590 1389 798 1442 Domini
850 1383 1226 1454 metropolitani
1273 1388 1524 1441 Ratltbodi
1572 1387 1846 1440 Treverica:
1886 1383 2023 1437 urbis
2053 1385 2160 1453 epi-

591 1461 754 1525 scopi,
777 1475 809 1512 a
835 1458 1094 1530 Reginone
1121 1459 1375 1528 quondam
1396 1458 1603 1530 abbate,
1626 1457 1943 1530 Pruntiensis
1973 1471 2160 1530 _niona_-

593 1524 732 1584 sterii
760 1546 824 1583 ea:
844 1524 1049 1583 diversis
1074 1524 1362 1583 sanctorum
1386 1529 1597 1582 Patrum
1625 1527 1851 1582 conciliis
1880 1535 1926 1579 et
1949 1524 2161 1578 decretis

596 1600 944 1653 Romanorum
966 1601 1256 1666 pontiﬁcum
1295 1599 1504 1669 feliciter
1532 1601 1586 1651 in
1617 1597 1710 1669 Dei
1737 1597 1956 1669 nomine2
1981 1596 2159 1649 Amen.

597 1669 718 1738 Ipse
737 1669 938 1739 Regino
962 1665 1141 1725 narrat
1168 1671 1219 1725 in
1246 1665 1510 1725 Chronico
1556 1669 1656 1722 sibi
1687 1668 1740 1722 in
1773 1665 2028 1735 regimine
2047 1680 2163 1739 nio-

598 1736 1168 1795 n‘asterii'l’rumiensis
1187 1741 1509 1796 successisse
1539 1739 1842 1793 Richarium
1875 1751 2014 1790 anno
2039 1736 2161 1791 899.

598 1811 982 1865 Collectionem
1011 1826 1138 1865 vero
1166 1827 1324 1879 quam
1366 1810 1620 1879 regimine
1650 1808 1867 1879 dimisso
1912 1807 2164 1861 lucubra-

599 1881 696 1948 vit,
729 1891 875 1936 certe
894 1892 1020 1936 ante
1039 1878 1236 1936 annum
1258 1881 1361 1937 906
1388 1878 1584 1936 editam
1610 1895 1713 1933 non
1745 1878 1905 1931 fuisse
1938 1887 2079 1945 patet
2098 1893 2165 1932 ex

600 1965 718 2022 cap.
747 1949 851 2007 448
873 1962 926 2005 et
955 1951 1062 2007 449
1088 1951 1208 2008 libri
1246 1951 1425 2022 primi,
1469 1952 1520 2022 in
1553 1949 1744 2022 quibus
1788 1949 2167 2022 dumepistolzn

600 2017 843 2077 formata:
864 2023 1224 2091 proferuntur,
1246 2017 1356 2075 ‘una
1381 2021 1548 2090 ipsius
1571 2019 1834 2091 Rathbodi
1869 2017 1936 2091 ad
1968 2020 2170 2091 llober-

602 2100 712 2146 tum
741 2088 1046 2161 episcopum
1073 2094 1379 2156 Metensem,
1405 2088 1576 2146 altera
1606 2090 1838 2145 Dadonis
1869 2088 2166 2144 Virdunen-

603 2161 677 2285 :is
701 2163 936 2288 (giggcopi
961 2164 1027 2219 ad
1051 2163 1320 2218 laudatum
1345 2162 1702 2227 Ilatltbodum,
1726 2169 1948 2230 utraque
1964 2161 2170 2230 signata

635 2249 689 2286 n.
829 2276 842 2288 .

601 2247 689 2286 an.
721 2247 842 2288 UUU.

672 2301 727 2357 2.
753 2304 928 2358 Divisa
953 2311 1035 2359 est
1055 2303 1170 2358 haec
1198 2303 1443 2358 collectio
1473 2303 1526 2358 in
1558 2302 1720 2358 libros
1740 2302 1904 2367 duos,
1947 2316 2171 2371 quorum

608 2374 810 2443 primus
838 2377 904 2430 de
937 2375 1177 2442 personis
1215 2384 1268 2428 et
1305 2376 1466 2430 rebus
1513 2374 1890 2428 ecclesiasticis
1938 2381 2169 2440 tractat,

604 2445 870 2500 secundus
905 2445 971 2499 de
1006 2445 1189 2510 laicis;
1227 2460 1382 2513 quam
1412 2443 1723 2499 divisionem
1752 2443 1952 2513 Regino
1976 2459 2007 2497 a
2035 2443 2174 2498 Mar-

612 2515 725 2569 tino
775 2515 1085 2570 Bracarensi
1136 2525 1405 2570 mutuatus
1448 2514 1676 2568 videtur.
1734 2513 1919 2580 Incipit
1971 2515 2173 2580 primus

606 2585 742 2639 liber
764 2585 831 2640 ab
860 2586 1202 2654 inquisitione
1226 2587 1292 2640 de
1334 2586 1416 2639 bis
1443 2600 1561 2654 qua:
1605 2589 1885 2653 episcopus
1927 2584 2012 2638 vel
2059 2584 2174 2651 ejus

608 2655 838 2709 ministri
867 2656 922 2710 in
950 2671 1046 2711 suo
1077 2656 1321 2711 districlu
1352 2659 1432 2710 vel
1475 2655 1743 2709 territorio
1786 2655 2053 2720 inquirere
2078 2656 2175 2709 de-

607 2725 738 2797 bent
765 2727 905 2780 circa
937 2741 1024 2780 res
1051 2737 1104 2781 et
1131 2741 1385 2797 personas
1405 2726 1812 2797 ecclesiasticas.
1841 2725 1966 2797 Haec
1987 2725 2174 2797 eadem

611 2795 914 2864 inquisitio,
946 2806 1003 2850 ut
1032 2795 1164 2852 scite
1194 2797 1392 2852 notavit
1432 2795 1674 2851 Baluzios
1695 2835 1710 2860 ,
1756 2795 1896 2849 inter
1936 2795 2175 2864 Capitula

614 2865 885 2922 Hincmari
911 2868 1103 2937 legitur
1125 2868 1204 2922 tit.
1237 2867 1291 2921 2.
1320 2868 1494 2934 Quare
1524 2867 1608 2921 vel
1639 2865 1842 2937 Regino
1871 2881 1988 2920 eam
2028 2881 2176 2920 sum-

610 2937 784 3004 psisse
809 2936 1062 2994 dicendus
1091 2947 1263 2994 estex
1295 2937 1562 2992 Ilincmari
1607 2936 1881 3006 Capitulis,
1913 2937 1996 2991 vel
2023 2947 2178 2991 vetu-

612 3008 742 3062 stior
769 3007 866 3062 fuit
893 3008 1005 3064 haec
1036 3008 1260 3063 formula
1295 3008 1438 3077 prius
1466 3009 1533 3064 ab
1575 3007 1888 3070 Hincmaro,
1940 3016 2123 3076 postea
2149 3020 2180 3060 a

615 3077 887 3146 Ileginone
914 3079 1212 3149 descripta,
1242 3081 1382 3150 quod
1432 3079 1788 3150 verosimilius
1832 3077 2061 3150 videtur.
2092 3078 2178 3150 Si-

613 3151 810 3202 militer
859 3150 996 3204 libro
1041 3148 1298 3218 secundo,
1346 3166 1464 3216 cap.
1495 3151 1548 3216 5,
1575 3149 1884 3218 proponitur
1912 3148 2182 3217 inquisitio

616 3219 847 3288 episcopi
877 3219 1020 3274 circa
1065 3221 1250 3276 laicos.
1281 3220 1572 3288 Utrobique
1600 3230 1776 3274 autem
1806 3229 1923 3287 post
1954 3218 2180 3288 inquisi-

617 3289 814 3344 tionem
865 3291 1217 3358 subjiciuntur
1261 3291 1604 3346 auctoritates
1649 3291 1960 3352 canonicae,
1993 3289 2184 3358 quibus

617 3361 910 3431 probentur
934 3363 1136 3430 singula
1163 3376 1281 3431 quae
1310 3361 1361 3416 in
1389 3361 1732 3431 inquisitione
1763 3361 2037 3429 prtemissa
2066 3359 2180 3414 fue-

619 3438 756 3502 rant.
788 3430 922 3485 Ilinc
972 3442 1089 3501 post
1137 3430 1289 3502 primi
1337 3430 1474 3486 Iihri’
1507 3431 1901 3500 inquisitionem
1947 3431 2176 3496 legitur:

619 3498 746 3554 Ilwc
773 3518 886 3570 qua:
925 3498 1084 3568 supra
1126 3498 1443 3574 capitulatim
1475 3498 1775 3574 inquirenda
1801 3503 2173 3574 expressimus,

618 3573 916 3627 auctoritate
936 3571 1434 3627 canonica’roborari
1460 3581 1677 3640 Oportet.
1723 3571 1788 3625 Et
1815 3582 1933 3641 post
1958 3572 2180 3637 inquisi-

620 3641 811 3696 tionem
845 3644 965 3698 libri
989 3643 1242 3702 secundi:
1279 3643 1517 3710 Capitula
1543 3644 1668 3706 lucc,
1698 3658 1809 3708 qua:
1838 3658 1926 3712 per
1951 3643 2181 3696 ordinent

619 3715 988 3782 annotavimus,
1016 3714 1270 3768 canonicis
1299 3723 1492 3782 Oportet
1518 3713 1746 3766 roborari
1771 3713 2005 3766 decretis.
2029 3713 2182 3768 Prior

620 3780 756 3836 liber
781 3792 990 3837 constat
1017 3799 1078 3837 ex
1107 3780 1355 3850 capitulis
1383 3783 1488 3838 443
1506 3821 1523 3849 ,
1551 3787 1816 3837 secundus
1860 3799 1990 3838 vero
2029 3785 2178 3852 capi-

623 3852 730 3904 tula
760 3852 862 3906 M6
883 3854 1269 3917 complectitur.

693 3919 743 3973 5.
777 3923 1133 3979 Auctoritates
1170 3939 1289 3992 quae
1313 3923 1378 3978 ad
1423 3923 1693 3992 probanda
1742 3923 1970 3991 capitula
2010 3923 2185 3992 prole-

625 4000 812 4062 runtur
856 4004 1063 4062 sumpta
1095 4004 1220 4049 sunt
1253 4009 1357 4048 non
1385 3996 1556 4049 solum
1582 4009 1644 4049 ex
1676 3994 1970 4048 canonibus
1999 3995 2184 4049 conci-

625 4060 844 4128 liorum,
890 4060 1120 4137 decretis
1169 4066 1526 4122 Romanorum
1554 4064 1883 4137 pontilicum,
1929 4073 1983 4137 et
2025 4065 2184 4137 dictis

625 4145 718 4188 seu
764 4136 1036 4189 sententiis
1075 4147 1376 4191 sanctorum
1408 4137 1618 4190 Patrum
1638 4177 1652 4202 ,
1685 4135 1868 4189 verum
1896 4136 2055 4190 etiam
2082 4135 2182 4188 ali-

627 4204 838 4275 quando
863 4220 928 4259 ex
959 4206 1159 4275 legibus
1193 4206 1402 4261 Codicis
1449 4205 1836 4270 Tbeodosiani,
1885 4221 1977 4259 seu
2009 4205 2186 4272 petius

627 4288 693 4345 ex
715 4274 890 4329 verbis
907 4274 1132 4331 Anniani
1160 4277 1486 4344 interpretis,
1509 4293 1574 4330 ex
1598 4275 1984 4345 Capitularibus
2002 4291 2184 4344 regum

628 4344 984 4416 lf‘raocorum,
1017 4363 1114 4402 nec
1153 4364 1254 4416 non
1293 4363 1359 4402 ex
1406 4348 1609 4410 legibus
1656 4344 2088 4415 Burgundionum
2133 4354 2187 4400 et

587 4466 592 4468 _
627 4412 1017 4488 llipuariorum.
1055 4419 1182 4474 Cum
1223 4412 1574 4488 Supposititiae
1605 4412 2030 4488 pseudo—Isidori
2073 4417 2188 4488 epi-

628 4487 776 4540 stola:
819 4503 939 4560 raro
990 4489 1313 4558 allegentur,
1358 4489 1686 4560 Reginonem
1743 4503 1848 4560 non
1899 4487 2185 4560 admodum

629 4561 800 4624 magni
825 4557 1012 4629 iecisse
1033 4557 1149 4614 illas
1171 4559 1407 4629 nonnulli
1437 4557 1716 4629 colligunt.
1741 4557 1918 4626 Neque
1931 4560 2063 4610 enim
2084 4558 2187 4610 dici

630 4636 807 4700 potest,
835 4627 1002 4697 inquit
1023 4631 1266 4684 Baluzius
1283 4627 1371 4692 (In
1389 4627 1617 4700 praefati,
1636 4646 1690 4686 n.
1717 4629 1793 4698 8).
1811 4629 2091 4698 incognitas
2108 4629 2187 4681 illi

631 4696 802 4765 fuisse,
830 4696 943 4750 cunt
965 4715 1137 4752 earum
1161 4696 1457 4753 auctoritate
1481 4696 1973 4770 aliquoties'utatur;
1998 4708 2044 4752 et
2069 4715 2186 4752 cum

631 4774 818 4838 constet
841 4776 1082 4838 prtcterea
1111 4769 1361 4836 permulta
1385 4769 1537 4824 illum
1568 4769 1822 4838 accepisse
1847 4785 1911 4824 ex
1931 4770 2191 4823 collectio-

632 4851 695 4889 ne
740 4835 948 4892 Isidori.
978 4839 1086 4894 Nos
1112 4835 1301 4894 autem
1332 4841 1654 4895 arbitramur
1693 4835 1836 4894 illum
1869 4841 2018 4908 plura
2049 4854 2196 4894 sum-

633 4908 803 4981 psisse
825 4925 888 4981 ex
905 4910 1306 4966 collectionibus
1333 4910 1766 4981 pseudo-Isidoro
1787 4911 2194 4981 antiquioribus,

633 4993 749 5047 qua:
775 4977 828 5034 in
855 4979 1001 5035 locos
1032 4977 1352 5036 communes
1380 4981 1708 5044 distributzc,
1759 4982 1886 5035 nihil
1911 4977 1974 5035 ex
2001 4977 2196 5049 spuriis

632 5049 869 5121 ejusdem
901 5051 1170 5107 mercibus
1207 5052 1546 5121 suppeditare
1577 5060 1880 5120 potuerunt.
1919 5052 2050 5106 Eum
2080 5052 2196 5119 qui-

632 5119 754 5193 dem
783 5121 948 5193 multa
978 5119 1402 5193 decerpsiss'e’ex
1433 5137 1496 5177 ea
1533 5119 1634 5178 ms.
1665 5121 1818 5192 hujus
1847 5123 2059 5193 generis
2087 5123 2197 5177 col-
2271 5123 2282 5134 '

631 5191 860 5248 lectione
899 5191 967 5248 de
1012 5209 1112 5261 qua
1142 5192 1378 5248 diximus
1413 5209 1530 5260 cap.
1562 5194 1617 5259 6,
1649 5209 1703 5247 n.
1734 5191 1788 5259 6,
1828 5191 1962 5249 adeo
1987 5201 2195 5250 certum

631 5271 734 5335 est,
766 5273 825 5318 ut
853 5265 1056 5335 integra
1083 5264 1311 5333 capitula
1332 5264 1568 5332 ejusdem
1598 5264 1928 5319 collectionis
1964 5265 2198 5332 peculia-

632 5333 710 5388 ria
740 5335 930 5392 eodem
959 5333 1148 5391 ordine
1173 5335 1466 5403 iisdemque
1493 5335 1658 5388 titulis
1681 5336 1733 5388 in
1762 5336 2033 5404 Reginone
2056 5345 2200 5390 tran-

633 5406 828 5474 scripta
861 5408 1245 5462 invenerimus.
1277 5405 1394 5460 Alia
1437 5405 1681 5459 similiter
1705 5421 1769 5460 ex
1800 5405 2058 5474 ejusmodi
2087 5406 2202 5460 col-

634 5472 949 5534 lectionibus
960 5493 1079 5547 quat
1091 5486 1214 5532 ante
1229 5476 1572 5532 Isidorianam
1587 5475 1637 5529 in
1652 5472 1840 5547 Galliis
1851 5475 2198 5547 etGermauia

634 5555 786 5620 erant
824 5545 1050 5620 vulgata:
1078 5564 1199 5620 eum
1225 5547 1508 5620 deduxisse
1536 5547 1666 5620 satis
1709 5545 1960 5600 credibile
1987 5557 2090 5613 est,
2108 5547 2200 5620 _uti

636 5629 703 5687 ex
735 5617 1025 5687 Halitgario
1053 5629 1106 5675 et
1136 5619 1395 5674 Ithabano
1421 5617 1697 5686 accepisse
1726 5631 1753 5668 a
1779 5625 2072 5687 memorato
2105 5617 2204 5670 Ba-

637 5682 780 5759 Iu_z_io_
791 5682 1016 5744 traditur
1029 5688 1218 5759 (Ibid.,
1233 5682 1660 5758 n.12).Aliqtiam
1672 5696 1818 5741 certe
1834 5686 2202 5759 collectionem

597 5791 605 5797 -
639 5755 880 5830 adhibuit
904 5759 956 5814 in
982 5755 1084 5830 qua
1113 5755 1343 5816 canones
1368 5755 1720 5830 conciliorum
1745 5763 1799 5811 et
1825 5755 2040 5811 decreta
2069 5771 2200 5828 pon-

639 5827 839 5902 tilicum
868 5827 1145 5902 hinc'inde
1169 5830 1396 5902 collecta
1442 5828 1666 5902 longiori
1697 5842 2040 5902 numerorum
2062 5827 2202 5886 scrie

639 5845 839 5883 uncum
870 5845 991 5884 llIIlc
1019 5845 1142 5887 mlle
1169 5845 1396 5886 couecta
1443 5845 1528 5884 ton
1571 5845 1666 5885 IOI‘I
1697 5845 2040 5883 numerorum
2062 5845 2200 5886 serie

637 5897 1096 5972 describebantur.
1129 5891 1238 5957 Itac
1265 5845 1640 5972 decausalib.
1674 5914 1711 5970 t,
1739 5913 1790 5957 c.
1819 5897 1908 5966 6t,
1942 5913 2200 5959 canonem

1537 428 1630 484 AD
1663 427 1894 486 OPEBA
1933 427 1993 486 S.
2031 426 2273 486 LEONIS
2308 427 2520 484 MAGNI
2557 425 2916 485 APPENDIX.

2211 4672 2268 4735 Ι)

3264 337 3338 356 υ..

3648 433 3722 492 7)ὶο

2173 548 2228 607 Α
2254 543 2487 616 primum
2511 544 2869 602 Nannetensis
2915 542 3127 600 concilii
3162 541 3346 616 allegat
3371 543 3463 600 hoc
3501 544 3642 616 titulo,
3668 549 3725 606 Es

2253 614 2482 670 Concilio
2538 615 2852 670 Nannetensi
2906 629 3207 686 ccccxvun.
3263 614 3312 670 id
3363 625 3442 686 est
3484 630 3585 686 cap.
3625 614 3724 686 M9;

2251 695 2310 767 et
2331 685 2578 743 similiter
2593 687 2783 767 eodem
2805 686 2968 767 libro,
2977 700 3102 767 cap.
3117 686 3141 740 I
3154 685 3239 750 I7,
3253 685 3493 767 quoddam
3504 685 3728 767 Innocentii

2253 757 2528 828 decretum
2556 757 2808 822 atterens,
2838 771 2896 812 se
2937 757 3066 811 illud
3107 757 3378 828 accepisse
3390 757 3468 828 ait
3500 774 3554 812 es
3573 762 3730 828 cpistola

2254 844 2403 900 papa:
2455 827 2749 882 Innocentii
2792 845 2905 896 cap.
2956 842 3294 900 cccuxxvtt.
3340 826 3419 900 Ilii
3447 826 3626 897 quidem
3664 847 3732 885 nu-

2257 897 2389 969 ineri
2415 899 2769 969 capitulorum
2795 913 2890 954 seu
2918 912 3183 952 canonum
3203 897 3304 952 H9
3325 906 3376 969 et
3393 899 3636 969 587,,nulli
3654 903 3733 957 col«

2254 968 2622 1041 lectioniqna:
2648 969 2853 1041 integra
2883 969 3204 1023 documenta
3234 968 3486 1041 exhibeat,
3513 968 3651 1041 [ccxcj
3669 973 3734 1026 sed

2257 1040 2386 1094 solis
2416 1037 2534 1094 illis
2571 1039 2841 1096 codicibus
2884 1054 3148 1095 canonum
3177 1037 3452 1110 convenire
3496 1037 3658 1107 queunt
3673 1043 3733 1110 qui

2260 1111 2441 1179 plures
2470 1112 2772 1180 promiscue
2799 1124 3034 1166 canones
3068 1109 3407 1164 conciliorum
3433 1117 3482 1164 et
3501 1109 3734 1180 pontilicum

2260 1181 2474 1235 decreta
2516 1181 2616 1236 sub
2646 1197 2747 1236 una
2779 1182 2917 1236 serie
2947 1195 3286 1235 numerorum
3333 1181 3570 1248 permixta
3596 1180 3737 1235 descri-

2261 1250 2412 1305 bunt.
2443 1252 2610 1306 Immo
2662 1251 2934 1306 laudatum
2977 1251 3253 1306 decretum
3300 1250 3566 1306 Innocentii
3605 1250 3737 1306 iisdem

2259 1322 2440 1377 verbis
2485 1323 2712 1377 refertur
2739 1323 2792 1376 in
2837 1337 2937 1376 ms.
2970 1322 3283 1377 collectione
3309 1322 3455 1391 paulo
3475 1330 3580 1375 ante
3596 1335 3739 1375 memo-

2263 1402 2401 1458 rata,
2429 1409 2494 1447 ex
2525 1408 2626 1462 qua
2659 1393 2986 1458 Reginonem
3016 1392 3119 1446 alia
3147 1392 3310 1447 multa
3339 1393 3600 1460 sumpsisse
3622 1391 3740 1444 anim-

2261 1463 2609 1518 advertimus.
2656 1464 2901 1517 Refertur
2946 1473 3124 1518 autem
3168 1478 3313 1517 num.
3353 1464 3478 1528 577,
3524 1477 3610 1515 non
3654 1476 3741 1516 vero

2265 1534 2392 1600 587,
2423 1535 2495 1588 uti
2526 1534 2665 1605 apud
2696 1534 3028 1605 Regioonem,
3048 1534 3275 1605 legitur:
3305 1532 3440 1602 quod
3462 1532 3607 1587 errori
3626 1531 3742 1605 ljbra-

2267 1605 2330 1659 rii
2364 1602 2702 1660 tribuendum
2733 1604 2963 1659 videtur.
2994 1604 3122 1658 Esto
3148 1604 3306 1673 igitur
3345 1605 3573 1673 pleraque
3593 1602 3744 1673 allegi-

2267 1689 2407 1745 none
2440 1677 2656 1730 recitata
2681 1675 2732 1730 in
2753 1675 3159 1730 collectionibus
3172 1671 3511 1745 'Diony’siana,
3533 1671 3744 1737 Hadriana,

2267 1744 2549 1809 Hispanica
2580 1756 2632 1800 et
2675 1745 2963 1800 Isidoriana
2994 1744 3359 1814 reperiantur;
3400 1759 3496 1798 non
3523 1752 3671 1814 tamen
3691 1758 3746 1796 se-

2267 1820 2446 1884 quitur
2467 1831 2587 1870 eum
2627 1831 2692 1872 ex
2735 1817 2818 1870 his
2847 1812 3253 1870 collectionibus
3283 1814 3484 1869 decreta
3506 1812 3746 1884 extraxisse.

2274 1883 2393 1940 Illas
2419 1887 2560 1942 enim
2589 1887 2901 1956 plerumque
2929 1885 3273 1941 collectiones
3315 1883 3539 1956 adhibuit
3555 1897 3649 1953 quae
3668 1891 3748 1956 ante

2271 1956 2442 2026 ipsum
2489 1951 2720 2012 canones
2763 1951 2830 2012 ei
2869 1957 2974 2012 illis
3017 1965 3411 2024 excerpserant.
3442 1951 3749 2026 Ilinc‘cumin

2269 2021 2534 2094 ejusmodi
2560 2028 2960 2084 collectionibus
2998 2021 3231 2082 canones
3275 2026 3558 2082 Graecarum
3584 2021 3750 2093 synodo-

2272 2114 2391 2153 rum
2421 2115 2527 2154 non
2555 2113 2769 2168 semper
2795 2114 2860 2153 ex
2887 2098 3125 2164 antiqua,
3155 2112 3250 2153 seu
3298 2096 3666 2168 Isidoriana,_uti
3690 2107 3752 2144 vo-

2273 2180 2417 2240 cant,
2451 2165 2889 2240 interpretatione
2920 2169 3278 2240 proferantur,
3321 2168 3413 2223 sed
3454 2165 3692 2240 identidem
3711 2178 3753 2217 ex

2274 2236 2626 2311 Dionysiana';
2657 2241 2857 2310 Ilegino
2893 2236 2957 2295 ex
2988 2240 3069 2294 bis
3099 2239 3335 2311 fontibus
3381 2252 3511 2293 nunc
3535 2236 3755 2311 antiquam.

2275 2307 2820 2384 nunc'Dionysianam
2844 2311 3164 2384 versionem
3207 2310 3453 2384 derivare
3492 2307 3650 2384 potuit.
3686 2307 3756 2358 Au~

2275 2382 2550 2436 ctoritates
2581 2375 2706 2436 vero
2728 2381 3110 2450 Capitularium
3130 2391 3180 2435 et
3210 2381 3385 2450 legum
3412 2375 3757 2450 Burgundionum

2276 2461 2436 2524 atque
2459 2449 2856 2524 Ilipuariorum,
2881 2453 3095 2524 aliaque.
3109 2452 3366 2524 nonnulla
3385 2449 3661 2524 recentiora,
3679 2458 3759 2524 qtttt

2277 2521 2332 2576 in
2352 2516 2585 2595 laudatis
2615 2516 3015 2595 collectionibus
3043 2523 3258 2595 desunt,
3307 2522 3418 2590 ipse
3457 2519 3646 2595 propria
3671 2516 3760 2595 diti:

2277 2592 2454 2661 gentia
2490 2594 2716 2664 adjecit;
2751 2603 2805 2649 et
2844 2594 3029 2648 eadem
3081 2585 3292 2648 ratione
3328 2585 3399 2645 ἐκ
3427 2585 3761 2664 pseudo-[sideri

2279 2655 2742 2738 t'nercibus'pauea
2762 2664 3004 2738 quaedam
3045 2679 3167 2738 qua;
3187 2665 3236 2738 in
3270 2655 3559 2717 suam'rem
3583 2655 3763 2738 coitione

2281 2749 2437 2803 posse
2465 2735 2716 2800 credidit.
2741 2729 3075 2802 eicerpsisse
3093 2733 3438 2800 arbitramur,
3474 2743 3525 2787 ut
3547 2745 3606 2786 ne
3625 2729 3764 2781 idcirco

2279 2818 2372 2858 eas
2403 2817 2678 2872 suspectos
2702 2806 2950 2860 habuisse
2977 2805 3155 2871 colligi
3177 2811 3360 2872 queat.
3633 2869 3647 2872 _
3691 2828 3697 2834 ε
3728 2815 3750 2872 “

2356 2877 2404 2929 4.
2425 2869 2535 2932 Sub
2562 2877 2720 2930 linem
2749 2876 2989 2945 ejusdem
3016 2869 3276 2940 saeculi},
3304 2890 3406 2944 quo
3427 2872 3608 2945 Regina
3627 2869 3766 2945 llontil.

2282 2947 2435 3002 Abbo
2491 2942 2842 3001 Floriacensis
2897 2945 3200 3000 monasterii
3266 2942 3430 2999 abbas
3480 2942 3766 2997 collectionem

2285 3017 2451 3071 edidit
2481 3033 2600 3072 cum
2626 3018 2933 3083 prmfationc
2962 3016 3026 3070 ad
3057 3016 3384 3070 Francorum
3407 3028 3570 3081 regem
3596 3011 3768 3080 ligonem

2284 3087 2558 3158 liliumque
2595 3089 2711 3157 ejus
2739 3087 3050 3158 Robertnm.
3097 3088 3228 3141 Cum
3283 3087 3394 3156 Ugo
3418 3100 3508 3158 rex
3533 3099 3563 3140 e
3582 3083 3770 3158 visitet-

2284 3152 2508 3212 CPSSCI‘ll
2550 3152 2639 3211 an:
2688 3158 2814 3223 997,
2861 3166 2984 3211 ante
3023 3157 3163 3211 hunc
3205 3152 3405 3211 annum
3456 3157 3558 3209 haec
3594 3152 3771 3208 collectio

2285 3229 2488 3298 digesta
2514 3229 2628 3300 fuit.
2663 3230 2872 3282 Titulus
2901 3239 2982 3282 est
3003 3227 3307 3300 ejusmodi:
3338 3225 3586 3300 Incipiunt
3619 3234 3773 3300 canona

2210 3291 2258 3356 C
2288 3291 2459 3352 do'mni
2485 3299 2703 3352 Abbonis
2733 3291 3047 3352 abbatis....'
3064 3299 3290 3366 excerpti
3312 3298 3376 3352 de
3413 3291 3524 3351 aliis
3548 3291 3772 3348 canentia.

2285 3371 2406 3424 Ilaec
2434 3371 2483 3423 in
2514 3371 2684 3438 capita
2717 3386 2783 3424 ιιι
2816 3369 3174 3436 distinguitur,
3216 3385 3282 3422 ac
3315 3384 3380 3424 ex
3409 3367 3668 3422 canonibus
3689 3373 3775 3414 con-

2283 3441 2528 3494 ciliorum
2548 3482 2561 3503 ,
2593 3441 2826 3494 decretis
2870 3440 3175 3508 pontilicum
3201 3480 3214 3502 ,
3245 3438 3622 3509 Capitularibus
3646 3443 3777 3500 regum

2283 3511 2608 3565 Francorum
2625 3552 2640 3576 ,
2676 3521 2729 3564 et
2759 3507 2998 3583 ,Nov’ellis
3021 3507 3515 3583 constitutionibus,
3535 3507 3598 3583 ita
3615 3514 3775 3583 cont-pa-

2282 3591 2367 3635 cta
2401 3591 2513 3644 est,
2539 3591 2596 3634 ut
2621 3573 2860 3649 quaedam
2906 3582 3070 3648 ipsius
3099 3579 3342 3634 Abbonis
3366 3580 3519 3634 verba
3557 3573 3778 3650 identidi

2283 3642 2588 3707 inserantur
2607 3642 2798 3722 quibus
2823 3642 2954 3718 opus
2984 3659 3298 3722 contextum
3338 3650 3576 3706 efﬁcitur.
3604 3642 3782 3722 Habilio-

2285 3725 2374 3778 nio
2421 3712 2640 3778 curante
2673 3712 2872 3791 prodiit
2908 3731 3037 3776 tom.
3069 3721 3110 3774 ll
3136 3721 3512 3778 Analectorunt
3560 3732 3662 3789 pag.
3684 3712 3780 3775 248,

2284 3793 2534 3849 editionis
2553 3802 2729 3849 autem
2754 3793 2961 3848 in-folio
2985 3807 3104 3864 pag.
3135 3791 3259 3848 155.

2875 3925 3102 3984 CAPUT
3140 3926 3255 3983 XII.

2287 4020 2364 4076 De
2389 4021 2676 4093 collectione
2694 4019 2982 4093 Burcltardi
2997 4020 3225 4093 episcopi
3251 4017 3649 4093 fWormatiensit.
3665 4010 3789 4093 Htth

2357 4108 2462 4146 mos
2505 4091 2807 4146 inscribendi
2853 4083 3092 4162 synodis,
3121 4083 3473 4160 pontiﬁcibus,
3504 4089 3572 4143 vel
3599 4083 3786 4162 Panibus

2355 4163 2628 4217 sententias

2357 4235 2620 4288 nitentiale

2359 4314 2405 4358 et
2431 4314 2656 4374 auctum.

2193 1917 2242 1980 Β

2688 4233 2703 4246 Ἰ

2687 4151 2990 4216 ιιοηιηιᾶαηι
3025 4151 3363 4228 posleriorum
3390 4151 3683 4231 scriptorum.
3706 4151 3789 4205 Ρω-

2653 4179 3004 4287 1£cclesiarum
3046 4230 3336 4287 Germanice
3358 4233 3421 4287 ab
3461 4233 3566 4287 ipso
3597 4232 3789 4287 receptum

2704 4233 3004 4288 cclesiarum
3046 4230 3336 4287 Germania!
3358 4233 3421 4287 ab
3461 4230 3566 4301 ipso
3597 4232 3791 4294 receptum

2361 4417 2414 4471 I.
2445 4416 2802 4483 Burchardus,
2835 4416 3002 4486 patria
3035 4415 3266 4481 Hassus,
3305 4429 3414 4470 non
3435 4410 3724 4486 monachus,
3755 4412 3794 4458 nl

2290 4486 2470 4556 plures
2491 4483 2862 4552 crediderunt,
2905 4488 2998 4543 sed
3025 4487 3316 4542 canonicus
3345 4495 3400 4542 et
3422 4483 3710 4556 capellanus
3730 4490 3792 4529 re-

2289 4548 2408 4627 gius
2455 4558 2590 4624 fuit,
2619 4572 2681 4612 ac
2726 4548 2907 4626 postea
2956 4558 3019 4611 ad
3063 4548 3510 4627 Wormatiensem
3539 4548 3797 4627 cathedrata

2293 4615 2935 4698 promotus'ante'annum
2962 4629 3116 4691 1002.
3144 4626 3388 4683 eamdem
3413 4623 3574 4698 tenuit
3595 4633 3731 4698 nsque
3751 4615 3796 4667 ³ι¹

2299 4693 2494 4756 annum
2529 4699 2664 4755 I025
2683 4739 2699 4764 ,
2729 4713 2834 4769 quo
2861 4713 2893 4753 e
2918 4699 3052 4753 vivis
3095 4698 3322 4754 excessit
3360 4713 3455 4752 xm
3479 4695 3577 4750 Ital.
3604 4693 3798 4760 Septem-

2299 4769 2428 4824 bris.
2453 4769 2596 4844 _Dum
2627 4781 2802 4844 autem
2823 4779 2940 4844 erat
2967 4769 3268 4844 episcopus,
3301 4769 3658 4844 collectionem
3681 4770 3801 4844 cant)-

2302 4856 2426 4894 num
2453 4839 2696 4894 hortante
2720 4837 3016 4894 Brunicone
3029 4839 3280 4894 Ecclesite
3301 4837 3684 4908 Wormatiensis
3701 4841 3801 4908 ρη-

2301 4911 2475 4981 posito
2500 4911 2856 4965 concinnavit.
2881 4910 3183 4981 Stephanus
3205 4909 3446 4981 Baluzius
3473 4910 3522 4981 in
3551 4901 3803 4981 praelatione

2302 4971 2366 5054 ad
2392 4982 2935 5054 ‘AntoniiAuguStini
2962 4971 3127 5035 libros
3152 4980 3225 5054 de
3242 4971 3616 5054 Emendatiohe
3637 4971 3804 5054 (iratis,-

2302 5051 2355 5106 ni
2387 5051 2414 5122 ς
2450 5052 2534 5115 IS,
2561 5049 2937 5108 animadvertit
2981 5067 3163 5110 verum
3213 5051 3370 5120 hujus
3396 5049 3805 5122 collectionisauf

2303 5111 2532 5194 ctorem'
2557 5125 2839 5178 dicendum
2871 5139 2990 5178 esse
3033 5123 3206 5194 potius
3241 5111 3514 5194 (libertum
3543 5111 3806 5194 monachunt

2300 5193 2650 5261 Lobiensem,
2677 5205 2732 5250 et
2777 5203 2956 5262 postea
2998 5191 3241 5248 abbatem
3272 5191 3806 5262 Gemblacensetttnq“

2301 5268 2524 5318 dictante
2563 5275 2609 5319 et
2636 5251 2974 5337 'ntagi'strante
2994 5263 3322 5337 Burchartlus
3353 5274 3591 5337 magnum
3618 5251 3729 5337 illud
3745 5264 3808 5337 ca:

2301 5351 2490 5390 nonum
2519 5331 2749 5389 volumen
2787 5337 3118 5390 ccntonizavit
3138 5376 3154 5402 ,
3196 5335 3240 5388 si
3269 5347 3393 5387 vera
3427 5334 3545 5402 haec
3574 5334 3699 5402 sunt
3715 5331 3809 5402 qua

2305 5406 2554 5474 leguntur
2592 5408 2640 5460 in
2685 5407 2835 5477 Iibro_
2851 5408 2915 5459 de
2948 5405 3111 5460 Gestis
3142 5399 3378 5458 abbatum
3411 5399 3809 5477 ϐεξηὺιέζςεηεῆξηξ

2307 5461 2500 5530 vé’ru...
2533 5492 2598 5531 cx
2637 5493 2762 5530 mss.
2798 5475 3268 5531 Gemblacensibus
3297 5481 3455 5538 atque
3481 5461 3841 5541 Leodigmihu’.

2304 5562 2418 5602 rem
2460 5547 2615 5601 aliter
2656 5556 2833 5600 narrat
2876 5548 3293 5601 Bartholomteus
3334 5531 3492 5598 F'isen
3533 5542 3581 5594 in
3617 5531 3814 5602 Floribus

2302 5601 2549 5688 Ecclesiae
2587 5616 2897 5684 Leodiensis,
2930 5632 3049 5688 pag.
3074 5616 3198 5688 328.
3224 5617 3359 5688 Cum
3383 5627 3508 5669 vero
3530 5601 3814 5688 Burchartltls

2302 5687 2522 5744 Olberto
2550 5696 2882 5757 praeceptore
2911 5685 2964 5744 et
2991 5685 3236 5742 familiari
3279 5699 3376 5741 suo
3408 5690 3662 5757 uteretur,
3683 5685 3816 5757 eunt-

2302 5757 2424 5814 dem
2454 5749 2632 5826 operis
2654 5749 2955 5828 adiutorem
2981 5757 3287 5814 adhibuisse
3315 5755 3504 5828 negari
3525 5767 3631 5828 ηριι
3654 5749 3819 5828 Ροξθὲξῖ

2303 5829 2436 5907 nine
2459 5816 2768 5907 S'igeberttis
2789 5831 2840 5886 in
2863 5831 3125 5907 Chronico
3142 5829 3208 5884 ad
3230 5816 3425 5907 annum
3450 5824 3578 5907 totis
3599 5816 3816 5907 Burchﬁf

2303 5899 2430 5960 dum
2452 5889 2796 5962 collaborante
2824 5901 3064 5973 magistro
3108 5911 3200 5957 suo
3231 5899 3434 5959 Olberto
3457 5896 3577 5973 ,ιιὶτο
3602 5889 3816 5957 studendi
