3978 6342
177 402 288 460 321

727 393 814 454 DE
851 393 1078 463 ANTIQ.
1119 392 1567 453 COLLECTION.
1608 391 1698 452 ET
1733 391 2160 455 COLLECTOR.
2199 392 2550 453 CANONUM.
2589 392 2788 453 PARS.
2827 391 2918 453 IV.

3336 395 3445 457 322

175 536 278 586 que
326 514 627 572 doctisstmo
674 529 915 586 magnum
966 528 1228 586 canonum
1261 513 1491 586 uolumen
1545 512 1765 586 edidisse
1791 519 1841 576 Α
1868 527 1980 564 mus
2009 527 2113 586 ms;
2149 527 2275 586 aptis
2297 511 2606 586 Bura/tardi,
2635 512 2772 586 quod
2802 511 2961 566 obiter
2983 518 3319 586 tantumcum
3349 520 3444 572 im-

174 582 388 647 scribit.
420 582 776 657 Anonymus,‘
802 584 890 654 qui
922 594 1041 657 post
1075 583 1365 657 Burcliardi
1407 583 1609 637 obitum
1635 582 1764 657 ejus

175 661 342 716 vitam
371 654 594 729 digessit
622 656 853 729 editioni
903 655 1207 709 Coloniensi
1242 655 1510 708 "insertam
1539 692 1555 718 ,
1578 654 1764 729 _alium

175 723 455 801 ejusdem'
485 728 664 798 operis
706 725 1023 801 adiutorem
1053 736 1494 801 ‘commemorat.
1567 723 1763 779 Eodem

174 794 368 872 qiippe
419 794 998 872 tempore,_inqu_it,_i_n
1043 794 1764 872 ϐοζιεειᾳνίοῌςαιιοημηιζ.η.

175 866 571 927 lion-modicum
615 866 882 922 laboravit.
918 866 1081 937 Nam_
1103 866 1312 920 domino
1347 866 1595 920 Waltcrt'o
1641 867 1766 937 Spi-

174 944 317 998 rensi
349 943 585 1010 episcopo
623 939 932 1010 adjuvante,
965 948 1012 992 et
1042 935 1337 1010 Brunicone
1365 938 1635 1008 prwposito
1673 935 1762 992 ex-

177 1014 420 1069 hortante
453 1021 503 1066 et
522 1009 850 1082 suggerente,
878 1024 1111 1082 canones_
1126 1009 1187 1082 in
1216 1024 1374 1082 unum
1404 1023 1589 1074 corpus
1611 1010 1764 1062 colle-

177 1087 276 1156 git.
305 1083 505 1139 Notatu
533 1077 726 1156 dignns
753 1091 836 1156 est
865 1080 1045 1135 titulus
1073 1077 1430 1156 Collectarium
1476 1095 1764 1156 canonum;

177 1149 305 1211 iam
332 1149 681 1220 manuscripti
703 1150 919 1206 codices
945 1150 1091 1204 omni
1115 1149 1268 1206 titulo
1294 1159 1501 1204 carent.
1519 1149 1765 1206 Concinit

177 1240 315 1282 vero
342 1240 467 1282 cum
512 1223 823 1292 prwfatione
863 1220 1059 1293 [ccxctl
1089 1220 1255 1293 ipsius
1286 1219 1578 1293 Burchardi
1604 1221 1763 1290 paulo

285 1305 308 1351 t
335 1291 662 1364 subjicienda
680 1334 699 1362 ,
746 1294 796 1348 in
819 1291 971 1362 cujus
999 1292 1105 1346 line
1141 1291 1188 1346 is
1209 1307 1361 1346 suam
1390 1292 1763 1348 collectionem

222 1367 555 1422 ouectarium
580 1374 756 1419 vocat.

248 1438 306 1492 2.
351 1437 434 1492 Ad
486 1435 738 1490 Ecclesia
789 1448 902 1488 sua:
947 1431 1361 1488 Wormatiensis
1405 1447 1557 1488 usum
1615 1433 1758 1489 idem

180 1523 316 1579 opus
364 1522 424 1564 se
461 1504 757 1579 confecisse
804 1505 855 1558 in
910 1504 1096 1559 eadem
1156 1504 1759 1579 praefa_tione___testatur.

181 1572 328 1634 Istud
360 1593 468 1634 non
517 1578 784 1646 inceptum
816 1584 941 1630 ante
983 1572 1181 1629 annum
1235 1572 1372 1629 1012
1397 1575 1662 1644 colligitur
1695 1591 1763 1630 ex

180 1650 319 1705 libro
340 1648 582 1704 secundo
616 1663 668 1702 c.
702 1647 828 1714 227,
860 1646 951 1700 ubi
975 1660 1124 1699 suam
1165 1646 1446 1699 formatam
1479 1647 1760 1714 epistolam

180 1720 347 1777 refert
366 1722 432 1773 ad
452 1718 767 1774 Walterium
790 1719 1098 1786 Spirensem
1130 1716 1380 1784 scriptam
1411 1715 1599 1770 eodem
1621 1731 1763 1771 anno

180 1791 356 1848 idibus
394 1789 592 1844 Martii.
624 1787 768 1844 Idem
810 1802 939 1842 vero
968 1801 1103 1856 opus
1130 1786 1238 1852 jam
1275 1786 1438 1840 fuisse
1467 1787 1760 1856 perfectum

179 1872 467 1934 antequam
495 1859 834 1914 Burcbardus
855 1857 1164 1934 anno't023
1180 1857 1390 1934 synodo
1415 1859 1762 1934 Salangusta-

180 1928 352 1989 diensi
387 1933 692 1994 interesset,
737 1946 800 1984 ex
840 1943 907 1984 eo
944 1928 1316 1997 cognoscimus
1348 1929 1477 1998 ,quia
1522 1928 1760 1997 ejusdem

188 2004 384 2075 synodi
415 2016 654 2075 canones
684 2016 817 2065 ,cum
865 2001 917 2054 in
962 2000 1333 2075 collectionem
1370 2013 1474 2053 non
1492 2000 1768 2075 potuisset

183 2069 446 2138 inserere,
473 2073 527 2126 in
555 2073 703 2127 calce
728 2085 917 2125 omnes
945 2069 1191 2139 subjecit.
1226 2070 1460 2124 Joannes
1491 2070 1767 2126 Molinzeus

185 2146 236 2200 in
278 2144 599 2214 praefatione
624 2142 692 2214 ad
740 2141 927 2214 ilvonis
947 2141 1228 2214 Decretum
1259 2151 1446 2214 auctor
1489 2150 1571 2214 est
1601 2141 1765 2214 multa

185 2217 238 2271 in
282 2211 447 2272 editis
479 2213 772 2269 Burcbardi
814 2212 962 2266 libris
1006 2211 1302 2265 desiderari
1348 2225 1464 2280 qua:
1496 2212 1610 2279 ipse
1637 2213 1768 2268 vidit

186 2289 239 2343 in
269 2285 544 2342 veteribus
567 2283 844 2353 pleniora,
861 2285 956 2337 sed
983 2297 1044 2336 ea
1067 2283 1120 2335 in
1145 2280 1622 2353 duodecim__libros
1653 2292 1768 2338 tan-

189 2369 301 2412 tum
323 2357 516 2421 divisa,
539 2351 766 2426 quorum
796 2364 946 2426 sexta
973 2365 1094 2420 pars
1119 2352 1396 2426 esteditus
1428 2351 1762 2426 liber._ilinc,

188 2438 247 2483 ut
276 2422 572 2490 credimus,
593 2425 826 2479 Joannes
851 2424 1104 2478 Albertus
1127 2422 1403 2476 Fabricius
1434 2431 1564 2476 tom.
1590 2423 1656 2476 XI
1683 2424 1769 2479 Bi-

189 2499 468 2554 bliotheca:
485 2496 712 2562 Graecas,
732 2510 854 2565 pag.
883 2495 937 2561 8,
971 2493 1252 2565 duodecim,
1269 2503 1429 2546 tomos
1451 2494 1768 2565 decretorum

187 2585 217 2624 a
269 2567 582 2624 Burcbardo
628 2563 882 2620 collectos
933 2565 1112 2628 tradit,
1155 2563 1453 2634 additque:
1489 2564 1601 2617 Hoc
1639 2583 1767 2634 opus

185 2641 358 2712 ipsum
380 2641 635 2712 integrum
657 2635 869 2712 necdum
900 2635 1062 2712 lucem
1083 2635 1230 2712 uidit,
1256 2633 1346 2687 sed
1360 2643 1767 2712 _tantunt_ea:cer-

191 2705 277 2781 pta
301 2726 368 2765 ea;
393 2705 748 2781 itto'dirisa‘in
776 2705 932 2781 libros
961 2705 1465 2781 20:“At_non_solum
1491 2706 1765 2781 codex,_ex

190 2776 296 2852 quo
343 2781 512 2835 editio
553 2777 780 2852 prodiit,
824 2777 987 2831 libros
1026 2777 1096 2830 20
1136 2776 1444 2852 Burchardo
1494 2777 1766 2852 inscribit,

195 2847 375 2908 verum
421 2847 586 2905 etiam
636 2849 725 2902 illa
768 2861 981 2917 quoque
1031 2847 1393 2901 vetustissima
1437 2849 1768 2916 exemplaria

192 2939 306 2993 qua:
335 2920 1230 2993 PetrusPithmuscommemorat.
1257 2917 1518 2993 Nos__ite_tn
1541 2931 1770 2993 quatuor

193 2987 429 3064 integros
453 2991 670 3046 codices
714 2990 964 3064 vidimus,
1005 2987 1230 3064 deosin
1272 2987 1770 3064 bibliotlteca_Vati-

193 3058 329 3119 cana'
348 3065 590 3134 signatos
614 3077 765 3116 num.
799 3058 936 3115 1550
965 3068 1019 3134 et
1037 3059 1204 3134 1:355,
1216 3074 1391 3134 unum
1411 3060 1552 3134 apud
1584 3059 1768 3134 Patres

195 3129 570 3191 Benedictinos
605 3135 657 3188 in
698 3131 1020 3186 monasterio
1060 3129 1480 3193 Padilironensi,
1512 3139 1566 3184 et
1602 3131 1768 3188 alium

195 3207 508 3262 Patavinum
540 3205 592 3258 in
624 3203 944 3258 bibliotheca
967 3202 1018 3256 S.
1055 3201 1298 3265 Justinm,
1335 3201 1423 3269 qui
1450 3202 1670 3257 totidem
1701 3203 1768 3257 li-

195 3278 323 3332 bros
354 3277 527 3330 eidem
549 3274 855 3330 Burchardo
882 3273 1170 3342 inscriptos
1196 3271 1471 3327 exhibent.
1497 3273 1769 3328 Addemus

197 3358 254 3402 et
299 3348 406 3401 alia
460 3349 564 3400 duo
604 3348 818 3416 antiqua
871 3343 1119 3416 Vaticana
1167 3343 1500 3416 exemplaria
1531 3344 1667 3399 1556
1716 3353 1772 3400 et

201 3418 364 3484 4080,
392 3431 609 3488 quorum
646 3413 873 3470 alterum
911 3415 1096 3484 incipit
1127 3430 1157 3468 a
1188 3414 1324 3467 libro
1360 3413 1609 3482 septimo,
1637 3417 1772 3488 alte-

198 3503 318 3544 rum
351 3502 381 3540 a
408 3486 599 3553 ‘nono;
633 3495 687 3542 et
716 3497 1000 3554 utrumque
1037 3490 1378 3554 prosequitur
1418 3500 1586 3554 usque
1614 3487 1676 3538 ad
1708 3486 1772 3540 ii-

196 3561 355 3615 brum
401 3575 513 3624 xxx,
545 3560 632 3630 qui
665 3559 736 3630 ob
780 3555 997 3612 mutilos
1034 3555 1250 3630 codices
1286 3555 1391 3630 tiae
1432 3565 1598 3630 caret.
1634 3555 1769 3612 Cum

193 3631 307 3685 haec
331 3626 589 3685 librorum
609 3629 777 3684 series
799 3642 861 3682 ac
891 3641 953 3682 ea
981 3642 1099 3697 qua:
1123 3628 1173 3680 in
1205 3626 1405 3680 eisdem
1429 3627 1773 3682 continentur

192 3701 378 3756 eadem
406 3701 512 3754 sint
554 3700 606 3754 in
637 3700 756 3754 aliis
785 3698 1178 3767 exemplaribus
1223 3697 1466 3766 integris,
1493 3697 1608 3751 hinc
1642 3714 1774 3767 quo-

191 3787 292 3840 que
335 3771 445 3828 duo
486 3771 820 3840 exemplaria
847 3770 1105 3840 eumdem
1135 3769 1320 3840 viginti
1368 3768 1624 3840 iibrornm
1667 3785 1771 3824 nu-

193 3839 399 3897 merum
443 3839 784 3896 contiruiant.
824 3839 956 3896 Cum
989 3853 1146 3909 porro
1191 3839 1319 3892 nulli
1368 3839 1623 3893 hactenus
1659 3842 1771 3896 noti

192 3913 405 3968 codices
445 3915 606 3966 ullam
649 3908 1020 3967 collectionem
1059 3908 1351 3963 Burchardi
1381 3910 1596 3964 nomine
1636 3927 1773 3979 prm-

193 3994 450 4048 notatam,
482 3985 535 4037 in
563 3983 842 4038 duodecim
879 3989 1058 4050 partes
1079 3981 1415 4034 distributam
1438 3981 1768 4050 contineant,

193 4070 442 4109 veremur
471 4069 540 4110 ne
568 4053 803 4109 Joannes
834 4053 1111 4108 Molinteus
1136 4052 1563 4120 tequivocatione
1592 4052 1771 4123 aliqua

192 4128 386 4180 ductus
421 4127 580 4180 aliam
607 4125 922 4193 ampliorem
953 4137 1275 4193 anonymam
1315 4124 1684 4178 collectionem
1717 4124 1770 4179 in

193 4197 413 4251 totidem
457 4209 640 4266 partes
670 4192 895 4250 divisam
925 4195 994 4247 ob
1015 4192 1416 4266 consonantiam
1446 4193 1499 4248 in
1529 4193 1772 4262 pluribus

191 4283 286 4335 pro
338 4267 742 4322 Burcbardiano
805 4280 968 4334 opere
1030 4265 1427 4319 inadvertenter
1481 4269 1768 4335 acceperit.

190 4333 352 4392 Forte
381 4345 452 4394 ob
493 4339 676 4393 oculos
717 4333 905 4391 habuit
933 4335 1302 4390 collectionem
1339 4333 1774 4390 Sorbonico-Mu-

194 4411 458 4463 tinensem
510 4410 562 4462 in
610 4418 785 4478 partes
825 4407 1105 4462 duodecim
1136 4407 1461 4471 distinctam,
1505 4422 1662 4476 quam
1686 4408 1774 4463 de.

192 4481 509 4550 scripsimus
549 4477 724 4543 capite
765 4479 1006 4542 decimo;
1047 4477 1410 4550 deceptusque
1450 4491 1516 4531 ex
1557 4493 1623 4530 eo
1673 4479 1773 4533 fuit

190 4548 317 4622 quia
341 4554 482 4605 inter
513 4551 695 4604 titulos
718 4550 971 4622 librorum
999 4548 1287 4622 Burchardi
1316 4563 1353 4610 ι,
1405 4556 1520 4622 net
1546 4561 1773 4622 Sequeri-

192 4620 355 4689 tibus,
384 4637 446 4676 ac
470 4622 656 4677 titulos
685 4621 924 4691 ejusdem
968 4620 1303 4674 collectionis
1332 4621 1580 4688 praeﬁxos
1612 4620 1774 4688 parti-

193 4693 296 4746 bus
337 4708 376 4760 ι,
433 4707 493 4757 ιι,
543 4707 626 4757 ιιι,
675 4707 750 4758 1v,
787 4707 840 4756 v,
888 4700 942 4745 et
989 4707 1042 4756 x,
1082 4705 1287 4744 summa
1338 4692 1620 4744 consensio
1670 4702 1771 4747 est.

189 4761 349 4818 Certe
376 4763 621 4833 praefatio
655 4778 776 4832 qua:
801 4763 854 4816 in
882 4760 1010 4833 solis
1037 4776 1166 4816 mss.
1199 4760 1271 4814 20
1295 4760 1457 4814 libros
1480 4762 1770 4833 praeferen-

193 4835 334 4889 tibus
358 4831 650 4901 invenitur,
683 4832 1049 4888 Burchardum
1077 4833 1236 4886 habet
1256 4839 1526 4885 auctorem
1560 4831 1776 4886 iisdem-

191 4921 300 4972 que
328 4905 476 4959 libris
503 4905 660 4960 fidem
687 4905 834 4960 facit.
865 4903 918 4956 Id
951 4913 1127 4956 autem
1161 4903 1328 4956 multo
1363 4902 1562 4972 clarius
1601 4904 1777 4959 elucet

189 4971 252 5028 ex
296 4977 460 5030 tribus
500 4976 792 5030 Burchardi
835 4975 1111 5029 codicibus
1140 4973 1272 5042 ,Vat.
1309 4971 1467 5038 1555,
1517 4972 1775 5028 Patavino

189 5047 246 5100 S.
273 5047 523 5110 Justinaa,
554 5058 608 5101 et
630 5046 1038 5109 Padilirouensi,
1080 5045 1130 5097 in
1164 5045 1356 5113 quibus
1389 5045 1498 5112 ipsa
1535 5043 1776 5112 prazfatio

189 5117 256 5170 ab
290 5118 443 5172 editis
469 5119 801 5188 discrepans,
825 5125 880 5188 et
909 5115 1193 5188 sincerior,
1224 5127 1280 5170 ut
1301 5131 1425 5188 mox
1451 5115 1771 5188 videbimus,

190 5202 351 5256 quam
375 5195 589 5258 vulgata
612 5228 628 5253 ,
650 5185 763 5242 'non
805 5187 979 5258 solum
1024 5187 1272 5241 eumdem
1301 5187 1485 5254 viginti
1513 5185 1770 5243 librorum

192 5257 490 5315 numerum
507 5273 758 5328 expresse
797 5257 1076 5327 approbat,
1111 5271 1297 5312 verum
1325 5259 1506 5321 etiam,
1532 5259 1770 5328 ipsorum

192 5329 376 5384 titulos
409 5331 642 5386 insertos
670 5330 983 5401 praeferens,
1018 5329 1115 5401 hos
1153 5338 1209 5383 et
1251 5343 1356 5383 non
1397 5328 1531 5384 alios
1575 5345 1605 5382 a
1635 5329 1772 5384 Bur-

191 5401 392 5456 cbardo
415 5399 767 5457 concinnatos
807 5408 1049 5454 testatur.
1078 5399 1326 5472 Concinit
1361 5401 1521 5472 etiam
1562 5415 1772 5472 anony-

190 5485 310 5543 nius
335 5472 440 5543 ipsi
467 5472 780 5528 Burchardo
801 5485 1042 5543 cogevus,
1066 5472 1156 5541 qui
1188 5471 1240 5526 in
1277 5471 1396 5540 ejus
1421 5471 1536 5526 Vita
1565 5471 1727 5528 tradit
1749 5489 1764 5529 :

190 5540 307 5597 Hoc
334 5540 452 5599 uero
487 5561 694 5612 corpus,
723 5545 829 5598 sive
857 5540 1217 5596 Colles-larium
1243 5543 1498 5608 distinxit,
1533 5553 1583 5596 et
1608 5543 1660 5596 in
1699 5543 1774 5597 vi-

188 5613 318 5686 ginti
348 5615 506 5671 libros
544 5616 825 5686 distribuit.
852 5613 1038 5686 Nonne
1059 5614 1183 5686 nec
1206 5612 1334 5686 duo,
1365 5613 1533 5686 coaevi
1560 5614 1765 5686 scilicet

188 5683 468 5769 scriptoris
502 5697 560 5769 et
588 5687 752 5769 ipsius
798 5684 1112 5769 Burchardi,
1134 5683 1451 5769 testimonia
1482 5684 1764 5740 duodecim

190 5753 451 5812 librorum
474 5753 1156 5828 opinionemﬁexpungunt?

261 5828 322 5899 δε
359 5829 415 5884 ln
447 5825 712 5899 operibus
768 5825 1483 5899 Georgii‘Cassandri;_pag.
1525 5826 1658 5882 1091
1711 5835 1766 5883 et

187 5891 352 5968 1098,
380 5891 516 5957 teste
551 5898 815 5969 Fabricio,
853 5891 970 5954 hic
995 5896 1280 5969 leguntur:
1309 5891 1469 5954 Nacti
1500 5899 1652 5953 etiam
1679 5914 1766 5954 su-

1795 3276 1842 3342 c
1872 3267 2047 3329 valeat
2093 3267 2388 3332 subveniri.
2440 3267 2546 3334 Cur
2601 3278 2738 3332 hoc?

1799 4664 1854 4726 D

1870 599 2042 652 presso
2071 579 2289 637 Parisiis
2314 600 2400 638 an.
2436 583 2571 640 1519
2592 579 2916 647 contulimus,
2945 593 2992 638 et
3021 583 3445 654 deprehendimus

1869 655 2099 724 epistola:
2130 655 2358 725 phrasim
2405 663 2562 708 totam
2603 655 2942 710 immutatam.
2984 653 3217 725 ldipsum
3260 667 3314 712 et
3343 675 3441 713 nos

1868 724 2362 797 observavimnsqin
2398 726 2564 780 tribus
2590 726 2813 781 laudatis
2840 724 3132 792 codicibus,
3166 728 3217 782 in
3247 729 3442 797 quibus

1869 803 2075 867 tantum
2108 794 2471 864 praefationem
2506 797 2826 852 invenimus.
2860 797 2915 852 ln
2957 797 3039 851 his
3071 794 3308 867 praefatio
3337 816 3443 856 non

1869 866 2042 938 solum
2081 866 2262 922 verbis
2303 867 2572 936 discrepat
2602 883 2626 919 a
2653 869 2884 938 vulgata,
2936 866 3118 923 verum
3149 871 3308 925 etiam
3355 887 3446 925 or-

1867 937 1991 992 dine
2024 955 2036 990 :
2073 953 2135 992 ea
2167 940 2306 992 enim
2336 953 2456 1007 qua:
2504 941 2555 992 in
2586 937 2844 993 editis’ad
2867 941 3211 1008 -praatationis
3239 944 3444 998 ca’cem

1866 1008 1935 1079 ab
1957 1010 2074 1063 aliis
2102 1008 2311 1078 adjecta
2337 1009 2506 1063 videri
2535 1019 2780 1077 possunt,
2820 1009 2918 1079 ipsi
2943 1011 3241 1079 przefationi
3273 1013 3326 1067 in
3353 1014 3446 1067 iis-

1867 1078 1988 1132 dcm
2021 1095 2149 1134 mss.
2183 1083 2253 1134 ita
2283 1079 2612 1145 inseruntur,
2650 1091 2704 1133 ιιι
2737 1078 3044 1135 BurChardo
3066 1092 3286 1138 auctore
3309 1086 3444 1138 scri-

1867 1159 1955 1219 pta
2003 1149 2167 1205 fuisse
2208 1150 2645 1205 manifestissime
2683 1159 2910 1205 constet.
2965 1149 3164 1208 Horum
3203 1165 3446 1212 veterum

1868 1221 2255 1296 exemplarium
2297 1221 2604 1296 concordia,
2658 1235 2778 1276 cum
2822 1221 3015 1291 quibus
3059 1224 3195 1279 alios
3224 1240 3446 1296 quoque

1866 1292 2080 1346 codices
2109 1293 2196 1362 qui
2231 1292 2546 1362 praefatione
2588 1306 2691 1347 non
2738 1302 2978 1362 careant,
3010 1292 3296 1350 convenire
3334 1292 3443 1353 non

1866 1361 2208 1436 ambigiinus,
2232 1361 2389 1436 hanc
2420 1378 2604 1436 veram
2657 1377 2777 1436 esse
2811 1361 3301 1436 praefationemseu
3329 1370 3446 1436 epi-

1867 1435 2061 1488 stolam
2101 1433 2391 1488 Burcliardi
2423 1435 2489 1488 ad
2530 1435 2886 1489 Bruniconem
2932 1435 3152 1499 suadet;
3181 1433 3446 1504 idipsuin-

1865 1519 1971 1572 que
1999 1506 2283 1588 conﬁrmat
2305 1505 2424 1587 ipsa
2449 1506 2570 1575 styli
2610 1520 2672 1560 ac
2716 1514 3005 1588 syntaxeons
3035 1506 3446 1588 inconcinnitas,

1865 1589 1983 1646 qua:
2033 1575 2108 1629 illi
2137 1590 2252 1629 τενο
2284 1575 2517 1631 maxime
2547 1575 2813 1646 congruit.
2849 1576 3220 1632 Prmtationem
3266 1575 3444 1635 autem

1865 1645 2154 1717 vulgatam,
2188 1662 2310 1702 cum
2337 1657 2442 1701 tam
2469 1658 2653 1717 aperte
2673 1663 2701 1701 a
2723 1648 3033 1703 memoratis
3057 1647 3286 1703 vetustis
3309 1664 3442 1705 mss.

1865 1715 2164 1790 dissentiat,
2217 1718 2440 1790 studiosi
2483 1715 2707 1790 alicujus
2745 1717 2991 1790 arbitrio,
3031 1719 3116 1773 cui
3156 1719 3449 1790 elegantior

1865 1787 2036 1856 stylus
2066 1789 2332 1856 placebat,
2357 1788 2518 1844 fuisse
2561 1789 2890 1843 immutatam
2919 1787 3262 1844 arbitramur:
3293 1789 3441 1847 ll'am

1866 1857 2078 1912 interim
2130 1859 2302 1930 qualis
2357 1864 2410 1914 in
2459 1859 2734 1916 codicibus
2786 1861 2981 1928 legitur
3058 1862 3146 1916 hic
3219 1861 3448 1918 exhibe-

1867 1944 2005 1982 mus.

1940 1999 2154 2072 [ccxcn]
2182 2002 2233 2055 4.
2263 2019 2282 2052 ι
2316 2001 2655 2057 Burchardus
2678 2001 2793 2056 solo
2823 2001 3036 2056 nomine
3069 2001 3440 2059 Wormacien-

1868 2070 1948 2141 sis
1990 2070 2274 2141 episcopus
2307 2073 2633 2127 Brunichoni
2673 2073 2814 2127 fideli
2855 2087 2971 2137 suo,
3017 2074 3256 2140 ejusdem
3298 2077 3446 2131 vide-

1868 2140 1992 2196 licet
2055 2140 2200 2199 sedis
2255 2145 2571 2214 przeposito,
2631 2145 2685 2198 in
2739 2141 2956 2198 Christo
3026 2144 3251 2201 Domino
3307 2148 3446 2203 salu-

1872 2219 2004 2268 tem.

1945 2302 1962 2334 ι
1998 2285 2174 2338 Multis
2197 2285 2306 2355 jam
2338 2300 2482 2354 srepe
2529 2285 2718 2340 diebus
2765 2285 3094 2341 familiaritas
3135 2294 3244 2355 tua,
3280 2286 3444 2343 frater

1867 2355 2204 2422 charissime,
2243 2372 2478 2424 pra-scus
2502 2357 2655 2410 nobis
2684 2358 2947 2412 hortando
2971 2360 3234 2425 suggessit
3261 2369 3444 2425 quale-

1868 2441 1970 2499 nus
2015 2427 2249 2480 libellum
2297 2444 2363 2481 ex
2392 2428 2556 2482 variis
2589 2428 2906 2482 utilitatibus
2943 2429 3007 2480 ad
3039 2441 3174 2496 opus
3206 2443 3447 2499 compre-

1869 2498 2210 2566 shyterornm
2243 2512 2552 2553 nostrorum
2585 2509 2688 2552 tam
2719 2514 2783 2552 ex
2829 2499 3108 2552 sententiis
3139 2498 3447 2557 sanctorum

1872 2567 2088 2620 Patrum
2112 2583 2271 2636 quam
2296 2585 2360 2623 ex
2386 2570 2699 2634 canonihns,
2731 2584 2823 2623 seu
2846 2585 2912 2623 cx
2938 2569 3163 2623 diversis
3189 2571 3449 2637 pmxiiten.

1871 2638 2086 2710 tialibus
2114 2639 2347 2706 vigilanti
2391 2642 2571 2694 animo
2595 2654 2790 2708 corpus
2824 2639 2874 2693 in
2899 2656 3059 2694 unttm
3092 2641 3396 2710 colligerem
3434 2661 3448 2697 :

1870 2709 1940 2761 ob
1989 2708 2038 2781 id
2072 2710 2320 2781 maxime,
2371 2713 2491 2780 quia
2537 2726 2802 2765 canonum
2829 2711 2949 2779 jura
2981 2721 3033 2766 et
3058 2708 3256 2778 judicia
3288 2715 3451 2781 paeni-

1873 2780 2096 2832 tentium
2125 2780 2179 2852 in
2202 2791 2383 2834 nostra
2411 2783 2631 2837 dimccsi
2655 2782 2733 2836 sic
2759 2790 2885 2836 sunt
2913 2782 3158 2849 confusa,
3183 2793 3341 2852 atque
3368 2785 3454 2838 di-

1873 2863 2030 2923 versa
2070 2859 2126 2923 et
2169 2851 2389 2916 inculta,
2423 2869 2485 2907 ac
2511 2857 2588 2907 sic
2610 2868 2675 2907 ex
2713 2863 2825 2908 toto
2856 2855 3115 2923 neglecta,
3148 2863 3201 2906 et
3229 2851 3365 2908 inter
3395 2870 3453 2910 se

1871 2919 2028 2992 valde
2067 2921 2446 2992 discrepantia,
2490 2933 2544 2979 et
2574 2939 2710 2992 pene
2751 2919 2951 2978 nullius
2983 2925 3296 2979 aucmritate
3345 2928 3453 2980 suf-

1871 2991 2023 3058 fulta,
2051 2996 2122 3046 'ut
2162 2991 2379 3062 propter
2422 2991 2809 3058 dissonantiam
2836 2996 2923 3050 vix
2962 3011 2990 3047 a
3036 2995 3216 3049 sciolis
3248 2999 3454 3060 possint

1872 3062 2125 3138 discerni.
2178 3063 2328 3119 Unde
2373 3065 2432 3118 fit
2474 3067 2788 3138 plerumque
2827 3065 3350 3138 utconfugientiims
3386 3069 3452 3121 ad

1873 3132 2166 3189 remedium
2201 3132 2548 3203 pmnitentiie,
2581 3132 2816 3205 tam'pro
2855 3136 3111 3191 librorum
3138 3136 3454 3194 confusione

1871 3219 2033 3274 quam
2085 3205 2246 3259 etiam
2293 3208 2724 3274 presbyterorum
2779 3209 3098 3274 ignorantia,
3153 3208 3454 3263 nullatenus

2821 3279 2922 3334 nde
2979 3281 3187 3335 aestimo
3236 3280 3454 3335 evenire

1876 3348 2127 3412 maxime,
2166 3349 2287 3416 quia
2321 3364 2626 3404 mensuram
2667 3351 2921 3416 temporis
2970 3360 3024 3406 et
3068 3349 3284 3404 modum
3316 3350 3456 3404 deli-

1874 3416 1947 3470 cti
1975 3419 2026 3470 in
2055 3419 2258 3485 agenda
2286 3421 2598 3486 poenitentia
2631 3434 2735 3472 non
2763 3424 2892 3474 satis
2920 3429 3144 3486 attente,
3168 3430 3218 3474 et
3241 3432 3447 3487 aperte,

1876 3494 1945 3560 et,
1977 3488 2211 3554 perfecte
2258 3489 2534 3558 praeﬁgunt
2573 3505 2806 3544 canones
2850 3505 2946 3557 pro
2994 3506 3313 3560 unoquoque
3352 3494 3456 3545 cri-

1875 3557 2041 3624 mine,
2086 3569 2141 3612 nt
2187 3557 2268 3614 de
2295 3560 2518 3628 singulis
2549 3561 2727 3616 dicant
2765 3561 2992 3630 qualiter
3037 3557 3455 3630 unumquodque

1875 3630 2270 3685 emendandum
2325 3631 2420 3697 sit;
2467 3632 2561 3686 sed
2604 3630 2770 3700 magis
2813 3633 2862 3684 in
2911 3631 3130 3686 arbitrio
3163 3632 3456 3687 sacirdotis

1876 3700 2222 3769 intelligentis
2246 3702 2653 3770 relinquendum
2686 3709 2944 3756 statuunt.
2975 3702 3311 3772 Quapropter
3333 3704 3455 3770 quia

1877 3772 1978 3825 hoc
2005 3771 2116 3839 {nisi
2153 3788 2181 3825 a
2229 3772 2560 3839 sapientibus
2603 3784 2652 3827 et
2682 3772 2816 3842 legis
2850 3773 3043 3828 divinae
3087 3771 3309 3826 eruditis
3341 3773 3456 3828 tieri

1876 3842 2080 3911 nequit,
2115 3853 2320 3912 rogavit
2345 3850 2444 3907 {me
2471 3844 2686 3898 dilectio
2719 3852 2825 3907 tua,
2857 3853 2911 3898 ut
2943 3846 3083 3898 hunc
3111 3843 3303 3897 librum
3335 3843 3457 3898 bre-

1876 3913 2014 3984 viter
2037 3914 2342 3977 collectum,
2374 3929 2515 3970 nunc
2551 3916 2764 3970 demum
2799 3916 2980 3984 pueris
3002 3913 3315 3969 discendum
3351 3924 3457 3968 tra-

1877 3983 2062 4038 derem
2096 4001 2109 4038 :
2145 3994 2201 4038 nt
2243 3985 2384 4054 quod
2433 3988 2599 4040 nostri
2648 3983 3023 4054 coeperatores
3068 3986 3118 4039 in
3170 3987 3458 4040 maturiore

1877 4064 2035 4110 aetate
2068 4057 2224 4124 positi
2255 4056 2453 4110 nostris
2477 4058 2688 4122 diebus,
2719 4067 2774 4111 et
2801 4065 3200 4112 antecessorum
3241 4065 3452 4109 nostro-

1877 4141 1993 4180 rum
2032 4126 2295 4182 tarditate
2339 4129 2703 4196 neglexerant.
2751 4127 2912 4182 modo
2953 4136 3109 4182 aetate
3156 4128 3374 4190 teneris,
3406 4133 3458 4186 et

1877 4197 1999 4251 aliis
2021 4197 2230 4253 discere
2257 4199 2558 4253 volentibus
2586 4198 2904 4253 traderetur.
2925 4197 3200 4268 Siquidem
3229 4207 3284 4250 ut
3309 4197 3457 4266 prius

1877 4267 2070 4350 flerent
2099 4269 2248 4350 probi
2291 4270 2566 4350 discipuli,
2605 4267 3086 4350 postplehiuni’et
3111 4268 3459 4350 doctores,_et

1876 4337 2144 4408 magistri;
2195 4348 2248 4394 et
2277 4349 2334 4393 ut
2366 4337 2703 4410 perciperent
2729 4340 2779 4392 in
2814 4340 3012 4393 scholis
3038 4337 3179 4410 quod
3215 4339 3458 4410 quando-

1876 4407 1981 4478 que
2031 4411 2225 4465 doccre
2274 4407 2530 4466 deberent
2581 4411 2682 4464 sibi
2741 4407 3082 4464 commissos.
3119 4407 3456 4465 Desiderium

1879 4490 2024 4534 tuum
2053 4490 2105 4536 et
2133 4480 2338 4548 petitio,
2365 4481 2546 4546 frater,
2571 4481 2714 4549 justa
2745 4481 2872 4533 mihi
2899 4481 3132 4543 videtur,
3167 4487 3222 4549 et
3261 4480 3328 4533 de
3363 4495 3458 4534 vo-

1880 4551 2082 4607 luntate
2128 4547 2220 4606 tali
2267 4552 2466 4621 gratias
2516 4547 2636 4620 ago.
2689 4550 2861 4621 Etiam
2901 4559 2953 4605 et
2995 4550 3067 4604 illi
3111 4547 3460 4607 multimodas

1878 4620 2320 4705 gratiastrci‘ero,
2349 4622 2439 4705 qui
2483 4631 2533 4676 te
2561 4623 2734 4705 talem
2774 4620 3290 4705 milii‘przestiterat,
3335 4622 3460 4692 quia

1880 4708 1976 4763 pro
2003 4701 2144 4748 statu
2177 4691 2428 4748 Ecclesiae
2454 4704 2652 4747 nostrte
2700 4701 2751 4748 te
2791 4691 3003 4747 assidue
3043 4692 3335 4747 desudasse
3367 4707 3461 4747 co-

1877 4779 2188 4832 gnoveram.
2238 4763 2340 4818 Sed
2395 4764 2534 4834 quod
2593 4773 2733 4834 tuam
2791 4763 3220 4819 exhortationem
3263 4763 3460 4833 smpius

1880 4834 2006 4889 mihi
2058 4836 2376 4890 inculcatam
2416 4833 2609 4890 tandin
2664 4833 2996 4900 distuleram,
3054 4849 3187 4889 mea:
3236 4834 3460 4902 ignavia:

1881 4907 2010 4960 nolo
2057 4920 2110 4959 ut
2167 4907 2445 4975 assignes,
2486 4907 2608 4976 quia
2656 4905 2864 4960 duabus
2905 4921 2970 4960 ex
3009 4907 3186 4960 causis
3238 4905 3460 4976 minime

1881 4977 2014 5032 mihi
2066 4977 2168 5032 hoc
2217 4978 2481 5047 attingere
2505 4975 2738 5030 licuerat
2765 4994 2776 5028 :
2802 4975 3006 5031 scilicet
3037 4983 3255 5046 prapter
3284 4975 3461 5047 varias

1881 5059 1934 5103 et
1959 5048 2292 5103 inevitabiles
2321 5045 2718 5104 ecclesiasticas
2745 5049 3112 5113 necessitates,
3142 5061 3258 5114 qum
3280 5045 3460 5116 quoti-

1881 5119 1968 5173 die
1997 5134 2148 5174 more
2176 5118 2430 5175 ﬂuctuum
2467 5127 2776 5188 emergunt;
2807 5129 2861 5173 et
2892 5119 3110 5186 insuper
3139 5132 3265 5172 cura
3306 5131 3461 5188 mun-

1877 5191 2095 5244 dialium
2130 5206 2307 5244 rerum
2351 5190 2418 5244 ad
2453 5186 2750 5260 imperialia
2781 5189 3025 5244 mandata
3054 5186 3455 5260 pertinentium,

1877 5276 1996 5330 quae
2041 5261 2303 5315 studentis
2360 5270 2415 5316 et
2461 5257 2546 5315 ad'
2573 5260 2849 5330 superiora
2902 5257 3171 5330 tendentis
3223 5257 3460 5330 animum

1877 5325 2032 5388 valde
2069 5332 2400 5398 obtundunt;
2430 5333 2553 5402 quia
2590 5325 2798 5386 animus
2827 5330 3084 5402 cujusque
3114 5329 3238 5381 dum
3267 5325 3461 5402 dividi-

1879 5411 1964 5457 tur
1983 5405 2093 5473 {per
2124 5403 2296 5472 plura,
2331 5397 2508 5458 minor
2537 5402 2598 5456 ﬁt
2623 5402 2690 5456 ad
2721 5397 2943 5473 singula.
2979 5397 3177 5473 Tamen
3212 5397 3314 5450 tuis
3335 5412 3460 5451 san-

1878 5469 2380 5544 ctis'petitiouibus
2431 5473 2689 5528 obediens
2715 5512 2730 5535 ,
2771 5469 3047 5544 synodalia
3104 5476 3363 5544 prince-pta
3405 5475 3460 5523 et

1877 5538 2060 5599 sancta
2103 5553 2298 5600 statuta
2326 5555 2431 5599 tam
2472 5559 2539 5599 ex
2584 5538 2863 5599 sententiis
2901 5549 3205 5594 sanctorum
3236 5538 3456 5594 l’atrum

1873 5631 2034 5685 quam
2079 5629 2143 5670 ex
2179 5617 2475 5671 canonibus
2517 5614 2626 5669 Deo
2647 5612 2919 5685 largiente
2955 5609 3459 5685 collegi_et_,_p_rout

1872 5679 2041 5756 potui,
2090 5700 2315 5755 corpore
2343 5685 2615 5756 eonnetxu_i
2646 5679 2856 5756 inuno,
2889 5681 3022 5756 e_t_i_n
3065 5679 3250 5756 viginti
3283 5679 3456 5736 libros

1872 5751 2237 5826 idem'corpus
2277 5755 2542 5816 distribui.
2564 5753 2644 5826 ‘Et
2676 5753 2723 5826 si
2751 5751 2874 5826 quis
2899 5751 3124 5826 diligens
3157 5751 3327 5807 lector
3355 5764 3456 5826 eos

1871 5819 2733 5896 subtiliter'perscrutatustuerit,
2769 5819 2965 5879 inultas
2990 5819 3248 5880 utilitates
3279 5819 3456 5880 nostri

1873 5894 2238 5955 ministerii'in
2269 5897 2346 5953 eis
2373 5894 2628 5950 inveniet.
