3978 6342
211 453 320 511 557

749 445 836 500 DE
877 442 1098 510 ANTIO.
1141 438 1582 498 COLLECTION.
1628 436 1714 492 ET
1754 437 1801 491 Ct

1909 397 2172 488 .izcron.
2213 431 2558 490 CANONUM.
2605 433 2800 492 rans.
2845 434 2932 488 tv.

3351 419 3467 491 ass

211 566 475 622 duntaxat
519 559 828 614 hominibus
855 564 912 612 et
949 555 1146 612 nullam
1175 553 1548 608 necessitatem
1590 549 1795 620 patien-
1818 550 1875 612 Α
1900 557 1986 622 tur
2015 548 2378 622 Aurelianum,
2424 550 2475 604 in
2509 551 2717 622 integro
2745 565 2847 605 una
2877 563 2999 622 cum
3027 549 3200 622 vineis
3228 552 3341 622 suis
3369 565 3467 618 po-

210 637 361 693 tibus
388 647 476 689 res
503 629 635 686 dare
663 641 954 700 pauperum
981 626 1137 682 .uulla
1179 623 1386 700 ratione
1430 635 1789 700 praesumere:

209 708 338 778 quia
368 718 542 773 neque
571 693 678 778 hoc
698 693 846 778 vobis
890 698 1103 778 placere
1126 696 1428 778 movimus,
1473 707 1644 762 neque
1693 693 1794 747 hoc

210 767 402 834 nostro
427 767 549 830 esse
576 771 754 826 ofﬁcio
777 767 1102 825 conveniens
1117 767 1468 835 judicamus.»

213 887 238 924 ι
265 865 510 938 Pelagius
526 863 705 919 Boetio
723 864 964 932 prafecto
979 859 1218 930 pratorio
1231 855 1417 925 Africa:
1437 856 1568 909 inter
1588 862 1788 908 caetera.

289 979 312 1014 ι
337 960 603 1023 Romana,
628 957 712 1011 cui
742 956 854 1011 Deo
881 963 1097 1008 auctore
1137 950 1503 1021 prasidemus,
1535 947 1791 1011 Ecclesia,

207 1041 336 1104 post
366 1029 674 1104 continuam
722 1026 790 1104 15
824 1034 996 1104 _et__eo
1023 1025 1249 1104 amplius
1297 1030 1790 1104 annorum‘vastaf

209 1090 420 1158 {ionem
448 1099 694 1155 bellicam
724 1097 775 1151 in
824 1096 982 1150 Italia
1012 1093 1318 1162 regionibus
1347 1090 1704 1162 accidentem,
1732 1098 1792 1162 et

207 1187 354 1242 pene
397 1166 831 1242 adhuc‘miuim-e
871 1159 1232 1242 discedentem
1282 1178 1385 1215 non
1427 1159 1642 1242 aliunde
1692 1159 1791 1213 nisi

204 1231 278 1298 de
326 1239 630 1312 peregrinis
667 1233 855 1312 insulis
880 1244 969 1312 aut
1015 1235 1144 1312 locis
1168 1235 1313 1289 clero
1343 1231 1786 1312 pauperibusque,

202 1314 310 1371 etsi
328 1301 341 1311 ’
359 1301 489 1368 ηοιῖ
517 1309 784 1366 sufﬁciens
806 1347 823 1375 ,
855 1307 936 1362 vel
965 1307 1210 1376 exiguum
1265 1301 1442 1358 tamen
1471 1301 1791 1370 stipendium

181 1428 187 1433 .
206 1383 615 1452 consequitur.»

443 1492 466 1528 ι
485 1472 728 1545 Pelagius
756 1471 970 1524 Iuliano
998 1469 1236 1538 episc0po
1273 1467 1577 1537 Cingulano.

290 1567 561 1625 «Constat
601 1565 939 1621 dilectionem
992 1572 1132 1615 tuam
1195 1560 1436 1614 intulisse
1495 1557 1792 1612 rationibus

211 1637 479 1694 Ecclesia
507 1652 572 1692 ex
605 1635 946 1704 praestatione
978 1646 1270 1686 massarum
1297 1674 1312 1699 ,
1362 1632 1473 1704 sive
1510 1629 1791 1683 fundorum

211 1723 311 1778 per
364 1701 619 1764 Picenum
672 1706 926 1778 (ιΙιΑινδλη⁸
967 1704 1286 1778 positorum,
1332 1701 1472 1769 quod
1503 1714 1647 1778 cura
1689 1710 1793 1753 tua

211 1771 563 1851 commissum
581 1787 692 1851 est,
725 1776 790 1830 de
821 1773 1108 1851 indictione
1147 1773 1180 1851 ’ζ
1217 1771 1324 1826 ﬁlio
1363 1779 1545 1825 nostro
1567 1771 1792 1851 A.nast_a-

211 1849 295 1903 sio
325 1847 632 1918 argentario
660 1840 713 1901 et
743 1841 1239 1918 arcarioEcclesia
1263 1851 1458 1918 nostra
1500 1840 1613 1895 auri
1661 1840 1791 1918 soli-

212 1919 313 1974 dos
347 1912 417 1994 l_l_:
436 1919 623 1994 Notavi
651 1918 738 1994 die
783 1931 836 1994 tt_t
882 1915 989 1994 ital.
1022 1915 1242 1984 Augusti
1273 1913 1349 1982 (a)
1379 1921 1498 1982 post
1542 1912 1788 1967 consula-
1823 1933 1872 1994 Β

215 1998 328 2058 ῑιυιι
357 1990 540 2044 Basilii
565 1987 662 2043 viri
693 1987 1026 2042 clarissimi.»

392 2099 409 2130 ι
439 2079 677 2149 Pelagius
702 2076 927 2132 Dulcitio
957 2076 1212 2147 defensori
1241 2084 1354 2144 post
1380 2074 1635 2146 quadam.

294 2191 314 2225 ε
337 2172 602 2227 Praterea
634 2169 866 2224 rationes
898 2168 1051 2222 nobis
1096 2169 1276 2222 nescio
1317 2182 1449 2236 quas
1487 2166 1796 2236 Gracorum

214 2258 368 2299 more
396 2242 601 2297 fucatas
627 2242 694 2295 de
742 2239 775 2294 6
824 2238 1127 2294 indictionis
1155 2235 1502 2307 pensidnibus
1532 2235 1795 2307 direxisti,

215 2328 511 2383 suggerens
539 2321 591 2367 te
621 2327 717 2382 per
746 2309 815 2364 50
840 2309 1060 2383 solidos,
1083 2320 1136 2362 et
1158 2305 1254 2378 pro
1277 2307 1395 2383 aliis
1421 2308 1490 2383 ﬁt)
1513 2322 1544 2360 a
1573 2305 1798 2383 d_iacono

215 2377 422 2438 γε’τῖηο
451 2392 504 2437 et
531 2377 714 2437 nescio
739 2395 844 2449 quo
876 2380 980 2434 alio
1007 2377 1167 2434 casas
1186 2379 1547 2449 recollegisse.
1584 2377 1648 2430 Et
1675 2391 1796 2449 cum

216 2455 313 2509 tibi
342 2453 582 2521 quotidie
609 2453 730 2506 hinc
744 2447 799 2506 et
820 2451 942 2505 inde
972 2460 1280 2504 accrescant
1306 2448 1527 2521 pra-dia,
1546 2457 1614 2521 itu
1644 2447 1799 2521 nobis

214 2526 286 2580 de
315 2517 663 2594 pénsionibus
710 2521 981 2594 angustias
1017 2535 1270 2594 generas.
1301 2520 1432 2594 Non
1462 2519 1555 2573 tibi
1602 2517 1800 2572 sufﬁcit

214 2590 361 2665 quod
398 2604 447 2648 te
477 2609 505 2646 a
532 2593 758 2648 notariis
782 2602 834 2665 et
861 2591 978 2645 aliis
1007 2591 1232 2646 diversis
1271 2590 1465 2646 ofﬁciis
1498 2631 1512 2646 .

214 2663 303 2720 vix
332 2675 386 2722 te
411 2666 639 2720 liberare
662 2663 952 2733 potuimus,
975 2669 1076 2718 etc.
1093 2681 1113 2714 ι

465 2773 482 2806 ι
505 2754 748 2823 Pelagius
783 2752 902 2807 Vita
927 2752 1185 2822 defensori
1213 2753 1344 2806 inter
1369 2761 1570 2806 catera.

295 2867 314 2898 ι
360 2847 591 2917 Ideoque
638 2846 889 2917 prasenti
941 2845 1035 2917 tibi
1077 2843 1320 2917 jussion_e
1380 2844 1695 2917 mandamus
1743 2853 1802 2898 ut

215 2933 405 2974 curam
433 2912 599 2986 ipsius
627 2912 953 2970 matrimonii
981 2912 1236 2987 peragere
1278 2912 1469 2987 [cccw]
1500 2930 1609 2987 non
1637 2918 1800 2987 omit-

219 2999 333 3054 tas;
376 2984 553 3042 sciens
577 2987 719 3058 quod
760 3002 857 3041 nos
894 3001 922 3039 a
955 2994 1004 3040 te
1046 2984 1152 3052 jam
1197 2995 1251 3058 _et
1281 2984 1555 3058 reliquam
1581 2985 1630 3058 6_
1662 2984 1801 3039 indi-

219 3060 480 3119 ctionem,
506 3069 558 3113 et
595 3055 784 3112 omnes
823 3058 1150 3126 singularum
1179 3056 1429 3126 deinceps
1451 3055 1798 3110 indictionum

219 3145 251 3183 a
311 3131 342 3182 7
393 3129 668 3194 exigemus
716 3125 1035 3196 pensiones,
1081 3136 1139 3181 ut
1177 3125 1469 3181 secundum
1515 3141 1716 3180 morem
1748 3135 1803 3182 et

221 3201 442 3255 emittas
485 3197 539 3252 in
580 3199 778 3253 scrinio
823 3198 1156 3264 cautionem,
1206 3203 1262 3254 et
1299 3196 1514 3252 brevem
1559 3196 1799 3266 ejusdem

223 3269 533 3340 patrimonii
564 3271 734 3339 possis
762 3270 1058 3341 accipere.»

231 3379 414 3436 nunc
453 3379 838 3454 EPISTOL/E
883 3379 1294 3454 nouom},
1335 3397 1399 3454 ea:
1437 3385 1546 3453 ejus
1575 3381 1808 3454 Registro

525 3453 787 3521 descripta
813 3453 867 3506 in
889 3453 1180 3507 collectione
1206 3449 1508 3507 Deusdedit.

587 3565 856 3652 Honorius
883 3563 1124 3620 Gratioso
1152 3565 1485 3621 subdiacono.

305 3696 326 3729 ι
355 3675 434 3732 Ne
461 3678 709 3742 cuiquam
741 3676 892 3732 labor
933 3685 988 3732 et
1027 3676 1299 3747 diligentia
1342 3692 1502 3747 quam
1547 3677 1601 3731 in
1647 3677 1810 3734 rebus

224 3747 489 3803 Ecclesia
525 3747 781 3815 adhibet,
834 3747 1002 3816 possit
1043 3762 1165 3804 esse
1193 3748 1473 3818 damnosa,
1506 3747 1579 3802 ita
1624 3749 1804 3818 dispo-

224 3817 467 3873 nendum
499 3827 581 3873 est
602 3857 618 3884 ,
647 3829 705 3872 ut
735 3818 808 3871 illi
857 3832 984 3872 suus
1014 3818 1165 3874 labor
1191 3819 1260 3874 sit
1290 3817 1436 3872 utilis
1463 3861 1477 3885 ,
1531 3826 1585 3873 et
1639 3817 1805 3875 detri-

222 3899 471 3944 mentum
519 3889 896 3943 ecclesiastica
945 3903 1031 3942 res
1077 3903 1183 3944 non
1227 3897 1537 3958 agnoscant.
1579 3889 1808 3945 Proinde

219 3960 446 4014 domum
476 3972 596 4013 cum
625 3958 782 4013 horto
808 3974 906 4012 suo
952 3959 1176 4025 positam
1229 3959 1283 4013 in
1328 3960 1427 4014 hac
1462 3959 1594 4015 urbe
1641 3961 1809 4016 Roma

218 4029 376 4100 juxta
406 4029 645 4084 thermas
673 4029 1027 4100 Diocletianas
1054 4030 1272 4099 regione
1317 4033 1379 4094 Α,
1407 4045 1526 4084 cum
1559 4031 1807 4087 omnibus

218 4099 291 4154 ad
341 4115 462 4154 eam
507 4100 927 4170 pertinentibus,
972 4099 1065 4154 tibi
1124 4102 1174 4154 in
1228 4101 1296 4153 29
1336 4115 1598 4156 annorum
1639 4104 1807 4170 spatia

218 4170 290 4242 ad
341 4185 509 4223 unum
555 4171 669 4242 auri
700 4169 926 4242 solidum
973 4170 1380 4242 persolvendum
1429 4171 1653 4241 singulis
1692 4173 1806 4242 qui-

219 4240 434 4309 busque
473 4241 626 4312 annis
653 4239 947 4312 rationibus
991 4241 1368 4312 ecclesiasticis
1407 4239 1678 4312 pensionis
1708 4239 1808 4297 no-

218 4312 370 4382 mine
412 4311 784 4378 possidendam
819 4310 1194 4382 concedimus;
1238 4327 1336 4367 nec
1368 4310 1419 4366 te
1445 4312 1636 4368 exinde
1662 4312 1805 4382 ejici,

218 4381 308 4452 vel
339 4391 682 4450 augmentum
710 4382 984 4448 pensionis
1009 4381 1117 4436 illic
1138 4383 1511 4439 constituimus
1533 4381 1810 4452 imponen-

217 4451 391 4516 dum;
432 4453 503 4504 ita
529 4467 659 4506 sane
689 4461 745 4504 ut
776 4452 1042 4520 reparatio
1070 4453 1309 4520 ejusdem
1355 4453 1545 4509 domus
1577 4451 1628 4509 in
1673 4469 1808 4508 cun-

216 4523 325 4576 etis
356 4521 676 4592 utilitatibus
704 4522 950 4588 studere,
977 4523 1114 4576 sicut
1143 4524 1372 4592 diligens
1402 4523 1805 4592 paterfamilias,

218 4593 449 4647 debeas.
492 4589 618 4645 Post
647 4593 831 4661 viginti
861 4607 986 4647 vero
1013 4607 1204 4648 novem
1246 4589 1509 4648 annorum
1541 4589 1806 4652 curricula

1831 3308 1880 3374 C

1896 619 2057 675 situm
2086 620 2171 672 via
2201 617 2477 690 Portuensi
2518 617 2667 690 juxta
2697 631 2912 677 sanctos
2940 619 3129 677 Abdon
3171 631 3226 677 et
3251 617 3472 678 Sennen

1897 697 2244 762 praestantem
2289 689 2462 762 [Lege
2488 689 2783 762 prastans]
2829 691 2946 748 auri
2993 691 3194 748 solidos
3239 691 3372 746 duos
3419 702 3474 745 et

1895 759 2059 816 semis
2081 802 2096 826 ,
2142 759 2277 829 juris
2292 759 2360 817 ’S.
2403 759 2690 826 Romana,
2719 759 2804 818 cui
2839 763 2947 818 Deo
2995 772 3212 818 auctore
3239 762 3474 817 deservi-

1897 846 2050 895 mus,
2086 830 2394 903 Ecclesia,
2442 832 2535 887 tibi
2585 833 2650 887 ad
2688 843 2894 888 certum
2941 843 3151 903 tempus
3181 833 3474 888 debeamus

1896 902 2223 967 concedere;
2265 911 2550 973 eapropter
2597 903 2752 973 hujus
2795 902 3223 973 pracepti'serie
3250 903 3470 969 emissa,

1896 973 2314 1044 superscriptum
2344 974 2523 1030 casale
2547 988 2667 1028 cum
2696 976 2944 1029 omnibus
2972 975 3039 1029 ad
3065 989 3124 1030 se
3152 975 3468 1043 pertinenti-

1899 1042 1998 1098 bus
2038 1044 2131 1098 tibi
2167 1042 2196 1097 a
2241 1045 2489 1112 prasenti
2531 1044 2630 1099 hac
2671 1046 2736 1100 M
2779 1045 3068 1100 indictione
3112 1042 3302 1099 diebus
3347 1045 3472 1098 vita

1900 1122 2003 1186 tua
2025 1113 2396 1186 concedimus,
2424 1115 2494 1169 ita
2525 1130 2654 1170 sane
2679 1123 2738 1168 ut
2763 1131 2792 1168 a
2823 1126 2875 1170 te
2903 1117 3056 1171 annis
3083 1116 3306 1186 singulis
3337 1129 3472 1182 pen-

1898 1184 2068 1239 sionis
2110 1186 2325 1240 nomine
2351 1185 2649 1240 rationibus
2691 1185 3067 1242 ecclesiasticis
3096 1184 3203 1241 duo
3241 1187 3354 1240 auri
3385 1198 3476 1239 so‘

1900 1255 1990 1309 lidi
2021 1265 2075 1310 et
2105 1255 2365 1311 tremissis
2407 1271 2500 1310 un.
2531 1257 2565 1311 5
2596 1257 2712 1311 sine
2759 1271 2905 1311 mora
2948 1257 3123 1325 aliqua
3165 1259 3475 1326 persolvan-

1899 1335 2006 1391 tur,
2053 1338 2316 1394 quatenus
2357 1336 2412 1382 et
2457 1337 2511 1381 tu
2560 1327 2773 1396 aliquod
2823 1328 3015 1382 exinde
3063 1327 3235 1396 possis
3275 1326 3475 1381 habere

1897 1397 2216 1462 remedium,
2236 1407 2292 1452 et
2309 1398 2560 1452 Ecclesia
2591 1407 2788 1452 nostra
2815 1399 3016 1453 utilitas
3044 1411 3148 1451 non
3175 1396 3474 1453 decrescat.

1900 1465 2028 1538 Post
2073 1477 2220 1522 tuum
2266 1482 2392 1523 vero
2435 1468 2637 1524 obitum
2688 1469 2999 1537 pradictum
3049 1469 3225 1522 casale
3271 1468 3338 1522 ad
3384 1469 3477 1538 jus

1898 1535 1956 1592 S.
2005 1538 2262 1595 Ecclesia
2313 1548 2546 1601 nostra.
2588 1535 2743 1606 cujus
2769 1549 2852 1594 est
2889 1539 3209 1608 proprietas,
3241 1535 3478 1608 reverta-

1897 1615 1984 1730 Σω-
2011 1609 2336 1736 ίὲἑιὲὶάυδίο.
2377 1608 2495 1664 Dat.
2529 1625 2577 1664 tv
2609 1610 2683 1664 id.
2730 1609 2852 1664 Maii
2891 1606 3076 1664 indict.
3119 1611 3184 1665 M
3217 1628 3236 1662 ›
3272 1606 3376 1662 lId
3403 1624 3478 1663 est

1931 1694 1985 1733 n.
2147 1718 2164 1736 .

1896 1693 1985 1733 an.
2015 1681 2164 1751 626).

2252 1773 2336 1830 Ea:
2360 1775 2595 1846 Registro
2614 1775 2847 1850 Gregorii
2869 1773 3123 1834 Junioris.

1905 1907 1924 1941 ί
1966 1885 2242 1962 Gregorius
2283 1890 2546 1963 Stephano
2594 1892 2881 1963 presbytero
2927 1904 3078 1963 atque
3116 1893 3230 1947 aliis
3280 1893 3481 1949 duabus

2393 1964 2685 2017 successivis
2729 1965 2979 2032 personis.

1976 2094 1993 2126 ι
2013 2074 2271 2141 Quotiens
2293 2074 2382 2129 illa
2408 2092 2436 2130 a
2470 2076 2627 2130 nobis
2651 2077 2806 2131 tribui
2828 2086 3110 2146 sperantur
3135 2092 3257 2146 qua
3285 2077 3483 2135 rationi

1899 2144 2267 2200 incunctanter
2313 2147 2668 2211 conveniant,
2717 2144 2898 2200 animo
2947 2158 3071 2201 nos-
3092 2144 3244 2202 decet
3292 2147 3483 2203 libenti

1898 2215 2196 2270 concedere
2222 2259 2237 2279 ,
2293 2225 2348 2270 et
2396 2219 2688 2285 petentium
2733 2217 3014 2272 desideriis
3057 2233 3352 2285 congruum
3384 2219 3482 2271 im-

1900 2285 2099 2355 pertire
2139 2285 2466 2355 sullragium.
2512 2287 2740 2356 Ideoque
2782 2288 2901 2353 quia
2950 2287 3222 2356 postulasti
3265 2303 3292 2340 a
3325 2287 3482 2342 nobis

1900 2367 2163 2424 quatenus
2212 2357 2429 2411 fundum
2477 2356 2807 2426 Campanum
2846 2373 2966 2412 cum
3006 2359 3165 2412 domo
3195 2372 3290 2411 sua
3321 2366 3374 2412 et
3403 2359 3482 2412 vi-

1901 2442 2000 2480 nea
2031 2428 2203 2496 posita
2245 2427 2326 2481 via
2377 2427 2631 2482 Flaminia
2670 2429 2735 2482 14
2778 2429 2896 2496 plus
2940 2430 3116 2482 minus
3154 2429 3386 2482 millibus
3413 2429 3481 2484 ab

1902 2497 2003 2551 hac
2032 2497 2162 2551 urbe
2194 2497 2358 2564 Roma
2383 2539 2398 2561 ,
2427 2499 2568 2567 quod
2617 2499 2784 2553 tenuit
2818 2514 2912 2567 per
2943 2499 3322 2554 emunitionem
3351 2498 3482 2554 Ser-

1900 2567 2019 2638 gius
2049 2568 2325 2639 presbyter
2351 2579 2404 2623 et
2434 2569 2758 2623 vestararius
2787 2580 2988 2633 noster,
3020 2571 3107 2638 qui
3142 2569 3337 2639 fundus
3382 2584 3479 2624 ex-

1901 2639 2039 2692 stitit
2065 2653 2136 2692 ex
2165 2638 2387 2706 curpore
2409 2639 2713 2708 patrimonii
2735 2639 2941 2695 Tuscia
2962 2639 3098 2708 juris
3119 2640 3176 2695 S.
3203 2638 3480 2705 Romana,

1901 2708 1987 2762 cui
2034 2708 2142 2762 Deo
2170 2719 2389 2764 auctore
2418 2709 2752 2765 deservimus
2777 2751 2792 2776 ,
2838 2711 3117 2775 Ecclesia,
3148 2715 3290 2766 hunc
3328 2710 3482 2765 vobis

1903 2777 2097 2833 emissa
2130 2780 2489 2849 praceptione
2531 2780 2597 2834 ad
2648 2780 2934 2835 tenendum
2983 2783 3278 2836 concedere
3318 2781 3482 2836 debe-

1903 2863 2105 2903 remus.
2146 2849 2394 2921 lnclinati
2443 2851 2622 2921 itaque
2668 2852 2914 2919 precibus
2961 2853 3151 2908 vestris
3195 2867 3290 2921 per
3325 2851 3484 2921 hujus

1904 2920 2156 2990 praecepti
2202 2921 2393 2975 seriem
2433 2920 2796 2990 supradictum
2838 2922 3056 2976 fundum
3087 2920 3206 2977 cum
3240 2920 3406 2977 domo’
3428 2930 3484 2979 et

1905 2989 2061 3062 vinea
2089 2999 2141 3043 et
2169 2993 2415 3062 omnibus
2441 2989 2511 3044 ei
2533 2993 2919 3062 pertinentibus
2960 2996 3010 3047 in
3042 2994 3247 3062 integro
3286 3008 3315 3046 s
3347 3008 3482 3061 pra-

1906 3059 2047 3114 seuti
2079 3075 2170 3114 vm
2199 3061 2488 3114 indictione
2513 3061 2702 3117 diebus
2730 3062 2853 3116 vita
2883 3073 3076 3117 vestra
3104 3059 3255 3118 vobis
3282 3059 3481 3117 conce-

1907 3130 2082 3185 dimus
2137 3131 2526 3196 detinentium,
2590 3133 2660 3185 ita
2710 3147 2838 3186 sane
2889 3144 2944 3187 ut
2990 3148 3020 3186 a
3066 3135 3215 3189 vobis
3263 3133 3484 3201 singulis

1906 3201 2203 3270 quibusque
2230 3201 2608 3256 indictionibus
2632 3203 2906 3271 pensionis
2937 3206 3152 3259 nomine
3187 3204 3484 3258 rationibus

1909 3271 2286 3344 ecclesiasticis
2339 3270 2374 3324 3
2435 3273 2548 3326 auri
2604 3270 2759 3326 solidi
2820 3273 3132 3330 difficultate
3192 3274 3484 3344 postposita

1913 3343 2304 3414 persolvantur,
2322 3357 2643 3414 omnemque
2669 3359 2770 3414 qua
2797 3345 3034 3414 indigent
3061 3343 3485 3400 meliOrationem

1911 3427 1976 3468 ac
2003 3412 2366 3468 defensionem
2398 3412 2930 3482 pradictus‘l’undus,
2969 3424 3023 3469 et
3052 3417 3226 3482 vinea,
3259 3431 3352 3470 seu
3383 3417 3485 3469 do-

1911 3484 2426 3557 musindiﬁ‘erenter
2453 3499 2484 3536 a
2514 3483 2816 3557 vobissine
2853 3485 3016 3538 dubio
3047 3484 3274 3557 [οεογιι]
3295 3501 3485 3557 procu-

1912 3551 2153 3608 rantibus
2201 3553 2563 3624 efﬁciantur;
2603 3553 2856 3622 nullaque
2907 3551 3088 3624 postea
3136 3555 3202 3609 ad
3243 3551 3484 3610 dandum

1909 3638 2102 3679 annua
2132 3624 2402 3692 pensionis
2431 3639 2458 3677 a
2487 3623 2638 3678 vobis
2679 3638 2824 3678 mora
2869 3623 3143 3691 proveniat
3164 3667 3180 3690 ,
3222 3627 3313 3680 sed
3346 3626 3485 3680 ultro

1910 3695 2214 3749 actionariis
2238 3695 2311 3758 _S.
2364 3693 2860 3765 nostraEcclesia
2887 3709 2916 3747 a
2949 3695 3205 3763 pradicto
3245 3704 3488 3765 tempore

1910 3765 2262 3836 persolvatur.
2291 3765 2421 3818 Nam
2449 3764 2495 3818 si
2522 3763 2699 3830 aliter,
2737 3765 2898 3836 quod
2927 3767 3065 3820 absit
3092 3781 3120 3818 a
3155 3767 3327 3830 vobis,
3358 3763 3486 3834 pro-

1909 3835 2112 3891 venerit
2139 3835 2206 3890 de
2257 3836 2614 3904 suprascripta
2645 3835 3034 3904 melioratione,
3087 3837 3393 3894 defensione
3434 3847 3490 3895 et

1911 3921 2084 3960 annua
2115 3903 2402 3972 pensione;
2439 3903 2723 3960 statuimus
2752 3903 2869 3961 fore
2902 3907 3184 3962 invalidam
3216 3909 3354 3964 banc
3385 3925 3486 3964 no-

1909 3987 2072 4031 stram
2103 3977 2536 4045 praceptiouem.
2570 3977 2696 4031 Post
2721 3975 2923 4032 obitum
2949 3993 3076 4031 vero
3104 3989 3337 4034 vestrum
3379 3995 3489 4035 me-

1911 4056 2148 4101 moratus
2198 4047 2391 4101 fundus
2419 4046 2486 4100 ad
2513 4049 2600 4116 jus
2629 4056 2830 4101 sancta
2870 4057 3065 4102 nostra
3095 4048 3366 4113 Ecclesia.
3398 4066 3489 4106 cu-

1906 4117 1994 4188 jus
2039 4118 2504 4188 estrproprietas,
2552 4118 2604 4188 in
2651 4118 2857 4187 integro
2905 4129 3225 4176 revertatur.
3259 4121 3376 4175 Dat.
3413 4122 3486 4176 id.

1910 4186 2109 4257 Aprilis
2137 4187 2322 4258 indict.
2353 4203 2444 4241 vm
2483 4207 2502 4240 ι
2540 4186 2629 4258 (Id
2656 4198 2730 4242 est
2759 4186 2848 4244 an.
2880 4189 3027 4258 725).

1983 4258 2098 4311 Duo
2127 4257 2513 4331 fragmentaex
2553 4257 2792 4331 epistolis
2819 4258 3039 4315 Joannis
3071 4261 3179 4317 Vlll
3223 4262 3492 4331 pontiﬁcis

1910 4328 1977 4382 ad
2007 4328 2381 4401 Angelbertam
2426 4329 2845 4401 imperati-icem,
2877 4340 2931 4384 et
2959 4328 3283 4387 Ludovicutn
3320 4333 3490 4401 impe-

1911 4408 2165 4463 ratorem,
2209 4409 2264 4453 et
2311 4399 2504 4453 littera
2532 4397 2772 4467 ejusdem
2806 4401 3070 4466 pontiﬁcis
3111 4402 3177 4456 ad
3205 4397 3489 4459 Annonem
3528 4415 3536 4423 °

1911 4471 2219 4537 episcopum
2268 4469 2696 4538 Frisingensem,
2760 4485 2878 4538 qua
2922 4486 2985 4526 ex
3034 4487 3134 4527 ms.
3182 4469 3492 4530 Colbertino

1911 4539 2054 4614 asas
2097 4540 2331 4614 vulgavit
2370 4538 2616 4614 Baluzius
2647 4539 2740 4593 lib.
2774 4555 2821 4614 v_
2855 4541 3319 4614 Miscellaneorum
3368 4559 3490 4614 pag.

1913 4611 2019 4665 489
2048 4619 2102 4663 et
2129 4608 2256 4673 490,
2288 4624 2349 4663 ex
2382 4609 2482 4662 hac
2511 4619 2694 4662 nostra
2723 4609 3038 4669 collectione
3079 4614 3205 4668 olim
3237 4608 3490 4670 videnttir

219 4663 416 4755 gyﬁgg
442 4662 634 4755 «1333335
658 4659 1104 4755 ffl_m__'[‘{f_lfffl_10
1124 4664 1198 4755 ,ξιξ
1213 4664 1806 4755 ῥυξμὲςᾷῐιρξιχῆῃῇεὲο-
1834 4659 1883 4722 D
1907 4659 2188 4749 agens;
2207 4659 2260 4735 ἰιί
2290 4659 3492 4755 quai'_i£guiiiu}“tiii'iiifci"(milia'Eiié'sl

218 4733 428 4805 clesia,
461 4733 612 4805 cujus
656 4743 744 4805 est
770 4733 1086 4805 proprietas,
1121 4735 1237 4790 sine
1265 4735 1425 4789 dubio
1470 4744 1798 4805 revertatur;

220 4818 324 4858 nec
367 4804 568 4872 aliquid
615 4817 682 4858 ex
733 4803 813 4857 his
857 4819 974 4872 qua
1025 4805 1077 4859 in
1107 4805 1225 4873 ejus
1255 4805 1680 4862 meliorationem
1711 4803 1803 4862 ex;

221 4873 641 4947 pettsa‘iuerint,
674 4874 814 4947 vela
845 4885 917 4938 te,
937 4875 1027 4947 vel
1062 4875 1500 4947 tuisharedibus
1543 4880 1614 4932 sit
1651 4893 1806 4947 repe-

223 4944 378 4998 tendi
413 4943 627 4998 licentia
654 4960 667 4994 :
693 4946 812 5010 quia
847 4946 1069 4999 rationis
1095 4946 1228 5000 ordo
1260 4963 1362 5001 non
1394 4949 1522 5002 sinit
1550 4957 1610 5003 ut
1648 4943 1806 5005 in’rei

222 5014 656 5069 meliorationem
685 5030 948 5083 expensas
979 5027 1189 5088 repetat
1225 5019 1314 5086 qui
1346 5018 1398 5071 in
1438 5018 1627 5073 eadem
1673 5034 1804 5088 pen-

222 5087 382 5139 sione
410 5095 750 5154 augmentum
782 5100 883 5140 non
914 5089 1132 5154 recepit.
1178 5087 1293 5142 Dat.
1330 5090 1400 5142 id.
1433 5087 1687 5146 Decemb.’
1723 5089 1809 5144 ln-

223 5155 356 5210 dict.
396 5151 510 5209 Mi
547 5151 639 5227 (Id
667 5167 735 5208 est
760 5173 848 5209 an.
879 5156 1031 5225 625).

611 5264 630 5296 ‹
661 5246 918 5302 Honorius
948 5248 1190 5304 Servodei
1219 5251 1438 5304 notario.

303 5356 322 5388 ι
356 5336 620 5403 Quotiens
640 5353 695 5412 _a
728 5338 880 5392 nobis
926 5340 1057 5395 illud
1105 5345 1302 5410 petitur
1328 5342 1467 5412 quod
1495 5344 1686 5398 rationi
1717 5359 1815 5400 no-

226 5409 403 5463 scitur
427 5409 739 5473 convenire,
765 5412 944 5463 animo
971 5425 1069 5466 nos
1095 5409 1247 5467 decet
1274 5409 1460 5468 libenti
1492 5415 1808 5471 concedere.

227 5476 469 5547 Ideoque
495 5479 616 5548 quia
661 5481 839 5547 petisti
868 5495 896 5534 a
929 5481 1081 5536 nobis
1114 5491 1170 5535 ut
1213 5485 1389 5538 casale
1411 5483 1551 5554 quod
1577 5485 1814 5554 appella-

302 5609 423 5682 (a)
459 5607 823 5684 supplendum
870 5612 936 5684 18
976 5621 1089 5684 post
1134 5607 1452 5669 consulatum
1493 5617 1711 5683 Basilii,
1759 5620 1813 5675 id

226 5679 322 5753 est
343 5679 490 5753 anno
519 5679 645 5753 559,
668 5696 773 5749 quo
801 5679 988 5753 tttgltall
1021 5683 1246 5753 Augusti
1292 5685 1358 5739 ad
1399 5687 1560 5742 ﬁnem
1590 5679 1814 5746 accede-

228 5749 571 5828 batindictio
595 5753 844 5828 septima.
870 5749 1316 5828 Pelagitts'autem
1349 5757 1364 5809 Ι
1396 5771 1538 5812 anno
1566 5761 1810 5828 sequenti

229 5821 369 5875 obiit
409 5819 500 5877 die
545 5823 698 5883 tertia
736 5822 933 5890 Martii,
975 5819 1226 5880 currente
1276 5827 1567 5883 indictione
1596 5819 1805 5885 octava.

230 5890 481 5950 Julianus
523 5893 809 5965 episcopus
851 5895 1176 5968 Cingulanus
1238 5897 1570 5970 subscriptus
1614 5901 1807 5974 legitur

2515 4791 2744 4850 CAPUT
2784 4795 2896 4850 XV.

2034 4882 2114 4939 De
2139 4899 2234 4939 ms.
2260 4885 2556 4941 collectione
2581 4885 2858 4942 Bonizonis
2887 4889 3112 4960 episcopi
3143 4889 3359 4948 Sutrini.

1984 4996 2038 5050 Ι.
2072 4995 2378 5070 Bonizo_ob_
2420 4997 2698 5070 scientiam
2728 4999 3052 5055 eminentem
3099 5015 3161 5055 ac
3192 5001 3362 5056 zelum
3395 5016 3494 5070 pro

1914 5066 2549 5140 libertate_e_cclesiastica
2592 5070 2851 5138 insignem
2886 5073 3032 5138 prius
3060 5070 3352 5140 Sutriensis
3380 5066 3494 5140 epi-

1920 5150 2117 5205 scopus
2156 5137 2272 5191 fuit.
2310 5138 2378 5192 At
2415 5139 2485 5193 ob
2511 5139 2762 5193 Romana
2795 5137 3043 5196 Ecclesia
3069 5137 3431 5196 defensionem
3461 5157 3495 5198 e

1919 5206 2136 5262 Sutrina
2161 5208 2288 5262 sede
2331 5210 2534 5276 pulsus,
2588 5221 2698 5276 post
2741 5213 2927 5264 multas
2963 5213 3238 5276 captiones,
3281 5211 3496 5266 tribula-

1921 5278 2103 5348 tiones,
2153 5287 2199 5331 et
2228 5280 2430 5345 exsilia,
2472 5281 2640 5348 inquit
2683 5281 2960 5336 Bertoldus
2985 5280 3429 5346 Constantiensis,
3463 5301 3496 5338 α

1922 5346 2236 5421 Placentinis
2276 5346 2557 5404 catholicis
2586 5367 2678 5421 pro
2720 5353 2957 5419 episcopo
3003 5351 3269 5419 recipitur.
3318 5352 3424 5404 Sed
3465 5371 3498 5408 a

1919 5419 2252 5492 schismaticis
2277 5421 2502 5492 ejusdem
2533 5419 2632 5475 loci
2676 5422 2874 5488 effossis
2909 5422 3098 5487 oculis,
3143 5430 3192 5475 et
3213 5431 3498 5492 truncatus

1920 5489 2150 5542 omnibus
2176 5489 2309 5560 pene—
2329 5493 2563 5547 membris
2604 5493 2850 5562 martyrio
2876 5502 3169 5543 coronatur.
3212 5489 3287 5545 Ita
3327 5491 3417 5548 ille
3441 5495 3496 5550 in

1917 5624 2210 5679 conatituto
2240 5625 2418 5751 Vigilii
2457 5643 2546 5682 an.
2577 5627 2701 5682 555.
2736 5629 3113 5697 Fragmentum
3137 5628 3362 5686 alterius
3382 5631 3498 5702 epi-

1917 5695 2068 5748 stola
2090 5693 2290 5751 Pelatrii
2363 5697 2428 5751 ad
2455 5699 2700 5751 eumdem
2728 5699 2928 5751 editum
2957 5707 3041 5751 est
3061 5715 3091 5751 a
3114 5701 3330 5751 Baluzio
3357 5711 3489 5751 tom.

1914 5695 2068 5765 stola
2090 5693 2336 5765 Pelagii]
2363 5697 2428 5752 ad
2455 5699 2700 5752 eumdem
2728 5693 2928 5753 editum
2957 5707 3041 5754 est
3061 5715 3092 5756 a
3114 5701 3330 5756 Baluzio
3357 5693 3489 5757 toin.

1917 5761 2291 5838 y‘Miscellan.‘
2308 5781 2432 5838 pag.
2460 5765 2586 5832 466,
2621 5778 2672 5822 et
2700 5783 2944 5825 recusttm
2970 5784 3000 5825 a
3025 5771 3086 5826 P.
3118 5772 3325 5830 Mansio
3361 5782 3492 5833 tom.

1911 5830 2224 5904 lSupplem.
2251 5830 2482 5904 Cénéil.,
2510 5830 2632 5909 pag.
2661 5838 2787 5896 452.
