3978 6342
175 441 265 502 Mi

176 563 227 611 et
261 551 493 620 qualiter
534 551 654 620 ejus
696 550 923 618 tempori

172 618 310 694 apud
336 618 906 694 Iediolanum‘eaorta
917 627 1045 694 *αις
1072 627 1128 694 et
1157 618 1242 694 de
1259 618 1482 674 Nicolao
1505 634 1660 690 papa,
1682 629 1737 694 et

173 689 234 752 de
259 694 352 750 lite
377 707 536 762 quam
563 691 746 751 habuit
773 705 897 762 cum
912 689 1212 762 Benedicto
1220 689 1517 762 invenre,
1536 689 1594 762 et
1610 689 1735 762 quid

173 763 334 834 gerit
360 757 667 834 inrpupatu;
696 769 753 834 et
769 760 836 834 de
859 757 1164 834 Alexandro
1197 759 1242 834 ll
1269 774 1424 834 papa,
1468 769 1524 834 et
1550 757 1738 834 de’lite

171 829 325 905 quam
357 829 540 905 habuit
567 831 914 905 cumcadolo
947 830 1243 905 Parmensi,
1270 829 1414 905 etde
1431 831 1549 905 eius
1574 831 1737 905 vieto-

176 900 266 968 r'ia,
323 911 379 959 et
404 903 532 971 quid
560 903 730 970 egerit
769 901 822 958 in
867 908 1082 970 papatu,
1110 900 1260 958 etde
1285 901 1403 970 eius
1431 900 1559 965 line;
1589 912 1644 956 et
1671 901 1739 956 de

174 974 397 1043 septimo
429 972 705 1043 Gregorio,
755 981 810 1026 et
852 971 919 1025 de
955 971 1071 1043 ejus
1109 971 1396 1043 electione,
1440 979 1497 1043 et
1521 972 1735 1043 devita

173 1040 303 1110 ejus,
359 1053 414 1098 et
453 1042 720 1108 moribus;
766 1052 820 1096 et
863 1042 1089 1112 qualiter
1133 1040 1198 1095 ad
1245 1042 1412 1112 uitare
1444 1041 1665 1112 Domini
1705 1057 1737 1098 a

173 1114 357 1171 (lentio
386 1115 500 1170 viro
539 1112 743 1182 crudeli
781 1125 969 1181 captus
1015 1111 1104 1176 sit,
1152 1120 1297 1168 eteo
1325 1111 1412 1166 die
1438 1111 1530 1182 Dei
1567 1113 1736 1182 gratia

173 1184 453 1248 liberatus;
491 1191 547 1239 et
584 1181 652 1242 de
679 1181 890 1248 Werra,
937 1196 1094 1250 quam
1123 1182 1371 1238 sustinuit
1411 1182 1482 1236 ab
1509 1181 1738 1238 Henrico

173 1257 522 1324 imperatore;
562 1261 627 1324 _et
665 1252 734 1308 de
776 1251 1143 1312 controversia
1190 1266 1347 1324 quam
1394 1252 1577 1324 habuit
1614 1266 1736 1308 cum

173 1321 435 1391 Wiberto,
464 1335 518 1378 et
543 1321 612 1379 de
640 1324 892 1380 arumnis
919 1338 1052 1391 quas
1096 1323 1368 1384 sustinuit,
1417 1329 1467 1376 et
1497 1321 1566 1377 de
1589 1324 1737 1377 obsi-

171 1396 328 1450 dione
354 1393 587 1452 civitatis
607 1403 661 1448 et
681 1408 776 1448 sua
795 1409 810 1458 ;
837 1401 894 1448 et
915 1392 1145 1462 qualiter
1159 1407 1192 1447 a
1209 1392 1464 1447 Rotberto
1481 1392 1740 1448 Numan-

172 1480 358 1520 norum
384 1463 519 1520 duce
546 1464 618 1519 sit
640 1463 897 1520 liberatus
913 1470 1005 1533 tet
1028 1463 1255 1533 qualiter
1284 1465 1438 1517 beato
1461 1467 1565 1520 line
1584 1464 1734 1532 quie-

171 1535 258 1602 vit,
288 1533 574 1605 aptissime
601 1533 888 1605 declarata.
925 1531 1125 1588 Urbani
1153 1549 1281 1605 vero
1307 1534 1571 1605 pontificis
1596 1531 1735 1600 acta,

170 1605 304 1661 etde
332 1603 454 1676 ejus
480 1605 702 1676 victoria
731 1604 776 1660 si
795 1603 916 1672 quis
937 1605 1078 1676 scire
1103 1604 1352 1676 voluerit,
1377 1604 1516 1676 legat
1543 1604 1734 1660 librum

171 1691 322 1744 quem
352 1673 540 1744 scripsi
580 1675 634 1732 in
665 1674 896 1744 ligonem
928 1673 1345 1738 schismaticum,
1391 1683 1447 1730 et
1475 1675 1546 1730 ibi
1594 1678 1738 1730 inve-

171 1745 368 1802 nietad
412 1746 628 1816 plenum
671 1745 1104 1816 dilucidata‘qutc
1149 1745 1400 1816 voluerit.
1451 1745 1736 1814 [lucusque

169 1814 426 1885 incipiens
452 1830 483 1870 a
513 1816 574 1869 Β.
605 1815 762 1872 Petro
787 1814 1149 1884 apostolorum
1195 1815 1432 1883 principe
1473 1830 1640 1885 usque
1666 1816 1733 1870 ad

169 1896 348 1970 nostra
380 1895 645 1970 tempora.
663 1885 1046 1970 Romanorum
1058 1885 1387 1970 pontiﬁcum
1432 1896 1547 1970 acta
1565 1957 1576 1970 '
1585 1902 1737 1970 com-

171 1958 423 2024 pendiose
450 1955 792 2027 digessimus.
822 1955 1078 2027 Superest
1101 1971 1243 2027 nunc
1268 1964 1324 2010 ut
1347 1956 1413 2010 de
1444 1957 1736 2026 privilegiis

168 2027 227 2081 ad
247 2024 552 2083 Romanum
583 2024 1327 2098 pontificem'pertinentibns,
1359 2024 1506 2081 etde
1539 2024 1740 2098 prteru-

168 2101 336 2165 gativa
369 2098 536 2167 ipsius
571 2095 716 2154 sedis
759 2112 868 2154 non
916 2095 1156 2162 proluse,
1203 2097 1298 2152 sed
1347 2095 1616 2153 succincte
1647 2099 1738 2154 Dei

169 2171 451 2238 adjuvante
479 2169 646 2238 gratia
675 2169 1023 2238 disseramus.

235 2236 252 2290 ι
291 2236 502 2308 Incipit
518 2239 642 2294 liber
670 2239 903 2309 quinm...
924 2236 1318 2309 Superioribus,
1339 2238 1510 2294 tribus
1539 2237 1740 2294 libellis

171 2311 338 2378 qualis
365 2309 560 2365 debeat
587 2308 709 2379 eligi
737 2309 1040 2378 episcopus,
1072 2317 1127 2362 et
1154 2323 1180 2360 a
1213 2308 1426 2378 quibus,
1459 2317 1513 2363 et
1544 2309 1651 2375 ubi,
1686 2317 1740 2363 et

169 2380 376 2446 quando
404 2379 603 2435 debeat
619 2380 952 2443 consecrari,
980 2389 1032 2432 et
1057 2379 1288 2448 qualiter
1319 2388 1438 2447 post
1458 2393 1741 2434 consecra-

172 2452 362 2506 tionem
390 2448 650 2506 decenter
677 2450 867 2506 debeat
895 2453 1106 2516 vivere,
1139 2457 1299 2517 prout
1327 2451 1592 2518 potuimus
1619 2451 1742 2505 bre-

171 2525 296 2576 viter
343 2519 733 2576 enarravimus.
766 2521 897 2576 Dein
937 2520 1005 2576 de
1051 2520 1446 2588 metropolitani
1485 2520 1740 2589 dignitate

167 2603 216 2646 et
244 2607 342 2647 usu
375 2591 542 2660 pallii,
575 2599 631 2648 et
657 2591 772 2660 ejus
799 2591 978 2661 genio,
1011 2598 1065 2644 et
1090 2590 1156 2643 dc
1187 2591 1502 2661 excellentia
1531 2592 1738 2661 episco-

157 2662 287 2732 pali,
316 2659 387 2732 et
401 2662 469 2718 de
500 2659 749 2732 induciis,
778 2659 927 2716 etde
958 2659 1267 2732 respuenda
1289 2659 1623 2732 inimicorum
1653 2673 1739 2717 ac-

166 2731 437 2789 cusatione
465 2740 520 2786 et
546 2731 840 2796 infamium,
869 2731 1010 2788 etde
1032 2746 1216 2786 eorum
1249 2731 1455 2799 judicio
1483 2745 1739 2801 compen-

169 2803 310 2857 diose
340 2803 708 2860 tractavimus.
742 2801 869 2856 Post
895 2815 1024 2857 vero
1053 2801 1120 2856 de
1141 2803 1454 2856 excellentis
1488 2802 1741 2860 Romana

171 2873 448 2939 Ecclesiae,
471 2883 525 2932 et
555 2873 623 2928 dc
650 2874 996 2943 prerogativa
1027 2871 1248 2943 Romani
1278 2873 1564 2943 pontiﬁcis,
1595 2881 1650 2926 et
1673 2875 1740 2929 de

167 2944 636 3004 constitutionibus
652 2942 707 3002 et
729 2942 1205 2998 consuetudinibus
1226 2942 1459 3011 praefatae
1483 2943 1739 2998 Ecclesia:

169 3031 267 3069 non
297 3017 533 3084 profusa,
569 3014 664 3070 sed
691 3014 980 3077 succincte,
1007 3013 1094 3068 vix
1127 3014 1442 3078 paucissima
1472 3013 1538 3067 de
1559 3013 1741 3070 multis

168 3087 432 3153 carpendo
453 3084 792 3156 digessimus.
819 3085 1080 3156 Superest
1098 3098 1238 3138 nunc
1259 3086 1326 3156 de
1347 3084 1567 3156 secundi
1596 3085 1741 3140 ordi-

167 3156 245 3212 nis
265 3153 631 3216 sacerdotibus
659 3164 714 3210 et
741 3153 1074 3220 diaconibus,
1095 3153 1412 3223 easterisque
1440 3154 1734 3222 ordinibus,

168 3233 321 3294 prout
350 3226 494 3284 Deus
521 3227 872 3294 concesserit,
901 3239 1184 3294 enarrare,
1213 3233 1267 3279 et
1298 3225 1524 3294 primum
1551 3227 1619 3279 ab
1650 3241 1738 3281 or-

168 3296 438 3351 tlinatione
465 3297 755 3356 ordiamur.

245 3385 264 3418 s
307 3363 492 3435 incipit
529 3370 648 3424 liber
682 3377 870 3423 sextus.
919 3366 1298 3422 Monacborum
1347 3375 1577 3434 quatuor
1618 3382 1736 3423 esse

173 3451 394 3506 genera,
421 3438 478 3492 Β.
503 3439 782 3494 Benedicto
802 3438 1088 3502 referente,
1106 3438 1471 3505 cognovimus.
1503 3440 1735 3493 Primum

170 3506 594 3578 anncboritarum
623 3551 637 3577 ,
665 3509 754 3578 qui
798 3523 862 3564 ex
893 3507 1151 3563 cmnobiis
1189 3507 1428 3576 probati,
1456 3509 1601 3563 velut
1625 3510 1735 3574 jam

167 3577 394 3642 emeriti,
423 3579 560 3634 visus
584 3577 854 3636 hominum
885 3578 1169 3647 fugientes,
1194 3578 1503 3646 angelorum
1530 3580 1736 3634 vallan-

167 3657 253 3702 tur
282 3649 529 3716 przesidio
552 3691 568 3714 ,
600 3659 656 3706 et
692 3650 994 3706 relevantur
1033 3649 1268 3718 eloquio.
1309 3648 1616 3703 Secundum
1656 3656 1738 3704 est

166 3721 554 3775 cmnobitarum
579 3721 680 3775 sub
709 3719 890 3788 regula
919 3720 1128 3774 abbatis
1151 3719 1480 3788 degentium,
1509 3723 1595 3789 qui
1621 3720 1738 3774 imi-

168 3797 338 3848 tantes
363 3789 648 3850 Dominum
670 3799 910 3848 nostrum
931 3789 1110 3846 losum
1137 3789 1429 3856 Christum,
1454 3804 1558 3845 non
1586 3805 1737 3845 suam

166 3857 391 3924 faciunt,
422 3861 516 3918 sed
560 3862 781 3920 alterius
809 3863 1155 3916 voluntatem.
1187 3859 1425 3914 Tertium
1465 3872 1546 3915 cst
1575 3869 1738 3916 tctcr-

168 3931 359 3991 rimum
394 3946 565 4000 genus
589 3931 996 3997 sarabaitsrum,
1019 3933 1112 4000 qui
1140 3929 1431 3986 secundum
1467 3934 1738 4000 proprium

165 4001 373 4056 libitum
405 4002 664 4068 viventes,
692 4002 810 4056 sine
836 4003 1027 4058 abbate
1056 4003 1215 4063 terni,
1246 4001 1327 4055 vel
1355 4001 1462 4055 bini
1487 4003 1540 4056 in
1566 4003 1738 4058 cellu-

165 4072 226 4125 lis
255 4081 681 4140 commorantur,
711 4072 936 4130 artiﬁcio
961 4085 1150 4126 manus
1189 4073 1384 4126 victum
1415 4083 1736 4141 quaerentes.

165 4145 419 4208 Quartum
465 4154 549 4203 est
586 4157 995 4214 gyrovagorum,
1028 4159 1092 4197 eo
1135 4143 1277 4214 quod
1325 4157 1456 4214 gyro
1498 4145 1740 4213 vagando

167 4225 338 4270 certas
355 4229 488 4340 llnon
518 4212 751 4271 habeant
778 4213 1105 4270 mansiones.
1141 4228 1158 4264 ι
1197 4212 1338 4268 lt‘use
1365 4212 1490 4268 dein
1532 4212 1639 4284 agit
1673 4216 1742 4271 de

167 4299 352 4340 monac
395 4300 461 4340 is.

164 4299 461 4342 monscnts.

236 4351 482 4426 (Incipit
511 4354 638 4412 liber
671 4357 932 4426 septimus.
973 4354 1266 4426 Scripturis
1303 4353 1370 4410 de
1411 4355 1656 4424 regibus,
1688 4365 1744 4412 et

169 4423 229 4479 de
251 4424 549 4494 iudicibus.
572 4435 625 4482 et
653 4423 830 4496 dehis
852 4427 940 4496 qui
964 4426 1019 4481 in
1049 4423 1222 4480 laicali
1251 4426 1440 4481 ordine
1467 4435 1592 4480 sunt
1609 4439 1741 4481 cono

165 4493 336 4560 stituti
354 4530 371 4561 ,
410 4510 594 4567 operas
622 4493 851 4567 pretium
871 4493 1054 4552 'visum
1081 4505 1168 4551 est
1195 4496 1349 4550 nobis
1377 4497 1520 4567 unde
1549 4499 1744 4567 regalis

168 4575 422 4638 potestas,
456 4565 540 4621 vel
576 4565 753 4638 a'quo
779 4569 1006 4636 primum
1034 4568 1261 4636 sumpsit
1288 4565 1592 4632 exordium,
1615 4565 1746 4624 bre-

169 4634 303 4692 viter
329 4634 788 4704 dilucidarc,’eto.

238 4726 258 4759 ‹
292 4705 492 4775 Incipit
533 4708 658 4778 liber
697 4717 920 4764 octavus.
961 4708 1096 4774 Quia
1134 4722 1262 4761 vero
1299 4709 1562 4778 superiori
1611 4709 1745 4764 libro

167 4775 230 4830 tie
263 4778 506 4846 prmlatis
535 4777 590 4834 in
611 4779 781 4834 laieali
810 4780 996 4834 ordine
1020 4778 1232 4847 positis,
1265 4775 1424 4846 prout
1451 4781 1741 4846 potuimus,

165 4847 404 4918 breviter
451 4850 849 4914 cnarravimus;
903 4859 1148 4918 superest
1195 4863 1333 4903 nunc.
1393 4850 1444 4904 in
1504 4851 1743 4906 ulteriorl

166 4917 325 4988 libro,
352 4919 585 4988 qualiter
613 4920 812 4975 subditi
842 4917 1001 4974 vitam
1030 4919 1258 4974 debeant
1287 4920 1584 4985 instituere,
1618 4921 1742 4977 bre-

167 4987 300 5044 viter
332 4987 606 5061 indagare.
635 4991 718 5061 Et
759 4992 984 5059 primum
1024 4990 1195 5061 plebis
1231 4989 1486 5061 faciamus
1514 4990 1742 5046 divisio.

165 5073 307 5114 nem.
342 5059 483 5116 Nam
501 5076 567 5116 ex
594 5060 749 5130 plebe
777 5061 863 5114 alii
891 5069 1012 5114 sunt
1041 5059 1272 5116 rtiticss
1291 5099 1304 5124 ,
1329 5060 1417 5114 alii
1445 5074 1572 5115 vero
1599 5064 1739 5128 ngri¢

167 5131 295 5201 enim
313 5169 330 5196 ,
353 5143 462 5186 ste.
494 5150 512 5183 ι
543 5125 667 5201 agit
694 5139 877 5199 postea
906 5131 973 5201 de
997 5130 1220 5186 decimis
1239 5171 1253 5194 ,
1285 5132 1352 5186 de
1381 5125 1740 5200 sponsalibus,

167 5199 230 5254 de
249 5199 622 5270 mstrimonio,
659 5203 728 5256 de
753 5200 954 5270 jejunio
979 5211 1033 5255 et
1063 5201 1130 5255 de
1155 5201 1342 5257 diebus
1367 5199 1539 5256 festis.

239 5287 259 5318 ‹
301 5268 496 5341 Incipit
527 5272 649 5325 liber
677 5268 860 5324 nonus.
894 5271 1048 5325 Liber
1072 5272 1172 5324 iste
1196 5271 1526 5325 medicinalis
1547 5272 1745 5326 lnscria

166 5339 333 5404 bitur,
377 5339 444 5394 eo
471 5341 612 5410 quod
644 5345 1016 5410 mgrotantium
1057 5342 1297 5395 continet
1335 5343 1482 5396 varia
1513 5341 1747 5396 medica-

166 5421 349 5464 menta
373 5411 694 5468 animarum.
731 5414 794 5464 lit
815 5413 952 5466 sicut
987 5413 1274 5479 peritorum
1303 5412 1631 5466 medicorum
1663 5419 1748 5466 est

165 5480 230 5532 ad
256 5488 436 5534 tactus
466 5497 719 5537 venarum
750 5492 804 5537 et
830 5483 896 5536 ad
921 5492 1193 5548 aspectum
1221 5483 1388 5536 urina:
1413 5485 1627 5536 morbos
1656 5495 1749 5536 eoo

165 5553 826 5624 gnoscenaingulcrutn;
870 5551 1042 5624 [eccs]
1067 5553 1164 5624 sic
1207 5555 1524 5622 prudentum
1553 5561 1754 5624 estsa-

167 5620 450 5692 cerdotum
477 5620 813 5680 considerata
843 5620 1171 5690 plenitudine
1203 5620 1514 5690 pmnitentis
1533 5663 1548 5688 ,
1578 5621 1710 5692 quid
1731 5659 1749 5687 ,

168 5690 410 5812 quibus,
443 5702 501 5748 et
539 5700 795 5762 quantum
841 5693 1124 5774 conveniat
1164 5693 1400 5775 jtitliciali
1443 5690 1751 5778 magiSth-io

207 5771 462 5812 isnerttre
487 5781 499 5812 :
525 5774 582 5812 et
609 5773 667 5812 ut
694 5763 760 5812 ad
787 5762 885 5812 hoc
916 5764 1211 5812 faciendum
1236 5774 1339 5812 sint
1365 5764 1562 5812 idonei.
1595 5775 1751 5812 onor-

207 5762 462 5828 ispertire
487 5781 499 5816 :
525 5774 582 5818 et
609 5773 667 5817 ut
694 5763 760 5816 ad
787 5762 885 5818 hoc
916 5764 1211 5818 faciendum
1236 5764 1339 5818 sint
1365 5764 1562 5827 idonei,
1595 5775 1752 5830 opor-

170 5840 376 5904 teter
399 5846 633 5890 canones
671 5843 973 5888 sanctorum
1018 5835 1228 5887 Palmm
1260 5848 1365 5888 non
1397 5835 1662 5904 ignorare,
1695 5839 1755 5904 ut

169 5910 221 5956 et
247 5901 512 5982 judicium
557 5919 588 5959 a
621 5911 925 5960 sanctorum
965 5920 1242 5968 canonutn,
1263 5901 1483 5973 prodeat
1522 5903 1754 5959 auctori-

697 434 786 491 DE
823 435 1048 504 ANTIQ.
1089 434 1533 492 COILICTION.
1576 435 1662 490 ET
1702 433 2125 493 COMJZCTUR.
2166 438 2508 498 ΟΑΝΟΜῙΜ.
2551 442 2744 498 PARS.
2786 444 2872 500 IV.

1768 4667 1824 4734 1)

3312 449 3415 505 542

925 549 1027 628 bus
1061 548 1425 628 Patarea'jAl.
1455 546 1817 618 Pataren~a].A
1844 558 1951 628 tate
1976 591 1998 628 ,_
2036 561 2090 605 et
2137 555 2498 628 misericordia
2538 571 2748 628 semper
2786 573 3012 627 sequens
3052 559 3410 628 superexaltet

1836 620 2122 700 judicium,
2149 630 2253 678 etc.
2290 641 2312 700 ρ
2343 627 2461 700 Agit
2497 641 2625 700 vero
2655 620 2971 700 postdm'ulta
3001 629 3068 684 de
3106 620 3410 700 paenitenti-

1839 690 2470 814 pinguexcommuuicatis,
2510 705 2565 752 et
2589 690 2668 752 de'
2685 698 2843 751 variis
2870 690 3208 770 peccatorum
3247 715 3410 769 gene-

1967 775 2015 813 s.

1847 774 2015 813 "M8.

1915 848 1935 880 ι
1964 829 2158 908 incipit
2182 836 2307 908 illm
2338 836 2580 890 decimus.
2621 836 2892 908 Superiori
2929 839 3064 894 libro
3098 839 3299 893 dixisse
3330 855 3417 894 me

1845 903 2062 978 manilii
2106 905 2424 978 prudentum
2481 903 2759 978 subiacere
2813 909 3033 964 arbitrio
3077 910 3413 964 sacerdotum

1839 974 2132 1046 secundum
2174 975 2387 1030 modum
2427 974 2594 1046 cuipaé
2633 979 2964 1033 considerata
3008 979 3304 1034 humilitate
3347 995 3411 1033 ac

1841 1043 2172 1120 plenitudine
2191 1043 2536 1120 penitentum
2551 1049 2787 1120 rigorem
2806 1066 3065 1104 canonum
3094 1061 3411 1120 temperare.

1841 1113 1972 1186 Quia
1995 1128 2123 1186 vero
2143 1118 2430 1170 auctoritas
2458 1113 2716 1186 majorum
2745 1120 2794 1172 in
2826 1129 3005 1173 sancta
3030 1113 3248 1173 multum
3273 1121 3416 1173 valet

1839 1180 2100 1250 Ecclesia,
2133 1202 2308 1254 operte
2337 1180 2561 1254 pretium
2589 1189 2756 1242 visum
2783 1198 2864 1244 est
2889 1190 3047 1258 mihi,
3076 1191 3417 1245 auctoritates

1839 1263 1891 1305 et
1921 1258 2160 1332 esempla
2181 1266 2499 1332 sanctorum
2538 1258 2759 1332 Patrum
2789 1259 3041 1332 inserere.
3085 1259 3149 1314 Et
3186 1261 3418 1332 primum

1843 1335 1871 1399 a_
1922 1325 2132 1380 clericis
2180 1328 2512 1399 incipiamus.
2550 1347 2568 1378 ι
2604 1330 2856 1399 Sequitur
2897 1330 3076 1386 multis
3125 1325 3418 1386 canonibus

1839 1392 1907 1446 de
1934 1398 2262 1460 panniculis.

1909 1465 2103 1540 £_._F,tsi
2136 1469 2305 1524 nullus
2326 1470 2594 1525 ﬁbrarum
2625 1471 2802 1526 titulus
2833 1477 2949 1540 est,
2981 1484 3042 1524 ac
3080 1471 3418 1538 praefationes

1842 1534 1980 1614 tituli
2021 1537 2195 1614 locum
2234 1551 2449 1614 gerant,
2491 1543 2781 1614 canonihus
2813 1534 2985 1614 tamen
3017 1534 3105 1614 qui
3137 1540 3416 1614 proferun-

1840 1613 1955 1681 t_ur,
1988 1609 2072 1681 sui
2107 1609 2222 1681 fere
2248 1612 2383 1664 tituli
2414 1613 2614 1681 praefixi
2641 1621 2784 1668 sunt.
2818 1613 2962 1666 Hanc
2988 1609 3356 1666 colleCtioncm
3388 1627 3419 1664 a

1839 1674 1924 1751 Β.-
1954 1677 2143 1751 abbate
2185 1674 2428 1751 Alcannc'
2462 1683 2840 1751 Chrysostomo
2897 1681 3220 1738 Trombellio
3257 1723 3270 1746 ,
3328 1681 3418 1749 qui

1841 1745 2070 1824 ljrisiatti
2098 1749 2299 1806 codicis
2321 1745 2682 1824 apograplium
2705 1755 2952 1821 obtinuit,
2975 1753 3174 1808 editum
3201 1745 3265 1806 iri
3291 1745 3418 1808 con-

1842 1816 2075 1873 ﬁdimus.

2427 1893 2652 1949 CAPUT
2691 1894 2830 1949 XVI.

2035 1979 2112 2036 De
2141 1981 2314 2038 leonis
2333 1983 2658 2041 Carnotensis
2683 1986 2874 2058 duplici
2901 1987 3214 2044 collectione.

1913 2097 1964 2150 1.
1996 2094 2083 2150 iro
2112 2097 2164 2152 in
2196 2111 2322 2166 agro
2355 2099 2715 2154 Bellovaeensi
2746 2110 2901 2154 natus
2930 2102 3028 2154 sub
3060 2102 3290 2155 medium
3314 2117 3417 2154 sas-

1842 2167 2019 2220 culum
2053 2183 2134 2227 st.
2165 2176 2218 2222 et
2244 2183 2384 2223 anno
2412 2168 2550 2224 1078
2576 2172 2894 2227 constitutus
2919 2172 3083 2225 abbas
3111 2173 3418 2230 monasterii

1843 2237 2236 2312 ilellovacensis
2262 2239 2320 2295 S.
2343 2240 2579 2312 Qnintini
2603 2242 2801 2312 ordinis
2828 2241 3214 2295 CanoniCorum
3252 2244 3418 2312 liegu-

1843 2307 2056 2380 larinm,
2105 2310 2318 2363 tandem
2357 2311 2635 2380 cpiscopus
2681 2310 3026 2367 Carnutensis
3079 2314 3280 2366 electus
3329 2307 3418 2365 an.

1847 2378 1981 2434 1092
2015 2386 2070 2432 et
2108 2378 2452 2450 consecratus
2494 2378 2559 2433 ab
2599 2381 2811 2435 Urbano
2842 2381 2905 2447 ll,
2941 2390 3164 2436 mortem
3198 2383 3419 2450 oppetiit

1843 2462 1983 2502 anno
2023 2449 2161 2504 1115
2193 2451 2312 2516 vel,
2346 2461 2401 2504 ut
2439 2452 2525 2504 alii
2575 2454 2807 2517 malunt,
2848 2453 3002 2508 1117.
3052 2453 3140 2506 Vir
3181 2449 3278 2505 fuit
3312 2468 3419 2506 non

1842 2520 2014 2574 solum
2058 2520 2298 2594 doctrina
2347 2523 2614 2590 egregius,
2659 2523 2752 2577 sed
2797 2524 2956 2576 etiam
3006 2523 3140 2589 zelo,
3177 2522 3420 2594 prudenti

1841 2593 2160 2662 constantia,
2189 2591 2312 2650 fide,
2332 2605 2385 2646 et
2412 2595 2692 2648 sanctitate
2716 2594 3066 2662 conspicuus;
3097 2607 3156 2646 ac
3175 2591 3419 2661 propter-

1843 2675 1904 2714 ea
1956 2659 2086 2716 Pius
2116 2661 2157 2714 γ
2187 2664 2571 2719 constitutione
2610 2665 2732 2718 data
2784 2659 2923 2716 anno
2965 2663 3103 2718 1570
3142 2659 3418 2716 canonicis

1843 2732 2266 2800 congregationis
2294 2732 2667 2789 Lateranensis
2703 2736 2966 2790 concessit
3001 2743 3058 2788 ut
3094 2733 3180 2787 die
3205 2734 3274 2788 20
3299 2733 3420 2789 Maii

1841 2802 2019 2855 lvonis
2058 2801 2369 2857 memoriam
2400 2805 2753 2860 celebrarent.
2791 2805 2914 2858 Dute
2956 2819 3216 2858 canonum
3259 2804 3419 2857 colle-

1843 2872 2054 2926 etiones‘
2083 2873 2262 2927 ivonis
2298 2876 2512 2928 nomine
2528 2876 2808 2944 inscripta:
2844 2876 3154 2944 prodierunt
3186 2892 3198 2925 :
3233 2889 3333 2927 una
3366 2874 3419 2930 in

1843 2951 1965 2996 octo
1996 2953 2174 3012 partes
2203 2944 2448 2998 distincta
2473 2987 2486 3006 ,
2518 2941 3048 2999 Pannormia'lvonis
3088 2944 3416 3012 appellatur;

1841 3010 2008 3085 altera
2034 3010 2302 3085 Decretum
2323 3015 2521 3085 lvonis,
2549 3017 2690 3085 quod
2718 3019 2767 3067 in
2792 3026 2994 3083 septem
3017 3023 3070 3069 ct
3090 3010 3273 3085 decem
3300 3030 3418 3085 par-

1844 3093 1922 3137 tes
1939 3083 2289 3156 distribuitur.
2313 3082 2627 3138 Pannorntia
2649 3089 2784 3156 typis
2806 3082 3060 3154 impressa
3085 3085 3179 3138 fuit
3199 3083 3419 3156 Basilum

1842 3152 2156 3215 ann01499,
2176 3163 2395 3208 curante
2416 3152 2725 3209 Sebastiano
2745 3152 2960 3220 Brandl,
2980 3168 3204 3219 eamque
3226 3153 3418 3208 iterum

1843 3224 2059 3278 Lovanil
2103 3239 2241 3278 anno
2273 3224 2407 3278 1557
2449 3241 2475 3277 a
2516 3226 2721 3280 mendis
2758 3235 3053 3280 correctam
3100 3223 3352 3279 Melchior
3386 3239 3417 3278 a

1765 3294 1811 3356 Ο
1847 3295 2202 3348 Vosmcdiano
2265 3295 2619 3350 rccutlvudam
2678 3298 2908 3351 curavit.
2967 3293 3236 3349 Decretum
3287 3309 3418 3348 vero

1845 3368 2072 3436 primum
2110 3363 2306 3432 prodiit
2352 3366 2566 3436 Lovanii
2603 3382 2743 3420 anno
2781 3368 2910 3420 1561
2947 3380 3108 3436 opera
3152 3373 3206 3420 et
3242 3366 3418 3419 studio

1840 3435 2064 3488 Joannis
2093 3436 2321 3490 Μουτιςηὶ
2354 3435 2670 3502 Gaudensis,
2705 3447 2759 3492 et
2792 3435 3124 3506 postea’cum
3155 3436 3271 3489 aliis
3299 3436 3414 3489 ivo-

1839 3507 1922 3560 nis
1952 3506 2202 3572 operibus
2234 3505 2299 3560 ad
2332 3506 2487 3559 ﬁdem
2529 3505 2876 3574 antiquissimi
2929 3506 3127 3561 codicis
3160 3506 3414 3558 Victorini

1841 3579 2033 3631 iterum
2062 3577 2381 3645 impressum
2417 3577 2630 3630 Parisiis
2652 3592 2790 3630 anno
2822 3577 2977 3631 1647.
3015 3575 3235 3644 Utrique
3262 3577 3412 3642 operi

1839 3647 1892 3718 in
1920 3647 2146 3716 vulgatis
2169 3646 2384 3714 praeﬁxa
2405 3657 2486 3702 est
2514 3649 2697 3702 eadem
2728 3647 2944 3718 omnino
2967 3645 3224 3718 prarfatlo,
3257 3660 3416 3718 quam

1843 3715 2028 3789 ivonis
2045 3731 2164 3772 esse
2192 3719 2360 3789 stylus
2391 3719 2508 3772 aliis
2531 3718 2645 3787 ejus
2674 3717 2915 3788 epistolis
2948 3715 3168 3787 arqualis
3198 3715 3416 3772 omnino

1838 3788 2192 3843 demonstrat.

1911 3859 1966 3912 Ξ.
2012 3858 2300 3929 Utriusque
2339 3859 2515 3928 operis
2562 3858 2743 3913 titulos
2783 3858 3044 3927 imprimis
3097 3857 3414 3929 referamus.

1841 3931 1999 3985 Parte
2049 3927 2221 3998 prima
2260 3928 2476 3983 fusioris
2515 3930 2728 3998 operis,
2761 3930 2900 3999 quod
2943 3930 3206 3982 Decretum
3246 3927 3419 3982 Ivom's

1841 4000 2221 4070 vocari‘solet,
2263 4000 2438 4070 agitur
2481 3999 2548 4054 de
2590 4000 2852 4068 baptismo
2897 4009 2950 4053 et
2993 4000 3412 4070 conﬁrmatione.

1839 4067 2080 4142 secunda
2121 4069 2190 4125 de
2230 4067 2571 4142 sacramento
2612 4067 2850 4142 corporis
2897 4070 3114 4136 Christi,
3161 4068 3422 4142 sacrificio

1843 4141 2041 4206 missus,
2071 4147 2125 4195 et
2165 4141 2388 4209 reliquis
2434 4139 2817 4204 sacramentis,
2861 4155 2922 4194 ac
2969 4141 3214 4194 simonia.
3243 4139 3421 4197 Tertia

1842 4212 1911 4266 de
1945 4211 2185 4265 Ecclesia
2215 4220 2270 4266 et
2298 4210 2457 4264 rebus
2485 4211 2878 4271 ecclesiasticis,
2913 4220 2964 4265 ct
2991 4211 3298 4265 earumdem
3331 4225 3420 4265 re-

1841 4282 2083 4338 verentia
2112 4291 2166 4335 et
2195 4281 2588 4335 observatione.
2627 4280 2823 4346 Quarta
2863 4281 2931 4335 de
2967 4282 3147 4348 festis,
3180 4280 3422 4350 jejuniis,

1845 4352 2132 4422 Scripturis
2172 4352 2472 4422 canonicis,
2506 4353 3013 4422 consuetudinilms,
3061 4361 3115 4406 et
3148 4350 3421 4422 conciliis.

1844 4419 2037 4491 Quinta
2067 4423 2131 4477 de.
2161 4423 2389 4494 primatu
2418 4421 2673 4477 Ecclesiae
2711 4421 2966 4494 Rom-ante
2988 4461 3000 4483 ,
3038 4431 3091 4474 et
3131 4419 3424 4494 deprima-

1847 4489 1988 4558 tum,
2019 4489 2554 4560 metropolitanorum
2601 4501 2655 4543 et
2707 4493 3077 4560 episcoporum
3125 4489 3312 4545 ordine
3363 4505 3426 4548 ac

1843 4565 2070 4635 juribus.
2095 4563 2262 4635 sexta
2284 4562 2351 4616 de
2373 4562 2500 4635 vita,
2530 4562 2735 4635 ordine,
2763 4571 2816 4635 et
2835 4575 3060 4635 censura
3079 4563 3422 4635 clericorurn.

1847 4631 2101 4706 Septima
2131 4633 2196 4686 de
2226 4634 2521 4686 monachis.”
2550 4634 2752 4706 Atictava
2787 4633 2852 4688 de
2883 4633 3160 4706 coniugio,
3186 4643 3236 4706 β]
3271 4631 3427 4706 νίζεὲ-

1851 4702 2036 4771 nitate,
2070 4702 2138 4758 de
2165 4711 2340 4773 raptu,
2374 4703 2727 4758 concubinam
2780 4711 2832 4758 et
2860 4703 3142 4758 adulterio.
3185 4702 3344 4756 Nona'
3361 4703 3430 4758 de

1853 4779 2057 4832 incestu
2082 4784 2136 4828 et
2173 4773 2428 4843 gradibus
2456 4774 2755 4841 prohibitis.
2790 4773 3003 4828 Decima
3034 4774 3099 4828 de
3129 4773 3430 4830 homicidiis

1849 4844 2712 4918 voluntariiset__involuntariis.
2767 4845 3074 4918 undecima
3103 4845 3170 4918 de
3211 4846 3378 4918 magis
3410 4886 3428 4912 ,

1851 4918 2012 4988 sagis,
2045 4915 2410 4988 histrionibus.
2446 4914 2764 4988 Duodecimn
2809 4917 2874 4968 de
2919 4914 3218 4988 mendacio,
3253 4915 3431 4988 perju-

1849 4985 1957 5053 rio,
1992 4997 2095 5040 etc.
2128 4985 2343 5039 Decima
2374 4986 2527 5039 tertia
2557 4985 2622 5038 de
2653 4985 2813 5050 furto,
2841 4986 3040 5050 usuris,
3064 4987 3426 5050 venatoribus,

1846 5057 2076 5114 ebriosis
2097 5097 2110 5121 ,
2141 5055 2383 5118 furiosis,
2417 5064 2470 5110 et
2496 5054 2714 5109 ludatis.
2745 5056 2954 5109 Decima
2989 5059 3168 5121 quinta
3216 5055 3282 5108 de
3320 5069 3430 5122 pce-

1850 5129 2096 5183 nitentia.
2129 5126 2345 5180 Decima
2373 5132 2520 5180 sexta
2542 5125 2608 5178 de
2637 5127 2810 5179 officio
2833 5136 2884 5179 et
2909 5125 3123 5195 judiciis
3152 5125 3426 5177 laicorum.

1852 5199 2064 5253 Decima
2091 5197 2314 5265 septima
2346 5197 2466 5266 pars
2491 5204 2796 5250 sanctorum
2818 5196 3031 5250 Patrum
3061 5196 3092 5248 9
3117 5211 3189 5266 ac~
3207 5208 3431 5266 praeser-

1851 5271 1948 5324 tim
1989 5263 2231 5337 Gregorii
2261 5263 2434 5339 Magni
2471 5267 2765 5321 sententias
2795 5267 3035 5320 continet
3072 5266 3136 5319 de
3167 5263 3305 5326 fide,
3337 5277 3432 5331 spe

1850 5348 1907 5395 et
1933 5340 2212 5393 charitate.

1923 5412 1977 5464 5.
2005 5409 2081 5461 En
2112 5422 2276 5476 porro
2303 5407 2488 5462 titulos
2515 5405 2734 5461 alterius
2755 5404 3109 5476 collectionis,
3144 5416 3260 5471 qum
3292 5399 3433 5454 Pan-

1854 5479 2056 5534 normia
2094 5475 2269 5532 leonis
2303 5477 2645 5544 inscribitur,
2677 5475 2862 5545 quales
2901 5477 3013 5545 ipse
3052 5481 3234 5528 auctor
3272 5486 3433 5543 expo-

1854 5550 1982 5604 suit.

1930 5637 1952 5670 ε
1981 5621 2160 5674 Prima
2184 5631 2307 5689 pars
2338 5618 2493 5689 hujus
2519 5616 2636 5670 libri
2665 5612 2991 5689 contittet‘de
3017 5609 3140 5689 fide,
3168 5621 3223 5689 ct
3261 5611 3328 5666 de
3357 5611 3434 5666 di-

1853 5692 2025 5745 versis
2047 5683 2378 5755 hmrésibus,
2406 5683 2474 5742 de
2499 5693 2834 5740 sacramento
2854 5725 2866 5746 ,
2901 5683 2956 5738 id
2979 5692 3059 5740 est
3083 5684 3397 5756 baptismate
3415 5725 3432 5756 ,

1855 5769 1915 5817 ct
1941 5762 2240 5814 ministerio
2269 5759 2726 5827 baptizandorum,
2758 5764 2812 5808 et
2846 5757 3350 5827 consecrandorum,
3382 5757 3434 5812 et

1856 5825 2373 5902 consignandorum',
2407 5839 2460 5902 ct
2493 5826 2924 5902 consignatorum
2946 5834 3046 5902 ,_et
3082 5825 3148 5902 de
3186 5825 3435 5902 observa-

1857 5894 2384 5972 tione‘singulorum:
2411 5894 2606 5968 [που]
2634 5905 2686 5951 et
2705 5896 2830 5966 quid
2849 5895 3088 5954 conferat
3116 5897 3432 5970 baptismus,
