3978 6342
594 353 697 402 545

1509 349 1600 402 ΑΙ)
1637 347 1860 402 OPERA
1906 349 1962 406 S.
2003 348 2242 408 LEONIS
2278 346 2493 406 MAGNI
2531 343 2896 400 APPENDIX.
3696 351 3768 406 544

596 485 665 520 «ιιι
688 467 720 519 d
751 465 1102 519 confirmatio.
1139 464 1213 518 De
1241 469 1574 518 sacramento
1595 462 1833 530 corporis
1862 472 1915 514 et
1944 460 2244 527 sangui-‘A
2269 474 2420 530 suum
2451 459 2520 513 de
2548 473 2704 530 sacro
2732 462 2877 514 fonte
2906 459 3119 526 levavit,
3151 467 3241 513 aut
3273 459 3341 513 ad
3373 461 3771 521 conﬁrmationem

595 540 675 590 nis
721 531 955 598 Christii
998 535 1064 588 de
1105 535 1263 588 missa
1301 542 1356 586 et
1398 531 1679 586 sanctitate
1715 530 1941 586 aliorum
1983 544 2162 584 sacra-

596 618 916 662 mentorum.

672 694 690 728 ι
729 674 973 731 Secunda
993 688 1113 740 pars
1133 674 1368 727 continet
1387 672 1454 726 de
1482 670 1860 726 constitutione
1886 670 2158 735 Ecclesiaa,

596 757 649 802 et
675 745 1030 802 oblationibus
1060 743 1312 798 fidelium.
1349 742 1424 797 De
1451 742 1785 797 dedicatione
1805 748 1858 795 et
1876 754 2161 794 consecra-

599 818 742 872 tione
771 815 1114 872 ecclesiarum
1146 827 1199 867 et
1225 814 1491 867 altarium.
1527 813 1602 866 De
1628 812 1918 880 sepultura,
1952 820 2005 864 et
2035 826 2163 877 pre-

597 887 844 958 sbyteris,
877 895 931 940 et
970 884 1038 958 _de
1067 899 1256 958 eorum
1284 881 1544 958 ecclesiis.
1587 883 1660 958 Do
1699 880 1920 958 decimis
1954 889 2010 958 et
2035 880 2164 958 legi-

597 949 723 1010 tima
754 949 1114 1025 poSsessione,
1145 965 1197 1025 et
1226 953 1294 1007 de
1314 952 1740 1025 confugientibus
1764 951 1830 1025 ad
1858 949 2161 1025 ecclesiam.

599 1027 676 1081 De
699 1021 999 1093 sacrilegio.
1032 1025 1105 1078 De
1128 1024 1415 1079 liberorum
1446 1021 1623 1077 tutela.
1652 1022 1728 1076 De
1747 1021 2086 1093 alienatione,
2112 1029 2167 1093 et

598 1091 1015 1152 commutatione
1045 1109 1221 1148 rerum
1244 1094 1742 1149 ecclesiasticarum.
1771 1091 1843 1146 De
1875 1091 2164 1160 Scripturis

595 1176 649 1222 et
676 1167 996 1221 authenticis
1023 1165 1281 1218 conciliis.

674 1255 692 1288 ι
731 1237 907 1291 Tertia
938 1250 1060 1306 pars
1112 1237 1350 1289 continet
1390 1233 1456 1288 de
1492 1233 1751 1306 electione
1792 1240 1847 1306 et
1883 1245 2161 1306 consecra-

597 1308 740 1363 tione
770 1302 951 1377 papte,
972 1306 1509 1377 archiepiscopornm.
1542 1305 1613 1358 De
1639 1302 1931 1377 ordinibus,
1958 1302 2026 1377 de
2053 1303 2165 1377 cle-

596 1379 743 1444 ricis,
770 1371 1099 1432 'et'de'laicis
1155 1371 1466 1430 Ordinandis
1498 1384 1552 1427 et
1583 1389 1687 1428 non
1728 1371 2060 1444 ordinandis.
2094 1372 2167 1425 De

597 1441 889 1503 mutatione
918 1449 1308 1515 episcoporum.
1337 1444 1414 1500 De
1437 1443 1697 1498 ordinatis
1719 1457 1822 1497 non
1854 1441 2166 1515 reordinan-

596 1519 699 1575 dis.
735 1520 806 1572 De
833 1513 1159 1572 continentia
1187 1515 1573 1569 ordinatorum.
1599 1515 1675 1567 De
1701 1513 1995 1568 simoniace
2023 1513 2170 1566 ordi-

597 1590 738 1644 natis
759 1596 818 1644 et
845 1587 1258 1650 ordinatoribns,
1292 1586 1432 1656 quod
1461 1587 1678 1656 omnino
1705 1585 1812 1656 sint
1842 1582 2166 1656 deponendi,

599 1670 654 1714 et
680 1658 819 1728 quod
849 1657 1266 1728 misericorditer
1297 1653 1696 1728 reconciliandi.
1726 1655 1808 1728 ‘Dc
1834 1653 2169 1728 professione

600 1722 992 1786 haereticorum.
1018 1728 1091 1781 De
1116 1727 1276 1796 lapsis
1302 1727 1355 1780 in
1378 1727 1545 1779 sacris
1566 1722 1860 1796 ordinibus,
1894 1722 2034 1796 quod
2064 1737 2166 1796 non

603 1800 830 1855 debeant
860 1793 1185 1862 ministrare,
1225 1807 1278 1851 et
1304 1796 1445 1866 quod
1475 1794 1892 1866 misericorditer
1915 1793 1979 1846 ad
1997 1793 2170 1866 mini-

602 1870 879 1925 strandum
923 1869 1130 1937 possint
1173 1863 1448 1922 accedere.
1501 1866 1573 1919 De
1611 1865 1826 1937 clericis
1865 1863 2164 1937 homicidis,

601 1940 743 2010 quod
769 1956 874 1994 non
897 1935 1125 1994 debeant
1155 1937 1477 2010 ministrare.
1512 1937 1584 2010 De
1603 1935 1881 2010 nsurariis.
1906 1935 1979 1987 De
1999 1935 2170 2010 servis

601 2005 713 2082 per
742 2011 1090 2082 ignorantiam
1132 2007 1411 2082 ordinatis,
1453 2007 1542 2082 qui
1583 2006 1812 2082 debeant
1859 2019 2074 2082 manere
2116 2005 2171 2058 in

602 2075 956 2145 ordinatione,
985 2080 1073 2148 qui
1104 2094 1232 2133 non.
1258 2077 1335 2148 De
1363 2078 1570 2132 clericis
1591 2076 1839 2139 ebriosis,
1864 2075 2172 2128 scurrilato-

603 2152 773 2207 ribus.
811 2153 885 2206 De
914 2147 1209 2204 monachis.
1246 2147 1320 2202 De
1359 2157 1515 2202 aetate
1543 2162 1645 2215 qua
1686 2149 1893 2215 possint
1920 2155 2170 2213 parentes

601 2222 967 2277 contradicere
996 2220 1236 2289 religioni
1274 2218 1527 2284 ﬁliorum,
1567 2228 1620 2289 e_t
1657 2232 1768 2289 qua
1801 2230 1904 2289 non
1929 2217 2168 2289 possint.

604 2293 682 2348 De
704 2293 903 2361 Aviduis,
936 2302 988 2345 et
1024 2285 1315 2360 virginibus
1347 2289 1555 2361 velatis.
1587 2287 1660 2340 De
1689 2285 1992 2361 abbatissis.

679 2359 712 2414 ‹’
735 2354 931 2431 Quarta
957 2376 1078 2429 pars
1107 2354 1346 2431 continet
1365 2357 1681 2431 deprimatu
1705 2367 1758 2410 et
1787 2355 2043 2431 dignitate
2067 2354 2170 2408 Ro-

601 2425 779 2488 manae
810 2425 1083 2486 Ecclesiae.
1125 2430 1198 2483 De
1237 2428 1478 2483 conciliis
1519 2427 1896 2481 convocandis.
1948 2425 2022 2479 De
2053 2440 2174 2494 pro-

604 2503 777 2558 vincia
806 2501 1072 2571 quomodo
1109 2501 1176 2554 sit
1217 2497 1609 2571 constituenda.
1653 2498 1728 2551 De
1770 2506 2030 2571 potestate
2061 2497 2169 2564 pri-

604 2567 888 2628 matum'et
924 2570 1450 2638 n‘ietrOpolitnnorum
1482 2569 1874 2635 episcopatum.
1911 2567 1985 2620 De
2008 2581 2174 2638 nego-

604 2645 695 2698 tiis
738 2654 790 2695 et
829 2643 1005 2696 causis
1045 2642 1377 2702 clericorum,
1423 2638 1508 2691 ubi
1549 2638 1778 2694 debeant
1819 2638 2048 2691 tractari.
2099 2637 2176 2691 De

607 2713 851 2783 spoliatis
875 2711 1241 2767 revestiendis.
1270 2710 1344 2764 De
1370 2710 1728 2783 accusatione,
1757 2718 1810 2762 et
1840 2723 1943 2776 quo
1965 2707 2171 2783 ordine,

605 2777 659 2838 et
687 2784 937 2854 aquibus
975 2783 1233 2854 personis,
1263 2789 1316 2854 et
1343 2781 1602 2854 advorsus
1636 2794 1769 2854 quas
1800 2792 2056 2854 personas
2083 2777 2175 2830 de-

602 2848 865 2921 beat,'vel
901 2848 1004 2908 non
1047 2853 1236 2906 debeat
1264 2850 1397 2905 fieri.
1440 2849 1514 2904 De
1546 2848 1792 2913 testibus,
1823 2848 2020 2921 qui,e_t
2048 2863 2179 2918 quo-

606 2919 790 2990 modo,
824 2934 876 2979 et
903 2934 1053 2994 quot,
1083 2935 1137 2978 st
1162 2923 1212 2976 in
1235 2938 1344 2994 quo
1375 2921 1586 2991 negotio
1615 2920 1890 2994 testificari
1922 2919 2172 2974 debeant.

606 2995 683 3050 De
701 2991 985 3065 judicibtis,
1009 2996 1192 3064 quales
1213 2993 1441 3065 debeant
1469 3005 1609 3065 esse,
1638 3001 1690 3046 et
1718 2991 1930 3065 quando
1957 2998 2175 3044 senten-

606 3061 731 3120 tiam
757 3065 946 3135 judicii
986 3061 1218 3119 debeant
1249 3061 1504 3135 proferre.
1552 3063 1625 3116 De
1644 3062 2039 3135 __appellatione,
2073 3077 2177 3127 quo

607 3130 873 3203 tempore,
914 3145 968 3190 et
1011 3150 1113 3203 qua
1153 3130 1362 3188 ratione
1397 3133 1591 3186 debeat
1634 3132 1770 3198 ﬁeri,
1816 3145 1870 3186 et
1908 3130 1976 3185 de
2021 3145 2178 3200 pmna

604 3207 748 3261 male
769 3205 1167 3274 appellantium.

684 3294 703 3327 ι
739 3272 930 3343 Quinta
961 3289 1080 3344 pars
1108 3274 1343 3328 continet
1365 3273 1431 3326 de
1453 3272 1662 3327 clericis
1687 3272 1797 3344 sola
1828 3272 2041 3325 infamia
2062 3272 2178 3326 sine

610 3341 836 3403 testibus
863 3341 1145 3413 accusatis,
1187 3354 1347 3415 quota
1386 3359 1544 3398 manu
1587 3357 1647 3398 se
1675 3341 1904 3415 debeant
1931 3357 2177 3412 purgare.

606 3417 685 3472 De
713 3418 888 3472 causis
915 3428 966 3471 et
994 3413 1220 3486 negotiis
1251 3416 1526 3470 laicorum.
1556 3415 1632 3469 De
1659 3413 1939 3486 vocatione
1964 3428 2183 3469 excom-

606 3485 1163 3544 municaudurumiDe
1179 3486 1322 3541 licita
1338 3496 1391 3541 et
1409 3486 1588 3540 illicita
1605 3485 2179 3539 exeommnnicatione.

606 3559 683 3614 De
711 3558 1066 3613 abSolutione.
1100 3557 1176 3611 De
1207 3557 1312 3612 illis
1340 3557 1427 3624 qui
1458 3554 1938 3609 excommunicatis
1968 3556 2020 3607 in
2052 3556 2181 3607 lide-

606 3629 757 3683 litate
783 3638 873 3682 aut
900 3638 1233 3683 sacramento
1263 3625 1468 3680 astricti
1496 3634 1642 3688 sunt,
1672 3635 1897 3694 possunt
1924 3625 2040 3677 sine
2063 3641 2184 3693 per-

609 3700 750 3769 jurio
785 3698 990 3752 absolvi
1019 3698 1085 3751 ab
1124 3697 1214 3769 illo
1253 3694 1733 3769 sacramento._De
1761 3695 2028 3769 hmreticis
2067 3704 2186 3769 post

612 3764 837 3822 mortem
862 3766 1405 3822 excommunicandis.
1422 3764 1575 3830 Quod
1598 3766 1667 3819 sit
1687 3765 2184 3818 communicandum

611 3854 718 3892 non
749 3854 814 3892 ex
835 3841 1053 3891 nomine
1079 3835 1579 3891 excommunicatis.

689 3927 706 3957 ι
745 3907 903 3961 Sexta
929 3922 1053 3976 pars
1083 3907 1319 3960 continet
1345 3906 1411 3958 de
1441 3905 1660 3973 nuptiis,
1691 3919 1797 3976 quo
1820 3905 2025 3976 scilicet
2055 3915 2186 3959 tem-

613 3993 762 4048 pore,
783 3986 838 4048 et
861 3975 1000 4048 inter
1025 3991 1155 4044 quas
1177 3989 1456 4048 personas,
1480 3985 1534 4030 et
1559 3991 1658 4048 qua
1683 3975 1752 4030 de
1775 3991 1934 4048 causa
1957 3975 2187 4048 debeant

612 4044 747 4102 iieri.
779 4047 852 4101 De
874 4047 1039 4101 tribus
1061 4044 1493 4115 qum—perfectum
1513 4045 1743 4099 reddunt
1763 4045 2088 4114 conjugium.
2113 4047 2187 4101 De

613 4116 850 4187 perfecto
876 4127 930 4171 et
968 4116 1281 4184 imperfecto
1313 4115 1582 4184 conjugio.
1627 4115 1705 4187 De
1739 4117 2071 4170 concubinis.
2114 4118 2187 4171 De

615 4185 930 4256 conjugibus
976 4202 1202 4256 quorum
1246 4187 1381 4240 alter
1429 4188 1546 4240 sine
1593 4185 1762 4240 altero
1801 4188 2188 4241 continentiam

611 4258 776 4322 vovit,
812 4258 898 4312 vel
927 4257 1200 4328 religionis
1243 4256 1480 4311 habitum
1521 4257 1768 4328 sumpsit.
1817 4256 1894 4310 De
1933 4258 2188 4328 uxoribus

612 4345 751 4400 quae,
783 4329 911 4400 viris
938 4330 990 4384 in
1022 4327 1380 4397 Captivitatem
1407 4328 1602 4400 ductis,
1627 4327 1745 4400 aliis
1770 4327 2186 4400 nup_se_re.Quod

608 4397 684 4455 sit
712 4399 1012 4468 conjugium
1054 4401 1193 4453 inter
1221 4412 1478 4468 personas
1509 4397 1748 4468 ejusdem
1794 4397 2067 4466 religionis
2107 4397 2188 4452 vel

613 4470 766 4536 fidei;
793 4467 895 4523 non
920 4478 1092 4538 potest
1112 4479 1166 4524 et
1187 4469 1325 4523 inter
1346 4467 1588 4532 .Indaaos;
1612 4467 1752 4538 inter
1777 4482 2036 4536 personas
2058 4483 2187 4522 vero

612 4555 735 4663 ause
762 4555 866 4593 non
898 4537 1020 4593 sunt
1048 4539 1286 4607 ejusdem
1309 4538 1583 4607 religionis
1608 4537 1692 4591 vel
1717 4538 1858 4602 fidei,
1885 4551 1986 4592 non
2015 4549 2188 4605 potest

653 4611 728 4663 eri
777 4609 1095 4663 coniugium.
1137 4608 1339 4663 Ouibus
1384 4609 1450 4662 de
1488 4606 1662 4661 causis
1704 4622 1810 4662 non
1840 4608 2032 4662 debeat
2055 4609 2188 4661 solvi

653 4611 728 4663 eri
777 4606 1095 4678 conjuginm.
1137 4608 1358 4678 Quibus,
1384 4609 1450 4678 de
1488 4606 1662 4661 causis
1704 4622 1810 4662 non
1840 4608 2032 4662 debeat
2055 4609 2188 4661 solvi

616 4679 940 4747 conjugium.
987 4677 1294 4746 Cuiusmodi
1333 4677 1637 4744 conjunctio
1677 4692 1782 4732 non
1833 4678 1960 4732 facit
1999 4678 2189 4746 conju-

607 4747 893 4830 aginmnDe
925 4747 1259 4818 separatione
1286 4747 1518 4817 conjugii
1550 4760 1657 4801 non
1685 4748 1756 4802 ob
1781 4763 1995 4803 causam
2027 4747 2192 4802 forni-

616 4830 860 4874 catioms.

695 4909 713 4940 ‹
751 4887 984 4960 Septima
1011 4903 1132 4960 pars
1153 4888 1390 4960 continet
1413 4887 1479 4960 de
1501 4888 1840 4960 separatione
1865 4888 2097 4960 coniugii
2123 4890 2191 4944 ob

616 4957 833 5014 causam
865 4958 1234 5012 fornicationis
1262 4958 1510 5014 carnalis.
1552 4959 1626 5012 De
1657 4957 1771 5012 viro
1798 4959 1886 5027 qui
1915 4973 2035 5013 cum
2060 4960 2193 5013 alte-

614 5031 727 5083 rius
752 5043 918 5083 uxore
944 5028 1251 5091 fornicatur,
1288 5028 1428 5097 quod
1471 5040 1590 5097 post
1621 5037 1846 5085 mortem
1879 5029 2055 5083 mariti
2083 5044 2190 5083 non

612 5109 792 5168 potest
829 5113 946 5152 eam
974 5098 1173 5168 habere
1200 5113 1436 5168 uxorem.
1481 5099 1555 5153 De
1587 5098 2024 5154 interfectoribus
2063 5115 2188 5154 con-

611 5167 794 5240 iugum
826 5184 1062 5240 suarum.
1093 5167 1170 5240 De
1200 5167 1546 5240 fornicatione
1577 5170 1858 5239 spirituali,
1891 5171 2030 5238 quod
2065 5185 2192 5240 pro-

613 5251 733 5307 pter
765 5254 882 5295 eam
924 5239 1068 5294 licite
1103 5239 1400 5292 dimittatur
1440 5254 1594 5293 uxor.
1640 5240 1716 5294 De
1755 5239 2192 5296 reconciliatione

613 5311 918 5381 conjugum.
969 5309 1435 5381 Desacramentis
1477 5309 1619 5379 quod
1659 5310 1856 5363 debent
1884 5311 1981 5363 viri
2012 5310 2191 5366 facere

612 5379 948 5446 mulieribus,
984 5388 1038 5434 et
1075 5379 1326 5434 mulieres
1361 5379 1489 5433 viris
1529 5381 1662 5442 suis,
1695 5381 1906 5446 quando
1946 5383 2189 5434 reconci-

613 5451 829 5505 liantur.
873 5451 949 5505 De
991 5451 1319 5518 subjectione
1366 5463 1467 5518 qua
1514 5449 1714 5504 debent
1759 5464 1956 5504 uxores
2005 5451 2190 5516 subjici

613 5521 744 5574 viris
782 5521 911 5574 suis.
953 5520 1067 5585 Qua
1111 5519 1320 5574 ratione
1367 5533 1474 5573 non
1512 5519 1675 5574 debet
1723 5519 1841 5573 ﬁeri
1889 5519 2191 5588 conjugium

615 5589 754 5644 inter
781 5598 1048 5656 parentes.
1079 5589 1158 5644 De
1178 5604 1243 5643 eo
1273 5591 1414 5657 quod
1447 5605 1584 5643 unus
1612 5589 1693 5642 vir
1721 5603 1828 5643 non
1858 5598 2032 5657 potest
2063 5589 2193 5644 duas

617 5668 938 5728 commatres
968 5660 1166 5714 ducere
1191 5673 1350 5712 unam
1383 5672 1503 5728 pOSt
1531 5661 1711 5713 aliam.
1748 5659 1820 5714 De
1860 5674 1924 5713 eo
1953 5660 2040 5728 qui
2073 5673 2193 5712 cum

619 5726 781 5799 filiola
806 5739 1023 5793 sua,ant
1042 5744 1162 5783 eum
1185 5726 1477 5784 commatre
1497 5746 1614 5793 sua,
1637 5740 1724 5783 aut
1745 5730 1833 5799 qui
1853 5726 2017 5782 lilium
2041 5743 2192 5782 suum

611 5795 933 5866 baptizavit,
958 5811 1050 5854 aut
1068 5801 1186 5866 ejus
1212 5815 1347 5855 uxor
1376 5802 1542 5856 tilium
1565 5816 1744 5866 suum,
1762 5795 1869 5855 'aut
1895 5799 2193 5870 privignum

2267 529 2458 593 tenuit,
2480 537 2535 583 et
2565 529 2682 583 ideo
2709 530 2870 584 voluit
2899 530 3153 598 separari.
3180 530 3231 582 In
3253 545 3360 598 quo
3385 534 3659 587 ramuscnlo
3674 549 3770 590 con-

2265 599 2634 667 sanguinitatis
2664 609 2886 668 possunt
2924 598 3169 668 coniugia
3209 602 3344 654 fieri.
3386 600 3460 655 De
3493 605 3774 662 accusatione

2264 669 2768 738 consanguinitatis,
2796 682 2850 725 et
2879 686 2908 724 a
2934 670 3124 739 quibus
3146 671 3389 737 personis
3411 671 3560 727 debet
3585 673 3695 728 ﬁeri.
3716 675 3770 730 De

2265 739 2579 820 inquirenda
2612 741 2905 820 parentela,
2937 750 2992 795 et
3019 741 3089 820 de
3118 741 3420 820 incestuoso
3446 743 3681 814 conjugio.
3709 745 3773 799 Di-

2265 810 2433 880 scidia
2455 809 2521 863 de
2535 809 2788 877 gradibus
2803 811 3277 880 consanguinitatis
3299 820 3447 866 recto
3461 823 3512 867 et
3524 809 3772 870 transverso

2267 879 2456 934 ordine
2480 880 2776 948 dispositis.

2340 949 2554 1022 [cccxii]
2588 970 2607 1002 ‹
2643 952 2840 1006 Octava
2863 966 2986 1020 pars
3016 953 3255 1024 continet
3277 953 3346 1006 de
3373 952 3636 1008 homicidio
3652 968 3774 1024 spon.

2271 1030 2429 1074 taneo
2451 1031 2504 1094 at
2534 1037 2638 1076 non
2661 1032 2973 1094 spontaneo,
2998 1022 3216 1094 etquod
3239 1033 3418 1091 potest
3439 1025 3546 1077 ﬁeri
3571 1022 3774 1094 sine’pec-

2268 1099 2407 1162 cato.
2451 1090 2528 1146 De
2563 1107 2628 1145 eo
2668 1094 2756 1161 qui
2793 1093 3084 1161 quemlibet
3123 1090 3378 1148 clericum
3409 1095 3655 1161 occiderit,
3683 1090 3773 1162 quid

2270 1160 2462 1233 debeat
2489 1160 2795 1233 emendare.
2827 1162 2902 1217 De
2930 1178 2995 1216 eo
3022 1163 3110 1231 qui
3141 1160 3773 1233 percnsseritmuliercniin

2271 1241 2422 1284 utero
2442 1230 2744 1299 habentem,
2779 1243 2834 1286 et
2863 1230 3163 1298 abortierit,
3189 1245 3365 1288 utrum
3396 1235 3702 1288 homicidium
3723 1237 3775 1290 leo

2269 1301 2424 1382 cerit,
2448 1316 2637 1356 necne.
2664 1302 2738 1356 De
2765 1304 3229 1382 incantationibus,
3254 1313 3309 1357 et
3336 1304 3723 1382 divinationibus,
3740 1318 3776 1360 et

2270 1371 2484 1441 diverso
2510 1387 2706 1441 genere
2736 1376 2955 1440 magica:
2995 1378 3150 1429 artis.
3184 1375 3257 1429 De
3301 1385 3488 1428 natura
3517 1377 3775 1430 dtemonum.

2271 1439 2349 1521 De
2373 1439 2624 1496 sortibus.
2654 1442 2730 1496 De
2754 1444 3129 1521 observatione
3152 1445 3360 1521 dierum
3388 1455 3442 1499 et
3463 1447 3777 1521 mensium._Dc

2266 1514 2587 1585 juramento,
2633 1515 2772 1585 quod
2819 1514 3010 1567 debeat
3059 1515 3250 1582 teneri,
3286 1530 3475 1581 necne,
3505 1525 3554 1570 et
3579 1532 3688 1585 quos
3712 1516 3776 1570 lia-

2276 1581 2401 1654 beat
2433 1583 2674 1654 comites.
2709 1582 2785 1638 De
2814 1584 2958 1637 omni
2987 1601 3184 1654 genere
3216 1585 3531 1638 mendacii.»

2342 1652 2397 1704 4.
2444 1651 2682 1724 Priorem
2719 1651 3110 1720 collectionem,
3164 1671 3283 1724 quae
3323 1655 3580 1709 Decretum
3617 1655 3777 1716 dicitur,

2275 1721 2491 1802 lvonem
2525 1723 2724 1776 habere
2751 1734 3022 1802 auctorem
3046 1721 3212 1802 nemo
3241 1726 3467 1802 dubitat.
3498 1726 3567 1780 De
3601 1725 3776 1802 Pentror-

2273 1796 2376 1843 mia
2407 1808 2534 1846 vero
2565 1809 2754 1862 magna
2779 1797 2916 1848 inter
2939 1796 3158 1850 criticos
3186 1797 3410 1849 vertitur
3435 1796 3660 1862 quaastio.
3694 1797 3778 1846 Vin-

2275 1862 2484 1916 centius
2513 1863 2901 1935 Bellovacensis
2921 1865 3020 1935 _lib.
3060 1882 3163 1919 xxv
3195 1867 3412 1935 Speenl.
3448 1866 3626 1920 Histor.
3651 1881 3690 1920 c.
3715 1867 3777 1926 8i,

2280 1941 2400 2000 post
2422 1934 2662 1987 notitiam
2692 1934 2890 1988 Decreti
2910 1933 3102 1996 lvonis,
3125 1933 3266 2003 quod
3295 1939 3536 1992 volumen
3557 1953 3640 1989 non
3660 1950 3778 2003 parur

2276 2004 2598 2124 Ἡιαηιὲιιξιὶε,
2636 2021 2725 2058 nec
2766 2006 2915 2086 facile
2949 2009 3183 2073 portatile
3219 2007 3474 2088 alﬁrmat,
3516 2009 3615 2060 haec
3643 2007 3776 2088 additi:

2337 2089 2434 2124 uno
2465 2073 2854 2124 Latalaunensta
2880 2093 2942 2124 ex
2967 2078 3142 2124 eadem
3183 2078 3440 2124 rolumme
3478 2079 3716 2124 abbreomto
3737 2079 3776 2124 lt-

2337 2089 2434 2144 ugo
2465 2073 2854 2132 Catalaunensis
2880 2093 2942 2129 ex
2967 2078 3142 2130 eodem
3183 2078 3440 2131 rolumine
3478 2079 3716 2132 abbreviato
3737 2079 3780 2127 li-

2276 2143 2463 2198 bellum
2489 2145 2779 2218 perfatilem
2807 2149 2988 2218 legitur
3019 2152 3382 2218 composuisse,
3411 2152 3495 2217 qui
3519 2159 3559 2200 et
3583 2150 3670 2217 ipse
3683 2147 3780 2214 apud

2277 2224 2545 2286 meaett,et
2567 2215 2783 2271 Summa
2807 2215 3154 2272 Decretorum
3180 2217 3358 2272 lvonis
3384 2215 3664 2286 appellatur.
3687 2219 3780 2269 llinc

2281 2284 2632 2365 Sebastianus
2661 2287 2879 2365 Brandt,
2905 2289 2994 2356 qui
3027 2284 3614 2365 Panuoriniamedidit,
3637 2288 3780 2352 primus

2281 2359 2520 2427 omnium
2567 2359 2866 2426 suspicatus
2909 2367 2991 2412 est
3032 2360 3168 2412 hanc
3209 2374 3334 2414 esse
3358 2363 3543 2427 potius
3584 2359 3781 2410 Summam

2279 2425 2594 2497 decretorum
2615 2425 2792 2481 leonis
2813 2429 2881 2482 ab
2904 2428 3122 2497 Hugone
3143 2425 3517 2484 Catalaunensi
3541 2444 3598 2484 ex
3618 2427 3781 2482 Decreto

2285 2495 2460 2584 lvonis
2489 2495 3024 2584 excerptarn,’quani
3041 2501 3203 2581 ipsius
3234 2500 3414 2584 lvonis
3443 2516 3587 2569 opus.
3612 2499 3782 2577 Joannes

2282 2565 2558 2646 Molinzeus
2607 2565 2665 2621 in
2708 2565 2951 2646 cditio'ne‘
2988 2565 3493 2646 Decretieamdem
3531 2568 3778 2646 sententiain

2280 2641 2508 2705 atripuit
2535 2652 2596 2692 ac
2629 2641 3013 2709 propugnavit;
3049 2656 3113 2695 ac
3139 2641 3370 2696 subinde
3415 2643 3507 2695 hos
3531 2641 3675 2694 secuti
3697 2644 3784 2690 sunt

2283 2717 2620 2781 correctores
2653 2709 2896 2781 Romani,
2929 2720 2982 2764 et
3004 2710 3062 2762 P.
3093 2714 3361 2766 Antonius
3392 2709 3783 2781 Pagins.Aliivem

2282 2791 2412 2858 cuin
2435 2778 2952 2858 StephanoBalnzio
2979 2781 3375 2858 in_pr_:el‘atio_ne
3405 2777 3784 2858 ad'dialogOsAn-

2285 2851 2415 2917 tonii
2448 2851 2725 2917 AuguStini
2756 2851 2824 2905 de
2859 2851 3232 2908 emendatione
3278 2854 3515 2908 Gratiani
3551 2868 3639 2905 non
3664 2851 3784 2902 minus

2283 2916 2660 2974 Pannormiam
2713 2937 2870 2989 quam
2921 2922 3198 2976 Decretum
3257 2925 3398 2979 lvoni
3449 2923 3783 2990 adjudicarunt;

2283 3001 2609 3060 censentque
2625 3008 2745 3046 eum
2764 2994 2909 3058 prius
2933 2992 3238 3049 Iucubrasse
3263 2989 3784 3054 Pannormiam,deinda

2284 3073 2414 3112 vero
2440 3077 2559 3115 cum
2587 3077 2703 3116 eam
2732 3062 3027 3132 legentibus
3056 3066 3268 3131 probari
3303 3066 3537 3124 vidisset,
3565 3060 3785 3132 adauctio-

2285 3144 2401 3183 rem
2421 3131 2795 3188 collectionem
2812 3135 3232 3189 concinnandam
3253 3137 3488 3188 animum
3509 3131 3738 3202 appulisse,
3751 3134 3786 3179 et

2209 3209 2255 3272 ο
2287 3202 2498 3286 utrique
2525 3205 2672 3286 operi
2701 3205 2944 3286 eumdem
2973 3205 3249 3286 prologum
3285 3215 3514 3286 aptasse.

2359 3265 2424 3324 Ξ).’
2453 3265 2589 3340 Quid
2634 3275 2788 3329 nobis
2814 3275 2952 3327 inter
2973 3265 3086 3327 'lias
3111 3265 3411 3329 seintentias
3437 3265 3786 3343 probabiliusuvi‘

2285 3337 2493 3409 deatur,
2525 3346 2704 3410 paucis
2730 3344 3137 3410 explicabimus.
3160 3343 3381 3399 Certum
3406 3337 3486 3399 est
3514 3344 3660 3412 primo
3677 3337 3786 3412 colle.

2288 3407 2516 3468 etionetn
2527 3407 2766 3482 aliquam
2790 3407 3052 3468 canonum
3080 3414 3220 3469 lvoni
3245 3416 3441 3470 ascribi
3463 3407 3693 3481 oportere.
3710 3407 3786 3460 Non

2288 3483 2458 3554 aulum
2491 3484 2631 3537 enim
2663 3485 2713 3538 id
2734 3485 2964 3538 affirmat
2995 3486 3331 3554 Sigebertus,
3366 3488 3451 3554 qui
3478 3483 3612 3538 lvoni
3632 3490 3787 3554 costus

2285 3551 2405 3624 foit,
2437 3554 2677 3608 scribens
2707 3558 2755 3608 in
2784 3555 2920 3610 libro
2945 3555 3013 3610 de
3038 3547 3234 3624 Script.
3271 3547 3477 3613 Eccies.
3507 3570 3552 3609 c.
3594 3551 3703 3606 168:
3725 3547 3786 3600 lto

2288 3620 2612 3698 Cat-nolentis
2641 3628 2902 3698 cpiscOpus
2929 3620 3213 3698 composuit
3236 3628 3438 3698 insigne
3462 3626 3666 3698 volumen
3685 3633 3789 3698 ωηατ

2287 3708 2444 3767 num;
2466 3706 2518 3748 et
2536 3692 2781 3767 similiter
2801 3692 3114 3767 Anonymus
3131 3692 3452 3760 Melicen'sis,
3466 3692 3694 3767 qui_paulo
3711 3694 3790 3766 p0§l

2287 3762 2504 3818 lvonem
2529 3766 2682 3830 vixit,
2705 3766 2774 3820 de
2800 3762 2996 3834 Scripi.
3029 3766 3172 3821 Eccl.
3203 3781 3251 3822 c.
3292 3768 3362 3822 95
3390 3786 3404 3821 :
3434 3762 3518 3819 Ιυό
3543 3762 3789 3834 Caritatth

2288 3833 2552 3904 episc0pus
2579 3825 2749 3890 scribit
2774 3838 2904 3890 inter
2923 3825 3037 3890 'alt'a
3076 3838 3356 3904 nonnulla,
3399 3838 3632 3904 Excerpta
3657 3825 3790 3904 ᾴε-ία·

2289 3899 2544 3971 tionibus;
2574 3921 2758 3960 verum
2786 3908 2946 3961 etiam
2974 3907 3203 3976 ipseilvo
3236 3909 3288 3961 in
3321 3899 3479 3976 epist.
3508 3899 3601 3958 262
3619 3899 3672 3954 ad
3696 3899 3791 3976 ξων

2296 3976 2427 4048 tium
2461 3964 2707 4032 abbatem
2739 3964 3048 4031 monasterii
3079 3964 3450 4033 Cluniacensis
3477 3964 3792 4048 testatum-Col:

2289 4045 2526 4119 lectiones
2553 4063 2824 4111 canonum,
2851 4049 3115 4116 inquiens,
3148 4065 3277 4119 quas
3308 4067 3341 4102 a
3369 4066 3442 4102 me
3469 4043 3790 4119 ροειιιμξειὶελεζ

2290 4118 2539 4188 opuscula
2563 4134 2690 4181 mea,
2724 4107 2837 4188 qua:
2866 4107 2943 4170 his
2974 4107 3381 4182 addi'voluistis,
3411 4107 3645 4188 transmisi
3667 4107 3791 4188 tabis;

2291 4179 2481 4258 quibus
2507 4179 2685 4243 verbis
2720 4179 3090 4245 collectionem
3135 4205 3164 4242 a
3195 4204 3254 4244 se
3284 4179 3537 4258 dig'estam
3566 4179 3792 4258 signicff,‘

2292 4244 2526 4311 videtur.
2573 4258 2742 4313 Erunt
2768 4244 3126 4328 l‘ortassisrqui
3154 4274 3220 4314 ex
3253 4244 3372 4313 ὴοό
3386 4244 3664 4328 testimonio
3686 4244 3792 4327 colli-

2291 4337 2417 4395 gant
2434 4337 2714 4399 atramque
2730 4326 3119 4398 collectionem,
3136 4343 3332 4399 nempe
3347 4339 3456 4383 tum
3471 4326 3789 4399 Ρθηηοτφίέῗην

2293 4391 2404 4450 ium
2435 4391 2717 4452 Decretum
2749 4399 2897 4453 lvoni
2921 4391 3235 4468 adjudicari,
3267 4391 3465 4468 quippe
3489 4395 3568 4465 qui
3602 4391 3791 4468 collqcfioj

2291 4483 2378 4520 nes
2402 4468 2588 4532 plurali
2613 4484 2839 4524 numero
2859 4456 3092 4538 scripsit,
3117 4456 3600 4538 non'coltéc'tion'om.
3623 4456 3790 4538 Αεῖάειη

2293 4538 2382 4592 lvo
2405 4530 2464 4591 in
2496 4539 2653 4608 epist.
2688 4541 2756 4594 80
2780 4530 3119 4608 plurali'item
3145 4554 3370 4595 numero
3390 4540 3497 4592 ait:
3522 4534 3579 4588 In
3600 4530 3792 4608 collectioj

2295 4608 2442 4660 nibus
2488 4606 2793 4664 Burehardi
2821 4609 3208 4664 Wormatiensis
3246 4611 3489 4678 episcOpi,
3526 4616 3630 4660 cum
3665 4606 3790 4678 iam?"

2293 4679 2450 4748 unica
2479 4678 2548 4733 sit
2583 4663 2868 4735 Burehardi
2907 4663 3387 4748 collectio.7Ne'que
3413 4663 3534 4733 vero
3557 4663 3793 4748 prOfIdl'f

2294 4747 2485 4802 dendis
2534 4749 2739 4804 duabus
2784 4751 2959 4805 lvonis
3005 4739 3409 4805 collectionibus
3446 4739 3568 4801 satis
3608 4739 3791 4817 efﬁcaces

2293 4827 2418 4872 sunt
2457 4819 2742 4888 Sigeberti,
2769 4821 2988 4874 Roberti
3019 4821 3086 4876 de
3114 4820 3288 4874 Monte
3316 4830 3370 4874 et
3399 4819 3606 4872 aliorum
3623 4810 3792 4888 Selii“?

2237 4920 2252 4930 ι
2296 4904 2414 4942 rum
2444 4877 2642 4954 teftus,
2673 4877 2762 4959 qui
2793 4892 2948 4944 unius
2976 4892 3260 4945 voluminis
3290 4889 3643 4959 meminerunt:
3669 4877 3790 4959 U03!“

2296 4961 2438 5013 enim
2468 4945 2842 5016 collectionem
2888 4960 3201 5014 Pannormia
3221 4959 3547 5028 inscriptam.
3574 4951 3698 5019 cujus
3720 4945 3792 5028 ira:

2295 5031 2576 5098 quentiora
2622 5039 2748 5086 sunt
2783 5032 3130 5100 exemplaria,
3176 5024 3414 5085 fortassis
3444 5024 3790 5101 viderumv,A"_‘f'_I

2295 5095 2424 5154 vero
2454 5101 2708 5166 alteram,
2753 5116 2848 5156 seu
2883 5095 3168 5167 Decretum,
3205 5104 3357 5170 cujus
3385 5098 3584 5170 quidem
3619 5095 3791 5144 rariores

2293 5170 2508 5225 codices
2538 5171 2900 5226 inveniuntur.
3689 5225 3698 5235 ,

2367 5222 2930 5296 oL'Seéiinn'o‘éiii'nm
2957 5251 3038 5296 est
3062 5240 3430 5310 Pannormiam
3455 5251 3549 5310 non
3573 5243 3673 5310 csse

2295 5310 2565 5365 Summam
2587 5312 2902 5365 decretorum
2931 5311 3100 5365 lvonis
3120 5309 3446 5380 quamiﬂugo
3463 5304 3791 5380 Catalall'lfif'ﬁ'f

2294 5382 2663 5449 composuisse
2693 5382 2952 5436 traditur:
2989 5396 3097 5436 tum
3127 5367 3250 5450 quia
3272 5367 3575 5450 Pannormia
3601 5369 3658 5422 οι)
3677 5367 3791 5450 Pili“:

2296 5438 2498 5504 tionem
2529 5462 2689 5519 atque
2734 5438 3164 5506 distributionem
3201 5467 3230 5504 a
3273 5450 3488 5502 Decreto
3515 5438 3790 5519 di\’er§3"'_v:_’

2297 5519 2470 5593 forma
2497 5507 2802 5588 compendii
2829 5523 3063 5591 (jusilem
3097 5520 3471 5593 Decretiabest
3489 5507 3790 5593 quamdam:

2297 5592 2471 5652 sime;
2515 5574 2636 5645 tum.
2670 5574 2794 5661 quia
2833 5574 3070 5646 continet
3103 5574 3352 5645 nonnulla
3392 5574 3583 5661 quae}?

2297 5645 2495 5715 frnSIr'a
2527 5645 2804 5731 requires;
2841 5671 2951 5716 tum
2982 5645 3142 5715 etiam
3187 5663 3304 5729 quia
3340 5645 3516 5731 nullibi
3550 5653 3593 5704 in
3624 5645 3788 5731 ιςθιυξξξξ

2297 5731 2575 5786 codicibus
2592 5711 3217 5793 Ἰξιλῆίηῖιι⁷
3401 5717 3689 5793 Pannormio.

2300 5777 3232 5869 ἒᾶεᾶῖῆἇόηἷὶὸόὦεἲῖἐέὲῖὑῆὶῖἐ.
3260 5777 3614 5856 ῑῘίῖιο’8ιιιηηια
3638 5784 3692 5838 ab
3711 5777 3786 5832 llu-
