3978 6342
209 433 314 494 555

1656 431 2040 489 PREFATIO.

3380 435 3485 494 554

151 578 168 628 ε
207 552 546 628 -ζίοηιαημηι,
577 551 923 607 nihilominus
994 550 1294 628 appellavit,
1352 551 1496 628 quod
1544 565 1612 628 _ex
1664 551 1798 628 urbe
1825 559 2049 628 Acen),
2097 549 2179 628 vel
2227 549 2753 628 Caesaraugustanam
2797 548 3188 628 collectionem,
3227 548 3486 628 εμὰς-νει

161 623 165 664 ἓ
206 623 380 677 Roma
412 624 466 678 in
496 622 617 692 ejus
649 636 836 678 manus
875 623 1198 692 pervenerit.
1247 622 1496 676 Continet
1544 621 1658 676 haec
1684 623 1798 692 col-

206 693 374 748 lectio
415 691 600 748 titulos
649 694 712 760 9,
751 693 943 762 singuli
981 703 1155 747 autem
1210 692 1357 762 tituli
1392 691 1444 745 in
1476 692 1629 762 plura
1651 691 1796 759 capi-

205 765 318 819 tula
363 760 968 834 distinguunturt‘Gum
1016 762 1302 834 laudentur
1345 760 1557 834 [cccxx]
1581 762 1798 834 decreta

208 849 317 888 non
372 845 480 890 tam
530 832 774 904 Gregorii
797 832 886 888 Vll
915 842 970 888 et
1011 833 1206 904 Urbani
1234 832 1480 904 minoris,
1509 832 1668 902 quam
1697 832 1800 904 Ga-

208 905 326 959 lixti
356 913 412 960 et
444 903 736 960 Innocentii
783 904 859 970 ll,
892 905 1007 958 haec
1034 903 1281 958 collectio
1323 903 1524 960 saecqu
1556 917 1623 956 xtl
1667 903 1798 957 scri-

206 985 297 1043 pta
337 975 680 1046 perspicitur.
725 973 1001 1046 Ejusdem,
1026 974 1248 1046 rationis
1278 985 1361 1029 eat
1399 989 1462 1029 ac
1492 974 1800 1044 praeceden-

210 1044 522 1116 tes,7'atque
542 1061 609 1102 ex
638 1045 826 1101 iisdem
858 1045 1092 1099 fontibus
1122 1044 1331 1116 hausta.

281 1115 374 1170 11.
417 1113 593 1171 Unum
641 1117 695 1170 in
729 1116 832 1170 fine
872 1116 1032 1183 hujus
1054 1115 1245 1183 capitis
1290 1129 1394 1169 non
1444 1122 1528 1169 est
1547 1113 1799 1169 omitten-

206 1187 362 1241 dum.
421 1186 764 1241 Hildebertus
800 1185 1256 1250 Cenomanensis,
1309 1195 1490 1252 postea
1519 1184 1799 1239 Turonen-

204 1258 283 1311 sis
301 1258 613 1326 episcopus,
644 1258 696 1312 in
723 1257 950 1326 cpistola
967 1256 1034 1326 ad
1054 1255 1458 1310 Nemosiensem
1485 1256 1795 1326 episcOpum

205 1324 412 1396 scripta
443 1324 676 1382 exeunte
716 1324 857 1380 anno
892 1325 1028 1382 1118
1075 1326 1158 1381 vel
1209 1328 1424 1381 ineunte
1464 1324 1608 1381 anno
1639 1324 1795 1390 1119,

205 1398 277 1452 de
298 1396 625 1453 collectione
661 1411 928 1452 canonum
955 1397 1040 1450 cui
1085 1396 1246 1450 dabat
1269 1411 1486 1462 operam
1517 1398 1595 1450 sic
1627 1395 1795 1462 loqui-

209 1475 302 1540 tgr
325 1466 468 1540 (Lib.
498 1482 533 1521 ιι
553 1508 568 1532 ,
597 1483 680 1540 ep.
708 1467 776 1521 27
800 1468 926 1522 edit.
960 1465 1132 1520 Paris.
1170 1483 1256 1520 an.
1293 1465 1450 1532 1708,
1475 1484 1594 1536 pag.
1622 1466 1745 1540 124)
1779 1481 1794 1524 :

212 1537 560 1607 Exceptiones
588 1537 758 1592 autem
795 1539 1110 1591 decretorum
1137 1554 1264 1606 quas
1304 1541 1357 1590 in
1384 1553 1541 1590 unum
1561 1537 1798 1590 volumen

207 1609 456 1662 ordinare
475 1608 842 1676 disposuimus,
866 1611 934 1660 ad
962 1624 1110 1661 suum
1137 1610 1288 1674 [inem
1332 1609 1558 1660 nondum
1605 1608 1795 1673 perdu-

207 1689 306 1732 ctee
339 1686 485 1731 sunt.
513 1676 657 1748 Opus
683 1679 815 1733 enim
859 1680 953 1732 hoc
987 1679 1200 1730 liberum
1226 1678 1362 1748 curis
1385 1687 1559 1745 pectus
1590 1677 1796 1730 deside-

207 1759 310 1814 rat,
343 1751 495 1816 cuius
516 1747 609 1803 nas
648 1752 914 1819 episwpus
941 1748 1188 1802 immunes
1217 1747 1355 1816 fecit.
1387 1747 1590 1819 [lorum
1630 1756 1798 1819 tamen

206 1822 320 1894 jam
339 1820 656 1894 explebimus
677 1817 892 1894 partem,
915 1828 1065 1887 atque
1083 1821 1153 1894 ad
1171 1819 1223 1871 id
1266 1817 1613 1888 peragendum
1660 1817 1797 1894 quod

207 1887 414 1954 restat,
438 1887 731 1961 episcopum
759 1891 1086 1959 deponemus.
1110 1887 1401 1961 Peractum’
1418 1899 1608 1961 vestras
1635 1889 1794 1961 veniet

215 1961 270 2012 in
309 1975 519 2025 manus,
550 1959 641 2013 nec
664 1976 790 2028 opus
812 1961 906 2012 erit
931 1968 986 2012 ut
1018 1975 1112 2028 pro
1153 1975 1211 2012 eo
1232 1959 1504 2028 deferendo
1530 1969 1686 2012 vester
1725 1959 1795 2011 le-

214 2040 373 2111 gatus
401 2031 470 2082 ad
497 2046 589 2084 nos
618 2046 774 2099 usque
801 2030 1062 2112 fatigetur.
1115 2029 1277 2098 Ofﬁcii
1317 2031 1481 2082 nostri
1521 2031 1616 2111 erit
1663 2029 1804 2110 vobis

207 2100 349 2154 illud
371 2117 459 2170 per
480 2108 711 2154 nostrum
741 2101 1005 2154 destinari.
1046 2099 1189 2170 ,Num
1233 2100 1348 2156 haec
1397 2100 1679 2164 collectio,
1731 2108 1804 2153 uti

208 2139 613 2240 musaea:
627 2139 1189 2240 Ἑὲἱὲἶιέἕὶῗιὶὲτᾱιὶἕιῖ
1212 2139 1679 2237 ἑί“ἔ‹ιίῖι”’ἑιῖὲὲἐῖ,’
1695 2139 1800 2224 υἷιῖἐ

209 2239 404 2310 liquet.
436 2240 647 2312 Titulus
687 2239 1024 2312 Exceptio’nes
1062 2241 1407 2312 decretorum,
1425 2256 1541 2312 quo
1563 2255 1680 2295 eam
1707 2241 1804 2295 de-

211 2313 415 2380 signat,
441 2311 495 2366 in
513 2325 674 2366 causa
699 2311 819 2377 fuit,
843 2321 901 2366 ut
928 2312 1171 2366 nonnulli
1222 2311 1343 2366 huic
1373 2311 1684 2366 Hildeberto
1713 2313 1806 2365 tri-

212 2381 433 2437 buerint
461 2382 735 2436 Decretum
779 2383 973 2448 lvonis,
1024 2383 1109 2436 cui
1142 2384 1415 2451 premissa
1480 2391 1566 2438 est
1621 2380 1800 2436 lvonis

213 2451 467 2522 praefatio
492 2453 756 2522 incipiens
783 2469 813 2508 a
841 2467 975 2508 voce
996 2452 1358 2522 Exceptiones,
1395 2469 1554 2523 quam
1585 2453 1800 2523 quidem

210 2523 269 2578 in
301 2524 411 2578 fine
437 2524 780 2592 epistolarum
836 2523 1126 2579 Hildeberti
1181 2522 1424 2579 editores
1472 2522 1802 2578 Benedictini

212 2594 631 2665 impresserunt,
671 2595 745 2649 uti
785 2604 940 2650 antea
996 2596 1205 2665 vulgata
1252 2594 1426 2649 fuerat
1472 2595 1570 2649 hac
1617 2595 1804 2648 inscri-

215 2663 409 2734 ptione
439 2681 452 2716 :
487 2663 773 2719 Hildeberti
803 2663 1112 2736 Turonensis
1135 2666 1356 2736 episcopi
1377 2666 1431 2719 in
1463 2683 1581 2720 suas
1601 2667 1806 2736 regula-

211 2751 337 2788 rum
368 2736 828 2790 ecclesiasticarum
867 2735 1204 2805 Exceptioncs
1226 2737 1288 2790 de
1304 2735 1586 2805 multiplici
1607 2735 1805 2790 divino-

212 2822 337 2878 rum
355 2815 730 2878 prwceptorum
757 2823 960 2878 genere.
1007 2807 1111 2878 lpsi
1137 2822 1262 2861 vero
1292 2807 1528 2863 editores
1551 2823 1667 2862 eam
1699 2821 1808 2878 non

215 2875 570 2940 Hildeberto,
622 2877 713 2932 sed
753 2875 896 2932 lvoni
937 2877 1303 2932 vindicandam
1355 2879 1690 2945 existimant,
1732 2877 1807 2932 uti

214 2961 352 3019 sane
380 2949 523 3002 illam
552 2947 694 3002 lvoni
727 2958 972 3003 asserunt
1002 2964 1128 3003 mss.
1158 2950 1484 3017 exemplaria
1521 2950 1587 3003 de
1617 2949 1808 3019 quibus

213 3017 456 3074 diximus
481 3034 599 3086 esp.
654 3020 752 3082 16,
810 3020 899 3074 ubi
934 3020 1092 3073 etiam
1119 3029 1228 3073 tum
1261 3017 1659 3086 Pannormiam',
1697 3031 1807 3074 tum

215 3089 506 3144 Decretum
536 3090 708 3144 eidem
740 3090 884 3144 lvoni
925 3089 1364 3159 adjudicavimus.
1413 3092 1516 3146 Alii
1567 3105 1696 3146 vero
1722 3106 1813 3146 su-

216 3161 416 3227 apicati
473 3171 596 3214 sunt
640 3161 931 3216 Hildeberti
973 3163 1148 3231 potius
1182 3177 1299 3216 esse
1330 3163 1414 3216 vel
1447 3161 1813 3216 TarracOnen-

1899 621 2056 674 aliam
2109 621 2337 690 aliquam
2386 636 2452 676 ex
2510 620 2960 690 praecedentibus.
3015 636 3134 690 qum
3186 621 3286 677 sub
3337 621 3481 676 idem

1901 700 2110 761 tempus
2155 690 2394 760 digestae,
2453 703 2653 746 certum
2687 707 2789 746 non
2824 690 3017 745 habent
3039 700 3333 747 auctorem.
3368 691 3478 746 Nisi

1900 776 2027 816 vero
2063 761 2259 832 aliquid
2289 762 2486 816 certius
2533 771 2800 830 occurrat,
2832 761 2960 816 nihil
2996 761 3251 832 affirmari
3281 771 3478 832 potest.

1970 833 2057 887 15.
2108 831 2201 887 Ha:
2247 842 2372 886 sunt
2417 832 2761 888 collectiones
2811 846 2947 900 quas
2991 841 3116 887 ante
3164 830 3480 888 Gratianum

1901 901 2134 971 digestas
2177 901 2522 971 explicandas
2569 903 2894 957 censuimus.
2955 902 3046 957 llla
3075 917 3202 958 vero
3245 902 3484 959 Gratiani

1901 972 2032 1026 satis
2059 982 2183 1028 nota
2214 980 2269 1026 et
2307 988 2336 1025 a
2368 971 2546 1027 multis
2568 972 2850 1039 illustrata,
2881 973 3237 1040 explicatione
3267 989 3372 1027 non
3404 975 3481 1028 in-

1897 1043 2065 1112 diget,
2088 1058 2150 1098 ac
2177 1051 2455 1112 propterea
2505 1042 2556 1096 in
2587 1042 2992 1098 collectionibus
3034 1041 3289 1099 Gratiano
3333 1053 3485 1100 antc-

1899 1113 2156 1179 rioribus,
2186 1129 2250 1167 ex
2278 1112 2484 1183 quibus
2512 1113 2627 1182 ipse
2653 1113 2762 1168 fere
2806 1113 2984 1168 omnia
3029 1113 3308 1179 derivavit,
3342 1115 3489 1169 labo-

1899 1199 2014 1239 rem
2058 1182 2302 1239 nostrum
2341 1182 2720 1238 conclusimus.
2754 1183 2927 1239 Unum
2968 1197 3094 1238 vero
3123 1193 3382 1252 quantum
3413 1185 3481 1240 ad

1898 1256 2146 1310 eumdem
2186 1253 2525 1317 Gratianum,
2551 1254 2640 1321 qui
2669 1268 2775 1309 non
2805 1268 2868 1308 ex
2901 1252 3132 1324 antiquis
3160 1254 3486 1324 primigeniis

1899 1324 2138 1380 fontibus
2192 1325 2397 1395 integra
2438 1324 2758 1380 documenta
2813 1323 3226 1395 continentibus,
3277 1323 3369 1380 sed
3419 1340 3486 1380 ex

1899 1397 2261 1466 posteriorum
2306 1393 2604 1466 iemporum
2648 1393 3073 1466 collectionibus,
3126 1409 3246 1463 quae
3297 1395 3485 1450 eadem

1897 1464 2218 1547 documenta
2250 1465 2302 1520 in
2322 1475 2517 1547 partes
2543 1465 2799 1547 dissecta,
2829 1473 2884 1547 et
2926 1464 3152 1547 inhlocos
3177 1479 3487 1547 communes

1899 1537 2180 1592 distributa
2211 1534 2806 1606 continent,_p|eraque
2837 1534 3040 1606 hausit,
3083 1544 3342 1606 annotare
3381 1551 3488 1591 non

1900 1606 2085 1662 inutile
2115 1607 2294 1662 fuerit.
2326 1605 2458 1662 Cum
2488 1604 2740 1661 nimirum
2785 1605 2868 1660 ba:
2913 1604 3255 1660 collectiones
3282 1604 3334 1659 in
3366 1607 3490 1660 titu-

1899 1676 1980 1732 los
2029 1678 2330 1743 distinctas,
2376 1676 2445 1731 ob
2487 1677 2794 1732 methodum
2847 1674 3140 1731 faciliorem
3195 1675 3481 1744 plurimum

1899 1747 2154 1804 afferrent
2186 1747 2484 1804 commodi:
2511 1747 2593 1802 his
2631 1749 2826 1817 passim
2870 1746 3122 1816 receptis,
3155 1761 3358 1816 usuque
3386 1746 3492 1801 fre-

1898 1820 2167 1887 quentiori
2220 1818 2586 1887 multiplicatis
2636 1833 2820 1873 earum
2865 1817 3294 1885 exemplaribus,
3354 1817 3491 1871 anti-

1900 1905 2126 1958 quorum
2156 1897 2211 1944 et
2235 1890 2509 1959 puriorum
2542 1887 2767 1943 lonlium
2818 1903 2973 1959 amor
3013 1902 3075 1959 ac
3104 1887 3338 1942 studium
3366 1903 3492 1942 sen-

1901 1959 2003 2014 sim
2050 1958 2330 2016 obsolevit.
2393 1959 2590 2014 Harum
2639 1974 2768 2014 vero
2822 1958 3199 2013 collectionum
3245 1969 3494 2014 auctores

1909 2043 2012 2084 non
2046 2044 2260 2100 semper
2291 2030 2550 2096 accurati,
2582 2045 2681 2085 nec
2704 2043 2920 2096 semper
2942 2044 3014 2100 ex,
3051 2029 3243 2098 priscis
3266 2030 3376 2100 illis
3397 2045 3492 2084 co-

1907 2101 2118 2156 dicibus
2143 2099 2378 2156 canones
2424 2109 2478 2154 et
2522 2103 2736 2156 decreta
2795 2099 3200 2169 transcripsere.
3255 2099 3494 2156 Vidimus

1907 2171 2093 2241 (Supr.
2119 2187 2168 2225 c.
2198 2171 2306 2244 7,§
2329 2173 2378 2238 1,
2398 2189 2451 2226 n.
2478 2173 2530 2239 1,
2555 2179 2602 2225 et
2633 2170 2746 2244 $2,
2769 2189 2822 2224 n.
2845 2170 2902 2238 ὅ)
2930 2169 3186 2244 quosdam
3218 2186 3323 2244 non
3355 2187 3496 2244 sem-

1911 2239 2208 2312 per'textus
2249 2239 2486 2311 integros
2508 2239 2862 2312 excerpsisse,
2895 2239 2989 2312 sed
3018 2239 3252 2296 liberiori
3281 2242 3495 2298 licentia

1910 2311 2046 2366 alios
2087 2313 2446 2378 abbreviatos,
2495 2313 2629 2366 alios
2676 2311 2796 2367 aliis
2825 2311 3004 2367 verbis
3029 2326 3333 2378 expressos,
3361 2313 3496 2367 alios

1910 2383 2224 2450 diminutos,
2255 2383 2389 2438 alios
2418 2383 2768 2453 interpolatos
2807 2382 3038 2453 dedisse.
3073 2381 3233 2436 Multa
3272 2398 3336 2450 ex
3368 2398 3494 2452 sup-

1911 2455 2160 2524 posititiis
2189 2454 2386 2524 passim
2433 2452 2653 2520 inserta,
2711 2463 2767 2509 et
2808 2452 3052 2523 quaedam
3090 2453 3249 2524 etiam
3281 2462 3495 2509 caetero-

1909 2523 2036 2594 qnin
2068 2523 2275 2581 sincera
2302 2525 2490 2579 alienis
2524 2524 2834 2579 auctoribus
2863 2524 3118 2594 attributa
3169 2523 3368 2592 pluries
3397 2539 3494 2578 no-

1912 2593 2157 2650 lavimus.
2220 2595 2459 2649 Vidimus
2507 2595 2609 2665 (ϐ.
2664 2595 2754 2658 12,
2788 2612 2842 2648 n.
2877 2593 3159 2665 5)7etiam
3208 2594 3496 2649 nonnullos

1911 2666 2175 2736 ejusmodi
2217 2664 2536 2722 collectores
2578 2681 2645 2721 ex
2669 2665 2867 2721 vitiatis
2891 2664 3045 2733 hujus
3089 2666 3303 2734 generis
3328 2666 3495 2721 colle-

1913 2737 2178 2792 ctionibus
2223 2737 2334 2793 fere
2366 2737 2680 2807 profecisse,
2707 2746 2763 2791 et
2787 2751 2896 2806 pro
2928 2735 3276 2791 emendandis
3297 2751 3492 2807 earum

1912 2807 2184 2863 erroribus
2233 2806 2400 2863 novos
2457 2810 2509 2862 in
2550 2807 2896 2877 excerpendo
2942 2821 3155 2862 errores
3206 2806 3493 2862 addidisse.

1913 2879 2048 2934 Hinc
2078 2889 2254 2934 autem
2283 2879 2508 2935 detectis
2558 2879 2792 2933 fontibus
2847 2894 2877 2932 e
2919 2877 3110 2946 quibus
3159 2878 3270 2932 fere
3313 2878 3493 2931 omnia

1914 2951 2105 3004 menda
2135 2951 2378 3006 Gratiani
2410 2948 2646 3020 profecta
2674 2959 2818 3015 sunt,
2866 2959 3356 3019 quantummoster
3408 2946 3495 3004 hic

1915 3020 2085 3084 labor,
2111 3037 2218 3091 quo
2251 3021 2324 3076 de
2349 3022 2538 3076 iisdem
2571 3022 2804 3076 fontibus
2831 3035 2925 3077 seu
2955 3021 3361 3075 collectionibus
3387 3021 3496 3074 dis-

1917 3092 2216 3159 seruimus,
2252 3093 2394 3148 utilis
2422 3107 2542 3148 esse
2565 3102 2725 3162 queat
2765 3092 2830 3146 iis
2849 3093 2940 3162 qui
2968 3091 3021 3146 in
3051 3091 3287 3146 Gratiani
3315 3091 3495 3146 studio

1920 3174 2227 3232 versantur,
2260 3165 2484 3234 quisque
2506 3161 2660 3218 facile
2681 3161 2962 3233 intelliget.

239 3280 3485 3336 “mm

1349 3414 2358 3548 PRAZFATIO.

291 3763 345 3834 5
375 3761 428 3817 1.
469 3758 583 3817 Etsi
606 3760 796 3820 Petrus
823 3762 1086 3832 Crabbus,
1118 3763 1351 3821 Iacobus
1381 3763 1670 3831 Pamelius,
1704 3765 1905 3820 Alanus
1925 3765 2137 3836 Copus,
2159 3772 2214 3822 et
2239 3765 2330 3824 alii
2357 3765 2812 3836 praestantissima;
2840 3767 2998 3840 hujus
3023 3769 3359 3831 collectionis
3385 3790 3497 3832 ma-

214 3857 510 3926 nuscriptis
555 3859 947 3930 exemplaribus
993 3861 1074 3916 usi
1105 3861 1239 3927 sint,
1273 3877 1432 3916 nemo
1462 3871 1638 3916 tamen
1661 3869 1786 3915 ante
1813 3861 2030 3917 Petrum
2063 3861 2328 3919 Pitbmum
2357 3877 2476 3918 eam
2505 3880 2536 3919 a
2564 3863 2886 3936 Dionysiana
2907 3867 3211 3927 distinctam
3241 3873 3494 3944 prodidit.

215 3949 392 4004 Immo
419 3949 651 4004 Jacobus
681 3951 965 4021 Pamelius,
995 3966 1057 4007 ac
1085 3965 1150 4006 ex
1184 3953 1301 4021 ipso
1331 3953 1535 4007 Alanus
1569 3952 1748 4022 Copus
1779 3951 1922 4007 illam
1949 3953 2322 4022 adjudicarunt
2349 3954 2603 4026 Dionysio
2630 3957 2854 4029 Exiguo,
2889 3971 3169 4030 propterea
3208 3965 3352 4035 quod
3384 3965 3485 4020 hu-

214 4040 300 4111 jus
321 4040 551 4109 epistola
577 4039 644 4094 ad
669 4039 936 4095 lulianum
969 4041 1342 4113 presbyterum
1366 4042 1417 4097 in
1444 4044 1594 4100 calce
1620 4042 1821 4098 codicis
1843 4043 2234 4114 Atrebatensis,
2258 4046 2348 4116 qui
2376 4045 2514 4102 hanc
2535 4047 2912 4106 collectionem
2939 4053 3200 4122 continet,
3223 4055 3492 4128 descripta

215 4133 454 4204 legatur.
485 4133 555 4188 At
582 4133 768 4190 Petrus
799 4135 1038 4192 Pithoeus
1065 4137 1116 4190 in
1140 4135 1363 4208 Synopsi
1389 4136 1633 4191 historica
1659 4137 1883 4190 virorum
1901 4136 2181 4204 clarorum,
2210 4139 2299 4207 qui
2326 4149 2512 4210 praster-
2541 4139 2847 4196 Gratianum
2873 4159 3092 4202 canones
3116 4155 3164 4201 et
3185 4147 3386 4204 decreta
3413 4167 3496 4206 ec-

213 4230 506 4284 clesiastica
532 4229 861 4300 collegerunt,
891 4232 1163 4300 praemissa
1194 4231 1416 4288 editioni
1446 4232 1699 4302 Corporis
1727 4231 1872 4288 luris
1899 4233 2145 4290 canonici
2176 4235 2361 4290 Paris.
2381 4251 2472 4292 an.
2500 4237 2640 4294 1687
2662 4247 2716 4294 et
2736 4239 2882 4310 Lips.
2912 4255 3002 4301 an.
3035 4241 3194 4310 1705,
3227 4251 3338 4299 tres
3362 4244 3500 4314 ejus

213 4322 338 4377 dem
369 4322 706 4377 collectionis
729 4338 860 4378 mss.
896 4323 1061 4378 libros
1088 4333 1298 4387 nactus,
1327 4323 1495 4392 ipsam
1523 4337 1554 4377 a
1578 4322 1902 4394 Dionysiana
1933 4325 2100 4394 probe
2125 4325 2486 4398 distinguens,
2517 4329 2721 4385 incerto
2750 4331 2960 4387 auctori
2989 4333 3295 4390 vindicavit.
3318 4333 3498 4390 Incer—

215 4423 319 4481 tus,
367 4415 538 4484 inquit
559 4414 837 4488 (auctor),
861 4417 1007 4483 cuius
1036 4417 1345 4472 collectionis
1371 4416 1684 4488 exemplaria
1707 4419 1806 4472 duo
1829 4427 1947 4473 sunt
1968 4419 2022 4472 in
2043 4419 2348 4474 bibliotheca
2377 4419 2623 4478 Ecclesia:
2648 4422 3040 4480 Bellovacenst's.
3077 4427 3299 4482 Tertium
3329 4430 3500 4485 habuit

221 4507 538 4564 Franciscus
564 4508 795 4580 Pithteus
826 4510 1041 4565 Parisiis
1069 4511 1163 4566 hoc
1189 4513 1379 4567 titulo:
1406 4512 1660 4568 Continet
1689 4510 1861 4567 codex
1886 4512 1990 4567 iste
2017 4527 2251 4570 canones
2280 4514 2676 4572 ecclesiasticos
2701 4524 2757 4573 et
2778 4519 3066 4574 constituta
3105 4521 3249 4576 sedis
3287 4532 3502 4592 aposto-

215 4603 360 4659 lica.
396 4602 587 4672 Incipit
615 4613 788 4657 autem
814 4620 845 4656 a
870 4605 1147 4659 canonibus
1191 4604 1394 4658 Nicani
1421 4605 1643 4668 concilii,
1678 4603 1863 4674 quibus
1889 4605 2124 4659 admixta
2149 4613 2268 4658 sunt
2299 4605 2535 4674 quasdam
2566 4606 2889 4664 Sardicensis
2918 4610 3104 4680 synodi
3127 4612 3357 4681 capitula
3385 4630 3503 4670 cum

217 4694 528 4764 praefatione
553 4703 597 4748 et
624 4695 935 4763 expositione
959 4696 1099 4764 fidei.
1133 4695 1430 4768 Sequuntur
1458 4713 1676 4752 canones
1703 4698 2121 4771 Carthaginensis
2147 4698 2355 4768 synodi,
2385 4699 2761 4770 Anquiritanw,
2789 4702 3141 4773 Caesariensis,
3169 4706 3503 4779 Gangrensis,

215 4799 264 4843 et
295 4788 524 4841 aliarum
543 4787 790 4857 plurium,
822 4789 1024 4844 insertis
1063 4791 1364 4860 pontiﬁcum
1399 4790 1745 4845 Romanorum
1773 4791 2002 4859 epistolis
2030 4808 2063 4844 a
2093 4790 2399 4859 temporibus
2431 4789 2722 4848 Innocentii
2749 4796 2816 4848 ad
2846 4795 2908 4851 S.
2942 4795 3187 4866 Leonem,
3219 4803 3366 4872 cujus
3389 4801 3504 4870 epi-

216 4877 356 4932 stola
376 4877 448 4932 98
474 4878 540 4930 ad
562 4875 759 4931 Dorum
782 4875 1192 4933 Beneventanum
1221 4880 1517 4952 episcopum
1539 4897 1651 4934 eam
1675 4879 2027 4936 collectionem
2052 4882 2248 4936 claudit
2276 4897 2295 4936 :
2315 4898 2429 4951 qua!
2450 4899 2553 4937 non
2576 4883 2757 4939 iisdem
2779 4889 2986 4942 omnino
3011 4890 3506 4960 interpretationibus

217 4967 524 5023 Grteeorum
551 4985 822 5034 canonum,
849 4971 1028 5057 quibus
1057 4971 1150 5025 illa
1185 4974 1417 5043 superior
1447 4973 1686 5044 (scilicet
1725 4973 2076 5044 Dionysiana,
2109 4990 2266 5045 quam
2297 4975 2603 5032 immediate
2643 4988 2768 5035 ante
2797 4979 3188 5055 descripserat)
3217 5001 3331 5055 qua!
3353 5001 3508 5040 cano-

217 5075 348 5113 num
379 5059 580 5130 Corpus
609 5062 770 5128 dicta,
801 5063 890 5116 sed
927 5063 1087 5135 magis
1117 5063 1356 5135 Dionysii
1385 5064 1596 5136 Exigui,
1623 5082 1712 5120 nec
1743 5075 1911 5124 tamen
1938 5084 2137 5140 semper
2162 5086 2255 5124 usa
2285 5080 2376 5126 est.
2421 5070 2689 5127 Hactenus
2724 5073 2835 5131 ille.
2870 5075 2983 5134 Hoc
3011 5086 3190 5135 autem
3224 5079 3387 5135 breve
3415 5093 3508 5134 eo-

217 5171 341 5212 rum
373 5157 627 5214 indicium
654 5175 773 5230 qua:
802 5160 854 5214 in
884 5160 1112 5216 laudatis
1149 5161 1426 5219 codicibus
1475 5165 1818 5221 continentur
1838 5207 1856 5234 ,
1899 5182 1964 5222 ac
2005 5168 2301 5236 praesertim
2352 5183 2606 5226 numerus
2636 5169 2989 5241 capitulorum
3019 5171 3125 5239 98,
3163 5187 3388 5242 quorum
3418 5171 3502 5227 ul-

219 5252 389 5306 timus
422 5251 622 5308 desinit
645 5253 696 5308 in
718 5253 940 5322 epistola
968 5256 1033 5307 ad
1059 5255 1258 5309 Dorum
1294 5257 1603 5326 episcopum
1637 5258 1950 5327 Beneventi,
1991 5268 2225 5316 nostram
2264 5263 2634 5320 collectionem
2665 5273 2849 5335 aperte
2877 5266 3154 5321 exhibent.
3185 5264 3318 5321 Cum
3345 5280 3508 5336 porro

219 5343 414 5400 tertius
445 5359 512 5400 ex
543 5345 729 5400 iisdem
757 5344 1030 5401 codicibus
1061 5345 1222 5402 fuerit
1253 5347 1521 5404 Francisci
1566 5350 1783 5417 Pithmi,
1832 5352 1922 5421 qui
1965 5363 2147 5423 postea
2189 5354 2242 5409 in
2285 5353 2556 5413 Trecense
2598 5356 2878 5427 collegium
2921 5355 3210 5426 traductus,
3255 5357 3508 5429 Trecopi-

220 5438 478 5494 thtnanus
499 5437 678 5494 vocari
705 5439 888 5509 coepit,
915 5439 1048 5494 nihil
1076 5438 1295 5495 dubium
1319 5449 1402 5496 est
1422 5443 1551 5512 quin
1581 5443 1721 5499 idem
1746 5444 1919 5502 codex
1947 5446 2014 5501 ad
2043 5446 2180 5503 hanc
2203 5455 2444 5505 nostram
2467 5450 2835 5508 collectionem
2862 5451 3146 5522 pertineat,
3172 5467 3234 5508 ac
3264 5463 3508 5524 propter.

218 5549 284 5590 ea
314 5534 567 5589 diversus
596 5534 712 5589 sita
733 5533 919 5590 codice
948 5533 1281 5601 Corbeiensi,
1305 5537 1393 5605 qui
1424 5536 1584 5592 aliam
1612 5538 1881 5594 celebrem
1912 5539 2284 5598 collectionem
2315 5545 2555 5600 continet
2574 5557 2605 5598 a
2627 5543 2780 5599 nobis
2808 5543 3129 5614 descriptam
3151 5544 3203 5600 in
3226 5547 3508 5616 praemisso

219 5627 480 5682 Tractalu
507 5633 644 5696 part.
674 5641 709 5681 ll
735 5640 788 5681 c.
811 5627 864 5682 5.
894 5625 950 5682 ld
975 5625 1074 5682 hoc
1103 5627 1223 5682 loco
1248 5629 1572 5684 monendum
1603 5629 1721 5700 fuit,
1751 5647 1818 5688 ns
1843 5633 1964 5704 quis
2006 5633 2143 5691 forte
2165 5635 2501 5705 deciperetur
2527 5651 2589 5692 ea
2617 5636 2888 5692 notatione
2915 5637 3192 5706 Quesnelli
3221 5641 3271 5696 in
3305 5640 3507 5698 Notitia

219 5725 693 5796 manuscriptth
729 5733 858 5781 tom.
905 5725 1097 5781 [edita
1133 5741 1254 5796 pag.
1295 5725 1401 5791 ιο,
1445 5726 1534 5782 ubi
1575 5727 1717 5782 hunc
1745 5728 2250 5800 Trecopithoeanum
2280 5731 2518 5787 codicem
2549 5730 2859 5786 Corbeiensi
2900 5729 3130 5786 similem
3171 5733 3502 5802 pronuntiat.

222 5817 295 5870 At
323 5814 381 5870 in
415 5817 776 5873 notationibus
813 5818 878 5872 ad
913 5819 1104 5874 Leonis
1133 5819 1390 5888 epistolas
1416 5819 1644 5886 vulgatis
1673 5821 1723 5874 in
1769 5819 1875 5877 fine
1902 5822 2028 5876 tomi
2063 5817 2133 5876 XI
2155 5867 2168 5891 ,
2202 5837 2324 5878 eum
2355 5823 2609 5877 Thuaneo
2646 5829 2842 5877 nostra:
2884 5822 3220 5880 collectionis
3262 5825 3506 5896 exemplo

223 5907 462 5964 similem
491 5908 711 5966 detexit.
746 5909 867 5967 Haec
896 5911 1036 5968 enim
1063 5911 1222 5971 habet
1243 5920 1353 5967 not.
1385 5914 1442 5966 7.
1482 5913 1532 5967 in
1561 5913 1843 5982 epistolam
1871 5915 1939 5969 15
1971 5915 2036 5968 ad
2070 5915 2377 5972 Turribium
2408 5934 2417 5967 :
2448 5914 2532 5969 Ita
2561 5934 2587 5970 e
2616 5916 2871 5973 Tliuaneis
2901 5919 3157 5976 codicibus
3186 5924 3366 5978 unicus
3394 5937 3507 5976 cum
