  <div class='ocr_page' id='page_1' title='image "/cluster/home/n/w/nwhite01/storage/ocr_20150623/56/hvd.32044015471600/184.png"; bbox 0 0 3978 6342; ppageno 0'>
   <div class='ocr_carea' id='block_1_1' title="bbox 98 5453 118 5555">
    <p class='ocr_par' dir='ltr' id='par_1_1' title="bbox 98 5453 118 5555">
     <span class='ocr_line' id='line_1_1' title="bbox 98 5453 118 5555; baseline 0 0"><span class='ocrx_word' id='word_1_1' title='bbox 98 5453 118 5555; x_wconf 64' lang='lat' dir='ltr'><strong>’t</strong></span> 
     </span>
    </p>
   </div>
   <div class='ocr_carea' id='block_1_2' title="bbox 187 411 3430 490">
    <p class='ocr_par' dir='ltr' id='par_1_2' title="bbox 187 411 3430 490">
     <span class='ocr_line' id='line_1_2' title="bbox 187 411 3430 490; baseline 0.01 -19"><span class='ocrx_word' id='word_1_2' title='bbox 187 411 282 471; x_wconf 68' lang='lat' dir='ltr'><strong>ssi</strong></span> <span class='ocrx_word' id='word_1_3' title='bbox 1613 429 1994 490; x_wconf 58' lang='lat' dir='ltr'><strong>Paulino.</strong></span> <span class='ocrx_word' id='word_1_4' title='bbox 3329 429 3430 490; x_wconf 68' lang='grc'><strong>3⁸8</strong></span> 
     </span>
    </p>
   </div>
   <div class='ocr_carea' id='block_1_3' title="bbox 189 523 3429 614">
    <p class='ocr_par' dir='ltr' id='par_1_3' title="bbox 189 523 3429 614">
     <span class='ocr_line' id='line_1_3' title="bbox 189 523 3429 614; baseline 0.002 -30"><span class='ocrx_word' id='word_1_5' title='bbox 189 523 368 584; x_wconf 83' lang='lat' dir='ltr'><strong>Parata</strong></span> <span class='ocrx_word' id='word_1_6' title='bbox 398 531 612 601; x_wconf 77' lang='lat' dir='ltr'><strong>quidem</strong></span> <span class='ocrx_word' id='word_1_7' title='bbox 643 533 800 607; x_wconf 82' lang='lat' dir='ltr'><strong>hujus</strong></span> <span class='ocrx_word' id='word_1_8' title='bbox 827 538 1157 596; x_wconf 85' lang='lat' dir='ltr'><strong>collectionis</strong></span> <span class='ocrx_word' id='word_1_9' title='bbox 1186 539 1424 597; x_wconf 72' lang='lat' dir='ltr'><strong>editione</strong></span> <span class='ocrx_word' id='word_1_10' title='bbox 1457 541 1768 600; x_wconf 83' lang='lat' dir='ltr'><strong>Tbuanennt</strong></span> <span class='ocrx_word' id='word_1_11' title='bbox 1795 547 2151 614; x_wconf 81' lang='lat' dir='ltr'><strong>antiquiorem</strong></span> <span class='ocrx_word' id='word_1_12' title='bbox 2179 553 2232 600; x_wconf 93' lang='lat' dir='ltr'><strong>et</strong></span> <span class='ocrx_word' id='word_1_13' title='bbox 2255 545 2433 614; x_wconf 82' lang='lat' dir='ltr'><strong>probae</strong></span> <span class='ocrx_word' id='word_1_14' title='bbox 2457 551 2594 598; x_wconf 83' lang='lat' dir='ltr'><strong>notae</strong></span> <span class='ocrx_word' id='word_1_15' title='bbox 2626 541 2864 598; x_wconf 87' lang='lat' dir='ltr'><strong>codicem</strong></span> <span class='ocrx_word' id='word_1_16' title='bbox 2895 539 3119 611; x_wconf 90' lang='lat' dir='ltr'><strong>accepit.</strong></span> <span class='ocrx_word' id='word_1_17' title='bbox 3153 539 3219 594; x_wconf 83' lang='lat' dir='ltr'><strong>At</strong></span> <span class='ocrx_word' id='word_1_18' title='bbox 3245 553 3341 592; x_wconf 89' lang='lat' dir='ltr'><strong>nec</strong></span> <span class='ocrx_word' id='word_1_19' title='bbox 3365 554 3429 592; x_wconf 79' lang='lat' dir='ltr'><strong>ex</strong></span> 
     </span>
    </p>
   </div>
   <div class='ocr_carea' id='block_1_4' title="bbox 191 623 3430 707">
    <p class='ocr_par' dir='ltr' id='par_1_4' title="bbox 191 623 3430 707">
     <span class='ocr_line' id='line_1_4' title="bbox 191 623 3430 707; baseline 0.004 -31"><span class='ocrx_word' id='word_1_20' title='bbox 191 633 247 676; x_wconf 76' lang='lat' dir='ltr'><strong>eu</strong></span> <span class='ocrx_word' id='word_1_21' title='bbox 274 623 745 692; x_wconf 76' lang='lat' dir='ltr'><strong>supplevit&#39;omnia</strong></span> <span class='ocrx_word' id='word_1_22' title='bbox 775 643 896 699; x_wconf 78' lang='lat' dir='ltr'><strong>qua:</strong></span> <span class='ocrx_word' id='word_1_23' title='bbox 922 628 978 684; x_wconf 88' lang='lat' dir='ltr'><strong>in</strong></span> <span class='ocrx_word' id='word_1_24' title='bbox 1009 629 1303 688; x_wconf 78' lang='lat' dir='ltr'><strong>anniensi</strong></span> <span class='ocrx_word' id='word_1_25' title='bbox 1331 632 1702 690; x_wconf 79' lang='lat' dir='ltr'><strong>desiderantur</strong></span> <span class='ocrx_word' id='word_1_26' title='bbox 1725 636 1910 706; x_wconf 89' lang='lat' dir='ltr'><strong>(unam</strong></span> <span class='ocrx_word' id='word_1_27' title='bbox 1943 644 2147 691; x_wconf 90' lang='lat' dir='ltr'><strong>tantum</strong></span> <span class='ocrx_word' id='word_1_28' title='bbox 2177 633 2376 691; x_wconf 87' lang='lat' dir='ltr'><strong>Gelasii</strong></span> <span class='ocrx_word' id='word_1_29' title='bbox 2403 636 2707 706; x_wconf 84' lang='lat' dir='ltr'><strong>epistolam,</strong></span> <span class='ocrx_word' id='word_1_30' title='bbox 2737 643 2791 690; x_wconf 91' lang='lat' dir='ltr'><strong>et</strong></span> <span class='ocrx_word' id='word_1_31' title='bbox 2823 633 3055 707; x_wconf 77' lang='lat' dir='ltr'><strong>regulam</strong></span> <span class='ocrx_word' id='word_1_32' title='bbox 3087 631 3430 688; x_wconf 72' lang='lat' dir='ltr'><strong>{armatarum</strong></span> 
     </span>
    </p>
   </div>
   <div class='ocr_carea' id='block_1_5' title="bbox 191 711 3430 796">
    <p class='ocr_par' dir='ltr' id='par_1_5' title="bbox 191 711 3430 796">
     <span class='ocr_line' id='line_1_5' title="bbox 191 711 3430 796; baseline 0.002 -26"><span class='ocrx_word' id='word_1_33' title='bbox 191 725 246 766; x_wconf 78' lang='lat' dir='ltr'><strong>ex</strong></span> <span class='ocrx_word' id='word_1_34' title='bbox 277 711 392 783; x_wconf 85' lang='lat' dir='ltr'><strong>ipso</strong></span> <span class='ocrx_word' id='word_1_35' title='bbox 413 713 652 786; x_wconf 78' lang='lat' dir='ltr'><strong>adjecit),</strong></span> <span class='ocrx_word' id='word_1_36' title='bbox 680 733 793 790; x_wconf 77' lang='lat' dir='ltr'><strong>nec</strong></span> <span class='ocrx_word' id='word_1_37' title='bbox 834 722 1036 791; x_wconf 83' lang='lat' dir='ltr'><strong>recepit</strong></span> <span class='ocrx_word' id='word_1_38' title='bbox 1066 721 1182 792; x_wconf 86' lang='lat' dir='ltr'><strong>ejus</strong></span> <span class='ocrx_word' id='word_1_39' title='bbox 1210 723 1467 782; x_wconf 84' lang='lat' dir='ltr'><strong>lectiones</strong></span> <span class='ocrx_word' id='word_1_40' title='bbox 1498 723 1599 782; x_wconf 86' lang='lat' dir='ltr'><strong>nisi</strong></span> <span class='ocrx_word' id='word_1_41' title='bbox 1628 725 1683 780; x_wconf 91' lang='lat' dir='ltr'><strong>in</strong></span> <span class='ocrx_word' id='word_1_42' title='bbox 1717 725 2050 796; x_wconf 82' lang='lat' dir='ltr'><strong>paucissimis</strong></span> <span class='ocrx_word' id='word_1_43' title='bbox 2075 725 2236 790; x_wconf 85' lang='lat' dir='ltr'><strong>locis;</strong></span> <span class='ocrx_word' id='word_1_44' title='bbox 2270 726 2503 796; x_wconf 90' lang='lat' dir='ltr'><strong>reliquas</strong></span> <span class='ocrx_word' id='word_1_45' title='bbox 2531 741 2658 781; x_wconf 92' lang='lat' dir='ltr'><strong>vero</strong></span> <span class='ocrx_word' id='word_1_46' title='bbox 2685 723 2772 780; x_wconf 90' lang='lat' dir='ltr'><strong>vel</strong></span> <span class='ocrx_word' id='word_1_47' title='bbox 2801 725 2985 796; x_wconf 88' lang='lat' dir='ltr'><strong>rejecit</strong></span> <span class='ocrx_word' id='word_1_48' title='bbox 3023 725 3075 780; x_wconf 91' lang='lat' dir='ltr'><strong>in</strong></span> <span class='ocrx_word' id='word_1_49' title='bbox 3116 725 3430 794; x_wconf 74' lang='lat' dir='ltr'><strong>marginem,</strong></span> 
     </span>
    </p>
   </div>
   <div class='ocr_carea' id='block_1_6' title="bbox 192 802 3436 888">
    <p class='ocr_par' dir='ltr' id='par_1_6' title="bbox 192 802 3436 888">
     <span class='ocr_line' id='line_1_6' title="bbox 192 802 3436 888; baseline 0.004 -34"><span class='ocrx_word' id='word_1_50' title='bbox 192 802 267 856; x_wconf 87' lang='lat' dir='ltr'><strong>vel</strong></span> <span class='ocrx_word' id='word_1_51' title='bbox 296 805 516 862; x_wconf 84' lang='lat' dir='ltr'><strong>omnino</strong></span> <span class='ocrx_word' id='word_1_52' title='bbox 545 807 906 880; x_wconf 73' lang='lat' dir='ltr'><strong>praetermisit.</strong></span> <span class='ocrx_word' id='word_1_53' title='bbox 937 809 1073 867; x_wconf 85' lang='lat' dir='ltr'><strong>llinc</strong></span> <span class='ocrx_word' id='word_1_54' title='bbox 1096 811 1219 886; x_wconf 87' lang='lat' dir='ltr'><strong>jure</strong></span> <span class='ocrx_word' id='word_1_55' title='bbox 1253 813 1314 869; x_wconf 87' lang='lat' dir='ltr'><strong>P.</strong></span> <span class='ocrx_word' id='word_1_56' title='bbox 1342 812 1689 872; x_wconf 87' lang='lat' dir='ltr'><strong>Constantius</strong></span> <span class='ocrx_word' id='word_1_57' title='bbox 1717 815 1768 870; x_wconf 89' lang='lat' dir='ltr'><strong>in</strong></span> <span class='ocrx_word' id='word_1_58' title='bbox 1800 815 2014 872; x_wconf 84' lang='lat' dir='ltr'><strong>laudata</strong></span> <span class='ocrx_word' id='word_1_59' title='bbox 2037 816 2349 888; x_wconf 81' lang='lat' dir='ltr'><strong>praefatione</strong></span> <span class='ocrx_word' id='word_1_60' title='bbox 2375 831 2520 868; x_wconf 91' lang='lat' dir='ltr'><strong>num.</strong></span> <span class='ocrx_word' id='word_1_61' title='bbox 2551 814 2639 883; x_wconf 88' lang='lat'><strong>88,</strong></span> <span class='ocrx_word' id='word_1_62' title='bbox 2671 823 2947 888; x_wconf 81' lang='lat' dir='ltr'><strong>postquam</strong></span> <span class='ocrx_word' id='word_1_63' title='bbox 2979 813 3191 885; x_wconf 88' lang='lat' dir='ltr'><strong>scripsit</strong></span> <span class='ocrx_word' id='word_1_64' title='bbox 3223 832 3234 867; x_wconf 91' lang='lat'><strong>:</strong></span> <span class='ocrx_word' id='word_1_65' title='bbox 3266 813 3436 870; x_wconf 85' lang='lat' dir='ltr'><strong>Unum</strong></span> 
     </span>
    </p>
   </div>
   <div class='ocr_carea' id='block_1_7' title="bbox 189 901 3437 988">
    <p class='ocr_par' dir='ltr' id='par_1_7' title="bbox 189 901 3437 988">
     <span class='ocr_line' id='line_1_7' title="bbox 189 901 3437 988; baseline 0.003 -36"><span class='ocrx_word' id='word_1_66' title='bbox 189 902 271 962; x_wconf 75' lang='lat' dir='ltr'><strong>est,</strong></span> <span class='ocrx_word' id='word_1_67' title='bbox 314 904 589 966; x_wconf 76' lang='lat' dir='ltr'><strong>antequam</strong></span> <span class='ocrx_word' id='word_1_68' title='bbox 629 901 1017 974; x_wconf 78' lang='lat' dir='ltr'><strong>concludamus,</strong></span> <span class='ocrx_word' id='word_1_69' title='bbox 1047 903 1112 958; x_wconf 83' lang='lat' dir='ltr'><strong>de</strong></span> <span class='ocrx_word' id='word_1_70' title='bbox 1131 922 1230 973; x_wconf 85' lang='lat' dir='ltr'><strong>quo</strong></span> <span class='ocrx_word' id='word_1_71' title='bbox 1276 908 1497 963; x_wconf 84' lang='lat' dir='ltr'><strong>monitos</strong></span> <span class='ocrx_word' id='word_1_72' title='bbox 1533 909 1748 964; x_wconf 70' lang='lat' dir='ltr'><strong>lectores</strong></span> <span class='ocrx_word' id='word_1_73' title='bbox 1792 907 2021 974; x_wconf 77' lang='lat' dir='ltr'><strong>velimus,</strong></span> <span class='ocrx_word' id='word_1_74' title='bbox 2065 911 2178 988; x_wconf 80' lang='lat' dir='ltr'><strong>ejus</strong></span> <span class='ocrx_word' id='word_1_75' title='bbox 2208 910 2446 962; x_wconf 79' lang='lat' dir='ltr'><strong>nimirum</strong></span> <span class='ocrx_word' id='word_1_76' title='bbox 2476 907 2662 962; x_wconf 82' lang='lat' dir='ltr'><strong>codicis</strong></span> <span class='ocrx_word' id='word_1_77' title='bbox 2691 925 2836 982; x_wconf 85' lang='lat' dir='ltr'><strong>quem</strong></span> <span class='ocrx_word' id='word_1_78' title='bbox 2864 910 2926 962; x_wconf 84' lang='lat' dir='ltr'><strong>de</strong></span> <span class='ocrx_word' id='word_1_79' title='bbox 2956 908 3234 966; x_wconf 72' lang='lat' dir='ltr'><strong>Oxoniensi</strong></span> <span class='ocrx_word' id='word_1_80' title='bbox 3268 924 3437 963; x_wconf 68' lang='lat' dir='ltr'><strong>exem-</strong></span> 
     </span>
    </p>
   </div>
   <div class='ocr_carea' id='block_1_8' title="bbox 185 986 3437 1070">
    <p class='ocr_par' dir='ltr' id='par_1_8' title="bbox 185 986 3437 1070">
     <span class='ocr_line' id='line_1_8' title="bbox 185 986 3437 1070; baseline 0.003 -32"><span class='ocrx_word' id='word_1_81' title='bbox 185 986 315 1058; x_wconf 75' lang='lat' dir='ltr'><strong>plari</strong></span> <span class='ocrx_word' id='word_1_82' title='bbox 341 989 609 1064; x_wconf 81' lang='lat' dir='ltr'><strong>descripsit</strong></span> <span class='ocrx_word' id='word_1_83' title='bbox 636 991 966 1062; x_wconf 79' lang='lat' dir='ltr'><strong>Quesuellus,</strong></span> <span class='ocrx_word' id='word_1_84' title='bbox 992 993 1146 1064; x_wconf 86' lang='lat' dir='ltr'><strong>plura</strong></span> <span class='ocrx_word' id='word_1_85' title='bbox 1167 996 1220 1054; x_wconf 78' lang='lat' dir='ltr'><strong>iu</strong></span> <span class='ocrx_word' id='word_1_86' title='bbox 1248 994 1538 1054; x_wconf 84' lang='lat' dir='ltr'><strong>Gallicanis</strong></span> <span class='ocrx_word' id='word_1_87' title='bbox 1566 998 1880 1056; x_wconf 66' lang='lat' dir='ltr'><strong>bibliothecis</strong></span> <span class='ocrx_word' id='word_1_88' title='bbox 1901 986 2151 1054; x_wconf 72' lang='lat' dir='ltr'><strong>asservari</strong></span> <span class='ocrx_word' id='word_1_89' title='bbox 2179 999 2432 1070; x_wconf 74' lang='lat' dir='ltr'><strong>exempla,</strong></span> <span class='ocrx_word' id='word_1_90' title='bbox 2465 1014 2681 1068; x_wconf 87' lang='lat' dir='ltr'><strong>quorum</strong></span> <span class='ocrx_word' id='word_1_91' title='bbox 2711 995 2912 1050; x_wconf 76' lang='lat' dir='ltr'><strong>nullum</strong></span> <span class='ocrx_word' id='word_1_92' title='bbox 2951 995 3225 1052; x_wconf 79' lang='lat' dir='ltr'><strong>Oxonicnsi</strong></span> <span class='ocrx_word' id='word_1_93' title='bbox 3253 1011 3352 1050; x_wconf 84' lang='lat' dir='ltr'><strong>non</strong></span> <span class='ocrx_word' id='word_1_94' title='bbox 3373 996 3437 1048; x_wconf 84' lang='lat' dir='ltr'><strong>sit</strong></span> 
     </span>
    </p>
   </div>
   <div class='ocr_carea' id='block_1_9' title="bbox 188 1080 3436 1164">
    <p class='ocr_par' dir='ltr' id='par_1_9' title="bbox 188 1080 3436 1164">
     <span class='ocr_line' id='line_1_9' title="bbox 188 1080 3436 1164; baseline 0.002 -28"><span class='ocrx_word' id='word_1_95' title='bbox 188 1080 337 1136; x_wconf 81' lang='lat' dir='ltr'><strong>multo</strong></span> <span class='ocrx_word' id='word_1_96' title='bbox 368 1083 664 1154; x_wconf 80' lang='lat' dir='ltr'><strong>antiquius;</strong></span> <span class='ocrx_word' id='word_1_97' title='bbox 686 1087 968 1144; x_wconf 80' lang='lat' dir='ltr'><strong>recensitis</strong></span> <span class='ocrx_word' id='word_1_98' title='bbox 1003 1089 1238 1160; x_wconf 86' lang='lat' dir='ltr'><strong>quinque</strong></span> <span class='ocrx_word' id='word_1_99' title='bbox 1269 1091 1732 1160; x_wconf 68' lang='lat' dir='ltr'><strong>praestantioribus</strong></span> <span class='ocrx_word' id='word_1_100' title='bbox 1761 1106 1892 1146; x_wconf 86' lang='lat' dir='ltr'><strong>mss.</strong></span> <span class='ocrx_word' id='word_1_101' title='bbox 1939 1091 2166 1164; x_wconf 84' lang='lat' dir='ltr'><strong>subjecit</strong></span> <span class='ocrx_word' id='word_1_102' title='bbox 2196 1108 2208 1145; x_wconf 90' lang='lat'>:</span> <span class='ocrx_word' id='word_1_103' title='bbox 2240 1090 2494 1144; x_wconf 81' lang='lat' dir='ltr'><strong>Addimns</strong></span> <span class='ocrx_word' id='word_1_104' title='bbox 2520 1099 2568 1142; x_wconf 87' lang='lat' dir='ltr'><strong>et</strong></span> <span class='ocrx_word' id='word_1_105' title='bbox 2601 1087 2778 1142; x_wconf 82' lang='lat' dir='ltr'><strong>horum</strong></span> <span class='ocrx_word' id='word_1_106' title='bbox 2805 1087 3146 1158; x_wconf 77' lang='lat' dir='ltr'><strong>exemplorum</strong></span> <span class='ocrx_word' id='word_1_107' title='bbox 3185 1105 3279 1157; x_wconf 80' lang='lat' dir='ltr'><strong>ope</strong></span> <span class='ocrx_word' id='word_1_108' title='bbox 3315 1095 3436 1158; x_wconf 76' lang='lat' dir='ltr'><strong>per-</strong></span> 
     </span>
    </p>
   </div>
   <div class='ocr_carea' id='block_1_10' title="bbox 188 1170 3438 1254">
    <p class='ocr_par' dir='ltr' id='par_1_10' title="bbox 188 1170 3438 1254">
     <span class='ocr_line' id='line_1_10' title="bbox 188 1170 3438 1254; baseline 0.003 -32"><span class='ocrx_word' id='word_1_109' title='bbox 188 1170 365 1236; x_wconf 81' lang='lat' dir='ltr'><strong>multa,</strong></span> <span class='ocrx_word' id='word_1_110' title='bbox 407 1189 523 1242; x_wconf 66' lang='lat' dir='ltr'><strong>qua</strong></span> <span class='ocrx_word' id='word_1_111' title='bbox 551 1174 603 1230; x_wconf 84' lang='lat' dir='ltr'><strong>in</strong></span> <span class='ocrx_word' id='word_1_112' title='bbox 627 1176 887 1248; x_wconf 80' lang='lat' dir='ltr'><strong>vulgatum</strong></span> <span class='ocrx_word' id='word_1_113' title='bbox 913 1179 964 1250; x_wconf 90' lang='lat' dir='ltr'><strong>(a</strong></span> <span class='ocrx_word' id='word_1_114' title='bbox 995 1179 1306 1250; x_wconf 83' lang='lat' dir='ltr'><strong>Quesnello)</strong></span> <span class='ocrx_word' id='word_1_115' title='bbox 1337 1183 1562 1238; x_wconf 81' lang='lat' dir='ltr'><strong>codicem</strong></span> <span class='ocrx_word' id='word_1_116' title='bbox 1586 1183 1835 1254; x_wconf 82' lang='lat' dir='ltr'><strong>irrepsere</strong></span> <span class='ocrx_word' id='word_1_117' title='bbox 1855 1185 2037 1240; x_wconf 84' lang='lat' dir='ltr'><strong>utenda</strong></span> <span class='ocrx_word' id='word_1_118' title='bbox 2060 1182 2341 1238; x_wconf 81' lang='lat' dir='ltr'><strong>entaculari</strong></span> <span class='ocrx_word' id='word_1_119' title='bbox 2365 1198 2512 1252; x_wconf 83' lang='lat' dir='ltr'><strong>posse</strong></span> <span class='ocrx_word' id='word_1_120' title='bbox 2535 1197 2552 1236; x_wconf 88' lang='lat'><em>:</em></span> <span class='ocrx_word' id='word_1_121' title='bbox 2576 1179 2808 1250; x_wconf 83' lang='lat' dir='ltr'><strong>adjicere</strong></span> <span class='ocrx_word' id='word_1_122' title='bbox 2838 1185 3065 1250; x_wconf 86' lang='lat' dir='ltr'><strong>poterat,</strong></span> <span class='ocrx_word' id='word_1_123' title='bbox 3091 1188 3139 1234; x_wconf 84' lang='lat' dir='ltr'><strong>et</strong></span> <span class='ocrx_word' id='word_1_124' title='bbox 3168 1179 3438 1234; x_wconf 84' lang='lat' dir='ltr'><strong>nonnullos</strong></span> 
     </span>
    </p>
   </div>
   <div class='ocr_carea' id='block_1_11' title="bbox 185 1259 3439 1341">
    <p class='ocr_par' dir='ltr' id='par_1_11' title="bbox 185 1259 3439 1341">
     <span class='ocr_line' id='line_1_11' title="bbox 185 1259 3439 1341; baseline 0.005 -30"><span class='ocrx_word' id='word_1_125' title='bbox 185 1259 329 1328; x_wconf 58' lang='lat' dir='ltr'><strong>etiam</strong></span> <span class='ocrx_word' id='word_1_126' title='bbox 352 1261 586 1334; x_wconf 77' lang='lat' dir='ltr'><strong>defectus</strong></span> <span class='ocrx_word' id='word_1_127' title='bbox 605 1266 855 1338; x_wconf 78' lang='lat' dir='ltr'><strong>suppleri.</strong></span> <span class='ocrx_word' id='word_1_128' title='bbox 881 1265 1065 1338; x_wconf 83' lang='lat' dir='ltr'><strong>Itaque</strong></span> <span class='ocrx_word' id='word_1_129' title='bbox 1097 1278 1154 1324; x_wconf 91' lang='lat' dir='ltr'><strong>ut</strong></span> <span class='ocrx_word' id='word_1_130' title='bbox 1185 1269 1389 1341; x_wconf 83' lang='lat' dir='ltr'><strong>integra</strong></span> <span class='ocrx_word' id='word_1_131' title='bbox 1417 1283 1470 1327; x_wconf 91' lang='lat' dir='ltr'><strong>et</strong></span> <span class='ocrx_word' id='word_1_132' title='bbox 1499 1273 1835 1331; x_wconf 86' lang='lat' dir='ltr'><strong>emendatior</strong></span> <span class='ocrx_word' id='word_1_133' title='bbox 1857 1271 1972 1330; x_wconf 68' lang='lat' dir='ltr'><strong>haec</strong></span> <span class='ocrx_word' id='word_1_134' title='bbox 1992 1271 2242 1330; x_wconf 79' lang='lat' dir='ltr'><strong>collectio</strong></span> <span class='ocrx_word' id='word_1_135' title='bbox 2275 1265 2642 1336; x_wconf 85' lang='lat' dir='ltr'><strong>recuderetnr,</strong></span> <span class='ocrx_word' id='word_1_136' title='bbox 2677 1267 2931 1322; x_wconf 87' lang='lat' dir='ltr'><strong>nonnulla</strong></span> <span class='ocrx_word' id='word_1_137' title='bbox 2963 1265 3262 1336; x_wconf 86' lang='lat' dir='ltr'><strong>inserenda,</strong></span> <span class='ocrx_word' id='word_1_138' title='bbox 3286 1265 3439 1338; x_wconf 79' lang='lat' dir='ltr'><strong>plura</strong></span> 
     </span>
    </p>
   </div>
   <div class='ocr_carea' id='block_1_12' title="bbox 188 1356 3440 1448">
    <p class='ocr_par' dir='ltr' id='par_1_12' title="bbox 188 1356 3440 1448">
     <span class='ocr_line' id='line_1_12' title="bbox 188 1356 3440 1448; baseline 0.005 -46"><span class='ocrx_word' id='word_1_139' title='bbox 188 1364 308 1405; x_wconf 77' lang='lat' dir='ltr'><strong>vero</strong></span> <span class='ocrx_word' id='word_1_140' title='bbox 339 1356 657 1425; x_wconf 79' lang='lat' dir='ltr'><strong>corrigenda</strong></span> <span class='ocrx_word' id='word_1_141' title='bbox 688 1356 922 1414; x_wconf 85' lang='lat' dir='ltr'><strong>inerunt.</strong></span> <span class='ocrx_word' id='word_1_142' title='bbox 947 1357 1110 1414; x_wconf 79' lang='lat' dir='ltr'><strong>Multa</strong></span> <span class='ocrx_word' id='word_1_143' title='bbox 1140 1376 1269 1417; x_wconf 86' lang='lat' dir='ltr'><strong>vero</strong></span> <span class='ocrx_word' id='word_1_144' title='bbox 1299 1361 1570 1432; x_wconf 78' lang='lat' dir='ltr'><strong>diligentia</strong></span> <span class='ocrx_word' id='word_1_145' title='bbox 1603 1366 1654 1419; x_wconf 90' lang='lat' dir='ltr'><strong>in</strong></span> <span class='ocrx_word' id='word_1_146' title='bbox 1687 1363 1882 1421; x_wconf 92' lang='lat' dir='ltr'><strong>ltalicis</strong></span> <span class='ocrx_word' id='word_1_147' title='bbox 1906 1363 2244 1420; x_wconf 76' lang='lat' dir='ltr'><strong>biblimbecis</strong></span> <span class='ocrx_word' id='word_1_148' title='bbox 2267 1362 2526 1431; x_wconf 84' lang='lat' dir='ltr'><strong>adhibita,</strong></span> <span class='ocrx_word' id='word_1_149' title='bbox 2558 1361 2758 1416; x_wconf 92' lang='lat' dir='ltr'><strong>nullum</strong></span> <span class='ocrx_word' id='word_1_150' title='bbox 2785 1359 2951 1433; x_wconf 87' lang='lat' dir='ltr'><strong>ipsius</strong></span> <span class='ocrx_word' id='word_1_151' title='bbox 2980 1359 3305 1417; x_wconf 86' lang='lat' dir='ltr'><strong>collectionis</strong></span> <span class='ocrx_word' id='word_1_152' title='bbox 3333 1375 3440 1448; x_wconf 48' lang='lat' dir='ltr'><strong>me:</strong></span> 
     </span>
    </p>
   </div>
   <div class='ocr_carea' id='block_1_13' title="bbox 187 1446 3441 1529">
    <p class='ocr_par' dir='ltr' id='par_1_13' title="bbox 187 1446 3441 1529">
     <span class='ocr_line' id='line_1_13' title="bbox 187 1446 3441 1529; baseline 0.002 -31"><span class='ocrx_word' id='word_1_153' title='bbox 187 1446 455 1518; x_wconf 78' lang='lat' dir='ltr'><strong>exemplar</strong></span> <span class='ocrx_word' id='word_1_154' title='bbox 481 1449 620 1520; x_wconf 85' lang='lat' dir='ltr'><strong>quod</strong></span> <span class='ocrx_word' id='word_1_155' title='bbox 654 1451 806 1508; x_wconf 90' lang='lat' dir='ltr'><strong>nobis</strong></span> <span class='ocrx_word' id='word_1_156' title='bbox 833 1452 1076 1508; x_wconf 90' lang='lat' dir='ltr'><strong>subsidio</strong></span> <span class='ocrx_word' id='word_1_157' title='bbox 1103 1462 1270 1521; x_wconf 87' lang='lat' dir='ltr'><strong>esset,</strong></span> <span class='ocrx_word' id='word_1_158' title='bbox 1316 1455 1555 1512; x_wconf 90' lang='lat' dir='ltr'><strong>invenire</strong></span> <span class='ocrx_word' id='word_1_159' title='bbox 1583 1459 1791 1528; x_wconf 77' lang='lat' dir='ltr'><strong>nSpiam</strong></span> <span class='ocrx_word' id='word_1_160' title='bbox 1824 1459 2114 1529; x_wconf 84' lang='lat' dir='ltr'><strong>potuimus.</strong></span> <span class='ocrx_word' id='word_1_161' title='bbox 2140 1461 2209 1512; x_wconf 84' lang='lat' dir='ltr'><strong>At</strong></span> <span class='ocrx_word' id='word_1_162' title='bbox 2234 1455 2369 1510; x_wconf 91' lang='lat' dir='ltr'><strong>duos</strong></span> <span class='ocrx_word' id='word_1_163' title='bbox 2393 1454 2608 1508; x_wconf 84' lang='lat' dir='ltr'><strong>codices</strong></span> <span class='ocrx_word' id='word_1_164' title='bbox 2641 1451 2782 1506; x_wconf 90' lang='lat' dir='ltr'><strong>nacti</strong></span> <span class='ocrx_word' id='word_1_165' title='bbox 2822 1465 3006 1506; x_wconf 89' lang='lat' dir='ltr'><strong>sumus</strong></span> <span class='ocrx_word' id='word_1_166' title='bbox 3031 1451 3084 1504; x_wconf 88' lang='lat' dir='ltr'><strong>in</strong></span> <span class='ocrx_word' id='word_1_167' title='bbox 3119 1446 3441 1508; x_wconf 78' lang='lat' dir='ltr'><strong>bibliotheca</strong></span> 
     </span>
    </p>
   </div>
   <div class='ocr_carea' id='block_1_14' title="bbox 187 1537 3442 1617">
    <p class='ocr_par' dir='ltr' id='par_1_14' title="bbox 187 1537 3442 1617">
     <span class='ocr_line' id='line_1_14' title="bbox 187 1537 3442 1617; baseline 0.003 -28"><span class='ocrx_word' id='word_1_168' title='bbox 187 1537 424 1593; x_wconf 75' lang='lat' dir='ltr'><strong>Czesarea</strong></span> <span class='ocrx_word' id='word_1_169' title='bbox 455 1540 871 1611; x_wconf 82' lang='lat' dir='ltr'><strong>Vindebonensi,</strong></span> <span class='ocrx_word' id='word_1_170' title='bbox 913 1559 1140 1614; x_wconf 89' lang='lat' dir='ltr'><strong>quorum</strong></span> <span class='ocrx_word' id='word_1_171' title='bbox 1177 1547 1311 1601; x_wconf 84' lang='lat' dir='ltr'><strong>alter</strong></span> <span class='ocrx_word' id='word_1_172' title='bbox 1349 1549 1590 1617; x_wconf 77' lang='lat' dir='ltr'><strong>signatur</strong></span> <span class='ocrx_word' id='word_1_173' title='bbox 1637 1565 1783 1604; x_wconf 89' lang='lat' dir='ltr'><strong>num.</strong></span> <span class='ocrx_word' id='word_1_174' title='bbox 1826 1547 1912 1616; x_wconf 79' lang='lat'><strong>59,</strong></span> <span class='ocrx_word' id='word_1_175' title='bbox 1946 1551 2077 1603; x_wconf 86' lang='lat' dir='ltr'><strong>alter</strong></span> <span class='ocrx_word' id='word_1_176' title='bbox 2123 1564 2251 1604; x_wconf 88' lang='lat' dir='ltr'><strong>vero</strong></span> <span class='ocrx_word' id='word_1_177' title='bbox 2300 1564 2447 1602; x_wconf 91' lang='lat' dir='ltr'><strong>num.</strong></span> <span class='ocrx_word' id='word_1_178' title='bbox 2497 1546 2587 1600; x_wconf 70' lang='grc'><strong>42.</strong></span> <span class='ocrx_word' id='word_1_179' title='bbox 2633 1543 2864 1611; x_wconf 86' lang='lat' dir='ltr'><strong>Primus,</strong></span> <span class='ocrx_word' id='word_1_180' title='bbox 2918 1541 3231 1600; x_wconf 74' lang='lat' dir='ltr'><strong>millenarim</strong></span> <span class='ocrx_word' id='word_1_181' title='bbox 3275 1544 3442 1600; x_wconf 75' lang='lat' dir='ltr'><strong>ferme</strong></span> 
     </span>
    </p>
   </div>
   <div class='ocr_carea' id='block_1_15' title="bbox 186 1631 3446 1720">
    <p class='ocr_par' dir='ltr' id='par_1_15' title="bbox 186 1631 3446 1720">
     <span class='ocr_line' id='line_1_15' title="bbox 186 1631 3446 1720; baseline 0.003 -39"><span class='ocrx_word' id='word_1_182' title='bbox 186 1631 377 1694; x_wconf 66' lang='lat' dir='ltr'><strong>atatis,</strong></span> <span class='ocrx_word' id='word_1_183' title='bbox 411 1639 491 1685; x_wconf 88' lang='lat' dir='ltr'><strong>est</strong></span> <span class='ocrx_word' id='word_1_184' title='bbox 518 1633 687 1689; x_wconf 91' lang='lat' dir='ltr'><strong>codex</strong></span> <span class='ocrx_word' id='word_1_185' title='bbox 713 1637 1158 1694; x_wconf 86' lang='lat' dir='ltr'><strong>membranacens</strong></span> <span class='ocrx_word' id='word_1_186' title='bbox 1182 1639 1411 1701; x_wconf 83' lang='lat' dir='ltr'><strong>in-lolio.</strong></span> <span class='ocrx_word' id='word_1_187' title='bbox 1444 1641 1538 1714; x_wconf 79' lang='lat' dir='ltr'><strong>qui</strong></span> <span class='ocrx_word' id='word_1_188' title='bbox 1567 1643 1670 1700; x_wconf 84' lang='lat' dir='ltr'><strong>etsi</strong></span> <span class='ocrx_word' id='word_1_189' title='bbox 1700 1641 2000 1709; x_wconf 87' lang='lat' dir='ltr'><strong>titulorum,</strong></span> <span class='ocrx_word' id='word_1_190' title='bbox 2030 1656 2129 1700; x_wconf 79' lang='lat' dir='ltr'><strong>seu</strong></span> <span class='ocrx_word' id='word_1_191' title='bbox 2157 1641 2512 1712; x_wconf 89' lang='lat' dir='ltr'><strong>capitulorum</strong></span> <span class='ocrx_word' id='word_1_192' title='bbox 2540 1638 2716 1694; x_wconf 88' lang='lat' dir='ltr'><strong>tabula</strong></span> <span class='ocrx_word' id='word_1_193' title='bbox 2746 1654 2777 1693; x_wconf 92' lang='lat' dir='ltr'><strong>e</strong></span> <span class='ocrx_word' id='word_1_194' title='bbox 2800 1637 3058 1693; x_wconf 89' lang='lat' dir='ltr'><strong>Thnaneo</strong></span> <span class='ocrx_word' id='word_1_195' title='bbox 3084 1638 3446 1720; x_wconf 84' lang='lat' dir='ltr'><strong>manuscrith</strong></span> 
     </span>
    </p>
   </div>
   <div class='ocr_carea' id='block_1_16' title="bbox 187 1721 3443 1804">
    <p class='ocr_par' dir='ltr' id='par_1_16' title="bbox 187 1721 3443 1804">
     <span class='ocr_line' id='line_1_16' title="bbox 187 1721 3443 1804; baseline 0.003 -28"><span class='ocrx_word' id='word_1_196' title='bbox 187 1721 321 1776; x_wconf 76' lang='lat' dir='ltr'><strong>edita</strong></span> <span class='ocrx_word' id='word_1_197' title='bbox 349 1736 560 1791; x_wconf 84' lang='lat' dir='ltr'><strong>careat,</strong></span> <span class='ocrx_word' id='word_1_198' title='bbox 612 1730 798 1782; x_wconf 89' lang='lat' dir='ltr'><strong>eadem</strong></span> <span class='ocrx_word' id='word_1_199' title='bbox 830 1739 1006 1785; x_wconf 91' lang='lat' dir='ltr'><strong>tamen</strong></span> <span class='ocrx_word' id='word_1_200' title='bbox 1061 1732 1234 1801; x_wconf 86' lang='lat' dir='ltr'><strong>capita</strong></span> <span class='ocrx_word' id='word_1_201' title='bbox 1284 1733 1352 1789; x_wconf 90' lang='lat'><strong>98</strong></span> <span class='ocrx_word' id='word_1_202' title='bbox 1383 1734 1572 1790; x_wconf 88' lang='lat' dir='ltr'><strong>eodem</strong></span> <span class='ocrx_word' id='word_1_203' title='bbox 1624 1735 1813 1792; x_wconf 86' lang='lat' dir='ltr'><strong>ordine</strong></span> <span class='ocrx_word' id='word_1_204' title='bbox 1842 1735 2100 1791; x_wconf 83' lang='lat' dir='ltr'><strong>continet.</strong></span> <span class='ocrx_word' id='word_1_205' title='bbox 2132 1735 2269 1791; x_wconf 86' lang='lat' dir='ltr'><strong>Cum</strong></span> <span class='ocrx_word' id='word_1_206' title='bbox 2297 1750 2425 1792; x_wconf 88' lang='lat' dir='ltr'><strong>vero</strong></span> <span class='ocrx_word' id='word_1_207' title='bbox 2455 1734 2674 1790; x_wconf 89' lang='lat' dir='ltr'><strong>totidem</strong></span> <span class='ocrx_word' id='word_1_208' title='bbox 2704 1733 2875 1804; x_wconf 86' lang='lat' dir='ltr'><strong>capita</strong></span> <span class='ocrx_word' id='word_1_209' title='bbox 2904 1734 2955 1788; x_wconf 91' lang='lat' dir='ltr'><strong>in</strong></span> <span class='ocrx_word' id='word_1_210' title='bbox 2979 1733 3146 1790; x_wconf 89' lang='lat' dir='ltr'><strong>tribus</strong></span> <span class='ocrx_word' id='word_1_211' title='bbox 3171 1733 3290 1787; x_wconf 90' lang='lat' dir='ltr'><strong>aliis</strong></span> <span class='ocrx_word' id='word_1_212' title='bbox 3312 1747 3443 1788; x_wconf 87' lang='lat' dir='ltr'><strong>mss.</strong></span> 
     </span>
    </p>
   </div>
   <div class='ocr_carea' id='block_1_17' title="bbox 187 1811 3445 1896">
    <p class='ocr_par' dir='ltr' id='par_1_17' title="bbox 187 1811 3445 1896">
     <span class='ocr_line' id='line_1_17' title="bbox 187 1811 3445 1896; baseline 0.004 -30"><span class='ocrx_word' id='word_1_213' title='bbox 187 1811 452 1869; x_wconf 71' lang='lat' dir='ltr'><strong>invenerit</strong></span> <span class='ocrx_word' id='word_1_214' title='bbox 480 1817 640 1871; x_wconf 89' lang='lat' dir='ltr'><strong>etiam</strong></span> <span class='ocrx_word' id='word_1_215' title='bbox 670 1819 856 1875; x_wconf 86' lang='lat' dir='ltr'><strong>Petrus</strong></span> <span class='ocrx_word' id='word_1_216' title='bbox 887 1821 1148 1889; x_wconf 81' lang='lat' dir='ltr'><strong>Pithceus,</strong></span> <span class='ocrx_word' id='word_1_217' title='bbox 1180 1839 1404 1893; x_wconf 86' lang='lat' dir='ltr'><strong>quorum</strong></span> <span class='ocrx_word' id='word_1_218' title='bbox 1434 1824 1679 1882; x_wconf 90' lang='lat' dir='ltr'><strong>ultimum</strong></span> <span class='ocrx_word' id='word_1_219' title='bbox 1711 1826 1908 1882; x_wconf 89' lang='lat' dir='ltr'><strong>desinit</strong></span> <span class='ocrx_word' id='word_1_220' title='bbox 1956 1828 2007 1880; x_wconf 92' lang='lat' dir='ltr'><strong>in</strong></span> <span class='ocrx_word' id='word_1_221' title='bbox 2041 1826 2266 1896; x_wconf 80' lang='lat' dir='ltr'><strong>epistola</strong></span> <span class='ocrx_word' id='word_1_222' title='bbox 2301 1825 2358 1882; x_wconf 88' lang='lat' dir='ltr'><strong>S.</strong></span> <span class='ocrx_word' id='word_1_223' title='bbox 2395 1825 2590 1880; x_wconf 87' lang='lat' dir='ltr'><strong>Leonis</strong></span> <span class='ocrx_word' id='word_1_224' title='bbox 2617 1823 2682 1878; x_wconf 90' lang='lat' dir='ltr'><strong>ad</strong></span> <span class='ocrx_word' id='word_1_225' title='bbox 2713 1823 2935 1889; x_wconf 91' lang='lat' dir='ltr'><strong>Dorum,</strong></span> <span class='ocrx_word' id='word_1_226' title='bbox 2977 1830 3035 1877; x_wconf 93' lang='lat' dir='ltr'><strong>nt</strong></span> <span class='ocrx_word' id='word_1_227' title='bbox 3079 1824 3132 1877; x_wconf 92' lang='lat' dir='ltr'><strong>in</strong></span> <span class='ocrx_word' id='word_1_228' title='bbox 3162 1822 3277 1877; x_wconf 89' lang='lat' dir='ltr'><strong>aliis</strong></span> <span class='ocrx_word' id='word_1_229' title='bbox 3307 1826 3445 1892; x_wconf 90' lang='lat' dir='ltr'><strong>&#39;qno-</strong></span> 
     </span>
    </p>
   </div>
   <div class='ocr_carea' id='block_1_18' title="bbox 186 1903 3446 1989">
    <p class='ocr_par' dir='ltr' id='par_1_18' title="bbox 186 1903 3446 1989">
     <span class='ocr_line' id='line_1_18' title="bbox 186 1903 3446 1989; baseline 0.003 -33"><span class='ocrx_word' id='word_1_230' title='bbox 186 1917 278 1972; x_wconf 93' lang='lat' dir='ltr'><strong>que</strong></span> <span class='ocrx_word' id='word_1_231' title='bbox 311 1903 708 1984; x_wconf 80' lang='lat' dir='ltr'><strong>exemplaribus</strong></span> <span class='ocrx_word' id='word_1_232' title='bbox 737 1907 1182 1980; x_wconf 80' lang='lat' dir='ltr'><strong>deprehenditur,</strong></span> <span class='ocrx_word' id='word_1_233' title='bbox 1211 1911 1436 1972; x_wconf 83' lang='lat' dir='ltr'><strong>dubium</strong></span> <span class='ocrx_word' id='word_1_234' title='bbox 1465 1930 1584 1972; x_wconf 79' lang='lat' dir='ltr'><strong>esse</strong></span> <span class='ocrx_word' id='word_1_235' title='bbox 1613 1903 1975 1989; x_wconf 76' lang='lat' dir='ltr'><strong>nequithide</strong></span> <span class='ocrx_word' id='word_1_236' title='bbox 2001 1916 2217 1974; x_wconf 72' lang='lat' dir='ltr'><strong>dicenda</strong></span> <span class='ocrx_word' id='word_1_237' title='bbox 2262 1925 2368 1972; x_wconf 79' lang='lat' dir='ltr'><strong>not.</strong></span> <span class='ocrx_word' id='word_1_238' title='bbox 2394 1915 2464 1970; x_wconf 77' lang='lat' dir='ltr'><strong>&#39;li</strong></span> <span class='ocrx_word' id='word_1_239' title='bbox 2505 1916 2558 1968; x_wconf 85' lang='lat' dir='ltr'><strong>in</strong></span> <span class='ocrx_word' id='word_1_240' title='bbox 2601 1931 2650 1970; x_wconf 75' lang='grc' dir='ltr'><strong>ι.</strong></span> <span class='ocrx_word' id='word_1_241' title='bbox 2704 1914 2795 1988; x_wconf 75' lang='grc'><strong>8⁸1)</strong></span> <span class='ocrx_word' id='word_1_242' title='bbox 2837 1915 2964 1984; x_wconf 75' lang='lat' dir='ltr'><strong>quin</strong></span> <span class='ocrx_word' id='word_1_243' title='bbox 2996 1913 3109 1968; x_wconf 65' lang='lat' dir='ltr'><strong>hinc</strong></span> <span class='ocrx_word' id='word_1_244' title='bbox 3161 1914 3334 1983; x_wconf 89' lang='lat' dir='ltr'><strong>capita</strong></span> <span class='ocrx_word' id='word_1_245' title='bbox 3377 1914 3446 1970; x_wconf 86' lang='lat'>98</span> 
     </span>
    </p>
   </div>
   <div class='ocr_carea' id='block_1_19' title="bbox 187 1993 3446 2076">
    <p class='ocr_par' dir='ltr' id='par_1_19' title="bbox 187 1993 3446 2076">
     <span class='ocr_line' id='line_1_19' title="bbox 187 1993 3446 2076; baseline 0.003 -29"><span class='ocrx_word' id='word_1_246' title='bbox 187 1993 246 2047; x_wconf 88' lang='lat' dir='ltr'><strong>ad</strong></span> <span class='ocrx_word' id='word_1_247' title='bbox 272 1995 415 2051; x_wconf 86' lang='lat' dir='ltr'><strong>hanc</strong></span> <span class='ocrx_word' id='word_1_248' title='bbox 445 1998 817 2054; x_wconf 84' lang='lat' dir='ltr'><strong>collectionem</strong></span> <span class='ocrx_word' id='word_1_249' title='bbox 851 2002 1150 2070; x_wconf 87' lang='lat' dir='ltr'><strong>pertineant</strong></span> <span class='ocrx_word' id='word_1_250' title='bbox 1178 2017 1190 2057; x_wconf 92' lang='lat'><strong>:</strong></span> <span class='ocrx_word' id='word_1_251' title='bbox 1227 2013 1283 2062; x_wconf 93' lang='lat' dir='ltr'><strong>ut</strong></span> <span class='ocrx_word' id='word_1_252' title='bbox 1311 2020 1378 2060; x_wconf 91' lang='lat' dir='ltr'><strong>ne</strong></span> <span class='ocrx_word' id='word_1_253' title='bbox 1405 2001 1704 2060; x_wconf 84' lang='lat' dir='ltr'><strong>audiendus</strong></span> <span class='ocrx_word' id='word_1_254' title='bbox 1735 2006 1806 2061; x_wconf 84' lang='lat' dir='ltr'><strong>sit</strong></span> <span class='ocrx_word' id='word_1_255' title='bbox 1833 2007 2178 2073; x_wconf 85' lang='lat' dir='ltr'><strong>Quesnellus,</strong></span> <span class='ocrx_word' id='word_1_256' title='bbox 2211 2003 2302 2076; x_wconf 89' lang='lat' dir='ltr'><strong>qui</strong></span> <span class='ocrx_word' id='word_1_257' title='bbox 2336 2005 2498 2059; x_wconf 85' lang='lat' dir='ltr'><strong>unius</strong></span> <span class='ocrx_word' id='word_1_258' title='bbox 2528 2001 2848 2058; x_wconf 84' lang='lat' dir='ltr'><strong>recentioris</strong></span> <span class='ocrx_word' id='word_1_259' title='bbox 2881 2015 2988 2058; x_wconf 90' lang='lat' dir='ltr'><strong>ms.</strong></span> <span class='ocrx_word' id='word_1_260' title='bbox 3019 2001 3339 2059; x_wconf 86' lang='lat' dir='ltr'><strong>Oxoniensis</strong></span> <span class='ocrx_word' id='word_1_261' title='bbox 3366 2012 3446 2057; x_wconf 85' lang='lat' dir='ltr'><strong>te-</strong></span> 
     </span>
    </p>
   </div>
   <div class='ocr_carea' id='block_1_20' title="bbox 186 2087 3448 2169">
    <p class='ocr_par' dir='ltr' id='par_1_20' title="bbox 186 2087 3448 2169">
     <span class='ocr_line' id='line_1_20' title="bbox 186 2087 3448 2169; baseline 0.003 -29"><span class='ocrx_word' id='word_1_262' title='bbox 186 2087 435 2144; x_wconf 89' lang='lat' dir='ltr'><strong>stimonio</strong></span> <span class='ocrx_word' id='word_1_263' title='bbox 464 2089 659 2148; x_wconf 88' lang='lat' dir='ltr'><strong>Leonis</strong></span> <span class='ocrx_word' id='word_1_264' title='bbox 685 2093 960 2163; x_wconf 80' lang='lat' dir='ltr'><strong>epistolas,</strong></span> <span class='ocrx_word' id='word_1_265' title='bbox 993 2096 1162 2151; x_wconf 83' lang='lat' dir='ltr'><strong>veluti</strong></span> <span class='ocrx_word' id='word_1_266' title='bbox 1208 2099 1274 2152; x_wconf 91' lang='lat' dir='ltr'><strong>ab</strong></span> <span class='ocrx_word' id='word_1_267' title='bbox 1307 2098 1405 2153; x_wconf 88' lang='lat' dir='ltr'><strong>hac</strong></span> <span class='ocrx_word' id='word_1_268' title='bbox 1455 2100 1776 2156; x_wconf 86' lang='lat' dir='ltr'><strong>collectione</strong></span> <span class='ocrx_word' id='word_1_269' title='bbox 1812 2099 2038 2163; x_wconf 79' lang='lat' dir='ltr'><strong>alienas,</strong></span> <span class='ocrx_word' id='word_1_270' title='bbox 2072 2097 2453 2169; x_wconf 85' lang='lat' dir='ltr'><strong>abjndicandas</strong></span> <span class='ocrx_word' id='word_1_271' title='bbox 2491 2096 2716 2166; x_wconf 84' lang='lat' dir='ltr'><strong>putavit.</strong></span> <span class='ocrx_word' id='word_1_272' title='bbox 2742 2094 2836 2150; x_wconf 73' lang='lat' dir='ltr'><strong>Ha:</strong></span> <span class='ocrx_word' id='word_1_273' title='bbox 2865 2104 3043 2151; x_wconf 90' lang='lat' dir='ltr'><strong>autem</strong></span> <span class='ocrx_word' id='word_1_274' title='bbox 3075 2095 3129 2150; x_wconf 91' lang='lat' dir='ltr'><strong>in</strong></span> <span class='ocrx_word' id='word_1_275' title='bbox 3158 2095 3448 2150; x_wconf 83' lang='lat' dir='ltr'><strong>Oxoniensi</strong></span> 
     </span>
    </p>
   </div>
   <div class='ocr_carea' id='block_1_21' title="bbox 187 2179 3448 2260">
    <p class='ocr_par' dir='ltr' id='par_1_21' title="bbox 187 2179 3448 2260">
     <span class='ocr_line' id='line_1_21' title="bbox 187 2179 3448 2260; baseline 0.003 -29"><span class='ocrx_word' id='word_1_276' title='bbox 187 2179 428 2248; x_wconf 86' lang='lat' dir='ltr'><strong>exemplo</strong></span> <span class='ocrx_word' id='word_1_277' title='bbox 455 2179 556 2251; x_wconf 88' lang='lat' dir='ltr'><strong>ipsi</strong></span> <span class='ocrx_word' id='word_1_278' title='bbox 586 2182 884 2238; x_wconf 89' lang='lat' dir='ltr'><strong>collectioni</strong></span> <span class='ocrx_word' id='word_1_279' title='bbox 928 2200 1032 2240; x_wconf 92' lang='lat' dir='ltr'><strong>non</strong></span> <span class='ocrx_word' id='word_1_280' title='bbox 1067 2188 1281 2242; x_wconf 82' lang='lat' dir='ltr'><strong>fuerunt</strong></span> <span class='ocrx_word' id='word_1_281' title='bbox 1313 2189 1551 2257; x_wconf 86' lang='lat' dir='ltr'><strong>insertae,</strong></span> <span class='ocrx_word' id='word_1_282' title='bbox 1594 2190 1716 2260; x_wconf 88' lang='lat' dir='ltr'><strong>quia</strong></span> <span class='ocrx_word' id='word_1_283' title='bbox 1742 2189 1852 2258; x_wconf 85' lang='lat' dir='ltr'><strong>jam</strong></span> <span class='ocrx_word' id='word_1_284' title='bbox 1902 2199 2056 2244; x_wconf 89' lang='lat' dir='ltr'><strong>antea</strong></span> <span class='ocrx_word' id='word_1_285' title='bbox 2089 2189 2228 2242; x_wconf 88' lang='lat' dir='ltr'><strong>inter</strong></span> <span class='ocrx_word' id='word_1_286' title='bbox 2259 2188 2454 2243; x_wconf 89' lang='lat' dir='ltr'><strong>Leonis</strong></span> <span class='ocrx_word' id='word_1_287' title='bbox 2502 2187 2756 2257; x_wconf 89' lang='lat' dir='ltr'><strong>epistolas</strong></span> <span class='ocrx_word' id='word_1_288' title='bbox 2803 2185 3104 2242; x_wconf 90' lang='lat' dir='ltr'><strong>collectioni</strong></span> <span class='ocrx_word' id='word_1_289' title='bbox 3144 2187 3448 2257; x_wconf 67' lang='lat' dir='ltr'><strong>praemissas</strong></span> 
     </span>
    </p>
   </div>
   <div class='ocr_carea' id='block_1_22' title="bbox 187 2271 3448 2352">
    <p class='ocr_par' dir='ltr' id='par_1_22' title="bbox 187 2271 3448 2352">
     <span class='ocr_line' id='line_1_22' title="bbox 187 2271 3448 2352; baseline 0.002 -27"><span class='ocrx_word' id='word_1_290' title='bbox 187 2280 337 2326; x_wconf 86' lang='lat' dir='ltr'><strong>erant</strong></span> <span class='ocrx_word' id='word_1_291' title='bbox 362 2271 666 2345; x_wconf 68' lang='lat' dir='ltr'><strong>descripta,</strong></span> <span class='ocrx_word' id='word_1_292' title='bbox 699 2291 800 2332; x_wconf 86' lang='lat' dir='ltr'><strong>nec</strong></span> <span class='ocrx_word' id='word_1_293' title='bbox 825 2277 1066 2336; x_wconf 81' lang='lat' dir='ltr'><strong>eamdem</strong></span> <span class='ocrx_word' id='word_1_294' title='bbox 1097 2281 1368 2338; x_wconf 84' lang='lat' dir='ltr'><strong>crambcm</strong></span> <span class='ocrx_word' id='word_1_295' title='bbox 1399 2281 1796 2352; x_wconf 86' lang='lat' dir='ltr'><strong>recoquendam</strong></span> <span class='ocrx_word' id='word_1_296' title='bbox 1827 2280 2078 2338; x_wconf 74' lang='lat' dir='ltr'><strong>librarius</strong></span> <span class='ocrx_word' id='word_1_297' title='bbox 2101 2279 2354 2337; x_wconf 86' lang='lat' dir='ltr'><strong>credidit.</strong></span> <span class='ocrx_word' id='word_1_298' title='bbox 2381 2277 2645 2336; x_wconf 62' lang='lat' dir='ltr'><strong>Ceterum</strong></span> <span class='ocrx_word' id='word_1_299' title='bbox 2677 2275 2904 2336; x_wconf 85' lang='lat' dir='ltr'><strong>aliorum</strong></span> <span class='ocrx_word' id='word_1_300' title='bbox 2933 2276 3171 2336; x_wconf 68' lang='lat' dir='ltr'><strong>ninnium</strong></span> <span class='ocrx_word' id='word_1_301' title='bbox 3185 2276 3448 2332; x_wconf 70' lang='lat' dir='ltr'><strong>vetustio~</strong></span> 
     </span>
    </p>
   </div>
   <div class='ocr_carea' id='block_1_23' title="bbox 187 2365 3448 2440">
    <p class='ocr_par' dir='ltr' id='par_1_23' title="bbox 187 2365 3448 2440">
     <span class='ocr_line' id='line_1_23' title="bbox 187 2365 3448 2440; baseline 0.002 -24"><span class='ocrx_word' id='word_1_302' title='bbox 187 2377 292 2416; x_wconf 89' lang='lat' dir='ltr'><strong>rum</strong></span> <span class='ocrx_word' id='word_1_303' title='bbox 330 2365 722 2434; x_wconf 78' lang='lat' dir='ltr'><strong>exemplarium</strong></span> <span class='ocrx_word' id='word_1_304' title='bbox 748 2382 1041 2424; x_wconf 89' lang='lat' dir='ltr'><strong>consensus</strong></span> <span class='ocrx_word' id='word_1_305' title='bbox 1061 2371 1152 2424; x_wconf 89' lang='lat' dir='ltr'><strong>nni</strong></span> <span class='ocrx_word' id='word_1_306' title='bbox 1183 2387 1287 2424; x_wconf 90' lang='lat' dir='ltr'><strong>ms.</strong></span> <span class='ocrx_word' id='word_1_307' title='bbox 1316 2373 1607 2428; x_wconf 75' lang='lat' dir='ltr'><strong>Oxonieusi</strong></span> <span class='ocrx_word' id='word_1_308' title='bbox 1633 2371 1752 2439; x_wconf 90' lang='lat' dir='ltr'><strong>jure</strong></span> <span class='ocrx_word' id='word_1_309' title='bbox 1782 2383 1865 2426; x_wconf 91' lang='lat' dir='ltr'><strong>est</strong></span> <span class='ocrx_word' id='word_1_310' title='bbox 1891 2369 2287 2440; x_wconf 80' lang='lat' dir='ltr'><strong>praeferendus;</strong></span> <span class='ocrx_word' id='word_1_311' title='bbox 2322 2373 2542 2439; x_wconf 88' lang='lat' dir='ltr'><strong>ipsaque</strong></span> <span class='ocrx_word' id='word_1_312' title='bbox 2572 2368 2748 2423; x_wconf 88' lang='lat' dir='ltr'><strong>tabula</strong></span> <span class='ocrx_word' id='word_1_313' title='bbox 2777 2369 2830 2423; x_wconf 91' lang='lat' dir='ltr'><strong>in</strong></span> <span class='ocrx_word' id='word_1_314' title='bbox 2875 2365 3146 2438; x_wconf 85' lang='lat' dir='ltr'><strong>plerisque</strong></span> <span class='ocrx_word' id='word_1_315' title='bbox 3173 2367 3448 2424; x_wconf 87' lang='lat' dir='ltr'><strong>codicibus</strong></span> 
     </span>
    </p>
   </div>
   <div class='ocr_carea' id='block_1_24' title="bbox 187 2458 3448 2534">
    <p class='ocr_par' dir='ltr' id='par_1_24' title="bbox 187 2458 3448 2534">
     <span class='ocr_line' id='line_1_24' title="bbox 187 2458 3448 2534; baseline 0.009 -27"><span class='ocrx_word' id='word_1_316' title='bbox 187 2462 524 2523; x_wconf 79' lang='lat' dir='ltr'><strong>conservata,</strong></span> <span class='ocrx_word' id='word_1_317' title='bbox 573 2471 692 2532; x_wconf 84' lang='lat' dir='ltr'><strong>quae</strong></span> <span class='ocrx_word' id='word_1_318' title='bbox 733 2461 983 2520; x_wconf 73' lang='lat' dir='ltr'><strong>scindam</strong></span> <span class='ocrx_word' id='word_1_319' title='bbox 1027 2465 1380 2530; x_wconf 68' lang='lat' dir='ltr'><strong>capitulorum</strong></span> <span class='ocrx_word' id='word_1_320' title='bbox 1436 2464 1506 2520; x_wconf 83' lang='lat'>98</span> <span class='ocrx_word' id='word_1_321' title='bbox 1545 2477 1829 2528; x_wconf 83' lang='lat' dir='ltr'><strong>numerum</strong></span> <span class='ocrx_word' id='word_1_322' title='bbox 1890 2463 2120 2530; x_wconf 87' lang='lat' dir='ltr'><strong>indicat,</strong></span> <span class='ocrx_word' id='word_1_323' title='bbox 2163 2464 2396 2534; x_wconf 81' lang='lat' dir='ltr'><strong>idipsum</strong></span> <span class='ocrx_word' id='word_1_324' title='bbox 2441 2462 2744 2522; x_wconf 73' lang='lat' dir='ltr'><strong>conﬁrmat.</strong></span> <span class='ocrx_word' id='word_1_325' title='bbox 2789 2461 2990 2522; x_wconf 79' lang='lat' dir='ltr'><strong>Tabula</strong></span> <span class='ocrx_word' id='word_1_326' title='bbox 3035 2462 3180 2522; x_wconf 68' lang='lat' dir='ltr'><strong>enim</strong></span> <span class='ocrx_word' id='word_1_327' title='bbox 3209 2458 3448 2534; x_wconf 70' lang='grc' dir='ltr'><strong>οτίηιεενί</strong></span> 
     </span>
    </p>
   </div>
   <div class='ocr_carea' id='block_1_25' title="bbox 185 2547 3448 2634">
    <p class='ocr_par' dir='ltr' id='par_1_25' title="bbox 185 2547 3448 2634">
     <span class='ocr_line' id='line_1_25' title="bbox 185 2547 3448 2634; baseline 0.004 -34"><span class='ocrx_word' id='word_1_328' title='bbox 185 2547 359 2615; x_wconf 87' lang='lat' dir='ltr'><strong>operis</strong></span> <span class='ocrx_word' id='word_1_329' title='bbox 389 2549 644 2605; x_wconf 89' lang='lat' dir='ltr'><strong>indicium</strong></span> <span class='ocrx_word' id='word_1_330' title='bbox 673 2568 793 2608; x_wconf 89' lang='lat' dir='ltr'><strong>esse</strong></span> <span class='ocrx_word' id='word_1_331' title='bbox 813 2557 970 2622; x_wconf 91' lang='lat' dir='ltr'><strong>solet,</strong></span> <span class='ocrx_word' id='word_1_332' title='bbox 1000 2559 1134 2613; x_wconf 88' lang='lat' dir='ltr'><strong>adeo</strong></span> <span class='ocrx_word' id='word_1_333' title='bbox 1164 2570 1222 2616; x_wconf 93' lang='lat' dir='ltr'><strong>ut</strong></span> <span class='ocrx_word' id='word_1_334' title='bbox 1249 2561 1292 2615; x_wconf 89' lang='lat' dir='ltr'><strong>si</strong></span> <span class='ocrx_word' id='word_1_335' title='bbox 1318 2577 1437 2632; x_wconf 83' lang='lat' dir='ltr'><strong>quae</strong></span> <span class='ocrx_word' id='word_1_336' title='bbox 1467 2563 1666 2618; x_wconf 88' lang='lat' dir='ltr'><strong>alicubi</strong></span> <span class='ocrx_word' id='word_1_337' title='bbox 1694 2566 1746 2618; x_wconf 88' lang='lat' dir='ltr'><strong>in</strong></span> <span class='ocrx_word' id='word_1_338' title='bbox 1778 2579 2002 2634; x_wconf 90' lang='lat' dir='ltr'><strong>corpore</strong></span> <span class='ocrx_word' id='word_1_339' title='bbox 2033 2563 2229 2631; x_wconf 90' lang='lat' dir='ltr'><strong>desint,</strong></span> <span class='ocrx_word' id='word_1_340' title='bbox 2261 2577 2540 2634; x_wconf 85' lang='lat' dir='ltr'><strong>perperam</strong></span> <span class='ocrx_word' id='word_1_341' title='bbox 2571 2560 2844 2628; x_wconf 86' lang='lat' dir='ltr'><strong>abscissa;</strong></span> <span class='ocrx_word' id='word_1_342' title='bbox 2873 2559 2918 2616; x_wconf 88' lang='lat' dir='ltr'><strong>si</strong></span> <span class='ocrx_word' id='word_1_343' title='bbox 2949 2574 3069 2630; x_wconf 73' lang='lat' dir='ltr'><strong>qua:</strong></span> <span class='ocrx_word' id='word_1_344' title='bbox 3094 2573 3224 2614; x_wconf 90' lang='lat' dir='ltr'><strong>vero</strong></span> <span class='ocrx_word' id='word_1_345' title='bbox 3252 2568 3448 2628; x_wconf 64' lang='lat' dir='ltr'><strong>praeter</strong></span> 
     </span>
    </p>
   </div>
   <div class='ocr_carea' id='block_1_26' title="bbox 185 2640 3449 2724">
    <p class='ocr_par' dir='ltr' id='par_1_26' title="bbox 185 2640 3449 2724">
     <span class='ocr_line' id='line_1_26' title="bbox 185 2640 3449 2724; baseline 0.005 -31"><span class='ocrx_word' id='word_1_346' title='bbox 185 2654 240 2694; x_wconf 89' lang='lat' dir='ltr'><strong>ea</strong></span> <span class='ocrx_word' id='word_1_347' title='bbox 266 2640 608 2710; x_wconf 82' lang='lat' dir='ltr'><strong>reperiantur</strong></span> <span class='ocrx_word' id='word_1_348' title='bbox 637 2646 856 2714; x_wconf 89' lang='lat' dir='ltr'><strong>inserta,</strong></span> <span class='ocrx_word' id='word_1_349' title='bbox 885 2651 1177 2718; x_wconf 79' lang='lat' dir='ltr'><strong>posteriori</strong></span> <span class='ocrx_word' id='word_1_350' title='bbox 1215 2652 1590 2710; x_wconf 81' lang='lat' dir='ltr'><strong>additamento</strong></span> <span class='ocrx_word' id='word_1_351' title='bbox 1617 2655 1911 2712; x_wconf 81' lang='lat' dir='ltr'><strong>accessisse</strong></span> <span class='ocrx_word' id='word_1_352' title='bbox 1938 2655 2166 2711; x_wconf 81' lang='lat' dir='ltr'><strong>dicenda</strong></span> <span class='ocrx_word' id='word_1_353' title='bbox 2195 2654 2326 2710; x_wconf 82' lang='lat' dir='ltr'><strong>sint.</strong></span> <span class='ocrx_word' id='word_1_354' title='bbox 2355 2654 2466 2709; x_wconf 80' lang='lat' dir='ltr'><strong>Hac</strong></span> <span class='ocrx_word' id='word_1_355' title='bbox 2493 2653 2710 2724; x_wconf 66' lang='lat' dir='ltr'><strong>quidam</strong></span> <span class='ocrx_word' id='word_1_356' title='bbox 2753 2653 2821 2707; x_wconf 93' lang='lat' dir='ltr'><strong>de</strong></span> <span class='ocrx_word' id='word_1_357' title='bbox 2850 2667 3006 2708; x_wconf 90' lang='lat' dir='ltr'><strong>causa</strong></span> <span class='ocrx_word' id='word_1_358' title='bbox 3051 2650 3291 2706; x_wconf 85' lang='lat' dir='ltr'><strong>addititia</strong></span> <span class='ocrx_word' id='word_1_359' title='bbox 3329 2665 3449 2708; x_wconf 88' lang='lat' dir='ltr'><strong>esse</strong></span> 
     </span>
    </p>
   </div>
   <div class='ocr_carea' id='block_1_27' title="bbox 187 2733 3449 2822">
    <p class='ocr_par' dir='ltr' id='par_1_27' title="bbox 187 2733 3449 2822">
     <span class='ocr_line' id='line_1_27' title="bbox 187 2733 3449 2822; baseline 0.003 -35"><span class='ocrx_word' id='word_1_360' title='bbox 187 2733 442 2822; x_wconf 81' lang='lat' dir='ltr'><strong>nonnulla</strong></span> <span class='ocrx_word' id='word_1_361' title='bbox 469 2734 790 2794; x_wconf 89' lang='lat' dir='ltr'><strong>documenta</strong></span> <span class='ocrx_word' id='word_1_362' title='bbox 812 2755 927 2812; x_wconf 85' lang='lat' dir='ltr'><strong>quae</strong></span> <span class='ocrx_word' id='word_1_363' title='bbox 947 2754 1141 2813; x_wconf 58' lang='lat' dir='ltr'><strong>praeter</strong></span> <span class='ocrx_word' id='word_1_364' title='bbox 1170 2746 1362 2802; x_wconf 71' lang='lat' dir='ltr'><strong>tabulae</strong></span> <span class='ocrx_word' id='word_1_365' title='bbox 1393 2757 1447 2803; x_wconf 91' lang='lat' dir='ltr'><strong>et</strong></span> <span class='ocrx_word' id='word_1_366' title='bbox 1473 2748 1752 2820; x_wconf 82' lang='lat' dir='ltr'><strong>puriorum</strong></span> <span class='ocrx_word' id='word_1_367' title='bbox 1771 2748 2013 2806; x_wconf 87' lang='lat' dir='ltr'><strong>codicum</strong></span> <span class='ocrx_word' id='word_1_368' title='bbox 2042 2749 2200 2805; x_wconf 84' lang='lat' dir='ltr'><strong>tidem</strong></span> <span class='ocrx_word' id='word_1_369' title='bbox 2233 2748 2427 2805; x_wconf 90' lang='lat' dir='ltr'><strong>Leonis</strong></span> <span class='ocrx_word' id='word_1_370' title='bbox 2456 2747 2698 2822; x_wconf 86' lang='lat' dir='ltr'><strong>epistolis</strong></span> <span class='ocrx_word' id='word_1_371' title='bbox 2719 2746 2958 2818; x_wconf 85' lang='lat' dir='ltr'><strong>subjecta</strong></span> <span class='ocrx_word' id='word_1_372' title='bbox 2987 2745 3236 2818; x_wconf 72' lang='lat' dir='ltr'><strong>leguntur</strong></span> <span class='ocrx_word' id='word_1_373' title='bbox 3256 2743 3308 2799; x_wconf 90' lang='lat' dir='ltr'><strong>in</strong></span> <span class='ocrx_word' id='word_1_374' title='bbox 3333 2744 3449 2815; x_wconf 90' lang='lat' dir='ltr'><strong>ipso</strong></span> 
     </span>
    </p>
   </div>
   <div class='ocr_carea' id='block_1_28' title="bbox 185 2821 3448 2914">
    <p class='ocr_par' dir='ltr' id='par_1_28' title="bbox 185 2821 3448 2914">
     <span class='ocr_line' id='line_1_28' title="bbox 185 2821 3448 2914; baseline 0.006 -35"><span class='ocrx_word' id='word_1_375' title='bbox 185 2821 445 2880; x_wconf 84' lang='lat' dir='ltr'><strong>Tbnaneo</strong></span> <span class='ocrx_word' id='word_1_376' title='bbox 476 2827 682 2897; x_wconf 83' lang='lat' dir='ltr'><strong>codice,</strong></span> <span class='ocrx_word' id='word_1_377' title='bbox 716 2831 1118 2893; x_wconf 79' lang='lat' dir='ltr'><strong>observavimus</strong></span> <span class='ocrx_word' id='word_1_378' title='bbox 1157 2848 1275 2894; x_wconf 90' lang='lat' dir='ltr'><strong>not.</strong></span> <span class='ocrx_word' id='word_1_379' title='bbox 1316 2839 1350 2896; x_wconf 84' lang='lat'><strong>9</strong></span> <span class='ocrx_word' id='word_1_380' title='bbox 1399 2841 1454 2897; x_wconf 86' lang='lat' dir='ltr'><strong>in</strong></span> <span class='ocrx_word' id='word_1_381' title='bbox 1495 2841 1865 2912; x_wconf 74' lang='lat' dir='ltr'><strong>pratiationsn</strong></span> <span class='ocrx_word' id='word_1_382' title='bbox 1909 2843 2182 2911; x_wconf 81' lang='lat' dir='ltr'><strong>Quesnelli</strong></span> <span class='ocrx_word' id='word_1_383' title='bbox 2239 2851 2371 2900; x_wconf 90' lang='lat' dir='ltr'><strong>tom.</strong></span> <span class='ocrx_word' id='word_1_384' title='bbox 2421 2840 2444 2898; x_wconf 86' lang='grc' dir='ltr'><strong><em>ι</em></strong></span> <span class='ocrx_word' id='word_1_385' title='bbox 2494 2821 2616 2914; x_wconf 68' lang='lat' dir='ltr'><strong>pag.</strong></span> <span class='ocrx_word' id='word_1_386' title='bbox 2672 2838 2758 2909; x_wconf 77' lang='lat'><strong>35,</strong></span> <span class='ocrx_word' id='word_1_387' title='bbox 2802 2847 2856 2898; x_wconf 84' lang='lat' dir='ltr'><strong>et</strong></span> <span class='ocrx_word' id='word_1_388' title='bbox 2887 2845 3000 2898; x_wconf 89' lang='lat' dir='ltr'><strong>not.</strong></span> <span class='ocrx_word' id='word_1_389' title='bbox 3035 2838 3058 2892; x_wconf 83' lang='lat' dir='ltr'><strong>l</strong></span> <span class='ocrx_word' id='word_1_390' title='bbox 3093 2836 3158 2893; x_wconf 90' lang='lat' dir='ltr'><strong>ad</strong></span> <span class='ocrx_word' id='word_1_391' title='bbox 3209 2837 3448 2910; x_wconf 78' lang='lat' dir='ltr'><strong>ejusdem</strong></span> 
     </span>
    </p>
   </div>
   <div class='ocr_carea' id='block_1_29' title="bbox 175 2917 3447 3004">
    <p class='ocr_par' dir='ltr' id='par_1_29' title="bbox 175 2917 3447 3004">
     <span class='ocr_line' id='line_1_29' title="bbox 175 2917 3447 3004; baseline 0.002 -28"><span class='ocrx_word' id='word_1_392' title='bbox 175 2917 453 2986; x_wconf 67' lang='lat' dir='ltr'><strong>pontiﬁcis</strong></span> <span class='ocrx_word' id='word_1_393' title='bbox 479 2921 762 2991; x_wconf 78' lang='lat' dir='ltr'><strong>epistolam</strong></span> <span class='ocrx_word' id='word_1_394' title='bbox 795 2925 896 2982; x_wconf 64' lang='grc' dir='ltr'><strong>αθ</strong></span> <span class='ocrx_word' id='word_1_395' title='bbox 919 2929 1023 2984; x_wconf 84' lang='lat' dir='ltr'><strong>cel.</strong></span> <span class='ocrx_word' id='word_1_396' title='bbox 1067 2929 1227 2986; x_wconf 67' lang='lat' dir='ltr'><strong>l3l8.</strong></span> <span class='ocrx_word' id='word_1_397' title='bbox 1271 2932 1411 2988; x_wconf 82' lang='lat' dir='ltr'><strong>Hinc</strong></span> <span class='ocrx_word' id='word_1_398' title='bbox 1449 2948 1580 2989; x_wconf 83' lang='lat' dir='ltr'><strong>vero</strong></span> <span class='ocrx_word' id='word_1_399' title='bbox 1603 2934 1763 2991; x_wconf 75' lang='lat' dir='ltr'><strong>facile</strong></span> <span class='ocrx_word' id='word_1_400' title='bbox 1792 2945 1876 2992; x_wconf 85' lang='lat' dir='ltr'><strong>est</strong></span> <span class='ocrx_word' id='word_1_401' title='bbox 1898 2935 2155 3004; x_wconf 86' lang='lat' dir='ltr'><strong>judicium</strong></span> <span class='ocrx_word' id='word_1_402' title='bbox 2183 2934 2328 2992; x_wconf 80' lang='lat' dir='ltr'><strong>ferre</strong></span> <span class='ocrx_word' id='word_1_403' title='bbox 2353 2933 2420 2991; x_wconf 89' lang='lat' dir='ltr'><strong>de</strong></span> <span class='ocrx_word' id='word_1_404' title='bbox 2461 2933 2636 2990; x_wconf 84' lang='lat' dir='ltr'><strong>altero</strong></span> <span class='ocrx_word' id='word_1_405' title='bbox 2685 2945 2788 2987; x_wconf 86' lang='lat' dir='ltr'><strong>ms.</strong></span> <span class='ocrx_word' id='word_1_406' title='bbox 2834 2929 3018 2988; x_wconf 87' lang='lat' dir='ltr'><strong>codice</strong></span> <span class='ocrx_word' id='word_1_407' title='bbox 3052 2927 3447 2987; x_wconf 87' lang='lat' dir='ltr'><strong>Vindeboneusi</strong></span> 
     </span>
    </p>
   </div>
   <div class='ocr_carea' id='block_1_30' title="bbox 187 3010 3446 3097">
    <p class='ocr_par' dir='ltr' id='par_1_30' title="bbox 187 3010 3446 3097">
     <span class='ocr_line' id='line_1_30' title="bbox 187 3010 3446 3097; baseline 0.003 -31"><span class='ocrx_word' id='word_1_408' title='bbox 187 3010 272 3079; x_wconf 68' lang='lat'><strong>42,</strong></span> <span class='ocrx_word' id='word_1_409' title='bbox 303 3012 394 3082; x_wconf 89' lang='lat' dir='ltr'><strong>qui</strong></span> <span class='ocrx_word' id='word_1_410' title='bbox 424 3023 548 3082; x_wconf 90' lang='lat' dir='ltr'><strong>post</strong></span> <span class='ocrx_word' id='word_1_411' title='bbox 603 3017 929 3084; x_wconf 73' lang='lat' dir='ltr'><strong>praemissam</strong></span> <span class='ocrx_word' id='word_1_412' title='bbox 985 3021 1216 3078; x_wconf 89' lang='lat' dir='ltr'><strong>tabulam</strong></span> <span class='ocrx_word' id='word_1_413' title='bbox 1250 3025 1602 3095; x_wconf 92' lang='lat' dir='ltr'><strong>capitulorum</strong></span> <span class='ocrx_word' id='word_1_414' title='bbox 1654 3027 1723 3082; x_wconf 89' lang='lat'>98</span> <span class='ocrx_word' id='word_1_415' title='bbox 1772 3036 1827 3083; x_wconf 90' lang='lat' dir='ltr'><strong>et</strong></span> <span class='ocrx_word' id='word_1_416' title='bbox 1874 3037 1992 3096; x_wconf 87' lang='lat' dir='ltr'><strong>post</strong></span> <span class='ocrx_word' id='word_1_417' title='bbox 2034 3027 2397 3097; x_wconf 80' lang='lat' dir='ltr'><strong>praefationem</strong></span> <span class='ocrx_word' id='word_1_418' title='bbox 2437 3024 2636 3079; x_wconf 70' lang='lat' dir='ltr'><strong>Niczeni</strong></span> <span class='ocrx_word' id='word_1_419' title='bbox 2679 3022 2892 3080; x_wconf 84' lang='lat' dir='ltr'><strong>concilii</strong></span> <span class='ocrx_word' id='word_1_420' title='bbox 2933 3022 3121 3080; x_wconf 85' lang='lat' dir='ltr'><strong>inserit</strong></span> <span class='ocrx_word' id='word_1_421' title='bbox 3164 3021 3446 3091; x_wconf 77' lang='lat' dir='ltr'><strong>epistolam</strong></span> 
     </span>
    </p>
   </div>
   <div class='ocr_carea' id='block_1_31' title="bbox 196 3102 3448 3196">
    <p class='ocr_par' dir='ltr' id='par_1_31' title="bbox 196 3102 3448 3196">
     <span class='ocr_line' id='line_1_31' title="bbox 196 3102 3448 3196; baseline -0.003 -19"><span class='ocrx_word' id='word_1_422' title='bbox 196 3102 428 3176; x_wconf 67' lang='lat' dir='ltr'><strong>Dionysii</strong></span> <span class='ocrx_word' id='word_1_423' title='bbox 471 3106 658 3176; x_wconf 73' lang='lat' dir='ltr'><strong>EXigui</strong></span> <span class='ocrx_word' id='word_1_424' title='bbox 691 3109 756 3164; x_wconf 86' lang='lat' dir='ltr'><strong>ad</strong></span> <span class='ocrx_word' id='word_1_425' title='bbox 791 3111 1142 3182; x_wconf 78' lang='lat' dir='ltr'><strong>Stephanum,</strong></span> <span class='ocrx_word' id='word_1_426' title='bbox 1189 3126 1300 3174; x_wconf 88' lang='lat' dir='ltr'><strong>tum</strong></span> <span class='ocrx_word' id='word_1_427' title='bbox 1333 3134 1462 3176; x_wconf 89' lang='lat' dir='ltr'><strong>vero</strong></span> <span class='ocrx_word' id='word_1_428' title='bbox 1491 3121 1541 3175; x_wconf 91' lang='lat' dir='ltr'><strong>in</strong></span> <span class='ocrx_word' id='word_1_429' title='bbox 1569 3135 1800 3190; x_wconf 87' lang='lat' dir='ltr'><strong>corpore</strong></span> <span class='ocrx_word' id='word_1_430' title='bbox 1823 3120 1996 3191; x_wconf 87' lang='lat' dir='ltr'><strong>ipsius</strong></span> <span class='ocrx_word' id='word_1_431' title='bbox 2022 3120 2223 3196; x_wconf 76' lang='lat' dir='ltr'><strong>codicis</strong></span> <span class='ocrx_word' id='word_1_432' title='bbox 2253 3119 2455 3188; x_wconf 88' lang='lat' dir='ltr'><strong>aliquot</strong></span> <span class='ocrx_word' id='word_1_433' title='bbox 2480 3119 2651 3188; x_wconf 81' lang='lat' dir='ltr'><strong>capita</strong></span> <span class='ocrx_word' id='word_1_434' title='bbox 2679 3116 2920 3174; x_wconf 84' lang='lat' dir='ltr'><strong>addititia</strong></span> <span class='ocrx_word' id='word_1_435' title='bbox 2951 3114 3168 3182; x_wconf 77' lang='lat' dir='ltr'><strong>recepit.</strong></span> <span class='ocrx_word' id='word_1_436' title='bbox 3205 3112 3333 3166; x_wconf 81' lang='lat' dir='ltr'><strong>Nam</strong></span> <span class='ocrx_word' id='word_1_437' title='bbox 3365 3113 3448 3169; x_wconf 89' lang='lat' dir='ltr'><strong>ln-</strong></span> 
     </span>
    </p>
   </div>
   <div class='ocr_carea' id='block_1_32' title="bbox 186 3197 3445 3284">
    <p class='ocr_par' dir='ltr' id='par_1_32' title="bbox 186 3197 3445 3284">
     <span class='ocr_line' id='line_1_32' title="bbox 186 3197 3445 3284; baseline 0.002 -35"><span class='ocrx_word' id='word_1_438' title='bbox 186 3197 414 3251; x_wconf 89' lang='lat' dir='ltr'><strong>uocentii</strong></span> <span class='ocrx_word' id='word_1_439' title='bbox 445 3199 685 3268; x_wconf 89' lang='lat' dir='ltr'><strong>epistolis</strong></span> <span class='ocrx_word' id='word_1_440' title='bbox 712 3205 1052 3271; x_wconf 70' lang='lat' dir='ltr'><strong>praemittitur</strong></span> <span class='ocrx_word' id='word_1_441' title='bbox 1082 3208 1165 3261; x_wconf 80' lang='lat' dir='ltr'><strong>illa</strong></span> <span class='ocrx_word' id='word_1_442' title='bbox 1195 3211 1436 3276; x_wconf 87' lang='lat' dir='ltr'><strong>ejusdem</strong></span> <span class='ocrx_word' id='word_1_443' title='bbox 1466 3212 1728 3281; x_wconf 60' lang='lat' dir='ltr'><strong>pontiﬁcis</strong></span> <span class='ocrx_word' id='word_1_444' title='bbox 1761 3211 1986 3284; x_wconf 90' lang='lat' dir='ltr'><strong>epistola</strong></span> <span class='ocrx_word' id='word_1_445' title='bbox 2019 3214 2086 3265; x_wconf 86' lang='lat' dir='ltr'><strong>ad</strong></span> <span class='ocrx_word' id='word_1_446' title='bbox 2113 3211 2396 3264; x_wconf 83' lang='lat' dir='ltr'><strong>Tolosanos</strong></span> <span class='ocrx_word' id='word_1_447' title='bbox 2420 3210 2554 3281; x_wconf 72' lang='lat' dir='ltr'><strong>(lege</strong></span> <span class='ocrx_word' id='word_1_448' title='bbox 2579 3207 2890 3277; x_wconf 84' lang='lat' dir='ltr'><strong>Toletauos)</strong></span> <span class='ocrx_word' id='word_1_449' title='bbox 2922 3205 3240 3277; x_wconf 68' lang='lat' dir='ltr'><strong>quaeincipit</strong></span> <span class='ocrx_word' id='word_1_450' title='bbox 3263 3204 3445 3275; x_wconf 72' lang='lat' dir='ltr'><strong>:Swpc</strong></span> 
     </span>
    </p>
   </div>
   <div class='ocr_carea' id='block_1_33' title="bbox 186 3292 3443 3371">
    <p class='ocr_par' dir='ltr' id='par_1_33' title="bbox 186 3292 3443 3371">
     <span class='ocr_line' id='line_1_33' title="bbox 186 3292 3443 3371; baseline 0.003 -31"><span class='ocrx_word' id='word_1_451' title='bbox 186 3305 262 3341; x_wconf 86' lang='lat' dir='ltr'><strong>me</strong></span> <span class='ocrx_word' id='word_1_452' title='bbox 292 3298 337 3344; x_wconf 85' lang='lat' dir='ltr'><strong>et</strong></span> <span class='ocrx_word' id='word_1_453' title='bbox 360 3292 587 3345; x_wconf 85' lang='lat' dir='ltr'><strong>nimium.</strong></span> <span class='ocrx_word' id='word_1_454' title='bbox 617 3294 746 3348; x_wconf 90' lang='lat' dir='ltr'><strong>Dcin</strong></span> <span class='ocrx_word' id='word_1_455' title='bbox 770 3306 893 3352; x_wconf 87' lang='lat' dir='ltr'><strong>ante</strong></span> <span class='ocrx_word' id='word_1_456' title='bbox 918 3298 1094 3354; x_wconf 84' lang='lat' dir='ltr'><strong>Siricii</strong></span> <span class='ocrx_word' id='word_1_457' title='bbox 1125 3303 1405 3371; x_wconf 89' lang='lat' dir='ltr'><strong>epistolam</strong></span> <span class='ocrx_word' id='word_1_458' title='bbox 1440 3307 1505 3358; x_wconf 81' lang='lat' dir='ltr'><strong>ad</strong></span> <span class='ocrx_word' id='word_1_459' title='bbox 1534 3301 1829 3359; x_wconf 90' lang='lat' dir='ltr'><strong>ilimerinm</strong></span> <span class='ocrx_word' id='word_1_460' title='bbox 1851 3301 2180 3360; x_wconf 86' lang='lat' dir='ltr'><strong>describitur</strong></span> <span class='ocrx_word' id='word_1_461' title='bbox 2210 3304 2309 3358; x_wconf 87' lang='lat' dir='ltr'><strong>alia</strong></span> <span class='ocrx_word' id='word_1_462' title='bbox 2343 3302 2580 3371; x_wconf 87' lang='lat' dir='ltr'><strong>ejusdem</strong></span> <span class='ocrx_word' id='word_1_463' title='bbox 2613 3303 2678 3356; x_wconf 90' lang='lat' dir='ltr'><strong>ad</strong></span> <span class='ocrx_word' id='word_1_464' title='bbox 2709 3301 2952 3356; x_wconf 86' lang='lat' dir='ltr'><strong>diversos</strong></span> <span class='ocrx_word' id='word_1_465' title='bbox 2983 3299 3261 3366; x_wconf 87' lang='lat' dir='ltr'><strong>episcopos</strong></span> <span class='ocrx_word' id='word_1_466' title='bbox 3291 3297 3443 3365; x_wconf 83' lang='lat' dir='ltr'><strong>tlljllS</strong></span> 
     </span>
    </p>
   </div>
   <div class='ocr_carea' id='block_1_34' title="bbox 189 3381 3450 3472">
    <p class='ocr_par' dir='ltr' id='par_1_34' title="bbox 189 3381 3450 3472">
     <span class='ocr_line' id='line_1_34' title="bbox 189 3381 3450 3472; baseline 0.002 -35"><span class='ocrx_word' id='word_1_467' title='bbox 189 3381 401 3438; x_wconf 84' lang='lat' dir='ltr'><strong>initium</strong></span> <span class='ocrx_word' id='word_1_468' title='bbox 431 3383 812 3454; x_wconf 69' lang='lat' dir='ltr'><strong>:Cogitantibus</strong></span> <span class='ocrx_word' id='word_1_469' title='bbox 842 3391 1005 3446; x_wconf 61' lang='lat' dir='ltr'><strong>nobis.</strong></span> <span class='ocrx_word' id='word_1_470' title='bbox 1029 3392 1162 3448; x_wconf 78' lang='lat' dir='ltr'><strong>Tum</strong></span> <span class='ocrx_word' id='word_1_471' title='bbox 1195 3409 1323 3452; x_wconf 70' lang='grc' dir='ltr'><strong>νει-ο</strong></span> <span class='ocrx_word' id='word_1_472' title='bbox 1348 3397 1490 3452; x_wconf 84' lang='lat' dir='ltr'><strong>inter</strong></span> <span class='ocrx_word' id='word_1_473' title='bbox 1513 3397 1711 3452; x_wconf 85' lang='lat' dir='ltr'><strong>Leonis</strong></span> <span class='ocrx_word' id='word_1_474' title='bbox 1741 3398 1993 3472; x_wconf 85' lang='lat' dir='ltr'><strong>epistolas</strong></span> <span class='ocrx_word' id='word_1_475' title='bbox 2023 3399 2243 3454; x_wconf 71' lang='lat' dir='ltr'><strong>intrusae</strong></span> <span class='ocrx_word' id='word_1_476' title='bbox 2281 3398 2530 3466; x_wconf 76' lang='lat' dir='ltr'><strong>leguntur</strong></span> <span class='ocrx_word' id='word_1_477' title='bbox 2558 3397 2677 3452; x_wconf 87' lang='lat' dir='ltr'><strong>aliae</strong></span> <span class='ocrx_word' id='word_1_478' title='bbox 2711 3394 2951 3467; x_wconf 81' lang='lat' dir='ltr'><strong>cpistolrc</strong></span> <span class='ocrx_word' id='word_1_479' title='bbox 2995 3393 3160 3464; x_wconf 84' lang='lat' dir='ltr'><strong>ipsius</strong></span> <span class='ocrx_word' id='word_1_480' title='bbox 3196 3393 3295 3456; x_wconf 71' lang='lat'><strong>21.</strong></span> <span class='ocrx_word' id='word_1_481' title='bbox 3327 3406 3450 3458; x_wconf 78' lang='lat' dir='ltr'><strong>quae</strong></span> 
     </span>
    </p>
   </div>
   <div class='ocr_carea' id='block_1_35' title="bbox 183 3475 1754 3562">
    <p class='ocr_par' dir='ltr' id='par_1_35' title="bbox 183 3475 1754 3559">
     <span class='ocr_line' id='line_1_35' title="bbox 183 3475 1754 3559; baseline 0.01 -27"><span class='ocrx_word' id='word_1_482' title='bbox 183 3475 242 3532; x_wconf 84' lang='lat' dir='ltr'><strong>in</strong></span> <span class='ocrx_word' id='word_1_483' title='bbox 265 3486 450 3534; x_wconf 68' lang='lat' dir='ltr'><strong>nostra</strong></span> <span class='ocrx_word' id='word_1_484' title='bbox 467 3479 699 3538; x_wconf 83' lang='lat' dir='ltr'><strong>editione</strong></span> <span class='ocrx_word' id='word_1_485' title='bbox 735 3493 860 3543; x_wconf 85' lang='lat' dir='ltr'><strong>sunt</strong></span> <span class='ocrx_word' id='word_1_486' title='bbox 885 3488 1127 3557; x_wconf 67' lang='lat' dir='ltr'><strong>epistolas</strong></span> <span class='ocrx_word' id='word_1_487' title='bbox 1156 3490 1210 3557; x_wconf 87' lang='lat'><strong>9,</strong></span> <span class='ocrx_word' id='word_1_488' title='bbox 1246 3492 1338 3558; x_wconf 71' lang='lat'><strong>20,</strong></span> <span class='ocrx_word' id='word_1_489' title='bbox 1364 3494 1456 3559; x_wconf 63' lang='grc' dir='ltr'><strong>εἳ,</strong></span> <span class='ocrx_word' id='word_1_490' title='bbox 1479 3492 1569 3558; x_wconf 68' lang='grc'><strong>25,</strong></span> <span class='ocrx_word' id='word_1_491' title='bbox 1601 3494 1692 3559; x_wconf 68' lang='lat'><strong>25,</strong></span> <span class='ocrx_word' id='word_1_492' title='bbox 1719 3493 1754 3548; x_wconf 83' lang='lat'><strong><em>6</em></strong></span> 
     </span>
    </p>
   </div>
   <div class='ocr_carea' id='block_1_36' title="bbox 1875 3475 3446 3562">
    <p class='ocr_par' dir='ltr' id='par_1_36' title="bbox 1879 3485 3446 3562">
     <span class='ocr_line' id='line_1_36' title="bbox 1879 3485 3446 3562; baseline -0.006 -14"><span class='ocrx_word' id='word_1_493' title='bbox 1879 3496 1924 3561; x_wconf 91' lang='grc' dir='ltr'>ι,</span> <span class='ocrx_word' id='word_1_494' title='bbox 1952 3495 2042 3560; x_wconf 89' lang='lat'><strong>69,</strong></span> <span class='ocrx_word' id='word_1_495' title='bbox 2071 3494 2160 3559; x_wconf 88' lang='lat'><strong>70,</strong></span> <span class='ocrx_word' id='word_1_496' title='bbox 2185 3494 2273 3558; x_wconf 79' lang='lat' dir='ltr'><strong>7i,</strong></span> <span class='ocrx_word' id='word_1_497' title='bbox 2301 3493 2389 3562; x_wconf 85' lang='lat'><strong>79,</strong></span> <span class='ocrx_word' id='word_1_498' title='bbox 2411 3493 2502 3560; x_wconf 87' lang='lat'><strong>80,</strong></span> <span class='ocrx_word' id='word_1_499' title='bbox 2537 3492 2627 3557; x_wconf 67' lang='lat'><strong>82,</strong></span> <span class='ocrx_word' id='word_1_500' title='bbox 2657 3493 2748 3556; x_wconf 77' lang='lat'><strong>83,</strong></span> <span class='ocrx_word' id='word_1_501' title='bbox 2776 3488 2865 3556; x_wconf 86' lang='lat'><strong>85,</strong></span> <span class='ocrx_word' id='word_1_502' title='bbox 2897 3489 2983 3556; x_wconf 90' lang='lat'><strong>90,</strong></span> <span class='ocrx_word' id='word_1_503' title='bbox 3018 3487 3140 3554; x_wconf 78' lang='lat' dir='ltr'><strong>H5,</strong></span> <span class='ocrx_word' id='word_1_504' title='bbox 3173 3485 3296 3554; x_wconf 72' lang='grc'><strong>150,</strong></span> <span class='ocrx_word' id='word_1_505' title='bbox 3327 3485 3446 3551; x_wconf 67' lang='grc'>154,</span> 
     </span>
    </p>
   </div>
   <div class='ocr_carea' id='block_1_37' title="bbox 188 3564 3449 3652">
    <p class='ocr_par' dir='ltr' id='par_1_37' title="bbox 188 3564 3449 3652">
     <span class='ocr_line' id='line_1_37' title="bbox 188 3564 3449 3652; baseline 0.004 -33"><span class='ocrx_word' id='word_1_506' title='bbox 188 3564 314 3632; x_wconf 76' lang='grc'><strong>166,</strong></span> <span class='ocrx_word' id='word_1_507' title='bbox 346 3575 399 3623; x_wconf 89' lang='lat' dir='ltr'><strong>et</strong></span> <span class='ocrx_word' id='word_1_508' title='bbox 432 3569 550 3625; x_wconf 80' lang='grc'><strong>168.</strong></span> <span class='ocrx_word' id='word_1_509' title='bbox 579 3571 814 3628; x_wconf 86' lang='lat' dir='ltr'><strong>Tandem</strong></span> <span class='ocrx_word' id='word_1_510' title='bbox 846 3576 898 3630; x_wconf 90' lang='lat' dir='ltr'><strong>in</strong></span> <span class='ocrx_word' id='word_1_511' title='bbox 930 3578 1031 3632; x_wconf 82' lang='lat' dir='ltr'><strong>line</strong></span> <span class='ocrx_word' id='word_1_512' title='bbox 1063 3581 1332 3637; x_wconf 80' lang='lat' dir='ltr'><strong>adduntur</strong></span> <span class='ocrx_word' id='word_1_513' title='bbox 1359 3583 1483 3638; x_wconf 75' lang='lat' dir='ltr'><strong>alite</strong></span> <span class='ocrx_word' id='word_1_514' title='bbox 1510 3583 1754 3652; x_wconf 65' lang='lat' dir='ltr'><strong>epistola:</strong></span> <span class='ocrx_word' id='word_1_515' title='bbox 1783 3592 1913 3648; x_wconf 87' lang='lat' dir='ltr'><strong>tres,</strong></span> <span class='ocrx_word' id='word_1_516' title='bbox 1947 3598 2052 3644; x_wconf 90' lang='lat' dir='ltr'><strong>una</strong></span> <span class='ocrx_word' id='word_1_517' title='bbox 2085 3583 2249 3638; x_wconf 20' lang='lat' dir='ltr'><strong>l‘lilari</strong></span> <span class='ocrx_word' id='word_1_518' title='bbox 2280 3596 2432 3652; x_wconf 67' lang='lat' dir='ltr'><strong>papa</strong></span> <span class='ocrx_word' id='word_1_519' title='bbox 2454 3581 2524 3638; x_wconf 92' lang='lat' dir='ltr'><strong>ad</strong></span> <span class='ocrx_word' id='word_1_520' title='bbox 2556 3581 2868 3646; x_wconf 76' lang='lat' dir='ltr'><strong>Ascanium,</strong></span> <span class='ocrx_word' id='word_1_521' title='bbox 2897 3578 3066 3633; x_wconf 87' lang='lat' dir='ltr'><strong>altera</strong></span> <span class='ocrx_word' id='word_1_522' title='bbox 3097 3575 3352 3645; x_wconf 86' lang='lat' dir='ltr'><strong>Simplicii</strong></span> <span class='ocrx_word' id='word_1_523' title='bbox 3383 3575 3449 3631; x_wconf 87' lang='lat' dir='ltr'><strong>ad</strong></span> 
     </span>
    </p>
   </div>
   <div class='ocr_carea' id='block_1_38' title="bbox 183 3656 3448 3740">
    <p class='ocr_par' dir='ltr' id='par_1_38' title="bbox 183 3656 3448 3740">
     <span class='ocr_line' id='line_1_38' title="bbox 183 3656 3448 3740; baseline -0.005 -7"><span class='ocrx_word' id='word_1_524' title='bbox 183 3656 452 3715; x_wconf 58' lang='lat' dir='ltr'><strong>me”</strong></span> <span class='ocrx_word' id='word_1_525' title='bbox 491 3661 825 3732; x_wconf 65' lang='grc' dir='ltr'><strong>δμδεωειη.</strong></span> <span class='ocrx_word' id='word_1_526' title='bbox 869 3681 932 3722; x_wconf 85' lang='lat' dir='ltr'><strong>ac</strong></span> <span class='ocrx_word' id='word_1_527' title='bbox 963 3671 1119 3727; x_wconf 82' lang='lat' dir='ltr'><strong>tertia</strong></span> <span class='ocrx_word' id='word_1_528' title='bbox 1151 3670 1451 3728; x_wconf 81' lang='lat' dir='ltr'><strong>Innocentii</strong></span> <span class='ocrx_word' id='word_1_529' title='bbox 1481 3673 1550 3728; x_wconf 85' lang='lat' dir='ltr'><strong>ad</strong></span> <span class='ocrx_word' id='word_1_530' title='bbox 1572 3673 1866 3729; x_wconf 76' lang='lat' dir='ltr'><strong>Aurelium.</strong></span> <span class='ocrx_word' id='word_1_531' title='bbox 1902 3673 2000 3727; x_wconf 91' lang='lat' dir='ltr'><strong>llic</strong></span> <span class='ocrx_word' id='word_1_532' title='bbox 2025 3672 2194 3728; x_wconf 84' lang='lat' dir='ltr'><strong>codex</strong></span> <span class='ocrx_word' id='word_1_533' title='bbox 2223 3672 2489 3740; x_wconf 72' lang='lat' dir='ltr'><strong>sequioris</strong></span> <span class='ocrx_word' id='word_1_534' title='bbox 2525 3677 2610 3727; x_wconf 84' lang='lat' dir='ltr'><strong>est</strong></span> <span class='ocrx_word' id='word_1_535' title='bbox 2649 3668 2780 3737; x_wconf 65' lang='lat' dir='ltr'><strong>sevi,</strong></span> <span class='ocrx_word' id='word_1_536' title='bbox 2823 3669 3046 3737; x_wconf 70' lang='lat' dir='ltr'><strong>haecque</strong></span> <span class='ocrx_word' id='word_1_537' title='bbox 3085 3663 3448 3722; x_wconf 81' lang='lat' dir='ltr'><strong>additamenta</strong></span> 
     </span>
    </p>
   </div>
   <div class='ocr_carea' id='block_1_39' title="bbox 182 3747 3448 3834">
    <p class='ocr_par' dir='ltr' id='par_1_39' title="bbox 182 3747 3448 3834">
     <span class='ocr_line' id='line_1_39' title="bbox 182 3747 3448 3834; baseline -0.001 -22"><span class='ocrx_word' id='word_1_538' title='bbox 182 3747 444 3820; x_wconf 78' lang='lat' dir='ltr'><strong>(Dionysii</strong></span> <span class='ocrx_word' id='word_1_539' title='bbox 477 3751 665 3822; x_wconf 82' lang='lat' dir='ltr'><strong>Exigui</strong></span> <span class='ocrx_word' id='word_1_540' title='bbox 694 3757 976 3824; x_wconf 71' lang='lat' dir='ltr'><strong>BpiﬂOIJm</strong></span> <span class='ocrx_word' id='word_1_541' title='bbox 1003 3763 1214 3830; x_wconf 87' lang='lat' dir='ltr'><strong>excipe)</strong></span> <span class='ocrx_word' id='word_1_542' title='bbox 1241 3780 1305 3816; x_wconf 79' lang='lat' dir='ltr'><strong>ex</strong></span> <span class='ocrx_word' id='word_1_543' title='bbox 1335 3763 1630 3819; x_wconf 76' lang='lat' dir='ltr'><strong>lsidoriana</strong></span> <span class='ocrx_word' id='word_1_544' title='bbox 1654 3764 1736 3820; x_wconf 84' lang='lat' dir='ltr'><strong>vel</strong></span> <span class='ocrx_word' id='word_1_545' title='bbox 1767 3764 2052 3834; x_wconf 82' lang='lat' dir='ltr'><strong>Hispanica</strong></span> <span class='ocrx_word' id='word_1_546' title='bbox 2079 3763 2400 3822; x_wconf 81' lang='lat' dir='ltr'><strong>collectione</strong></span> <span class='ocrx_word' id='word_1_547' title='bbox 2425 3763 2678 3820; x_wconf 81' lang='lat' dir='ltr'><strong>librarius</strong></span> <span class='ocrx_word' id='word_1_548' title='bbox 2707 3759 2963 3820; x_wconf 85' lang='lat' dir='ltr'><strong>traduxit.</strong></span> <span class='ocrx_word' id='word_1_549' title='bbox 2988 3757 3120 3816; x_wconf 84' lang='lat' dir='ltr'><strong>Cum</strong></span> <span class='ocrx_word' id='word_1_550' title='bbox 3143 3763 3324 3814; x_wconf 87' lang='lat' dir='ltr'><strong>autem</strong></span> <span class='ocrx_word' id='word_1_551' title='bbox 3347 3771 3448 3810; x_wconf 91' lang='lat' dir='ltr'><strong>an-</strong></span> 
     </span>
    </p>
   </div>
   <div class='ocr_carea' id='block_1_40' title="bbox 177 3841 3448 3930">
    <p class='ocr_par' dir='ltr' id='par_1_40' title="bbox 177 3841 3448 3930">
     <span class='ocr_line' id='line_1_40' title="bbox 177 3841 3448 3930; baseline 0.006 -35"><span class='ocrx_word' id='word_1_552' title='bbox 177 3841 374 3911; x_wconf 75' lang='lat' dir='ltr'><strong>tiquior</strong></span> <span class='ocrx_word' id='word_1_553' title='bbox 408 3852 470 3898; x_wconf 83' lang='lat' dir='ltr'><strong>et</strong></span> <span class='ocrx_word' id='word_1_554' title='bbox 498 3845 680 3914; x_wconf 87' lang='lat' dir='ltr'><strong>purior</strong></span> <span class='ocrx_word' id='word_1_555' title='bbox 723 3847 794 3902; x_wconf 85' lang='lat' dir='ltr'><strong>sit</strong></span> <span class='ocrx_word' id='word_1_556' title='bbox 832 3849 1035 3918; x_wconf 85' lang='lat' dir='ltr'><strong>primus</strong></span> <span class='ocrx_word' id='word_1_557' title='bbox 1075 3854 1244 3910; x_wconf 78' lang='lat' dir='ltr'><strong>codex</strong></span> <span class='ocrx_word' id='word_1_558' title='bbox 1286 3855 1572 3911; x_wconf 70' lang='lat' dir='ltr'><strong>Cmsareus</strong></span> <span class='ocrx_word' id='word_1_559' title='bbox 1605 3855 1764 3911; x_wconf 81' lang='lat' dir='ltr'><strong>Vind.</strong></span> <span class='ocrx_word' id='word_1_560' title='bbox 1793 3856 1884 3920; x_wconf 71' lang='lat'><strong>59,</strong></span> <span class='ocrx_word' id='word_1_561' title='bbox 1919 3856 2033 3924; x_wconf 83' lang='lat' dir='ltr'><strong>ejus</strong></span> <span class='ocrx_word' id='word_1_562' title='bbox 2062 3854 2333 3926; x_wconf 86' lang='lat' dir='ltr'><strong>praecipue</strong></span> <span class='ocrx_word' id='word_1_563' title='bbox 2361 3854 2753 3911; x_wconf 82' lang='lat' dir='ltr'><strong>exactissimam</strong></span> <span class='ocrx_word' id='word_1_564' title='bbox 2799 3850 3137 3907; x_wconf 88' lang='lat' dir='ltr'><strong>collationem</strong></span> <span class='ocrx_word' id='word_1_565' title='bbox 3185 3862 3290 3904; x_wconf 89' lang='lat' dir='ltr'><strong>non</strong></span> <span class='ocrx_word' id='word_1_566' title='bbox 3344 3849 3448 3930; x_wconf 75' lang='lat' dir='ltr'><strong>leVi</strong></span> 
     </span>
    </p>
   </div>
   <div class='ocr_carea' id='block_1_41' title="bbox 178 3936 3447 4020">
    <p class='ocr_par' dir='ltr' id='par_1_41' title="bbox 178 3936 3447 4020">
     <span class='ocr_line' id='line_1_41' title="bbox 178 3936 3447 4020; baseline 0 -30"><span class='ocrx_word' id='word_1_567' title='bbox 178 3945 390 4006; x_wconf 85' lang='lat' dir='ltr'><strong>sumptu</strong></span> <span class='ocrx_word' id='word_1_568' title='bbox 418 3941 575 3996; x_wconf 90' lang='lat' dir='ltr'><strong>nobis</strong></span> <span class='ocrx_word' id='word_1_569' title='bbox 602 3946 1029 4013; x_wconf 82' lang='lat' dir='ltr'><strong>comparavimns</strong></span> <span class='ocrx_word' id='word_1_570' title='bbox 1054 3963 1070 4000; x_wconf 89' lang='lat'><strong>:</strong></span> <span class='ocrx_word' id='word_1_571' title='bbox 1099 3963 1201 4003; x_wconf 89' lang='lat' dir='ltr'><strong>nec</strong></span> <span class='ocrx_word' id='word_1_572' title='bbox 1225 3958 1406 4008; x_wconf 85' lang='lat' dir='ltr'><strong>tamen</strong></span> <span class='ocrx_word' id='word_1_573' title='bbox 1447 3949 1784 4020; x_wconf 71' lang='lat' dir='ltr'><strong>negleximus</strong></span> <span class='ocrx_word' id='word_1_574' title='bbox 1817 3952 2044 4008; x_wconf 80' lang='lat' dir='ltr'><strong>alterum</strong></span> <span class='ocrx_word' id='word_1_575' title='bbox 2071 3949 2138 4005; x_wconf 88' lang='lat' dir='ltr'><strong>iis</strong></span> <span class='ocrx_word' id='word_1_576' title='bbox 2174 3949 2228 4004; x_wconf 90' lang='lat' dir='ltr'><strong>in</strong></span> <span class='ocrx_word' id='word_1_577' title='bbox 2257 3949 2413 4014; x_wconf 86' lang='lat' dir='ltr'><strong>locis,</strong></span> <span class='ocrx_word' id='word_1_578' title='bbox 2443 3962 2563 4018; x_wconf 76' lang='lat' dir='ltr'><strong>quae</strong></span> <span class='ocrx_word' id='word_1_579' title='bbox 2590 3945 2888 4016; x_wconf 87' lang='lat' dir='ltr'><strong>plurimum</strong></span> <span class='ocrx_word' id='word_1_580' title='bbox 2926 3944 3185 3998; x_wconf 86' lang='lat' dir='ltr'><strong>interesse</strong></span> <span class='ocrx_word' id='word_1_581' title='bbox 3213 3936 3447 3995; x_wconf 89' lang='lat' dir='ltr'><strong>credidi-</strong></span> 
     </span>
    </p>
   </div>
   <div class='ocr_carea' id='block_1_42' title="bbox 175 4030 3444 4112">
    <p class='ocr_par' dir='ltr' id='par_1_42' title="bbox 175 4030 3444 4112">
     <span class='ocr_line' id='line_1_42' title="bbox 175 4030 3444 4112; baseline -0.001 -25"><span class='ocrx_word' id='word_1_582' title='bbox 175 4041 318 4085; x_wconf 75' lang='grc' dir='ltr'><strong>επις.</strong></span> <span class='ocrx_word' id='word_1_583' title='bbox 344 4030 536 4102; x_wconf 78' lang='lat' dir='ltr'><strong>Neque</strong></span> <span class='ocrx_word' id='word_1_584' title='bbox 563 4049 690 4091; x_wconf 83' lang='lat' dir='ltr'><strong>vero</strong></span> <span class='ocrx_word' id='word_1_585' title='bbox 719 4038 1159 4105; x_wconf 70' lang='lat' dir='ltr'><strong>prctermisimae</strong></span> <span class='ocrx_word' id='word_1_586' title='bbox 1180 4041 1316 4096; x_wconf 86' lang='lat' dir='ltr'><strong>alios</strong></span> <span class='ocrx_word' id='word_1_587' title='bbox 1337 4043 1582 4112; x_wconf 83' lang='lat' dir='ltr'><strong>ejusdem</strong></span> <span class='ocrx_word' id='word_1_588' title='bbox 1603 4042 1940 4100; x_wconf 88' lang='lat' dir='ltr'><strong>collectionis</strong></span> <span class='ocrx_word' id='word_1_589' title='bbox 1969 4042 2203 4108; x_wconf 82' lang='lat' dir='ltr'><strong>codices,</strong></span> <span class='ocrx_word' id='word_1_590' title='bbox 2231 4041 2404 4098; x_wconf 83' lang='lat' dir='ltr'><strong>sicubi</strong></span> <span class='ocrx_word' id='word_1_591' title='bbox 2421 4056 2490 4096; x_wconf 87' lang='lat' dir='ltr'><strong>ex</strong></span> <span class='ocrx_word' id='word_1_592' title='bbox 2521 4040 2650 4110; x_wconf 84' lang='lat' dir='ltr'><strong>ipsis</strong></span> <span class='ocrx_word' id='word_1_593' title='bbox 2674 4039 2852 4109; x_wconf 85' lang='lat' dir='ltr'><strong>aliqua</strong></span> <span class='ocrx_word' id='word_1_594' title='bbox 2882 4033 3199 4093; x_wconf 88' lang='lat' dir='ltr'><strong>documenta</strong></span> <span class='ocrx_word' id='word_1_595' title='bbox 3231 4033 3299 4090; x_wconf 89' lang='lat' dir='ltr'><strong>ab</strong></span> <span class='ocrx_word' id='word_1_596' title='bbox 3323 4030 3444 4089; x_wconf 87' lang='lat' dir='ltr'><strong>aliis</strong></span> 
     </span>
    </p>
   </div>
   <div class='ocr_carea' id='block_1_43' title="bbox 177 4121 3446 4207">
    <p class='ocr_par' dir='ltr' id='par_1_43' title="bbox 177 4121 3446 4207">
     <span class='ocr_line' id='line_1_43' title="bbox 177 4121 3446 4207; baseline 0.002 -32"><span class='ocrx_word' id='word_1_597' title='bbox 177 4121 333 4192; x_wconf 89' lang='lat' dir='ltr'><strong>edita,</strong></span> <span class='ocrx_word' id='word_1_598' title='bbox 378 4127 471 4183; x_wconf 90' lang='lat' dir='ltr'><strong>vel</strong></span> <span class='ocrx_word' id='word_1_599' title='bbox 499 4130 781 4186; x_wconf 79' lang='lat' dir='ltr'><strong>emendata</strong></span> <span class='ocrx_word' id='word_1_600' title='bbox 807 4131 1126 4190; x_wconf 66' lang='lat' dir='ltr'><strong>detraximus.</strong></span> <span class='ocrx_word' id='word_1_601' title='bbox 1167 4135 1304 4191; x_wconf 79' lang='lat' dir='ltr'><strong>illuc</strong></span> <span class='ocrx_word' id='word_1_602' title='bbox 1335 4137 1620 4207; x_wconf 67' lang='lat' dir='ltr'><strong>diligenter</strong></span> <span class='ocrx_word' id='word_1_603' title='bbox 1646 4138 2064 4207; x_wconf 78' lang='lat' dir='ltr'><strong>recognovimns</strong></span> <span class='ocrx_word' id='word_1_604' title='bbox 2091 4150 2211 4206; x_wconf 76' lang='lat' dir='ltr'><strong>quae</strong></span> <span class='ocrx_word' id='word_1_605' title='bbox 2245 4134 2332 4189; x_wconf 87' lang='lat' dir='ltr'><strong>vel</strong></span> <span class='ocrx_word' id='word_1_606' title='bbox 2360 4133 2627 4196; x_wconf 88' lang='lat' dir='ltr'><strong>Crabbus,</strong></span> <span class='ocrx_word' id='word_1_607' title='bbox 2660 4131 2742 4185; x_wconf 88' lang='lat' dir='ltr'><strong>vel</strong></span> <span class='ocrx_word' id='word_1_608' title='bbox 2775 4128 3069 4192; x_wconf 87' lang='lat' dir='ltr'><strong>Baronins,</strong></span> <span class='ocrx_word' id='word_1_609' title='bbox 3106 4122 3446 4183; x_wconf 70' lang='lat' dir='ltr'><strong>Sirmoudus.</strong></span> 
     </span>
    </p>
   </div>
   <div class='ocr_carea' id='block_1_44' title="bbox 177 4209 3451 4296">
    <p class='ocr_par' dir='ltr' id='par_1_44' title="bbox 177 4209 3451 4296">
     <span class='ocr_line' id='line_1_44' title="bbox 177 4209 3451 4296; baseline -0 -27"><span class='ocrx_word' id='word_1_610' title='bbox 177 4209 447 4281; x_wconf 57' lang='lat' dir='ltr'><strong>“alia,</strong></span> <span class='ocrx_word' id='word_1_611' title='bbox 471 4215 844 4287; x_wconf 73' lang='lat' dir='ltr'><strong>Constantine,</strong></span> <span class='ocrx_word' id='word_1_612' title='bbox 881 4222 1078 4292; x_wconf 84' lang='lat' dir='ltr'><strong>aliique</strong></span> <span class='ocrx_word' id='word_1_613' title='bbox 1107 4235 1440 4281; x_wconf 85' lang='lat' dir='ltr'><strong>vetustorum</strong></span> <span class='ocrx_word' id='word_1_614' title='bbox 1477 4226 1872 4296; x_wconf 76' lang='lat' dir='ltr'><strong>exemplarium</strong></span> <span class='ocrx_word' id='word_1_615' title='bbox 1912 4223 2133 4282; x_wconf 84' lang='lat' dir='ltr'><strong>solliciti</strong></span> <span class='ocrx_word' id='word_1_616' title='bbox 2168 4231 2495 4282; x_wconf 81' lang='lat' dir='ltr'><strong>scrutatores</strong></span> <span class='ocrx_word' id='word_1_617' title='bbox 2523 4235 2588 4278; x_wconf 84' lang='lat' dir='ltr'><strong>ex</strong></span> <span class='ocrx_word' id='word_1_618' title='bbox 2617 4221 2799 4291; x_wconf 81' lang='lat' dir='ltr'><strong>aliquo</strong></span> <span class='ocrx_word' id='word_1_619' title='bbox 2823 4217 3087 4289; x_wconf 82' lang='lat' dir='ltr'><strong>ejusmodi</strong></span> <span class='ocrx_word' id='word_1_620' title='bbox 3107 4215 3294 4272; x_wconf 89' lang='lat' dir='ltr'><strong>codice</strong></span> <span class='ocrx_word' id='word_1_621' title='bbox 3319 4228 3451 4288; x_wconf 83' lang='lat' dir='ltr'><strong>pro-</strong></span> 
     </span>
    </p>
   </div>
   <div class='ocr_carea' id='block_1_45' title="bbox 172 4302 3447 4385">
    <p class='ocr_par' dir='ltr' id='par_1_45' title="bbox 172 4302 3447 4385">
     <span class='ocr_line' id='line_1_45' title="bbox 172 4302 3447 4385; baseline -0.002 -23"><span class='ocrx_word' id='word_1_622' title='bbox 172 4302 470 4363; x_wconf 73' lang='lat' dir='ltr'><strong>duxerunt.</strong></span> <span class='ocrx_word' id='word_1_623' title='bbox 502 4309 576 4365; x_wconf 81' lang='lat' dir='ltr'><strong>lis</strong></span> <span class='ocrx_word' id='word_1_624' title='bbox 598 4320 782 4367; x_wconf 78' lang='lat' dir='ltr'><strong>autem</strong></span> <span class='ocrx_word' id='word_1_625' title='bbox 809 4313 1064 4370; x_wconf 72' lang='lat' dir='ltr'><strong>subsidiis</strong></span> <span class='ocrx_word' id='word_1_626' title='bbox 1093 4316 1232 4372; x_wconf 80' lang='lat' dir='ltr'><strong>hanc</strong></span> <span class='ocrx_word' id='word_1_627' title='bbox 1254 4318 1674 4373; x_wconf 80' lang='lat' dir='ltr'><strong>vetustissimam</strong></span> <span class='ocrx_word' id='word_1_628' title='bbox 1699 4316 2078 4376; x_wconf 84' lang='lat' dir='ltr'><strong>collectionem</strong></span> <span class='ocrx_word' id='word_1_629' title='bbox 2099 4314 2388 4385; x_wconf 71' lang='lat' dir='ltr'><strong>integram,</strong></span> <span class='ocrx_word' id='word_1_630' title='bbox 2413 4327 2447 4370; x_wconf 90' lang='lat' dir='ltr'><strong>a</strong></span> <span class='ocrx_word' id='word_1_631' title='bbox 2482 4315 2580 4384; x_wconf 79' lang='grc' dir='ltr'><strong>ιι</strong></span> <span class='ocrx_word' id='word_1_632' title='bbox 2611 4309 2858 4383; x_wconf 86' lang='lat' dir='ltr'><strong>pluribus</strong></span> <span class='ocrx_word' id='word_1_633' title='bbox 2884 4307 3096 4366; x_wconf 87' lang='lat' dir='ltr'><strong>mendis</strong></span> <span class='ocrx_word' id='word_1_634' title='bbox 3123 4313 3447 4369; x_wconf 88' lang='lat' dir='ltr'><strong>correctam,</strong></span> 
     </span>
    </p>
   </div>
   <div class='ocr_carea' id='block_1_46' title="bbox 174 4399 1563 4470">
    <p class='ocr_par' dir='ltr' id='par_1_46' title="bbox 174 4399 1563 4470">
     <span class='ocr_line' id='line_1_46' title="bbox 174 4399 1563 4470; baseline 0.011 -20"><span class='ocrx_word' id='word_1_635' title='bbox 174 4405 223 4450; x_wconf 84' lang='lat' dir='ltr'><strong>et</strong></span> <span class='ocrx_word' id='word_1_636' title='bbox 239 4399 592 4470; x_wconf 72' lang='lat' dir='ltr'><strong>primigenia:</strong></span> <span class='ocrx_word' id='word_1_637' title='bbox 614 4402 800 4461; x_wconf 70' lang='lat' dir='ltr'><strong>formae</strong></span> <span class='ocrx_word' id='word_1_638' title='bbox 834 4408 1134 4464; x_wconf 85' lang='lat' dir='ltr'><strong>restitutam</strong></span> <span class='ocrx_word' id='word_1_639' title='bbox 1165 4409 1563 4466; x_wconf 86' lang='lat' dir='ltr'><strong>exhibebimus.</strong></span> 
     </span>
    </p>
   </div>
   <div class='ocr_carea' id='block_1_47' title="bbox 234 4486 3452 4572">
    <p class='ocr_par' dir='ltr' id='par_1_47' title="bbox 234 4486 3452 4572">
     <span class='ocr_line' id='line_1_47' title="bbox 234 4486 3452 4572; baseline -0.001 -27"><span class='ocrx_word' id='word_1_640' title='bbox 234 4491 288 4546; x_wconf 82' lang='lat'><strong>7.</strong></span> <span class='ocrx_word' id='word_1_641' title='bbox 314 4491 395 4547; x_wconf 88' lang='lat' dir='ltr'><strong>Ut</strong></span> <span class='ocrx_word' id='word_1_642' title='bbox 417 4503 600 4549; x_wconf 72' lang='lat' dir='ltr'><strong>autem</strong></span> <span class='ocrx_word' id='word_1_643' title='bbox 622 4496 825 4567; x_wconf 81' lang='lat' dir='ltr'><strong>aliquid</strong></span> <span class='ocrx_word' id='word_1_644' title='bbox 849 4500 1034 4555; x_wconf 87' lang='lat' dir='ltr'><strong>utilius</strong></span> <span class='ocrx_word' id='word_1_645' title='bbox 1065 4501 1372 4567; x_wconf 77' lang='lat' dir='ltr'><strong>accederet,</strong></span> <span class='ocrx_word' id='word_1_646' title='bbox 1399 4500 1754 4558; x_wconf 66' lang='lat' dir='ltr'><strong>confarendas</strong></span> <span class='ocrx_word' id='word_1_647' title='bbox 1786 4502 1988 4572; x_wconf 78' lang='lat' dir='ltr'><strong>pariter</strong></span> <span class='ocrx_word' id='word_1_648' title='bbox 2022 4499 2336 4556; x_wconf 83' lang='lat' dir='ltr'><strong>censuimus</strong></span> <span class='ocrx_word' id='word_1_649' title='bbox 2359 4496 2495 4555; x_wconf 82' lang='lat' dir='ltr'><strong>alias</strong></span> <span class='ocrx_word' id='word_1_650' title='bbox 2524 4506 2658 4551; x_wconf 79' lang='lat' dir='ltr'><strong>mss.</strong></span> <span class='ocrx_word' id='word_1_651' title='bbox 2687 4490 3020 4562; x_wconf 77' lang='lat' dir='ltr'><strong>antiquiores</strong></span> <span class='ocrx_word' id='word_1_652' title='bbox 3052 4496 3108 4546; x_wconf 88' lang='lat' dir='ltr'><strong>et</strong></span> <span class='ocrx_word' id='word_1_653' title='bbox 3137 4486 3452 4558; x_wconf 82' lang='lat' dir='ltr'><strong>plerumque</strong></span> 
     </span>
    </p>
   </div>
   <div class='ocr_carea' id='block_1_48' title="bbox 173 4579 3452 4658">
    <p class='ocr_par' dir='ltr' id='par_1_48' title="bbox 173 4579 3452 4658">
     <span class='ocr_line' id='line_1_48' title="bbox 173 4579 3452 4658; baseline 0.001 -27"><span class='ocrx_word' id='word_1_654' title='bbox 173 4579 382 4647; x_wconf 74' lang='lat' dir='ltr'><strong>ignotas</strong></span> <span class='ocrx_word' id='word_1_655' title='bbox 413 4583 780 4654; x_wconf 90' lang='lat' dir='ltr'><strong>collectiones,</strong></span> <span class='ocrx_word' id='word_1_656' title='bbox 819 4588 870 4642; x_wconf 91' lang='lat' dir='ltr'><strong>in</strong></span> <span class='ocrx_word' id='word_1_657' title='bbox 900 4591 1093 4658; x_wconf 81' lang='lat' dir='ltr'><strong>quibus</strong></span> <span class='ocrx_word' id='word_1_658' title='bbox 1120 4592 1164 4646; x_wconf 91' lang='lat' dir='ltr'><strong>si</strong></span> <span class='ocrx_word' id='word_1_659' title='bbox 1196 4607 1303 4646; x_wconf 88' lang='lat' dir='ltr'><strong>non</strong></span> <span class='ocrx_word' id='word_1_660' title='bbox 1333 4592 1536 4658; x_wconf 86' lang='lat' dir='ltr'><strong>omnia,</strong></span> <span class='ocrx_word' id='word_1_661' title='bbox 1571 4600 1722 4648; x_wconf 83' lang='lat' dir='ltr'><strong>certe</strong></span> <span class='ocrx_word' id='word_1_662' title='bbox 1762 4592 1877 4650; x_wconf 85' lang='lat' dir='ltr'><strong>iere</strong></span> <span class='ocrx_word' id='word_1_663' title='bbox 1918 4592 2102 4648; x_wconf 79' lang='lat' dir='ltr'><strong>omnia</strong></span> <span class='ocrx_word' id='word_1_664' title='bbox 2137 4589 2310 4648; x_wconf 85' lang='lat' dir='ltr'><strong>nostri</strong></span> <span class='ocrx_word' id='word_1_665' title='bbox 2357 4586 2561 4646; x_wconf 87' lang='lat' dir='ltr'><strong>codicis</strong></span> <span class='ocrx_word' id='word_1_666' title='bbox 2589 4585 2910 4642; x_wconf 82' lang='lat' dir='ltr'><strong>documenta</strong></span> <span class='ocrx_word' id='word_1_667' title='bbox 2939 4581 3028 4640; x_wconf 89' lang='lat' dir='ltr'><strong>hic</strong></span> <span class='ocrx_word' id='word_1_668' title='bbox 3068 4579 3180 4638; x_wconf 88' lang='lat' dir='ltr'><strong>illic</strong></span> <span class='ocrx_word' id='word_1_669' title='bbox 3209 4579 3452 4651; x_wconf 85' lang='lat' dir='ltr'><strong>dispersa</strong></span> 
     </span>
    </p>
   </div>
   <div class='ocr_carea' id='block_1_49' title="bbox 165 4671 3452 4755">
    <p class='ocr_par' dir='ltr' id='par_1_49' title="bbox 165 4671 3452 4755">
     <span class='ocr_line' id='line_1_49' title="bbox 165 4671 3452 4755; baseline -0.001 -25"><span class='ocrx_word' id='word_1_670' title='bbox 165 4676 414 4743; x_wconf 67' lang='lat' dir='ltr'><strong>reperire</strong></span> <span class='ocrx_word' id='word_1_671' title='bbox 449 4691 558 4731; x_wconf 71' lang='lat' dir='ltr'><strong>non</strong></span> <span class='ocrx_word' id='word_1_672' title='bbox 584 4677 845 4735; x_wconf 77' lang='lat' dir='ltr'><strong>inutiliter</strong></span> <span class='ocrx_word' id='word_1_673' title='bbox 875 4682 1050 4738; x_wconf 75' lang='lat' dir='ltr'><strong>licuit.</strong></span> <span class='ocrx_word' id='word_1_674' title='bbox 1079 4683 1357 4752; x_wconf 77' lang='lat' dir='ltr'><strong>Ejusmodi</strong></span> <span class='ocrx_word' id='word_1_675' title='bbox 1395 4693 1524 4740; x_wconf 82' lang='lat' dir='ltr'><strong>sunt</strong></span> <span class='ocrx_word' id='word_1_676' title='bbox 1545 4693 1658 4750; x_wconf 78' lang='lat' dir='ltr'><strong>tres</strong></span> <span class='ocrx_word' id='word_1_677' title='bbox 1688 4684 2152 4755; x_wconf 81' lang='lat' dir='ltr'><strong>praestantissimae</strong></span> <span class='ocrx_word' id='word_1_678' title='bbox 2177 4681 2526 4742; x_wconf 82' lang='lat' dir='ltr'><strong>collectiones</strong></span> <span class='ocrx_word' id='word_1_679' title='bbox 2561 4678 2620 4736; x_wconf 88' lang='lat' dir='ltr'><strong>in</strong></span> <span class='ocrx_word' id='word_1_680' title='bbox 2655 4674 2998 4734; x_wconf 81' lang='lat' dir='ltr'><strong>bibliothecis</strong></span> <span class='ocrx_word' id='word_1_681' title='bbox 3030 4671 3286 4730; x_wconf 79' lang='lat' dir='ltr'><strong>Romanis</strong></span> <span class='ocrx_word' id='word_1_682' title='bbox 3317 4684 3452 4728; x_wconf 84' lang='lat' dir='ltr'><strong>con-</strong></span> 
     </span>
    </p>
   </div>
   <div class='ocr_carea' id='block_1_50' title="bbox 165 4763 3451 4846">
    <p class='ocr_par' dir='ltr' id='par_1_50' title="bbox 165 4763 3451 4846">
     <span class='ocr_line' id='line_1_50' title="bbox 165 4763 3451 4846; baseline -0.002 -19"><span class='ocrx_word' id='word_1_683' title='bbox 165 4776 428 4833; x_wconf 67' lang='lat' dir='ltr'><strong>m,</strong></span> <span class='ocrx_word' id='word_1_684' title='bbox 456 4783 682 4837; x_wconf 71' lang='lat' dir='ltr'><strong>quarum</strong></span> <span class='ocrx_word' id='word_1_685' title='bbox 715 4772 883 4840; x_wconf 79' lang='lat' dir='ltr'><strong>prima</strong></span> <span class='ocrx_word' id='word_1_686' title='bbox 911 4783 1089 4829; x_wconf 80' lang='lat' dir='ltr'><strong>exstat</strong></span> <span class='ocrx_word' id='word_1_687' title='bbox 1121 4777 1178 4830; x_wconf 87' lang='lat' dir='ltr'><strong>in</strong></span> <span class='ocrx_word' id='word_1_688' title='bbox 1208 4793 1311 4831; x_wconf 87' lang='lat' dir='ltr'><strong>ms.</strong></span> <span class='ocrx_word' id='word_1_689' title='bbox 1345 4775 1466 4831; x_wconf 77' lang='lat' dir='ltr'><strong>Vat.</strong></span> <span class='ocrx_word' id='word_1_690' title='bbox 1499 4777 1720 4846; x_wconf 72' lang='lat' dir='ltr'><strong>Regina</strong></span> <span class='ocrx_word' id='word_1_691' title='bbox 1741 4777 1902 4844; x_wconf 63' lang='lat'><strong>£097,</strong></span> <span class='ocrx_word' id='word_1_692' title='bbox 1927 4776 2166 4834; x_wconf 79' lang='lat' dir='ltr'><strong>secunda</strong></span> <span class='ocrx_word' id='word_1_693' title='bbox 2200 4775 2256 4832; x_wconf 83' lang='lat' dir='ltr'><strong>in</strong></span> <span class='ocrx_word' id='word_1_694' title='bbox 2288 4773 2407 4833; x_wconf 83' lang='lat' dir='ltr'><strong>Vat.</strong></span> <span class='ocrx_word' id='word_1_695' title='bbox 2433 4771 2576 4832; x_wconf 69' lang='grc'><strong>1542</strong></span> <span class='ocrx_word' id='word_1_696' title='bbox 2605 4780 2660 4830; x_wconf 87' lang='lat' dir='ltr'><strong>et</strong></span> <span class='ocrx_word' id='word_1_697' title='bbox 2686 4769 2981 4830; x_wconf 83' lang='lat' dir='ltr'><strong>Barberino</strong></span> <span class='ocrx_word' id='word_1_698' title='bbox 3008 4767 3175 4837; x_wconf 73' lang='lat'>2888,</span> <span class='ocrx_word' id='word_1_699' title='bbox 3215 4767 3368 4825; x_wconf 83' lang='lat' dir='ltr'><strong>tertia</strong></span> <span class='ocrx_word' id='word_1_700' title='bbox 3394 4763 3451 4820; x_wconf 89' lang='lat' dir='ltr'><strong>in</strong></span> 
     </span>
    </p>
   </div>
   <div class='ocr_carea' id='block_1_51' title="bbox 172 4860 3450 4941">
    <p class='ocr_par' dir='ltr' id='par_1_51' title="bbox 172 4860 3450 4941">
     <span class='ocr_line' id='line_1_51' title="bbox 172 4860 3450 4941; baseline 0.002 -29"><span class='ocrx_word' id='word_1_701' title='bbox 172 4861 423 4924; x_wconf 71' lang='lat' dir='ltr'><strong>pluribus</strong></span> <span class='ocrx_word' id='word_1_702' title='bbox 450 4862 570 4917; x_wconf 88' lang='lat' dir='ltr'><strong>aliis</strong></span> <span class='ocrx_word' id='word_1_703' title='bbox 598 4864 869 4922; x_wconf 71' lang='lat' dir='ltr'><strong>codicibus</strong></span> <span class='ocrx_word' id='word_1_704' title='bbox 903 4867 1256 4932; x_wconf 75' lang='lat' dir='ltr'><strong>Additionum</strong></span> <span class='ocrx_word' id='word_1_705' title='bbox 1291 4869 1554 4941; x_wconf 77' lang='lat' dir='ltr'><strong>Dionysii.</strong></span> <span class='ocrx_word' id='word_1_706' title='bbox 1601 4870 1860 4927; x_wconf 77' lang='lat' dir='ltr'><strong>Nonnihil</strong></span> <span class='ocrx_word' id='word_1_707' title='bbox 1889 4871 2051 4926; x_wconf 75' lang='lat' dir='ltr'><strong>etiam</strong></span> <span class='ocrx_word' id='word_1_708' title='bbox 2085 4869 2366 4927; x_wconf 77' lang='lat' dir='ltr'><strong>contulere</strong></span> <span class='ocrx_word' id='word_1_709' title='bbox 2405 4864 2735 4935; x_wconf 83' lang='lat' dir='ltr'><strong>exemplaria</strong></span> <span class='ocrx_word' id='word_1_710' title='bbox 2777 4861 2991 4929; x_wconf 77' lang='lat' dir='ltr'><strong>lsidori,</strong></span> <span class='ocrx_word' id='word_1_711' title='bbox 3021 4860 3112 4935; x_wconf 84' lang='lat' dir='ltr'><strong>qui</strong></span> <span class='ocrx_word' id='word_1_712' title='bbox 3157 4873 3223 4918; x_wconf 79' lang='lat' dir='ltr'><strong>ex</strong></span> <span class='ocrx_word' id='word_1_713' title='bbox 3255 4866 3450 4934; x_wconf 76' lang='lat' dir='ltr'><strong>nostra</strong></span> 
     </span>
    </p>
   </div>
   <div class='ocr_carea' id='block_1_52' title="bbox 171 4949 3450 5031">
    <p class='ocr_par' dir='ltr' id='par_1_52' title="bbox 171 4949 3450 5031">
     <span class='ocr_line' id='line_1_52' title="bbox 171 4949 3450 5031; baseline 0 -29"><span class='ocrx_word' id='word_1_714' title='bbox 171 4949 496 5008; x_wconf 88' lang='lat' dir='ltr'><strong>collectione</strong></span> <span class='ocrx_word' id='word_1_715' title='bbox 523 4968 629 5009; x_wconf 91' lang='lat' dir='ltr'><strong>non</strong></span> <span class='ocrx_word' id='word_1_716' title='bbox 661 4969 824 5025; x_wconf 87' lang='lat' dir='ltr'><strong>pauca</strong></span> <span class='ocrx_word' id='word_1_717' title='bbox 846 4957 1083 5028; x_wconf 89' lang='lat' dir='ltr'><strong>&#39;recepit.</strong></span> <span class='ocrx_word' id='word_1_718' title='bbox 1116 4961 1476 5016; x_wconf 88' lang='lat' dir='ltr'><strong>Aceesserunt</strong></span> <span class='ocrx_word' id='word_1_719' title='bbox 1501 4961 1619 5015; x_wconf 83' lang='lat' dir='ltr'><strong>aliae</strong></span> <span class='ocrx_word' id='word_1_720' title='bbox 1647 4970 1756 5015; x_wconf 88' lang='lat' dir='ltr'><strong>tres</strong></span> <span class='ocrx_word' id='word_1_721' title='bbox 1783 4961 2086 5031; x_wconf 88' lang='lat' dir='ltr'><strong>peculiares</strong></span> <span class='ocrx_word' id='word_1_722' title='bbox 2115 4959 2464 5015; x_wconf 89' lang='lat' dir='ltr'><strong>collectiones</strong></span> <span class='ocrx_word' id='word_1_723' title='bbox 2488 4955 2886 5024; x_wconf 80' lang='lat' dir='ltr'><strong>mannscriptae,</strong></span> <span class='ocrx_word' id='word_1_724' title='bbox 2917 4965 3140 5022; x_wconf 90' lang='lat' dir='ltr'><strong>quarum</strong></span> <span class='ocrx_word' id='word_1_725' title='bbox 3171 4949 3290 5004; x_wconf 69' lang='lat' dir='ltr'><strong>dum</strong></span> <span class='ocrx_word' id='word_1_726' title='bbox 3320 4962 3450 5004; x_wconf 89' lang='lat' dir='ltr'><strong>con-</strong></span> 
     </span>
    </p>
   </div>
   <div class='ocr_carea' id='block_1_53' title="bbox 166 5037 3452 5136">
    <p class='ocr_par' dir='ltr' id='par_1_53' title="bbox 166 5037 3452 5136">
     <span class='ocr_line' id='line_1_53' title="bbox 166 5037 3452 5136; baseline -0.002 -41"><span class='ocrx_word' id='word_1_727' title='bbox 166 5041 417 5099; x_wconf 62' lang='lat' dir='ltr'><strong>tinentur</strong></span> <span class='ocrx_word' id='word_1_728' title='bbox 455 5043 513 5100; x_wconf 87' lang='lat' dir='ltr'><strong>in</strong></span> <span class='ocrx_word' id='word_1_729' title='bbox 545 5043 754 5104; x_wconf 79' lang='lat' dir='ltr'><strong>duobus</strong></span> <span class='ocrx_word' id='word_1_730' title='bbox 779 5048 1054 5105; x_wconf 78' lang='lat' dir='ltr'><strong>codicibus</strong></span> <span class='ocrx_word' id='word_1_731' title='bbox 1085 5051 1302 5122; x_wconf 85' lang='lat' dir='ltr'><strong>capituli</strong></span> <span class='ocrx_word' id='word_1_732' title='bbox 1340 5051 1668 5108; x_wconf 73' lang='lat' dir='ltr'><strong>Veronensis</strong></span> <span class='ocrx_word' id='word_1_733' title='bbox 1697 5053 1766 5107; x_wconf 76' lang='lat'>85</span> <span class='ocrx_word' id='word_1_734' title='bbox 1801 5060 1858 5107; x_wconf 89' lang='lat' dir='ltr'><strong>et</strong></span> <span class='ocrx_word' id='word_1_735' title='bbox 1889 5051 1978 5118; x_wconf 79' lang='lat'><strong>68,</strong></span> <span class='ocrx_word' id='word_1_736' title='bbox 2023 5051 2114 5122; x_wconf 84' lang='lat' dir='ltr'><strong>qui</strong></span> <span class='ocrx_word' id='word_1_737' title='bbox 2158 5064 2256 5120; x_wconf 89' lang='lat' dir='ltr'><strong>pro</strong></span> <span class='ocrx_word' id='word_1_738' title='bbox 2295 5047 2592 5104; x_wconf 85' lang='lat' dir='ltr'><strong>canonibns</strong></span> <span class='ocrx_word' id='word_1_739' title='bbox 2624 5043 2936 5136; x_wconf 61' lang='lat' dir='ltr'><strong>Grecorum</strong></span> <span class='ocrx_word' id='word_1_740' title='bbox 2966 5037 3452 5136; x_wconf 39' lang='lat' dir='ltr'><strong>syri-darnm‘usni</strong></span> 
     </span>
    </p>
   </div>
   <div class='ocr_carea' id='block_1_54' title="bbox 167 5127 3450 5227">
    <p class='ocr_par' dir='ltr' id='par_1_54' title="bbox 167 5127 3450 5227">
     <span class='ocr_line' id='line_1_54' title="bbox 167 5127 3450 5227; baseline -0.004 -36"><span class='ocrx_word' id='word_1_741' title='bbox 167 5133 350 5204; x_wconf 75' lang='lat' dir='ltr'><strong>fuere;</strong></span> <span class='ocrx_word' id='word_1_742' title='bbox 396 5141 554 5195; x_wconf 84' lang='lat' dir='ltr'><strong>tertia</strong></span> <span class='ocrx_word' id='word_1_743' title='bbox 577 5155 705 5215; x_wconf 76' lang='lat' dir='ltr'><strong>vero</strong></span> <span class='ocrx_word' id='word_1_744' title='bbox 727 5141 993 5214; x_wconf 86' lang='lat' dir='ltr'><strong>descripta</strong></span> <span class='ocrx_word' id='word_1_745' title='bbox 1027 5152 1112 5201; x_wconf 84' lang='lat' dir='ltr'><strong>est</strong></span> <span class='ocrx_word' id='word_1_746' title='bbox 1138 5144 1195 5200; x_wconf 86' lang='lat' dir='ltr'><strong>in</strong></span> <span class='ocrx_word' id='word_1_747' title='bbox 1221 5144 1326 5202; x_wconf 90' lang='lat' dir='ltr'><strong>alio</strong></span> <span class='ocrx_word' id='word_1_748' title='bbox 1362 5143 1601 5214; x_wconf 87' lang='lat' dir='ltr'><strong>ejusdem</strong></span> <span class='ocrx_word' id='word_1_749' title='bbox 1633 5143 1854 5216; x_wconf 88' lang='lat' dir='ltr'><strong>capituli</strong></span> <span class='ocrx_word' id='word_1_750' title='bbox 1885 5139 2070 5198; x_wconf 86' lang='lat' dir='ltr'><strong>codice</strong></span> <span class='ocrx_word' id='word_1_751' title='bbox 2103 5141 2303 5197; x_wconf 84' lang='lat' dir='ltr'><strong>Veron.</strong></span> <span class='ocrx_word' id='word_1_752' title='bbox 2337 5138 2428 5208; x_wconf 70' lang='grc'><strong>48,</strong></span> <span class='ocrx_word' id='word_1_753' title='bbox 2459 5139 2513 5192; x_wconf 82' lang='grc' dir='ltr'><strong>ἱη</strong></span> <span class='ocrx_word' id='word_1_754' title='bbox 2543 5149 2649 5208; x_wconf 92' lang='lat' dir='ltr'><strong>quo</strong></span> <span class='ocrx_word' id='word_1_755' title='bbox 2675 5133 2852 5227; x_wconf 86' lang='lat' dir='ltr'><strong>omnia</strong></span> <span class='ocrx_word' id='word_1_756' title='bbox 2877 5141 3078 5227; x_wconf 77' lang='lat' dir='ltr'><strong>nostra:</strong></span> <span class='ocrx_word' id='word_1_757' title='bbox 3116 5127 3450 5227; x_wconf 57' lang='lat' dir='ltr'><strong>collationis</strong></span> 
     </span>
    </p>
   </div>
   <div class='ocr_carea' id='block_1_55' title="bbox 164 5219 3452 5315">
    <p class='ocr_par' dir='ltr' id='par_1_55' title="bbox 164 5219 3452 5315">
     <span class='ocr_line' id='line_1_55' title="bbox 164 5219 3452 5315; baseline 0 -32"><span class='ocrx_word' id='word_1_758' title='bbox 164 5226 497 5286; x_wconf 68' lang='lat' dir='ltr'><strong>documen“</strong></span> <span class='ocrx_word' id='word_1_759' title='bbox 517 5231 592 5288; x_wconf 75' lang='lat' dir='ltr'><strong>ad</strong></span> <span class='ocrx_word' id='word_1_760' title='bbox 617 5230 936 5290; x_wconf 79' lang='lat' dir='ltr'><strong>Acacianam</strong></span> <span class='ocrx_word' id='word_1_761' title='bbox 969 5251 1187 5292; x_wconf 81' lang='lat' dir='ltr'><strong>causam</strong></span> <span class='ocrx_word' id='word_1_762' title='bbox 1217 5238 1543 5308; x_wconf 75' lang='lat' dir='ltr'><strong>pertinentia</strong></span> <span class='ocrx_word' id='word_1_763' title='bbox 1576 5239 1901 5307; x_wconf 80' lang='lat' dir='ltr'><strong>reperimus.</strong></span> <span class='ocrx_word' id='word_1_764' title='bbox 1934 5234 2118 5306; x_wconf 82' lang='lat' dir='ltr'><strong>Neque</strong></span> <span class='ocrx_word' id='word_1_765' title='bbox 2146 5233 2437 5292; x_wconf 71' lang='lat' dir='ltr'><strong>defuerunt</strong></span> <span class='ocrx_word' id='word_1_766' title='bbox 2462 5229 2675 5286; x_wconf 89' lang='lat' dir='ltr'><strong>codices</strong></span> <span class='ocrx_word' id='word_1_767' title='bbox 2705 5219 3452 5315; x_wconf 29' lang='lat' dir='ltr'><strong>collectionntn-Corbciflnsjﬁ</strong></span> 
     </span>
    </p>
   </div>
   <div class='ocr_carea' id='block_1_56' title="bbox 165 5305 3504 5399">
    <p class='ocr_par' dir='ltr' id='par_1_56' title="bbox 165 5305 3504 5399">
     <span class='ocr_line' id='line_1_56' title="bbox 165 5305 3504 5399; baseline -0.005 -23"><span class='ocrx_word' id='word_1_768' title='bbox 165 5330 220 5375; x_wconf 84' lang='lat' dir='ltr'><strong>et</strong></span> <span class='ocrx_word' id='word_1_769' title='bbox 245 5321 581 5378; x_wconf 58' lang='lat' dir='ltr'><strong>ﬂuitem</strong></span> <span class='ocrx_word' id='word_1_770' title='bbox 607 5323 1048 5393; x_wconf 65' lang='lat' dir='ltr'><strong>Longobardice,</strong></span> <span class='ocrx_word' id='word_1_771' title='bbox 1073 5305 1235 5399; x_wconf 75' lang='lat' dir='ltr'><strong>cujus</strong></span> <span class='ocrx_word' id='word_1_772' title='bbox 1258 5336 1544 5398; x_wconf 77' lang='lat' dir='ltr'><strong>postremas</strong></span> <span class='ocrx_word' id='word_1_773' title='bbox 1573 5305 1721 5382; x_wconf 82' lang='lat' dir='ltr'><strong>aliud</strong></span> <span class='ocrx_word' id='word_1_774' title='bbox 1760 5305 2069 5396; x_wconf 84' lang='lat' dir='ltr'><strong>exemplum</strong></span> <span class='ocrx_word' id='word_1_775' title='bbox 2105 5323 2415 5380; x_wconf 78' lang='lat' dir='ltr'><strong>invenimus</strong></span> <span class='ocrx_word' id='word_1_776' title='bbox 2439 5321 2498 5376; x_wconf 88' lang='lat' dir='ltr'><strong>in</strong></span> <span class='ocrx_word' id='word_1_777' title='bbox 2530 5318 2855 5374; x_wconf 70' lang='lat' dir='ltr'><strong>bibliotheca</strong></span> <span class='ocrx_word' id='word_1_778' title='bbox 2882 5309 3103 5382; x_wconf 82' lang='lat' dir='ltr'><strong>capitoli</strong></span> <span class='ocrx_word' id='word_1_779' title='bbox 3128 5305 3453 5399; x_wconf 74' lang='lat' dir='ltr'><strong>catltcdralis</strong></span> <span class='ocrx_word' id='word_1_780' title='bbox 3501 5337 3504 5340; x_wconf 81' lang='lat'><strong><em>~</em></strong></span> 
     </span>
    </p>
   </div>
   <div class='ocr_carea' id='block_1_57' title="bbox 95 5397 3453 5487">
    <p class='ocr_par' dir='ltr' id='par_1_57' title="bbox 95 5397 3453 5487">
     <span class='ocr_line' id='line_1_57' title="bbox 95 5397 3453 5487; baseline -0.005 -18"><span class='ocrx_word' id='word_1_781' title='bbox 165 5413 453 5472; x_wconf 87' lang='lat' dir='ltr'><strong>Lucensis.</strong></span> <span class='ocrx_word' id='word_1_782' title='bbox 489 5416 705 5472; x_wconf 84' lang='lat' dir='ltr'><strong>illarum</strong></span> <span class='ocrx_word' id='word_1_783' title='bbox 727 5418 871 5473; x_wconf 88' lang='lat' dir='ltr'><strong>enim</strong></span> <span class='ocrx_word' id='word_1_784' title='bbox 895 5397 1156 5476; x_wconf 84' lang='lat' dir='ltr'><strong>lectiones</strong></span> <span class='ocrx_word' id='word_1_785' title='bbox 1177 5436 1239 5476; x_wconf 80' lang='lat' dir='ltr'><strong>ex</strong></span> <span class='ocrx_word' id='word_1_786' title='bbox 1265 5397 1324 5475; x_wconf 72' lang='grc' dir='ltr'><strong>Ρ.</strong></span> <span class='ocrx_word' id='word_1_787' title='bbox 1352 5420 1663 5478; x_wconf 87' lang='lat' dir='ltr'><strong>Constantio</strong></span> <span class='ocrx_word' id='word_1_788' title='bbox 1681 5428 1816 5475; x_wconf 89' lang='lat' dir='ltr'><strong>tom.</strong></span> <span class='ocrx_word' id='word_1_789' title='bbox 1847 5419 1870 5475; x_wconf 90' lang='lat' dir='ltr'><strong>l</strong></span> <span class='ocrx_word' id='word_1_790' title='bbox 1896 5417 2259 5487; x_wconf 82' lang='lat' dir='ltr'><strong>Epistolarum</strong></span> <span class='ocrx_word' id='word_1_791' title='bbox 2285 5414 2648 5469; x_wconf 73' lang='lat' dir='ltr'><strong>Romanorum</strong></span> <span class='ocrx_word' id='word_1_792' title='bbox 2668 5407 3005 5480; x_wconf 80' lang='lat' dir='ltr'><strong>pontiﬁcum,</strong></span> <span class='ocrx_word' id='word_1_793' title='bbox 3034 5397 3298 5487; x_wconf 80' lang='lat' dir='ltr'><strong>Lucensis</strong></span> <span class='ocrx_word' id='word_1_794' title='bbox 3321 5408 3453 5487; x_wconf 72' lang='lat' dir='ltr'><strong>vero</strong></span> 
     </span>
    </p>
   </div>
   <div class='ocr_carea' id='block_1_58' title="bbox 161 5484 3452 5582">
    <p class='ocr_par' dir='ltr' id='par_1_58' title="bbox 161 5484 3452 5582">
     <span class='ocr_line' id='line_1_58' title="bbox 161 5484 3452 5582; baseline -0.006 -23"><span class='ocrx_word' id='word_1_795' title='bbox 161 5507 408 5576; x_wconf 66' lang='lat' dir='ltr'><strong>exemli</strong></span> <span class='ocrx_word' id='word_1_796' title='bbox 436 5506 706 5563; x_wconf 80' lang='lat' dir='ltr'><strong>variantes</strong></span> <span class='ocrx_word' id='word_1_797' title='bbox 733 5523 800 5563; x_wconf 89' lang='lat' dir='ltr'><strong>ex</strong></span> <span class='ocrx_word' id='word_1_798' title='bbox 825 5505 885 5564; x_wconf 79' lang='grc' dir='ltr'><strong>Ρ.</strong></span> <span class='ocrx_word' id='word_1_799' title='bbox 911 5510 1190 5568; x_wconf 80' lang='lat' dir='ltr'><strong>Domioieo</strong></span> <span class='ocrx_word' id='word_1_800' title='bbox 1214 5512 1382 5566; x_wconf 75' lang='lat' dir='ltr'><strong>Mansi</strong></span> <span class='ocrx_word' id='word_1_801' title='bbox 1403 5513 1457 5569; x_wconf 88' lang='lat' dir='ltr'><strong>in</strong></span> <span class='ocrx_word' id='word_1_802' title='bbox 1487 5511 1879 5582; x_wconf 77' lang='lat' dir='ltr'><strong>Supplementa</strong></span> <span class='ocrx_word' id='word_1_803' title='bbox 1902 5484 2294 5570; x_wconf 76' lang='lat' dir='ltr'><strong>conciliorum.</strong></span> <span class='ocrx_word' id='word_1_804' title='bbox 2335 5503 2418 5560; x_wconf 83' lang='lat' dir='ltr'><strong>vel</strong></span> <span class='ocrx_word' id='word_1_805' title='bbox 2447 5517 2541 5574; x_wconf 88' lang='lat' dir='ltr'><strong>per</strong></span> <span class='ocrx_word' id='word_1_806' title='bbox 2566 5501 2773 5556; x_wconf 83' lang='lat' dir='ltr'><strong>litteras</strong></span> <span class='ocrx_word' id='word_1_807' title='bbox 2801 5503 3127 5568; x_wconf 73' lang='lat' dir='ltr'><strong>cognoscam</strong></span> <span class='ocrx_word' id='word_1_808' title='bbox 3151 5485 3328 5544; x_wconf 83' lang='lat' dir='ltr'><strong>licuit.</strong></span> <span class='ocrx_word' id='word_1_809' title='bbox 3359 5484 3452 5541; x_wconf 84' lang='lat' dir='ltr'><strong>Li-</strong></span> 
     </span>
    </p>
   </div>
   <div class='ocr_carea' id='block_1_59' title="bbox 159 5583 3454 5673">
    <p class='ocr_par' dir='ltr' id='par_1_59' title="bbox 159 5583 3454 5673">
     <span class='ocr_line' id='line_1_59' title="bbox 159 5583 3454 5673; baseline -0.005 -16"><span class='ocrx_word' id='word_1_810' title='bbox 159 5611 246 5657; x_wconf 84' lang='lat' dir='ltr'><strong>cet</strong></span> <span class='ocrx_word' id='word_1_811' title='bbox 276 5596 512 5656; x_wconf 69' lang='lat' dir='ltr'><strong>vernali</strong></span> <span class='ocrx_word' id='word_1_812' title='bbox 539 5598 836 5658; x_wconf 68' lang='lat' dir='ltr'><strong>oditeribu</strong></span> <span class='ocrx_word' id='word_1_813' title='bbox 862 5602 1086 5672; x_wconf 80' lang='lat' dir='ltr'><strong>alicujus</strong></span> <span class='ocrx_word' id='word_1_814' title='bbox 1111 5603 1446 5659; x_wconf 80' lang='lat' dir='ltr'><strong>collectionis</strong></span> <span class='ocrx_word' id='word_1_815' title='bbox 1472 5605 1735 5659; x_wconf 81' lang='lat' dir='ltr'><strong>lectiones</strong></span> <span class='ocrx_word' id='word_1_816' title='bbox 1771 5604 1939 5673; x_wconf 82' lang='lat' dir='ltr'><strong>ipsius</strong></span> <span class='ocrx_word' id='word_1_817' title='bbox 1969 5602 2232 5671; x_wconf 78' lang='lat' dir='ltr'><strong>propriae,</strong></span> <span class='ocrx_word' id='word_1_818' title='bbox 2262 5598 2361 5654; x_wconf 81' lang='lat' dir='ltr'><strong>etsi</strong></span> <span class='ocrx_word' id='word_1_819' title='bbox 2385 5596 2531 5652; x_wconf 75' lang='lat' dir='ltr'><strong>torta</strong></span> <span class='ocrx_word' id='word_1_820' title='bbox 2557 5591 2755 5648; x_wconf 80' lang='lat' dir='ltr'><strong>alicubi</strong></span> <span class='ocrx_word' id='word_1_821' title='bbox 2790 5589 2968 5646; x_wconf 83' lang='lat' dir='ltr'><strong>minus</strong></span> <span class='ocrx_word' id='word_1_822' title='bbox 2988 5592 3174 5649; x_wconf 56' lang='lat' dir='ltr'><strong>rectas.</strong></span> <span class='ocrx_word' id='word_1_823' title='bbox 3220 5583 3273 5640; x_wconf 88' lang='lat' dir='ltr'><strong>in</strong></span> <span class='ocrx_word' id='word_1_824' title='bbox 3303 5589 3454 5640; x_wconf 83' lang='lat' dir='ltr'><strong>textu</strong></span> 
     </span>
    </p>
   </div>
   <div class='ocr_carea' id='block_1_60' title="bbox 159 5675 3454 5766">
    <p class='ocr_par' dir='ltr' id='par_1_60' title="bbox 159 5675 3454 5766">
     <span class='ocr_line' id='line_1_60' title="bbox 159 5675 3454 5766; baseline -0.002 -16"><span class='ocrx_word' id='word_1_825' title='bbox 159 5691 475 5751; x_wconf 69' lang='lat' dir='ltr'><strong>inserendas</strong></span> <span class='ocrx_word' id='word_1_826' title='bbox 513 5696 644 5764; x_wconf 84' lang='lat' dir='ltr'><strong>sint,</strong></span> <span class='ocrx_word' id='word_1_827' title='bbox 673 5694 897 5752; x_wconf 85' lang='lat' dir='ltr'><strong>aliarum</strong></span> <span class='ocrx_word' id='word_1_828' title='bbox 932 5705 1108 5751; x_wconf 89' lang='lat' dir='ltr'><strong>tamen</strong></span> <span class='ocrx_word' id='word_1_829' title='bbox 1141 5697 1436 5766; x_wconf 74' lang='lat' dir='ltr'><strong>praesertim</strong></span> <span class='ocrx_word' id='word_1_830' title='bbox 1467 5696 1960 5765; x_wconf 87' lang='lat' dir='ltr'><strong>antiquissimarum</strong></span> <span class='ocrx_word' id='word_1_831' title='bbox 2006 5695 2394 5751; x_wconf 74' lang='lat' dir='ltr'><strong>collectionem</strong></span> <span class='ocrx_word' id='word_1_832' title='bbox 2424 5685 2722 5757; x_wconf 69' lang='lat' dir='ltr'><strong>recognitio</strong></span> <span class='ocrx_word' id='word_1_833' title='bbox 2764 5682 2996 5738; x_wconf 60' lang='lat' dir='ltr'><strong>maxime</strong></span> <span class='ocrx_word' id='word_1_834' title='bbox 3030 5679 3180 5737; x_wconf 59' lang='lat' dir='ltr'><strong>“liii!</strong></span> <span class='ocrx_word' id='word_1_835' title='bbox 3209 5678 3328 5734; x_wconf 66' lang='grc' dir='ltr'><strong>ῖυίι·</strong></span> <span class='ocrx_word' id='word_1_836' title='bbox 3351 5675 3454 5734; x_wconf 68' lang='lat' dir='ltr'><strong>Ubi</strong></span> 
     </span>
    </p>
   </div>
   <div class='ocr_carea' id='block_1_61' title="bbox 166 5772 3454 5853">
    <p class='ocr_par' dir='ltr' id='par_1_61' title="bbox 166 5772 3454 5853">
     <span class='ocr_line' id='line_1_61' title="bbox 166 5772 3454 5853; baseline -0 -14"><span class='ocrx_word' id='word_1_837' title='bbox 166 5785 316 5840; x_wconf 91' lang='lat' dir='ltr'><strong>enim</strong></span> <span class='ocrx_word' id='word_1_838' title='bbox 365 5786 558 5846; x_wconf 71' lang='lat' dir='ltr'><strong>harum</strong></span> <span class='ocrx_word' id='word_1_839' title='bbox 581 5789 845 5846; x_wconf 78' lang='lat' dir='ltr'><strong>lectiones</strong></span> <span class='ocrx_word' id='word_1_840' title='bbox 868 5804 990 5844; x_wconf 88' lang='lat' dir='ltr'><strong>cum</strong></span> <span class='ocrx_word' id='word_1_841' title='bbox 1033 5798 1231 5846; x_wconf 67' lang='lat' dir='ltr'><strong>nostra:</strong></span> <span class='ocrx_word' id='word_1_842' title='bbox 1273 5790 1606 5846; x_wconf 81' lang='lat' dir='ltr'><strong>eollectionis</strong></span> <span class='ocrx_word' id='word_1_843' title='bbox 1636 5790 1960 5848; x_wconf 87' lang='lat' dir='ltr'><strong>lectionibus</strong></span> <span class='ocrx_word' id='word_1_844' title='bbox 2007 5790 2323 5848; x_wconf 69' lang='lat' dir='ltr'><strong>condoluit.</strong></span> <span class='ocrx_word' id='word_1_845' title='bbox 2353 5782 2510 5853; x_wconf 88' lang='lat' dir='ltr'><strong>bnjus</strong></span> <span class='ocrx_word' id='word_1_846' title='bbox 2537 5777 2796 5834; x_wconf 77' lang='lat' dir='ltr'><strong>lectiones</strong></span> <span class='ocrx_word' id='word_1_847' title='bbox 2838 5790 2900 5831; x_wconf 71' lang='lat' dir='ltr'><strong>ex</strong></span> <span class='ocrx_word' id='word_1_848' title='bbox 2942 5772 3154 5834; x_wconf 66' lang='lat' dir='ltr'><strong>illarum</strong></span> <span class='ocrx_word' id='word_1_849' title='bbox 3191 5779 3454 5828; x_wconf 69' lang='grc' dir='ltr'><strong>ωηεθηευ</strong></span> 
     </span>
    </p>
   </div>
   <div class='ocr_carea' id='block_1_62' title="bbox 162 5862 1733 5947">
    <p class='ocr_par' dir='ltr' id='par_1_62' title="bbox 162 5873 1733 5947">
     <span class='ocr_line' id='line_1_62' title="bbox 162 5873 1733 5947; baseline 0.003 -18"><span class='ocrx_word' id='word_1_850' title='bbox 162 5873 461 5941; x_wconf 84' lang='lat' dir='ltr'><strong>plurimum</strong></span> <span class='ocrx_word' id='word_1_851' title='bbox 507 5879 841 5933; x_wconf 82' lang='lat' dir='ltr'><strong>auctoritatis</strong></span> <span class='ocrx_word' id='word_1_852' title='bbox 871 5879 1172 5947; x_wconf 72' lang='lat' dir='ltr'><strong>acquirunt.</strong></span> <span class='ocrx_word' id='word_1_853' title='bbox 1223 5879 1319 5934; x_wconf 82' lang='lat' dir='ltr'><strong>Ubi</strong></span> <span class='ocrx_word' id='word_1_854' title='bbox 1353 5890 1529 5936; x_wconf 79' lang='lat' dir='ltr'><strong>autem</strong></span> <span class='ocrx_word' id='word_1_855' title='bbox 1570 5882 1733 5934; x_wconf 34' lang='lat' dir='ltr'><strong>inveni</strong></span> 
     </span>
    </p>
   </div>
   <div class='ocr_carea' id='block_1_63' title="bbox 1881 5862 3452 5947">
    <p class='ocr_par' dir='ltr' id='par_1_63' title="bbox 1883 5862 3452 5940">
     <span class='ocr_line' id='line_1_63' title="bbox 1883 5862 3452 5940; baseline -0.016 -2"><span class='ocrx_word' id='word_1_856' title='bbox 1883 5891 2050 5938; x_wconf 83' lang='lat' dir='ltr'><strong>erunt</strong></span> <span class='ocrx_word' id='word_1_857' title='bbox 2079 5880 2329 5940; x_wconf 61' lang='lat' dir='ltr'><strong>diversa,</strong></span> <span class='ocrx_word' id='word_1_858' title='bbox 2357 5885 2452 5928; x_wconf 81' lang='lat' dir='ltr'><strong>eas</strong></span> <span class='ocrx_word' id='word_1_859' title='bbox 2499 5872 2552 5928; x_wconf 89' lang='lat' dir='ltr'><strong>in</strong></span> <span class='ocrx_word' id='word_1_860' title='bbox 2587 5865 3022 5928; x_wconf 71' lang='lat' dir='ltr'><strong>cunctationibus</strong></span> <span class='ocrx_word' id='word_1_861' title='bbox 3057 5862 3308 5932; x_wconf 86' lang='lat' dir='ltr'><strong>insertas,</strong></span> <span class='ocrx_word' id='word_1_862' title='bbox 3339 5869 3452 5917; x_wconf 84' lang='lat' dir='ltr'><strong>stu-</strong></span> 
     </span>
    </p>
   </div>
   <div class='ocr_carea' id='block_1_64' title="bbox 2149 6016 2230 6039">
    <p class='ocr_par' dir='ltr' id='par_1_64' title="bbox 2149 6016 2230 6039">
     <span class='ocr_line' id='line_1_64' title="bbox 2149 6016 2230 6039; baseline 0.012 -3"><span class='ocrx_word' id='word_1_863' title='bbox 2149 6016 2230 6039; x_wconf 66' lang='grc' dir='ltr'><strong>ο-υ,</strong></span> 
     </span>
    </p>
   </div>
  </div>
