3978 6342
226 321 307 384 εδι
661 325 889 385 OODEX
927 326 1257 387 CANONUII
1300 326 1582 388 ECCLES.
1627 330 1713 387 ET
1753 330 2329 395 CONS'I'ITUTOIIUM
2366 336 2426 395 S.
2466 329 2664 395 SEDIS
2700 332 3032 396 APOSTOL.

3378 334 3485 399 362

288 436 447 492 XVII.
505 435 739 507 Epistola
770 436 966 493 Aurelii
1002 439 1231 513 episcopi
1255 440 1323 494 ad
1364 440 1628 513 episcopos
1674 458 1773 514 pro
1820 450 1878 511 Α
1971 446 2027 501 3.
2080 444 2148 503 Ut
2177 464 2352 506 omnes
2398 452 2746 507 contentiones
2795 452 2874 507 uel
2901 468 3068 508 causa
3111 452 3241 506 inter
3269 452 3483 509 clericos

225 529 390 586 vincia
412 526 679 584 Bisacenot
706 537 753 584 et
793 528 1124 602 Arsugitame
1148 532 1213 587 de
1239 530 1445 607 Pelagii
1472 530 1794 605 Coelestiiqus
1899 538 2172 612 cujuslibet
2199 543 2394 599 ordinis
2427 556 2636 614 exorta,
2679 562 2853 602 coram
2881 545 3298 619 prouincialibus,
3337 545 3392 600 id
3410 555 3487 603 est

228 637 387 679 errore
406 622 675 678 damnato.

285 715 470 773 XVIII.
528 714 771 787 Capitula
793 727 1033 790 excerpta
1075 718 1140 774 de
1180 722 1335 792 gestis
1392 721 1447 775 in
1514 720 1797 777 Palaestina

222 809 470 884 prouincia
496 816 625 865 actis
691 811 780 866 ubi
810 808 1055 884 Pelagius
1090 815 1257 869 errori
1300 831 1393 871 suo
1440 816 1593 872 linem
1632 816 1796 880 impo-

221 905 327 960 suit.

286 996 428 1053 XIX.
478 1014 698 1055 sacrum
726 1000 1028 1069 rescriptum
1057 1000 1343 1056 Constantii
1392 1011 1419 1038 ι
1476 1001 1797 1074 imperatoris

221 1092 280 1147 sd
317 1093 653 1147 Volusiauum
678 1094 1030 1165 prapositum,
1064 1095 1127 1149 de
1160 1095 1492 1150 damnatione
1519 1093 1755 1151 Calestii.

279 1183 399 1241 XX.
445 1183 691 1242 Edictum
734 1184 1001 1243 Volusiani
1047 1190 1309 1263 prapositi
1358 1190 1423 1245 de
1450 1186 1673 1245 Calestii
1708 1205 1797 1245 ea:-

220 1279 461 1349 pulsione.

278 1371 425 1429 XXI.
461 1372 698 1446 Epistola
724 1374 1016 1432 Innocentii
1048 1394 1196 1450 papa
1223 1379 1292 1432 ad
1318 1377 1671 1449 Exsuperium
1692 1378 1795 1433 To-

220 1465 443 1522 losanum
465 1468 781 1541 episcopum,
823 1486 915 1541 per
933 1486 1089 1540 quam
1116 1470 1165 1525 ei
1192 1471 1245 1524 in
1274 1486 1365 1525 sea:
1389 1469 1552 1525 titulis
1579 1471 1797 1525 interro-

219 1560 428 1632 gationis
460 1564 572 1635 ejus
593 1578 773 1619 causas
808 1574 856 1618 et
874 1579 985 1619 sum
1022 1565 1371 1634 responsionis
1401 1565 1610 1619 decreta
1639 1580 1796 1635 expo-

220 1656 313 1708 suit
342 1670 365 1709 :
402 1655 490 1709 ubi
518 1655 688 1710 subdit
711 1654 741 1696 δ
784 1656 1074 1712 divinorum
1116 1657 1364 1713 librorum
1393 1659 1572 1713 ueteris
1607 1669 1655 1714 et
1682 1659 1797 1715 noui

220 1743 521 1820 Testamenti
542 1751 897 1805 summarium.

1898 629 2005 684 suis
2033 631 2285 703 episcopis
2308 637 2666 695 terminentur.

1968 722 2021 778 I.
2081 721 2150 779 Ut
2192 727 2413 796 majores
2441 744 2613 784 eam
2652 730 2723 784 ad
2771 730 2945 788 sedem
2991 730 3328 806 apostolicam
3374 739 3488 800 post

1897 815 2182 888 episcopale
2202 819 2456 891 judicium
2492 826 2797 892 referantur.

1970 910 2023 965 5.
2085 909 2151 966 Ut
2183 911 2399 968 clericus
2417 913 2662 985 virginem
2686 908 2897 971 uxorem
2916 917 3155 985 accipiat.

1968 1006 2022 1059 6.
2076 1004 2145 1060 Ut
2166 1005 2329 1061 laicus
2354 1008 2456 1062 sive
2487 1018 2604 1063 ante
2632 1008 2962 1078 baptismum,
3010 1012 3115 1066 sive
3143 1018 3259 1081 post
3290 1010 3484 1081 baptis-

1898 1112 2058 1163 mum,
2089 1099 2135 1152 si
2163 1100 2370 1154 viduam
2401 1117 2612 1157 uxorem
2637 1107 2912 1175 acceperit,
2943 1121 3045 1160 non
3086 1105 3386 1159 admittatur
3415 1106 3483 1157 ad

1898 1191 2113 1247 clerum.

1971 1285 2024 1339 7.
2073 1285 2141 1342 Ut
2167 1287 2252 1356 qui
2282 1292 2557 1344 secundam
2604 1301 2807 1346 duxerit
2832 1304 3043 1347 uxorem
3089 1294 3307 1347 clericus
3346 1292 3488 1347 ordi-

1898 1379 2013 1431 nari
2035 1395 2134 1433 non
2166 1380 2369 1449 debeat,
2400 1383 2496 1439 etsi
2521 1393 2638 1439 ante
2667 1384 2972 1457 baptismum
3024 1386 3126 1439 tale
3150 1386 3303 1441 fuerit
3329 1385 3488 1440 sorti-

1896 1477 1981 1524 tus
2015 1472 2346 1527 connubium.

1970 1560 2025 1616 8.
2080 1561 2147 1617 Ut
2174 1564 2237 1618 de
2277 1565 2445 1620 aliena
2488 1563 2723 1623 Ecclesia
2769 1567 3010 1624 clericum
3048 1567 3291 1623 ordinare
3317 1565 3491 1619 nullus

1899 1661 2131 1724 usurpet.

1970 1745 2025 1801 9.
2078 1746 2145 1801 Ut
2170 1753 2421 1806 uenientes
2452 1767 2486 1805 a
2516 1750 2839 1807 Novattanis'
2874 1751 2953 1808 vel
3003 1750 3360 1806 llontensibus
3399 1749 3493 1802 ba-

280 1835 445 1892 XXII.
504 1840 829 1913 Rescriptum
852 1839 1147 1899 Innocentii
1178 1860 1326 1918 papte
1345 1844 1415 1899 ad
1448 1842 1791 1901 Macedonem
1822 1847 1872 1908 Β
1896 1840 2078 1911 ptizati
2097 1883 2113 1909 ,
2148 1860 2237 1912 per
2266 1861 2449 1899 manus
2493 1854 2693 1901 tantum
2713 1847 3091 1916 impositionem
3118 1845 3452 1914 recipiantur.

217 1944 286 1984 ses
310 1931 581 2004 episcopos
610 1949 767 2005 super
793 1936 1190 2009 interrogatione
1238 1940 1397 1993 trium
1436 1940 1725 1995 titulorum.

1977 1932 2064 1990 I0.
2125 1933 2192 1990 Ut
2210 1938 2497 1993 sacerdotes
2545 1949 2591 1992 et
2639 1939 2806 1994 levitte
2831 1955 2946 1993 cum
2979 1938 3223 1995 uxoribus
3254 1936 3361 1992 suis
3390 1950 3495 1989 non

281 2023 330 2077 I.
376 2020 451 2076 Ut
472 2023 562 2094 qui
604 2024 811 2082 viduam
854 2029 1051 2100 accepit
1098 2046 1311 2086 uxorem
1357 2047 1461 2087 non
1500 2033 1802 2087 admittatur
1901 2035 2098 2081 coeant.

214 2110 278 2165 ad
299 2111 516 2169 clerum.

1980 2115 2063 2171 II.
2119 2116 2188 2172 Ut
2231 2121 2509 2176 monachus
2534 2120 2617 2186 ,si
2657 2120 2725 2174 ad
2772 2121 3041 2176 clericatus
3118 2122 3371 2174 ordinent
3401 2118 3497 2172 niti

278 2204 331 2261 2.
389 2205 462 2263 Ut
508 2209 598 2279 qui
624 2220 742 2267 ante
768 2213 1073 2285 baptismum
1103 2202 1313 2273 uxorem
1341 2217 1610 2290 habuerit,
1636 2221 1683 2275 si
1710 2220 1801 2275 illa
1901 2210 2148 2275 υσικενὲι.
2196 2228 2230 2265 α
2294 2213 2455 2281 priori
2508 2215 2772 2286 proposito
2823 2214 2961 2285 quod
3015 2214 3293 2270 monachus
3342 2212 3497 2284 gessit

216 2297 455 2370 defuncta
479 2311 592 2371 post
618 2303 925 2374 baptismum
952 2309 1111 2363 aliam
1152 2312 1393 2380 duxerit,
1426 2314 1663 2385 digamus
1708 2314 1802 2368 Ita-

216 2390 406 2456 bentur.
435 2410 530 2448 nec
553 2394 901 2453 admittendus
924 2399 993 2453 ad
1019 2400 1230 2457 clerum.

1904 2317 2007 2356 non
2036 2301 2213 2357 debeat
2239 2304 2459 2360 deviare.

1978 2392 2063 2449 η.
2127 2394 2195 2450 ω
2213 2397 2301 2466 qui
2324 2408 2596 2468 corruptus
2626 2400 2693 2454 ad
2719 2400 3016 2456 clericatum
3039 2400 3211 2455 venire
3252 2396 3496 2458 uoluerit,

279 2486 330 2540 3.
384 2484 460 2542 Ut
483 2488 536 2542 hi
562 2489 649 2560 qui
690 2492 753 2545 de
804 2494 1058 2549 catholica
1110 2497 1397 2552 νεεειιεηιεε
1446 2498 1509 2551 ab
1555 2500 1804 2555 meum
1903 2488 2151 2559 spondeat
2175 2506 2230 2545 se
2275 2491 2558 2547 secundum
2598 2503 2822 2549 veterum
2868 2492 3106 2565 regulam
3156 2505 3368 2547 uxorem
3396 2504 3497 2543 non

214 2580 585 2637 ordinationem
614 2585 888 2641 sacerdotii
922 2590 1181 2661 accipiunt
1204 2632 1221 2659 ,
1254 2608 1359 2647 non
1396 2593 1712 2663 recipiantur
1743 2597 1797 2650 in
1906 2582 2110 2638 ἀνδενεο

215 2674 411 2742 ordine,
440 2693 600 2748 usque
624 2681 747 2734 dum
778 2684 961 2737 reuerti
988 2686 1260 2741 voluerint.

1982 2674 2065 2731 13.
2118 2674 2187 2731 Ut
2214 2678 2458 2745 curiales,
2501 2678 2579 2734 vel
2608 2680 2914 2751 quibuslibet
2950 2679 3168 2752 publicis
3212 2675 3493 2748 {unctioni-

206 2788 229 2853 χ
277 2764 469 2827 XXIII.
519 2768 843 2844 Rescriptum
878 2772 1174 2831 Innocentii
1200 2796 1350 2851 papa
1384 2781 1453 2835 ad
1500 2779 1805 2838 Decentium
1904 2768 1999 2824 ⁸⁸⁸⁸
2022 2770 2257 2853 “CFW”
2277 2811 2293 2837 ν
2320 2770 2495 2827 dm.“
2517 2781 2542 2811 ⁸
2562 2788 2665 2828 ηοη
2686 2774 2835 2844 5"“-

213 2852 540 2927 Eugubinum
565 2862 858 2936 episcOpum
900 2866 965 2920 de
990 2867 1155 2923 titulis
1178 2870 1320 2942 infra
1349 2873 1577 2943 scriptis,
1601 2875 1655 2928 id
1679 2885 1751 2929 est
1783 2892 1805 2931 :

1980 2861 2067 2916 14.
2115 2860 2184 2917 Ut
2219 2864 2427 2919 ancilla:
2452 2864 2547 2920 Dei
2574 2866 2755 2920 velatae
2796 2867 2840 2920 si
2875 2866 3077 2937 publice
3121 2863 3379 2929 nubendo,
3414 2861 3494 2915 vel

282 2951 330 3005 I.
375 2951 449 3008 Ut
497 2970 675 3025 pacem
729 2958 783 3013 in
840 2956 1074 3017 Εοειαεα
1124 2965 1343 3033 peracti,
1381 2968 1498 3037 jam
1550 2967 1804 3039 mymrﬁ.
1908 2955 2106 3009 occulte
2130 2971 2186 3009 se
2212 2957 2530 3028 corruptioni
2552 2957 2893 3022 tradiderint,
2920 2973 3022 3010 non
3048 2956 3392 3010 admittuntur
3423 2954 3494 3006 ad

212 3045 638 3101 sommunicaturi
677 3048 772 3103 sibi
818 3050 1032 3106 inuicem
1070 3055 1299 3110 tradant.

1907 3048 2289 3118 paenitentiam,
2321 3051 2421 3105 nisi
2466 3050 2511 3105 is
2558 3052 2643 3106 cui
2685 3066 2740 3106 se
2769 3054 3057 3123 juntcerant
3095 3050 3159 3105 de
3200 3046 3391 3104 sarculo
3418 3064 3498 3101 τες

276 3134 332 3188 2.
396 3134 467 3192 Ut
496 3139 704 3195 nomina
768 3141 1090 3210 olferentium
1148 3162 1251 3201 non
1292 3150 1467 3218 prius,
1528 3149 1619 3207 sed
1662 3153 1789 3207 intra

1957 3141 2131 3195 rsserit.

211 3230 456 3297 mysteria
474 3234 772 3291 recitentur.

280 3321 337 3375 3.
369 3318 446 3376 De
480 3334 501 3361 ο
529 3326 890 3399 consignandis
916 3329 1224 3403 infantibus,
1265 3334 1387 3390 solis
1418 3336 1482 3390 de
1508 3348 1803 3395 consecrato

216 3413 331 3467 oleo
360 3414 512 3470 licere
538 3417 658 3474 dare
692 3422 969 3493 episcopis.

282 3504 338 3559 4.
398 3506 479 3563 De
495 3510 746 3580 fermento
772 3516 826 3570 in
853 3516 938 3572 die
981 3529 1158 3574 sancto
1207 3519 1457 3592 Pascha,
1486 3523 1564 3579 his
1603 3534 1802 3583 tantum

205 3602 559 3660 sacerdotibus
584 3608 672 3678 qui
700 3609 837 3663 intra
861 3608 1048 3669 Urbem
1076 3624 1197 3669 sunt
1226 3617 1360 3672 tradi
1386 3618 1586 3675 debere.

272 3693 329 3749 5.
383 3693 464 3750 De
510 3698 713 3771 jejunio
755 3702 976 3759 sabbati.
1156 3748 1187 3777 ,

275 3785 383 3858 ιθ
429 3788 483 3843 6.
540 3789 617 3846 De
642 3792 724 3847 his
743 3782 832 3865 qui
861 3806 976 3867 post
1006 3797 1315 3870 baptismum
1345 3819 1377 3858 a
1401 3802 1659 3863 dtemonio
1679 3824 1798 3865 cor-

198 3892 487 3948 rtptuntur.

265 3972 318 4026 7.
382 3972 467 4029 De
493 3979 869 4053 penitentibus,
904 4000 991 4055 qut
1029 3987 1213 4043 modus
1240 3990 1377 4045 circa
1410 3990 1546 4047 diem
1568 4003 1799 4049 sanctum

194 4060 418 4123 Pascha
445 4072 607 4125 teneri
636 4072 834 4129 debeat.

261 4162 315 4217 8.
374 4164 448 4218 Ut
491 4166 605 4220 oleo
629 4179 803 4224 saneto
843 4187 945 4226 non
974 4172 1145 4229 solum
1190 4178 1559 4247 sacerdotibus,
1615 4179 1705 4234 sed
1753 4190 1801 4235 et

189 4257 431 4312 omnibus
464 4258 775 4318 Christianis
822 4265 875 4319 in
904 4282 1001 4321 sua
1042 4284 1353 4341 suorumque
1383 4274 1681 4329 necessitate
1710 4291 1801 4329 un-

189 4362 305 4417 gere
333 4352 519 4408 liceat.

1824 3226 1873 3292 C
1979 3230 2069 3286 15.
2121 3228 2191 3286 Ut
2227 3231 2435 3287 ancilla
2475 3233 2571 3288 Dei
2616 3251 2710 3289 nec
2736 3234 2862 3289 dum
2899 3243 3148 3301 sacratae,
3179 3235 3225 3289 si
3254 3242 3366 3305 post
3400 3248 3499 3285 nu-

1915 3325 2033 3377 bere
2052 3323 2308 3379 uoluerint
2355 3325 2426 3380 ad
2448 3327 2798 3396 paenitentiam
2820 3328 3156 3396 recipiantur.

1982 3412 2151 3469 XXV.
2226 3413 2459 3472 Canones
2524 3418 2709 3488 synodi
2763 3416 3225 3489 Chalcedonensis,
3284 3418 3501 3489 prtelato

1908 3516 2170 3578 gestorum
2222 3507 2421 3563 ordine.

1984 3597 2174 3655 XXVI.
2255 3599 2560 3655 Constitutio
2606 3599 2863 3657 Marciani
2915 3601 3239 3673 imperatoris
3306 3603 3494 3673 synodi

1908 3691 2223 3762 supradicta:
2245 3700 2437 3747 statuta
2465 3693 2799 3763 conﬁrmans.

1982 3784 2202 3840 XXVII.
2254 3783 2506 3858 Ejusdem
2530 3786 2751 3857 Augusti
2783 3786 3077 3841 constitutio
3121 3785 3191 3839 ad
3243 3785 3342 3857 17
3376 3784 3501 3838 Pal-

1908 3879 2110 3934 ladium
2162 3880 2309 3953 prter.
2361 3887 2535 3950 priet,
2580 3879 2809 3951 ejusdem
2846 3878 3031 3949 synodi
3062 3879 3366 3948 pracipens
3412 3893 3502 3930 cn-

1907 3975 2093 4029 stodiri
2129 3972 2148 4011 ¹
2174 3974 2405 4043 deﬁnita,
2435 3971 2685 4044 Eulychis
2711 3989 2884 4029 errore
2911 3974 3176 4029 damnato.

1986 4064 2226 4123 XXVIII.
2269 4064 2402 4121 Item
2429 4066 2655 4139 ejusdem
2680 4066 2928 4137 principis
2958 4066 3251 4120 constitutio
3281 4065 3344 4119 de
3368 4064 3504 4118 obti-

1912 4164 2084 4216 ruendo
2113 4160 2216 4230 ﬁde
2242 4159 2523 4225 catholica;
2558 4169 2606 4213 et
2635 4159 2698 4213 de
2728 4158 3066 4229 Eutycltianis
3097 4169 3144 4213 et
3182 4158 3506 4229 Apollinari-

1911 4254 2027 4314 stis.
2051 4269 2329 4324 eorumque
2349 4252 2527 4323 patriis.

1986 4344 2182 4401 XXIX.
2218 4344 2452 4416 Epistola
2481 4343 2661 4400 Siricii
2702 4360 2853 4414 papte
2881 4345 2950 4397 ad
2979 4342 3271 4398 Himerium
3309 4344 3508 4413 episco-

259 4440 313 4497 9.
373 4442 449 4499 Ut
508 4446 873 4517 paenitentibus
927 4467 1096 4507 meum
1124 4463 1388 4522 sanctum,
1436 4459 1567 4512 sicut
1594 4467 1640 4512 et
1694 4459 1789 4513 alia

1957 4454 2039 4493 um
2086 4439 2548 4506 Tarraconensem,
2601 4436 2669 4489 ad
2731 4434 2966 4491 consulta
3012 4450 3165 4504 super
3214 4434 3506 4506 quindecim

184 4547 544 4604 sacramenta,
571 4539 884 4609 paenitentiae
910 4552 1136 4614 tempore
1167 4563 1270 4600 non
1294 4548 1623 4603 concedatur.

1913 4534 2154 4606 capitulis
2183 4532 2555 4603 respondentis.

250 4626 458 4685 XXIV.
535 4627 774 4701 Epistola
834 4634 1122 4691 Innocentii
1167 4655 1316 4710 papas
1368 4640 1437 4694 ad
1498 4641 1789 4697 Victricium

1987 4626 2157 4683 XXX.
2195 4624 2432 4698 Epistola
2478 4624 2658 4681 Siricii
2685 4640 2837 4697 papae
2879 4624 2947 4679 ad
2988 4624 3212 4681 diuersos
3241 4627 3505 4698 episcopos

181 4716 623 4791 Rotomagensem
649 4723 942 4794 episcopum
973 4728 1037 4783 de
1058 4730 1224 4785 titulis
1250 4732 1389 4801 infra
1422 4734 1645 4804 scriptis.

250 4814 305 4868 Ι.
361 4811 441 4869 Ut
494 4823 642 4869 extra
698 4818 1058 4872 conscientiam
1133 4822 1514 4894 metropolitani
1566 4826 1793 4897 episcopi

178 4904 358 4963 nullus
385 4910 759 4979 episcoporum
787 4911 974 4966 audeat
1009 4909 1037 4950 ἀ
1067 4915 1328 4972 ordinare.

242 4994 298 5053 Ξ.
348 4997 426 5056 Ut
464 5009 588 5071 post
626 5002 979 5059 remissionem
1015 5016 1340 5077 peccatorum
1367 5027 1469 5065 non
1495 5012 1793 5071 admittatur

172 5089 240 5143 ad
265 5093 480 5148 clerum
518 5094 608 5164 qui
630 5094 895 5167 cingulum
924 5098 1123 5156 militia
1147 5099 1331 5159 habere
1360 5101 1591 5176 elegerit.

239 5331 266 5397 _-
326 5324 512 5397 Deest
531 5325 854 5397 imperatoris
882 5327 936 5384 in
959 5344 1086 5397 ms.,
1112 5330 1286 5389 Oxon.

235 5394 264 5434 δ
320 5396 487 5452 Idem
542 5394 715 5453 Oxon.
776 5414 880 5455 ms.
918 5394 1203 5457 divinorum
1227 5405 1475 5460 librorum
1504 5424 1778 5467 summam.

166 5461 295 5551 θοαί
349 5467 661 5551 npnnnIla,
692 5485 788 5551 pro
812 5469 1209 5529 Hacedonenses
1234 5461 1781 5551 ἱάθιῃυιοηζῇάὲξξ

368 5538 470 5622 _Ita
503 5540 664 5622 etiam
694 5536 747 5622 in
777 5557 1005 5622 corpore
1033 5560 1223 5622 omnes
1249 5548 1410 5622 codd.
1437 5552 1555 5605 Mox
1576 5536 1782 5622 exposi-

162 5610 494 5688 tionejdem
524 5611 694 5688 cod}:
728 5610 889 5668 habet
919 5630 1015 5684 pro
1042 5616 1459 5688 interrogatione.

234 5690 259 5718 ε
309 5681 399 5755 lta_
436 5682 571 5755 cod.
605 5683 849 5750 'I‘tiuan.,
881 5681 1063 5753 postea
1092 5681 1388 5745 Culbértin.
1437 5692 1563 5755 932.
1593 5694 1670 5749 uti
1703 5704 1785 5751 te-

160 5759 342 5831 statur
372 5753 445 5809 Ρ.
471 5752 828 5831 Constantius
860 5752 949 5831 ιζΑΙ
994 5755 1165 5827 Epist.
1196 5758 1380 5831 ,Rom.
1412 5752 1629 5831 pontii”
1669 5768 1780 5823 col.

158 5820 304 5896 855;
336 5840 463 5881 non
502 5839 655 5892 vero,
687 5827 763 5880 uti
792 5826 933 5889 apud
974 5820 1359 5903 Quesuellum,
1401 5820 1781 5897 consecrandis.

467 5918 753 5995 Pun-nou.
807 5920 966 5987 LVI.

1909 4724 2071 4779 missa
2089 4764 2102 4789 ,
2138 4724 2199 4776 de
2230 4721 2555 4775 damnatione
2586 4716 2848 4773 Joviniani
2875 4726 2923 4772 et
2952 4718 3177 4773 aliorum
3206 4730 3385 4774 contra
3406 4721 3506 4774 vir-

1910 4818 2180 4892 ginitatem
2206 4814 2363 4869 beatte
2388 4812 2574 4867 Mariae
2602 4812 2925 4867 latranfium.

1988 4909 2186 4967 XXXI.
2224 4909 2549 4979 Rescriptum
2581 4907 2833 4962 Ambrosii
2872 4906 3195 4980 aliorumque
3238 4910 3507 4979 episcopo-

1914 5024 2035 5063 rum
2063 5006 2134 5060 ad
2163 5004 2409 5061 Siricium
2438 5017 2626 5073 papam
2653 5003 2717 5055 de
2738 5017 2893 5056 causa
2921 5002 3121 5056 eadem.

1989 5098 2210 5160 XXXII.
2252 5096 2491 5171 Epistola
2518 5094 2715 5152 Zosimi
2746 5109 2896 5166 papa:
2923 5094 2991 5148 ad
3020 5091 3253 5148 Esicium
3294 5092 3481 5148 Saloni

1912 5334 2181 5409 Equidem
2211 5338 2371 5409 etiam
2419 5333 2473 5409 in
2502 5349 2730 5407 corpore
2756 5333 2923 5406 ipsius
2950 5329 3217 5403 epistolae,
3262 5343 3313 5385 c.
3342 5328 3398 5397 '5,
3436 5326 3511 5381 De

1909 5408 2719 5539 ίοῗαᾳςῗὲιῖἕξιδιηιὲῗὲξιῖἰιυειη.
2758 5475 2900 5549 apud
2928 5474 3215 5532 Consum"
3247 5469 3510 5540 Quesnel-

1909 5550 2021 5619 lus,
2050 5553 2309 5628 ordinari.
2483 5620 2496 5628 _
2619 5620 2652 5628 ⁸
2937 5619 2968 5628 Α
3246 5615 3258 5628 ο
3300 5614 3312 5628 _

1990 5634 2012 5661 ε
2048 5624 2129 5680 Ita
2173 5624 2312 5692 apud
2337 5620 2586 5677 eumdem
2612 5620 2897 5677 Constant.
2929 5619 3132 5687 Quesn.
3187 5619 3396 5671 minime
3427 5630 3516 5669 ora

1909 5697 2174 5759 diuentur,
2207 5710 2261 5747 et
2289 5710 2347 5748 Il.
2380 5694 2468 5757 I5,
2496 5701 2829 5747 consecratae.

1993 5765 2012 5806 ι
2046 5768 2143 5827 Ms.
2177 5766 2373 5835 Oxon,
2416 5761 2763 5834 deﬁnitionem
2796 5762 3060 5838 Eutycetis
3094 5775 3295 5818 errore.

3194 5927 3275 6007 1'1
