3978 6342
608 374 709 430 363

1551 362 1889 421 APPENDIX
1930 362 2022 418 AI)
2060 364 2116 420 8.
2162 360 2403 419 LIX)le
2440 360 2657 420 IMGNI
2694 359 2943 420 OPERA.
3740 367 3818 424 SOI

608 501 784 544 tantur:
826 483 1149 554 episcopum,
1198 481 1261 534 de
1302 477 1565 535 monachis
1604 487 1653 533 et
1703 478 1849 533 laicis
1892 479 1957 531 ad
2006 476 2198 548 gradus
2226 480 2279 539 Α
2374 476 2489 531 LII.
2546 474 2818 541 Atiianasii
2862 474 3095 546 episcopi
3136 475 3205 530 ad
3258 472 3537 546 Epictetum
3580 478 3815 551 episcopum

604 578 974 637 ecclesiasticos
998 575 1239 631 accedere
1266 573 1613 642 cupientibus.

2293 579 2475 633 eontra
2488 584 2583 625 eos
2606 570 2698 641 qui
2721 570 2784 625 de
2808 568 3017 625 Domini
3041 568 3407 627 Incarnatione
3430 572 3604 643 spiritu
3629 572 3815 646 blasphe-

680 636 917 725 XXXIII.
939 636 1395 722 Commonitorium
1409 664 1606 721 Zosimi
1620 680 1772 737 papa
1790 665 1858 718 ad
1880 664 2198 735 presbyteros
2299 663 2419 718 mia
2443 636 2643 718 diuersa
2670 672 2955 719 senserunt.

602 776 650 820 et
682 765 926 823 diaconos
954 775 1069 821 suos
1092 756 1351 814 Rauenna
1382 758 1706 814 constitutos.

679 850 922 910 XXXIV.
953 850 1211 921 Bonifacii
1241 866 1395 921 papa:
1422 850 1491 904 ad
1522 848 1793 905 Hilarium
1816 848 2202 905 Narbonensem

607 952 670 1001 de
696 945 942 1000 Patroclo
964 954 1012 999 et
1037 952 1063 981 ⁸
1089 944 1330 1014 episcopo
1361 943 1662 999 Lutubensi.

678 1038 895 1094 XXXV.
928 1034 1188 1094 Caelestini
1216 1052 1366 1107 papa:
1399 1037 1467 1090 ad
1508 1037 1777 1106 episcopos
1816 1036 2129 1091 Viennenses
2155 1045 2204 1090 et

603 1134 973 1190 Narbonenses
999 1130 1301 1187 constitutio
1323 1128 1595 1185 titulorum
1616 1130 1878 1185 undecim.

674 1226 921 1282 XXXVI.
954 1226 1214 1281 Caelestini
1249 1239 1397 1295 papa:
1428 1225 1496 1277 ad
1528 1224 1789 1295 episc0pos
1812 1222 2016 1293 Apulia
2035 1228 2084 1275 et
2104 1218 2206 1275 Ca-

602 1320 782 1377 labria:
812 1334 831 1374 :
862 1327 917 1374 ut
946 1320 1123 1373 nullus
1164 1318 1417 1373 laicorum
1445 1319 1514 1372 ad
1535 1318 1765 1373 ordinem
1803 1315 2081 1372 sacerdotii
2109 1314 2206 1369 ad-

602 1414 861 1470 mittatur.
1618 1460 1619 1463 η

674 1504 948 1565 XXXVII.
995 1504 1264 1577 Expositio
1297 1503 1419 1572 ﬁdei
1452 1504 1722 1560 catholica:
1749 1511 1932 1560 contra
1970 1502 2207 1558 haeresim

604 1592 875 1672 Ajianam.

676 1690 968 1747 XXXVIII.
992 1688 1238 1746 Faustini
1252 1690 1531 1763 presbyteri
1554 1690 1683 1759 ﬁdes
1708 1689 2014 1745 transmissa
2037 1686 2207 1742 Theo-

606 1786 755 1841 dosio
785 1784 1107 1851 imperatori.
1240 1838 1241 1841 η
1666 1792 1673 1799 ‘

678 1879 925 1937 χχχιχ.
954 1879 1098 1935 Alter
1124 1877 1334 1935 libellus
1364 1879 1509 1949 ﬁdei.

678 1973 794 2030 XL.
824 1972 1054 2037 Libellus
1080 1973 1203 2043 ﬁdei
1232 1974 1527 2044 Augustini.

679 2067 820 2125 XLI.
873 2067 1125 2138 Exempla
1170 2069 1575 2122 testimoniorum
1627 2068 1854 2134 Hilarii,
1913 2068 2206 2134 Ambrosii,

608 2164 911 2228 Athanasii,
942 2163 1245 2234 Augustini,
1274 2164 1322 2218 et
1353 2162 1576 2218 aliorum
1606 2173 1902 2218 sanctorum
1928 2162 2206 2215 catholico-

608 2274 725 2313 rum
758 2258 1017 2322 uirorum,
1058 2254 1122 2309 de
1154 2254 1355 2310 duabus
1391 2256 1591 2321 naturis
1617 2257 1671 2309 in
1693 2272 1799 2308 una
1828 2269 2045 2323 persona
2082 2252 2209 2306 Iesu

608 2348 799 2406 Christi
846 2346 1054 2404 Domini
1096 2346 1261 2401 nostri
1303 2346 1579 2401 indiscrete
1623 2346 1961 2414 distincteque
1999 2358 2211 2397 manen-

611 2442 765 2497 tibus.

682 2534 843 2591 XLII.
874 2534 1033 2591 Gesta
1058 2534 1412 2588 damnationis
1438 2531 1466 2571 δ
1504 2530 1777 2603 Eutychis.

686 2628 867 2684 XLIII.
916 2626 1250 2683 Narrationis
1292 2627 1466 2681 ordo:
1498 2628 1718 2697 qualiter
1764 2624 2043 2679 Dioscorus
2094 2623 2213 2677 Ale-

614 2722 907 2778 xandrinus
953 2721 1224 2792 episcOpus
1271 2717 1495 2790 Eutychi
1542 2718 1899 2784 consentiens,
1940 2718 1993 2770 in
2029 2732 2089 2770 ea
2133 2717 2215 2769 cui

615 2823 835 2888 proterat
856 2814 965 2886 ipse
995 2813 1257 2878 Ecclesia,
1288 2813 1369 2867 sel
1408 2810 2019 2879 Comtantinopolitana,
2070 2826 2210 2862 erro-

614 2924 722 2962 rem
752 2906 1032 2976 induxerit,
1063 2922 1221 2977 usque
1258 2905 1327 2959 ad
1364 2914 1563 2975 tempus
1594 2920 1693 2971 quo
1741 2902 1960 2957 Aeacius
1995 2904 2214 2955 damna-

618 3010 703 3055 ωε
722 3011 816 3055 est.

690 3095 873 3151 XLIV.
904 3095 1163 3167 Simplicii
1190 3111 1336 3166 papte
1366 3095 1434 3149 ad
1470 3094 1746 3160 Acacium,
1779 3102 1837 3146 ut
1878 3092 1942 3145 de
1984 3092 2211 3145 Alexan-

618 3189 784 3243 drina:
812 3188 1055 3245 Ecclesia:
1082 3191 1348 3245 vexatione
1374 3206 1551 3244 curam
1578 3204 1777 3261 gerens,
1825 3187 1929 3258 ιε
1956 3188 2066 3240 sedi
2092 3202 2219 3256 apo-

589 3280 816 3336 .stolicae
839 3297 942 3335 non
973 3281 1182 3351 αἰπειναί
1208 3283 1453 3347 nuntiare
1485 3293 1535 3337 ο.

693 3372 855 3429 XLV.
889 3374 1215 3446 Rescriptum
1241 3376 1417 3430 Λαιθῆ
1436 3375 1503 3430 ad
1532 3374 1861 3443 Simplicium
1888 3392 2100 3446 papam,
2132 3378 2218 3431 ubi

620 3469 670 3524 ei
721 3468 983 3541 signiﬁcat
1030 3467 1245 3526 Petrum
1294 3470 1708 3526 Alexandrinum
1771 3470 2067 3542 episcOpum
2113 3487 2220 3526 esse

621 3562 947 3628 damnatum,
980 3571 1027 3618 et
1053 3561 1383 3619 Timotheum
1406 3566 1714 3619 restitutum.

690 3656 879 3712 XLVI.
914 3654 1113 3713 Felicis
1135 3673 1285 3729 papae
1308 3660 1364 3712 in
1392 3658 1722 3712 danmatione
1750 3650 1945 3710 Acacii.

697 3748 906 3804 XLVII.
934 3747 1129 3804 Gelasii
1155 3766 1305 3819 papa
1329 3752 1393 3803 de
1423 3750 1756 3805 damnatione
1778 3749 1953 3804 Acacii
1976 3749 2223 3805 mirabilis

624 3843 906 3913 disputatio
936 3852 1091 3912 atque
1114 3843 1367 3910 deﬁnitio.

697 3933 926 3989 XLVIII.
960 3934 1091 3988 Item
1119 3936 1347 4007 ejusdem
1386 3938 1455 3990 ad
1492 3936 1753 3992 Faustum
1791 3938 1847 3992 in
1879 3939 2133 4009 legatione
2156 3939 2224 3993 ad

631 4025 893 4079 Orientem
921 4026 1172 4081 directum
1202 4028 1470 4083 instructio
1499 4046 1655 4098 super
1677 4030 2005 4085 damnatione
2029 4031 2221 4086 Acacii.

700 4116 887 4170 XLIX.
915 4115 1168 4190 Ejusdem
1196 4120 1261 4173 de
1292 4119 1466 4175 eodem
1493 4122 1561 4174 ad
1587 4119 1915 4176 Anastasium
1945 4123 2223 4188 imperato-

626 4224 733 4263 rem
763 4224 782 4263 :
815 4220 870 4263 nt
909 4212 1188 4281 imperator
1215 4228 1318 4265 non
1361 4230 1414 4267 se
1451 4213 1668 4269 extollat
1711 4231 1867 4283 super
1906 4215 2222 4281 sacerdotes,

628 4316 716 4356 nec
739 4318 894 4369 super
916 4302 1087 4355 sedem
1115 4298 1474 4374 apostolicam.

697 4392 759 4447 L.
786 4390 1038 4462 Ejusdem
1058 4396 1314 4466 expositio
1336 4412 1508 4451 caussa
1530 4398 1597 4450 ad
1634 4396 1907 4451 Dardanos
1933 4412 1953 4452 :
1982 4397 2224 4452 Acacium

626 4500 662 4539 α
687 4486 804 4540 sede
827 4489 1112 4554 apostolica
1134 4492 1272 4561 juste
1294 4492 1453 4560 fuisse
1480 4492 1802 4547 damnatum.

703 4576 787 4631 LI.
820 4576 1075 4651 Ejusdem
1114 4583 1340 4651 episcopi
1378 4585 1446 4638 ad
1481 4586 1751 4656 episcopos
1790 4583 2016 4641 Orientis
2052 4584 2115 4640 de
2141 4602 2226 4640 ea-

626 4667 744 4722 dem
770 4684 929 4724 causa
945 4670 1148 4726 reddita
1170 4674 1323 4728 ratio.

703 4898 733 4930 ι
778 4890 1097 4963 Quesnellus
1130 4890 1477 4963 particulam”
1505 4891 1866 4958 cOpuIativam
1897 4900 1943 4948 et
1974 4935 1989 4962 ,
2020 4905 2141 4963 quae
2169 4892 2225 4947 in

630 4976 766 5020 mss.
788 4960 948 5017 codd.
975 4961 1192 5033 deerat,
1217 4972 1366 5017 recte
1395 4961 1612 5033 adjecit.

703 5034 731 5073 ιο
754 5034 954 5106 Oxon,
981 5032 1268 5106 Eutgcetis,
1298 5042 1355 5090 et
1380 5032 1753 5106 itaileinceps.

706 5116 729 5144 α
759 5104 992 5169 Thuan.,
1026 5104 1274 5159 indicare.

699 5173 727 5212 ἀ
758 5174 1044 5245 Hucusque
1071 5174 1258 5232 eadem
1287 5176 1517 5244 capitula
1547 5192 1667 5232 cum
1695 5177 1882 5235 eadem
1910 5178 2051 5235 serie
2074 5178 2227 5234 inve-

629 5248 853 5304 niuntur
873 5254 986 5300 tum
1015 5247 1069 5301 in
1101 5246 1373 5314 Quesnelli
1401 5262 1531 5303 mss.
1561 5247 1772 5303 'I'huan.
1802 5260 1855 5304 et
1882 5251 2081 5317 Oxon.,
2109 5259 2220 5306 tum

630 5319 684 5375 in
722 5318 935 5374 duobus
975 5322 1175 5373 nostris
1208 5318 1728 5375 Vindebonensibus.
1757 5320 1887 5389 Quae
1925 5323 2225 5389 subjiciun-

629 5400 737 5459 tur,
770 5389 959 5446 eadem
993 5390 1217 5445 omnino
1241 5399 1367 5445 sunt
1407 5393 1457 5443 in
1498 5389 1661 5459 codd.
1689 5390 1899 5447 Thuan.
1931 5401 1984 5447 et
2022 5393 2225 5450 Vinde-

628 5458 758 5516 bon.
791 5460 882 5516 42.
917 5460 973 5516 In
1003 5462 1111 5517 alio
1155 5460 1456 5532 VindelIOII.
1497 5458 1567 5532 ξε)
1594 5460 1783 5516 eadem
1817 5478 2029 5532 quoque
2065 5473 2219 5529 sunt,

752 5534 804 5586 in
831 5533 1304 5604 duobuscapitulis
1322 5531 1455 5588 ordo
1477 5530 1777 5605 discrepat;
1804 5549 1923 5589 nam
1944 5530 2071 5605 post
2095 5551 2220 5591 can.

630 5600 725 5669 59,
758 5618 851 5660 seu
883 5614 1003 5671 post
1033 5600 1267 5661 canones
1296 5600 1691 5671 Antiochenos,
1742 5600 2049 5661 inseruntur
2092 5621 2225 5662 con-

630 5672 813 5747 cilium
851 5672 1172 5747 Teleptense
1221 5685 1279 5733 et
1332 5677 1513 5747 regula
1567 5674 1947 5747 formatarum,
1993 5692 2115 5747 qua:
2166 5679 2221 5735 in

632 5740 843 5818 duobus
866 5740 997 5800 aliis
1016 5762 1148 5802 mss.
1172 5740 1456 5805 exhibetur
1484 5758 1881 5818 postAcanones
1909 5740 2220 5805 Constanti-

629 5814 974 5895 nopglitanos
1013 5818 1238 5895 cep.__63
1282 5821 1450 5895 ct_63.
1485 5814 1558 5873 'In
1599 5816 1775 5874 Oxon.
1823 5819 2057 5895 quinque
2097 5821 2221 5895 sola

628 5884 866 5953 Capitula
896 5884 1265 5957 superioribus
1290 5889 1635 5955 adiiciuntur.
1675 5904 1795 5950 aute
1822 5884 1876 5946 in
1909 5884 2008 5947 lia'c
2042 5892 2223 5950 tabula

2374 754 2510 813 LIII.
2542 754 2726 829 ενι-ὀιΙί
2762 757 2832 813 ad
2882 754 3140 813 Joannem
3180 754 3542 813 Antiochenam
3585 761 3817 832 episcopum

2301 858 2482 906 contra
2511 852 2707 922 sesqui
2730 867 2890 922 prora
2925 852 2991 906 de
3028 868 3088 908 eo
3124 853 3181 906 in
3222 840 3326 922 ﬁde
3361 852 3633 922 ﬁnxerunt,
3657 859 3818 925 etquod

2306 943 2571 1011 exemplar
2598 943 2882 998 litterarum
2921 944 3192 998 Athanasii
3216 944 3285 998 ad
3313 944 3593 1015 Epictetum
3610 942 3705 1015 ipse
3720 946 3819 1001 dire-

2306 1036 2474 1099 xerit;
2501 1044 2550 1090 et
2578 1034 2806 1106 formula
2835 1035 2957 1105 ﬁdei
2978 1037 3277 1108 subrogata.

2380 1126 2515 1182 LIV.
2545 1126 2794 1198 Deﬁnitio
2823 1139 3017 1184 sancta
3045 1130 3233 1200 synodi
3260 1130 3689 1199 Chalcedonensis;
3714 1141 3751 1187 et
3768 1134 3818 1187 le-

2306 1236 2395 1293 ges
2410 1236 2473 1275 ex
2490 1218 2678 1276 Codice
2694 1220 3074 1279 Theodosieno.

2385 1315 2492 1370 LV.
2545 1314 2762 1371 Damasi
2804 1332 2954 1387 papa:
2979 1318 3047 1371 ad
3079 1316 3368 1374 Paulinum
3398 1320 3822 1390 Antiochenumepi-

2308 1425 2518 1479 scopum
2547 1414 2613 1463 de
2634 1410 2738 1478 ﬁde
2757 1420 2805 1465 et
2825 1409 3053 1482 formula
3082 1412 3249 1468 libelli
3268 1455 3282 1481 ,
3309 1416 3593 1485 cujusmodi
3618 1416 3744 1485 ﬁdem
3763 1417 3822 1484 qui

2308 1503 2375 1558 ab
2394 1502 2576 1558 haeresi
2603 1513 2925 1558 reuertuntur
2953 1505 3170 1561 debeant
3195 1507 3430 1577 proﬁteri
3452 1503 3500 1562 ‘.

2384 1598 2516 1654 LVI.
2573 1596 2784 1653 Eusebii
2836 1600 3065 1671 episcopi
3116 1599 3519 1656 Mediolanensis
3560 1601 3745 1671 epistola
3779 1602 3823 1653 ed

2308 1692 2534 1747 Leonem
2558 1708 2779 1763 papam,
2823 1708 2915 1764 per
2941 1708 3095 1761 quam
3124 1693 3244 1763 ﬁdei
3270 1697 3415 1765 eius,
3442 1711 3587 1765 quam
3612 1694 3670 1748 ad
3696 1692 3823 1747 Otia:-

2310 1798 2405 1842 tem
2437 1788 2728 1855 direxerat,
2756 1788 3029 1843 asserenda
3058 1804 3175 1843 cum
3212 1788 3337 1844 aliis
3366 1790 3612 1860 episcopis
3636 1790 3824 1843 consensit

2235 1875 2284 1936 Β
2309 1890 2461 1953 atque
2485 1878 2807 1951 subscripsit.

2387 1973 2542 2029 LVII.
2592 1974 2843 2030 Ravennii
2879 1975 3198 2047 aliorumque
3239 1975 3592 2047 episcoporum
3622 1972 3822 2029 Gallorum

2310 2068 2382 2122 ad
2408 2067 2631 2122 Leonem
2657 2082 2850 2138 papam
2879 2067 3002 2137 ﬁdei
3042 2069 3154 2139 ejus
3184 2083 3341 2139 quam
3373 2069 3442 2121 ad
3478 2065 3709 2122 Orientem
3731 2065 3824 2119 diu-

2312 2162 2408 2228 xit,
2438 2160 2641 2215 laudem
2670 2160 2973 2241 dicentium.

2386 2253 2567 2308 LVIII.
2596 2252 2791 2309 Gelasii
2831 2269 2980 2324 papa:
3021 2254 3317 2309 constitutio
3362 2255 3418 2310 in
3468 2252 3540 2311 85
3571 2254 3734 2321 titulis,
3766 2268 3822 2305 ta-

2310 2362 2504 2401 nonum
2539 2346 2908 2400 districtionem
2944 2356 3253 2416 temperans,
3279 2346 3337 2401 in
3370 2348 3451 2402 his
3495 2346 3715 2401 duntaxat
3748 2359 3825 2414 pro-

2312 2438 2491 2493 uinciis
2533 2454 2648 2508 qua:
2700 2440 2850 2493 certis
2892 2455 2956 2493 ex
3002 2440 3173 2494 causis
3204 2448 3260 2492 ut
3290 2439 3513 2495 ministri
3551 2434 3824 2494 Ecclesium

2312 2532 2500 2599 desint,
2538 2532 2800 2585 hominum
2827 2533 3041 2586 raritate
3070 2532 3326 2589 laborant.

2389 2624 2526 2680 LIX.
2560 2634 2585 2663 ο
2613 2624 2847 2681 Canones
2876 2627 3182 2682 Antiocheni
3201 2626 3433 2683 concilii.

2391 2718 2502 2774 LX.
2538 2720 2555 2757 ί
2587 2720 2796 2792 Regula:
2834 2722 3116 2776 secundum
3140 2720 3446 2777 Laodiciam
3474 2718 3694 2795 Phrygia
3714 2713 3828 2774 Peto-

2318 2811 2493 2867 tiante.

2389 2904 2527 2962 LXI.
2554 2916 2583 2956 ο
2601 2906 2832 2963 Canones
2852 2906 3421 2979 Constantinopolitani
3446 2906 3656 2962 concilii.

2403 3002 2507 3072 ιθ
2544 2999 2701 3056 LXII.
2731 2998 2762 3038 δ
2791 3000 3085 3055 Constituta
3138 2999 3155 3038 ί
3206 3001 3553 3074 Theleptensis
3580 2998 3760 3065 concilii,
3792 2994 3826 3047 il

2318 3102 2393 3148 est
2418 3094 2473 3147 in
2504 3094 2705 3163 Africa,
2725 3094 2884 3165 juxta
2912 3094 3218 3150 decretalent
3241 3094 3425 3151 Siricii
3449 3113 3607 3165 papae.

2392 3186 2577 3241 LXIII.
2599 3186 2799 3259 Regula
2826 3191 3168 3260 {armatarum
3197 3190 3485 3244 secundum
3512 3186 3670 3245 Greca
3694 3186 3826 3241 littersi

2253 3268 2301 3334 C
2329 3296 2443 3335 rum
2482 3283 2749 3337 elementa.

2394 3371 2579 3428 LXIV.
2616 3371 2893 3429 Clementis
2918 3374 2989 3429 ad
3016 3372 3286 3431 Iacobum.

2394 3466 2555 3523 LXV.
2589 3465 2799 3535 Ceretii,
2850 3467 3055 3525 Salonii
3100 3480 3145 3524 et
3177 3468 3373 3525 Verani
3413 3470 3727 3543 episcoporum
3746 3460 3827 3518 (isl-

2320 3562 2493 3617 lorum
2519 3567 2587 3616 ad
2611 3560 2829 3617 Leonem
2853 3579 3045 3632 papam
3082 3566 3274 3634 gratias
3314 3580 3475 3635 super
3521 3563 3635 3634 ﬁdei
3666 3556 3827 3614 doctrin

2323 3654 2604 3726 agentium.

2398 3747 2581 3803 LXVI.
2610 3746 2623 3797 i
2665 3747 2887 3818 Cyrilliv
2901 3749 2971 3803 ad
3000 3747 3296 3811 Nestorium
3328 3764 3353 3806 :
3380 3760 3435 3805 ut
3462 3766 3611 3806 unum
3638 3757 3677 3802 et
3714 3755 3829 3798 per!!!
3916 3776 3917 3783 ι

2327 3838 2449 3908 ﬁdei
2477 3840 2669 3910 dogma
2689 3848 2956 3910 sequatur.

2399 3930 2607 3987 LXVII.
2640 3930 2826 3987 Leonis
2855 3950 3003 4005 papa:
3024 3934 3092 3988 ad
3119 3934 3342 3990 Leonem
3369 3935 3658 4009 Augustum,
3697 3929 3745 3981 de
3765 3937 3831 3977 una

2326 4020 2538 4076 Domini
2587 4026 2749 4077 nostri
2795 4023 2923 4079 Iesu
2950 4024 3143 4080 Christi
3182 4043 3424 4096 persona,
3478 4033 3526 4081 et
3579 4022 3737 4078 duabus
3772 4013 3832 4070 Dei

2329 4115 2649 4187 hominisque
2678 4118 2901 4184 naturis,
2927 4134 3042 4171 cum
3070 4120 3312 4192 subjectis
3362 4119 3646 4176 testimoniis
3666 4113 3831 4167 Patren.

2399 4212 2632 4268 LXVIII.
2665 4212 2851 4269 Leonis
2885 4230 3035 4286 papa!
3081 4216 3150 4270 ad
3186 4214 3492 4273 Iuvenalem
3537 4205 3834 4280 lerosolylila'

2327 4323 2451 4362 num
2479 4308 2777 4378 episcopum
2800 4308 2863 4362 de
2889 4309 3067 4362 eodem
3085 4309 3219 4380 ipso.

2402 4399 2589 4454 LXIX.
2618 4400 2866 4470 Ejusdem
2915 4402 2984 4455 ad
3028 4399 3348 4457 Flavianum
3393 4403 3671 4473 episcopum
3695 4386 3833 4450 οΡΑι
3912 4410 3913 4417 ‘

2331 4491 2669 4546 damnatione
2690 4491 2898 4547 Iueresis
2926 4492 3284 4565 Eutychiante.

2405 4585 2570 4641 LXX.
2613 4585 2923 4641 Constitutio
2960 4588 3029 4641 ad
3074 4586 3406 4645 Theodorum
3445 4590 3703 4660 episcopum
3728 4572 3833 4633 Ῑοῖί·

2248 4671 2304 4734 D
2316 4678 2565 4751 juliensis
2593 4695 2750 4751 super
2788 4680 3096 4751 pwnitentice
3120 4690 3282 4738 statu.

2333 4898 2463 4945 sunt
2502 4904 2624 4959 cap.
2670 4888 2770 4955 66,
2807 4887 2906 4957 59,
2945 4888 3042 4956 60,
3072 4887 3171 4955 61,
3196 4898 3251 4944 et
3277 4888 3368 4944 62.
3404 4887 3465 4943 P.
3482 4876 3783 4959 Constantius
3802 4872 3833 4959 in

2334 4962 2545 5045 praefat.
2572 4957 2647 5045 ad
2681 4970 2811 5018 tom.
2844 4960 2863 5014 ι
2895 4960 3067 5044 Epist.
3114 4960 3272 5015 Rom.
3318 4958 3505 5042 pontii.
3545 4970 3656 5039 pag.
3693 4957 3834 5045 tm".
3908 5040 3909 5045 η

2334 5032 2496 5088 alium
2523 5033 2768 5088 codicem
2792 5031 3149 5087 Habes-tinum
3172 5030 3376 5088 laudat.
3400 5046 3492 5088 σοι
3518 5038 3675 5083 nunns
3697 5026 3837 5088 unctir
3908 5050 3909 5057 η

2332 5030 2496 5089 alium
2523 5033 2768 5090 codicem
2792 5031 3149 5087 Habes-tinum
3172 5030 3376 5097 laudat,
3442 5030 3492 5084 ui
3518 5030 3675 5083 minus
3697 5030 3834 5089 nutet}?r

2335 5104 2572 5163 videtur.
2603 5103 2851 5175 Concinit
2874 5118 3065 5175 usque
3104 5102 3326 5175 adesp.
3511 5100 3681 5175 Raetos
3709 5084 3834 5175 subdit

2334 5185 2545 5247 tantum
2590 5172 2820 5247 capitula
2869 5164 3238 5247 56:58.59,
3272 5164 3382 5239 '69,
3414 5170 3618 5247 61,65,
3642 5164 3837 5247 et

2334 5245 2533 5302 Leonis
2582 5236 2839 5317 epistolas
2867 5285 2884 5312 ,
2936 5236 3057 5317 qua
3087 5236 3162 5302 in
3210 5236 3314 5300 hac
3364 5236 3542 5301 tabula
3587 5236 3836 5305 incipiunt:

2333 5332 2458 5388 cap.
2491 5317 2584 5374 67.

2408 5398 2433 5427 ο
2464 5388 2638 5445 Oxon.
2675 5386 2836 5444 LVII.

2413 5459 2435 5499 ί
2463 5462 2639 5517 Oxon.
2672 5458 2853 5515 LVIII.

2406 5543 2435 5583 II
2466 5533 2641 5589 Oxon.
2673 5528 2810 5587 LIX.

2403 5582 2435 5643 ί
2453 5582 2969 5689 figenda—flium.
3000 5598 3071 5660 At
3098 5598 3275 5662 Oxon.
3300 5609 3359 5661 et
3384 5597 3477 5662 alii
3516 5595 3719 5672 pusio,
3742 5582 3837 5643 ﬁt“

2334 5679 2647 5805 (minaxon.
2672 5745 2788 5803 LX.

2410 5819 2425 5870 ἰ
2463 5820 2637 5878 Oxon.
2665 5817 2805 5878 LVI.
