3978 6342
162 447 260 507 569

606 440 839 500 CODEX
875 439 1203 499 CANONUM
1244 438 1525 498 ECCLES.
1570 436 1658 495 ET
1697 391 2281 499 CONSTiTUTORiJM
2319 440 2378 498 S.
2421 438 2617 500 SEDIS
2655 440 2985 504 APOSTOL.

3346 453 3453 511 370

163 559 371 620 Christo
398 558 630 614 Domino
652 566 1060 621 consecrarunt,
1083 556 1307 627 aliisque
1333 555 1582 611 omnibus
1601 553 1754 609 urbi-
1778 554 1835 616 Α
1860 570 1980 609 nem
2018 563 2074 611 et
2115 558 2489 612 ascensionem
2528 560 2582 615 in
2619 532 2789 615 cuiius
2830 561 3044 618 Domini
3080 564 3251 621 nostri
3292 566 3452 624 Jesu-

164 657 257 712 bus
275 654 329 709 in
352 652 608 707 universo
629 648 831 706 mundo
851 664 945 704 sua
967 649 1247 719 praesentia
1270 658 1431 718 atque
1451 646 1757 703 venerando

166 746 434 819 triumpho
464 745 839 817 praetulerunt.
870 753 896 781 ⁸
922 744 989 799 Et
1018 744 1143 799 licet
1164 742 1193 783 ι’
1223 758 1318 813 pro
1344 742 1595 797 omnibus
1620 744 1759 799 assi-

164 844 263 901 dua
306 840 448 911 apud
506 838 793 895 Dominum
831 838 1071 893 omnium
1127 845 1435 891 sanctorum
1502 836 1757 891 tundatur

161 936 351 997 oratio,
376 932 461 988 bis
486 941 663 987 tamen
687 928 867 987 verbis
889 929 1085 984 Paulus
1114 928 1455 985 beatissimus
1482 928 1756 999 apostolus

162 1028 419 1085 Romanis
468 1026 691 1098 proprio
740 1023 1101 1094 chirographo
1143 1022 1457 1093 pollicetur,
1526 1023 1753 1079 (licens:

163 1123 325 1179 Testis
348 1122 487 1177 enim
512 1119 638 1174 milii
674 1126 747 1173 est
793 1116 955 1185 Deus,
992 1117 1074 1171 cui
1112 1117 1276 1173 servio
1304 1117 1357 1169 in
1393 1115 1580 1186 spiritu
1620 1133 1753 1182 meo,

160 1218 209 1271 in
233 1214 521 1286 Evangelia
551 1212 680 1267 Filii
705 1215 839 1285 ejus,
870 1209 1010 1277 quod
1036 1211 1149 1266 sine
1168 1210 1543 1282 intermissione
1565 1226 1759 1266 memo-

160 1311 291 1365 riam
319 1310 471 1366 vestri
497 1309 633 1380 facio
653 1323 850 1381 seniper
864 1308 917 1361 in
928 1306 1242 1362 orationibus
1256 1306 1574 1379 meis(Rom.
1604 1322 1642 1374 l,
1674 1304 1756 1377 9).

229 1412 254 1441 ε
270 1406 291 1425 ⁸
313 1400 498 1457 Prima
518 1398 545 1438 ἀ
568 1414 698 1471 ergo
716 1398 875 1455 sedes
902 1407 986 1456 est
1011 1398 1221 1455 cmlesti
1237 1398 1499 1455 beneﬁcio
1516 1398 1756 1455 Romana

161 1494 429 1562 Ecclesia,
454 1509 613 1565 quam
635 1493 927 1551 beatissimi
953 1492 1184 1563 apostoli
1214 1491 1405 1549 Petrus
1426 1504 1588 1559 atque
1618 1492 1757 1547 Pau-

163 1589 241 1647 lus
275 1602 383 1644 suo
412 1586 673 1660 martyrio
710 1586 1048 1642 dedicarunt.
1091 1584 1341 1642 Secunda
1380 1592 1558 1640 autem
1599 1584 1757 1640 sedes

164 1680 303 1751 apud
339 1678 722 1741 Alexandriam
753 1677 894 1733 beati
929 1677 1073 1733 Petri
1104 1677 1323 1732 nomine
1360 1691 1390 1731 a
1428 1676 1611 1734 Marco
1639 1676 1757 1745 ejus

158 1775 263 1849 24
289 1774 565 1844 discipulo
592 1782 753 1844 atque
776 1771 1103 1843 evangelista
1133 1779 1450 1827 consecrata
1472 1779 1557 1826 est
1576 1779 1599 1807 ο
1631 1769 1757 1839 quia

160 1871 268 1940 ipse
307 1879 366 1925 et
404 1868 459 1923 in
491 1868 726 1939 Egypto
770 1867 973 1938 primus
1004 1863 1226 1919 verbum
1263 1859 1506 1919 veritatis
1539 1877 1569 1917 a
1599 1860 1759 1917 Petro

1862 648 2062 704 Christi
2101 661 2464 706 commoratus
2511 661 2622 718 est;
2682 654 2861 725 ibique
2901 658 3060 711 etiam
3105 658 3450 731 Evangelium

1861 741 2004 813 quod
2033 744 2327 799 secundum
2352 742 2613 801 Jonnnem
2645 746 2862 815 dicitur,
2893 748 3074 804 divina
3104 752 3454 821 inspiratione

1861 838 2216 907 conscripsit,
2267 847 2427 909 atque
2468 843 2765 910 requievit;
2806 853 2861 898 et
2903 842 2972 899 ob
3014 843 3115 899 hoc
3167 847 3453 916 episcopus

1863 928 2132 998 Ephesius
2151 946 2256 1000 pro
2288 940 2430 986 tanta
2468 932 2696 1002 apostoli
2727 942 2780 989 et
2813 935 3156 1005 evangelistm
3194 940 3451 998 memoria

1861 1039 1973 1095 prae
2004 1024 2215 1079 caeteris
2243 1025 2509 1094 episcopis
2540 1027 2967 1095 metropolitanis
3008 1030 3060 1084 in
3097 1032 3317 1102 synodis
3359 1034 3452 1092 lto-

1860 1118 2241 1174 norabiliorem
2273 1118 2478 1175 obtinet
2507 1126 2711 1176 sedem.

1936 1213 1951 1261 t
1990 1210 2097 1267 Sed
2118 1212 2367 1282 quoniam
2384 1212 2453 1268 de
2471 1212 2932 1269 concilioNicteno
2953 1214 3325 1273 disserendum
3350 1220 3451 1290 2:»;

1860 1314 1945 1360 est
1976 1320 2134 1375 :quaa
2159 1304 2261 1361 hoc
2300 1304 2429 1361 fecit
2457 1320 2618 1362 causa
2657 1313 2715 1361 ut
2750 1316 2873 1377 post
2912 1308 3055 1363 illam
3084 1311 3451 1379 apostolorum

1859 1396 2299 1467 gloriosissimam
2319 1398 2981 1472 praedicationem,qu~.ein
3008 1418 3222 1459 omnem
3250 1412 3452 1459 terram
3503 1389 3519 1403 ’

1861 1492 2182 1549 mirabiliter
2214 1492 2418 1555 ,diti‘usa
2457 1504 2577 1558 est,
2622 1494 2724 1549 sub
2751 1495 3108 1551 Constantino
3146 1494 3174 1533 ιι
3212 1499 3455 1566 Augusto

1862 1587 1994 1640 tanti
2025 1594 2481 1656 congregarentur
2506 1587 2777 1658 episcopi?
2807 1586 2988 1643 Ruﬁni
3026 1588 3181 1643 nobis
3208 1588 3454 1644 decimu.

1864 1676 2028 1744 liber,
2059 1679 2147 1750 qui
2178 1679 2497 1750 conjunctus
2525 1688 2610 1734 est
2640 1694 2836 1735 novem
2880 1678 3033 1735 libris
3060 1680 3451 1739 EcclesiaStica:

1863 1772 2133 1841 Historiae,
2158 1788 2292 1843 quos
2318 1774 2396 1827 vir
2416 1773 2812 1829 eruditissimus
2836 1772 3451 1830 EusebiusCzesariensis

1862 1866 2073 1934 edidit,
2126 1868 2433 1923 necessarie
2475 1866 2745 1937 profertur
2787 1867 2853 1922 ad
2896 1867 3131 1923 medium
3158 1912 3173 1937 ,
3202 1877 3261 1921 ut
3290 1883 3449 1937 parva

157 1962 397 2019 directus
419 1959 749 2031 praedicavit,
773 1967 822 2014 et
848 1957 1142 2029 gloriosum
1163 1956 1398 2028 suscepit
1418 1956 1758 2026 martyriu,
1789 1948 1840 2011 B
1866 1958 1983 2028 ejus
2010 1973 2128 2028 quas
2158 1960 2296 2013 inter
2324 1959 2473 2014 initia
2514 1958 2583 2015 de
2620 1959 2732 2013 Arii
2762 1961 3114 2029 perversitate
3143 1960 3453 2031 conscripta

157 2053 237 2110 cui
258 2051 592 2109 venerabilis
630 2051 890 2106 successit
918 2048 1146 2105 Abilius.
1180 2047 1359 2104 Tertia
1392 2062 1520 2104 vero
1544 2045 1564 2085 ί
1600 2046 1759 2103 sedes

158 2144 296 2216 apud
343 2143 708 2209 Antiochiam,
739 2143 984 2214 ejusdem
1023 2141 1167 2198 beati
1208 2142 1356 2198 Petri
1388 2142 1617 2211 apostoli
1661 2157 1761 2198 no—

159 2240 300 2296 mine
332 2237 565 2294 habetur
594 2235 960 2313 honorabilis;
992 2234 1114 2306 quia
1147 2234 1280 2301 illic,
1318 2236 1625 2306 priusquam
1652 2235 1762 2290 Ro-

157 2350 296 2391 mam
332 2334 569 2402 veniret,
605 2331 886 2397 habitavit,
910 2339 965 2386 et
986 2330 1247 2401 lgnatium
1275 2328 1590 2400 episcopum
1621 2344 1757 2385 con-

157 2428 366 2495 stituit;
389 2437 447 2483 et
468 2426 581 2482 illic
596 2425 831 2495 primum
854 2437 1050 2479 nomen
1077 2420 1508 2477 Christianorum
1530 2421 1760 2477 novellae

155 2521 329 2592 gentis
360 2529 610 2575 exortum
634 2527 719 2573 est
750 2526 797 2570 Β.

222 2615 366 2672 Nam
389 2623 447 2671 et
475 2612 962 2685 Jerosolymitanus
990 2610 1299 2682 episcopus,
1337 2624 1435 2681 pro
1474 2610 1607 2666 tanti
1655 2609 1761 2668 loci

158 2707 481 2774 reverentia,
512 2706 582 2761 ab
607 2704 859 2762 omnibus
886 2703 1114 2759 habetur
1134 2702 1495 2769 honorabilis;
1524 2705 1761 2760 maxime

159 2800 411 2871 quoniam
442 2797 553 2853 illic
580 2797 788 2869 primus
826 2795 1170 2853 beatissimus
1200 2795 1454 2866 Jacobus,
1486 2798 1576 2868 qui
1614 2796 1761 2853 dice-

156 2890 315 2947 batur
344 2890 554 2956 Justus,
583 2889 675 2960 qui
703 2888 865 2944 etiam
888 2886 1185 2944 secundum
1213 2902 1433 2943 carnem
1467 2888 1638 2944 frater
1664 2886 1761 2943 Doo

158 2986 288 3042 mini
320 2992 664 3053 nuncupatus
690 2990 794 3050 est,
828 2996 860 3038 a
892 2982 1074 3048 Petro,
1102 2981 1303 3037 Jacobo
1326 2993 1382 3038 et
1401 2980 1610 3037 Joanne
1631 2996 1761 3051 apo-

154 3078 311 3133 stolis
370 3077 660 3147 episcopus
705 3084 790 3130 est
847 3074 1149 3131 ordinatus.
1218 3073 1403 3144 Itaque
1463 3072 1759 3129 secundum

154 3172 504 3241 antiquorum
536 3169 753 3224 Patrum
784 3167 1175 3233 deﬁnitionem,
1212 3166 1367 3223 sedes
1398 3167 1567 3236 prima
1604 3166 1760 3222 Jero-

154 3263 389 3335 solymis
414 3260 444 3299 ¹ι
470 3262 688 3318 minime
718 3260 945 3316 dicitur:
972 3276 1037 3316 ne
1071 3260 1208 3315 forte
1239 3260 1308 3314 ab
1337 3259 1642 3315 intidelibus
1668 3268 1761 3315 aut

1863 2060 2012 2116 sunt,
2040 2060 2408 2107 memorentur
2434 2069 2448 2107 :
2476 2052 2597 2122 quia
2622 2051 2839 2108 dubium
2864 2069 2970 2108 non
2992 2063 3076 2109 est
3097 2053 3218 2110 ideo
3242 2064 3450 2111 trecen-

1864 2153 1950 2201 tos
1986 2144 2172 2201 decem
2204 2154 2260 2201 et
2296 2154 2420 2201 octo
2446 2146 2815 2201 sanctissimos
2853 2146 3043 2202 Patres
3083 2162 3153 2203 ex
3197 2149 3452 2204 universo

1863 2238 2144 2303 Orientali,
2180 2235 2198 2275 ι
2230 2247 2392 2310 atque
2415 2238 2749 2295 Occidentali
2799 2240 2931 2295 orbe
2966 2240 3022 2296 in
3054 2240 3231 2297 Nicaea
3262 2242 3452 2314 Bithy-

1865 2330 1969 2384 nia:
1994 2340 2349 2401 congregatos
2372 2373 2388 2397 ,
2413 2340 2471 2385 ut
2501 2339 2555 2386 et
2600 2331 2713 2386 Arii
2746 2330 2968 2402 impium
3001 2330 3223 2403 dogma,
3247 2332 3451 2389 Christi

1864 2423 2088 2488 auxilio,
2130 2423 2368 2479 funditus
2403 2425 2771 2489 damnaretur,
2798 2433 2854 2479 et
2880 2423 3087 2483 salubri
3112 2425 3452 2494 providentia

1863 2518 2252 2573 constituerent
2273 2516 2400 2586 quid
2425 2516 2478 2571 in
2506 2516 2741 2572 ECcIesia
2766 2525 2951 2571 sancta
2975 2516 3237 2572 catholica
3258 2517 3454 2572 debeat

1864 2608 2165 2665 observari.
2206 2618 2246 2645 ω
2291 2608 2426 2662 Item
2465 2608 2533 2662 ad
2564 2606 2738 2664 locum
2765 2624 2828 2662 ex
2848 2607 2977 2663 libro
3019 2608 3215 2663 decimo
3248 2608 3449 2679 Ruﬁni.

1862 2702 2029 2773 igitur
2058 2718 2180 2759 cum
2224 2701 2365 2773 apud
2405 2701 2787 2757 Alexandriam
2828 2711 2951 2773 post
2984 2711 3013 2739 ’³
3042 2703 3284 2759 Achilam
3312 2745 3327 2769 ,
3361 2704 3451 2772 qui

1863 2793 2026 2850 Petro
2079 2795 2299 2867 martyri
2347 2804 2708 2862 successerat,
2756 2795 3064 2850 Alexander
3092 2800 3450 2852 sacerdotum

1862 2885 2225 2956 suscepisset;
2258 2885 2382 2955 quia
2420 2900 2522 2956 pax
2558 2886 2757 2941 nostris
2795 2895 2850 2941 et
2891 2886 3105 2956 requies
3142 2902 3171 2940 a
3204 2903 3450 2955 persecu-

1864 2978 2103 3034 tionibus
2121 2986 2238 3032 erat
2255 3016 2271 3041 ,
2296 2986 2457 3047 atque
2488 2976 2846 3032 Ecclesiarum
2877 2976 3049 3045 gloria
3076 2976 3449 3033 confessornm

1864 3072 2071 3129 meritis
2096 3071 2391 3142 gaudebat,
2442 3073 2776 3142 prOSpcritas
2804 3086 2982 3126 rerum
3009 3082 3314 3127 nostrarum
3349 3072 3450 3126 du-

1864 3166 2086 3222 mestica
2114 3164 2459 3220 contentione
2495 3167 2759 3221 turbatur.
2790 3164 3000 3221 Etenim
3033 3167 3314 3238 presbyter
3334 3168 3453 3237 qui-

1865 3260 1989 3316 dam
2021 3260 2160 3331 apud
2193 3258 2573 3315 Alexandriam
2604 3260 2761 3315 Arius
2790 3260 3029 3326 nomine,
3070 3262 3153 3316 vir
3187 3256 3452 3331 speciest

156 3352 353 3409 idiotis
372 3351 528 3408 sedes
556 3351 761 3407 Domini
780 3353 949 3408 nostri
978 3351 1107 3407 Jesu
1130 3351 1356 3418 Christi,
1387 3366 1507 3419 qua:
1531 3352 1581 3405 in
1604 3353 1756 3407 cmlis
1786 3336 1834 3403 C
1866 3353 2037 3411 lorma
2067 3352 2234 3422 magis
2258 3366 2418 3422 quam
2448 3352 2642 3407 virtute
2666 3351 2948 3421 religiosus
2971 3393 2985 3418 ,
3019 3353 3111 3407 sed
3133 3354 3317 3423 gloria:
3340 3356 3452 3409 lau-

161 3453 273 3513 est,
327 3445 380 3498 in
425 3452 563 3499 terra
598 3458 717 3500 esse
766 3452 1067 3516 putaretur.
1114 3444 1205 3498 Est
1251 3445 1393 3499 enim
1443 3443 1599 3500 sedes
1639 3444 1758 3515 ejus

155 3536 398 3604 omium,
433 3546 570 3594 terra
593 3547 772 3594 autem
797 3538 1087 3595 scabellum
1114 3536 1308 3609 pedum
1330 3537 1468 3606 ejus.
1493 3536 1757 3605 Quoniam

154 3627 277 3699 ipse
305 3638 391 3685 est
406 3645 502 3699 per
521 3646 680 3699 quem
704 3630 881 3685 omnia
908 3629 1046 3685 facta
1069 3637 1216 3694 sunt,
1234 3628 1418 3684 etsine
1434 3646 1541 3701 quo
1562 3629 1758 3684 factum

153 3730 237 3777 est
253 3722 421 3778 nihil:
445 3723 702 3791 Quoniam
724 3739 785 3777 ex
806 3726 942 3792 ipso,
970 3731 1016 3777 et
1032 3738 1122 3793 per
1146 3723 1339 3789 ipsum,
1368 3732 1415 3776 et
1436 3724 1489 3777 in
1511 3723 1621 3795 ipso
1641 3734 1760 3781 sunt

154 3816 367 3883 omnia;
392 3817 491 3887 ipsi
517 3817 685 3887 gloria
708 3818 761 3870 in
788 3816 980 3871 stecula
1000 3816 1308 3870 steculorum
1341 3815 1518 3885 (Rom.
1550 3834 1622 3883 at,
1640 3815 1755 3888 '56).

223 3913 389 3983 Apud
437 3910 707 3982 Ephesum
740 3926 868 3968 vero
899 3910 1241 3968 beatissimus
1273 3912 1506 3969 Joannes
1541 3924 1755 3982 aposto-

153 4007 234 4064 lus
259 4017 318 4065 et
348 4006 680 4079 evangelista
713 4008 881 4063 multo
920 4016 1161 4079 tempore
1204 4005 1221 4045 ί
1252 4016 1372 4079 post
1401 4009 1760 4065 resurrectio-

222 4180 251 4243 ξι
276 4169 584 4243 Sequentia
604 4185 773 4240 usque
787 4169 885 4243 adf
906 4169 1098 4227 desunt
1126 4169 1267 4241 apud
1292 4168 1471 4243 Gelas.

218 4240 251 4281 δ
282 4240 501 4311 Quesn.
544 4258 667 4299 cum
698 4243 817 4297 cod.
850 4241 1053 4307 Oxon.,
1079 4240 1173 4313 pro
1213 4241 1444 4313 omnibus
1489 4241 1754 4313 Ecclesiis.

151 4315 513 4373 Pratnlimus
542 4315 830 4371 lectionem
851 4328 981 4369 mss.
1000 4311 1214 4369 Th’uan.
1236 4311 1502 4380 Colbert.,
1525 4312 1756 4370 Vindeb.

149 4389 220 4442 ‘2
252 4398 309 4441 et
345 4387 564 4442 Isitlnri.

223 4470 246 4528 ς
282 4459 555 4528 Sequitur
584 4457 767 4515 Gelas.

218 4526 248 4567 ιι
279 4525 450 4594 Apud
481 4530 755 4586 Gelasium
783 4527 884 4594 sic,
917 4525 1145 4599 Estergo
1174 4529 1340 4597 prima
1369 4528 1513 4584 Petri
1541 4529 1764 4599 apostoli

1864 3450 2054 3519 disque
2081 3458 2135 3502 et
2178 3446 2431 3501 novitatis
2466 3446 2708 3514 improbe
2731 3447 2981 3515 cupidus,
3012 3462 3177 3516 prava
3201 3446 3450 3517 quaedam

1862 3546 1930 3601 de
1952 3545 2056 3599 ﬁde
2082 3541 2282 3599 Christi
2316 3541 2558 3612 proferre
2588 3582 2603 3604 .
2625 3551 2680 3597 et
2708 3556 2829 3610 qua:
2862 3551 2885 3577 ο
2909 3550 3035 3597 ante
3055 3542 3121 3596 ad
3148 3542 3451 3612 inquisitio-

1864 3652 1988 3693 nem
2030 3650 2299 3705 nunquam
2332 3641 2623 3699 venerant,
2656 3632 2820 3703 coepit
2851 3650 2865 3686 :
2895 3632 3176 3688 abscidere
3203 3647 3267 3689 ac
3296 3648 3452 3702 sepa-

1864 3745 1983 3786 rare
2010 3728 2077 3783 ab
2106 3728 2193 3783 illa
2221 3738 2425 3783 aeterna
2455 3734 2509 3780 et
2536 3724 2790 3780 ineliabili
2824 3724 2915 3779 Dei
2951 3724 3125 3779 Patris
3153 3724 3451 3780 substantia

1862 3823 1949 3878 vel
1997 3831 2188 3878 natura
2238 3820 2428 3875 Filium
2470 3819 2783 3875 conabatur.
2830 3818 2960 3885 Quae
2992 3832 3080 3873 res
3119 3819 3173 3872 in
3212 3818 3450 3874 Ecclesia

1865 3916 2128 3987 plurimos
2156 3914 2531 3970 conturbabat.
2563 3912 2667 3967 Sed
2692 3927 2813 3967 cum
2845 3911 3146 3967 Alexander
3166 3912 3452 3982 epi~copus

1870 4018 2061 4065 natura
2110 4006 2247 4062 lenis
2291 4016 2347 4062 et
2398 4006 2611 4075 quietus
2657 4002 2889 4059 assiduis
2942 4002 3454 4060 contmonitionibus

1938 4170 1954 4209 ί
1986 4171 2104 4227 Vat.
2130 4170 2279 4237 isid.,
2314 4178 2424 4238 post
2442 4166 2653 4222 Domini
2683 4169 3098 4221 resurrectionem
3127 4177 3174 4223 et
3194 4170 3453 4223 ascensio-

1863 4260 1976 4297 nem
2005 4246 2059 4296 in
2086 4245 2260 4305 caelos,
2293 4243 2465 4294 dit-ina
2494 4241 2829 4306 inspiratione
2861 4238 3192 4309 Evangeliunt
3223 4242 3450 4293 conscri-

1863 4316 1986 4386 psit,
2014 4324 2163 4386 atqu_e
2196 4313 2458 4386 requievit.
2487 4310 2808 4386 Qucum-llus
2852 4321 2996 4386 notat
3040 4325 3092 4362 tn
3120 4309 3450 4386 cod._0xon.

1867 4380 2050 4440 ltaheri
2081 4380 2435 4454 'Evangeliunt
2475 4392 2531 4454 _ct
2577 4382 2940 4454 Apocalypsim
2982 4380 3319 4454 conscripsit;
3358 4382 3455 4436 seti

1866 4457 2025 4520 male,
2062 4456 2196 4509 hanc
2217 4450 2359 4511 enim
2391 4456 2442 4506 in
2474 4452 2725 4505 Patlnnos
2755 4453 2925 4504 insula
2955 4450 3187 4517 scripsit.

1945 4527 1957 4577 i
1998 4528 2072 4581 Ita
2121 4526 2258 4581 (1nd.
2291 4525 2499 4578 Thuan.
2532 4522 2793 4586 Colliert.,
2827 4521 3048 4575 Vindeb.
3083 4532 3136 4574 et
3173 4520 3291 4576 Vat.
3326 4522 3453 4577 isid.

148 4603 299 4657 sedes
327 4591 829 4680 Rontanachcleia
844 4591 950 4680 non
979 4591 1468 4680 habert‘s'maculam,
1493 4591 1654 4672 neque
1673 4618 1765 4680 ru-
1788 4619 1841 4680 υ
1869 4612 2006 4679 (ευηι¹
2020 4596 2263 4680 hierlitto.
2288 4596 2497 4677 Quesn.
2523 4610 2585 4647 es
2609 4595 2810 4673 Osuiu,
2841 4591 2945 4680 Sed
2972 4593 3212 4680 quoniam
3246 4592 3447 4680 Nicqmi

148 4691 288 4742 gum,
301 4690 497 4754 “neque
528 4674 747 4754 aliquid,
764 4671 1077 4754 Itujusmodi.
1118 4670 1378 4754 Secunda
1397 4670 1577 4754 autem
1592 4674 1758 4754 sedes,

148 4754 256 4800 etc.
291 4742 515 4811 oues...
540 4742 874 4800 collectioni»
904 4753 1092 4797 auctor
1115 4757 1237 4797 cum
1273 4742 1548 4809 periodum
1591 4744 1762 4798 inter-

146 4818 392 4874 serueiit
429 4814 666 4879 Gelasio,
701 4814 816 4869 hac
839 4815 997 4868 verba
1029 4815 1183 4869 aliter
1214 4815 1484 4884 exposuit.

220 4898 247 4925 ⁸
282 4888 481 4944 Getas.
494 4930 510 4950 ,
530 4888 735 4957 ipseque
755 4904 785 4939 a
804 4884 962 4939 Petro
979 4885 1209 4955 apostolo
1232 4886 1285 4938 in
1310 4885 1599 4957 {Egyptum
1624 4887 1763 4941 dire-

146 4971 263 5015 ctus
289 4962 517 5015 verbum
546 4956 774 5028 ueritatis
804 4956 1097 5028 praedicarit
1126 4966 1172 5009 et
1216 4956 1494 5026 gloriosum
1520 4973 1762 5011 consum-

146 5036 307 5085 mavit
352 5031 693 5102 martyrium.
735 5026 906 5083 Tettio
941 5030 1437 5102 uero,_etc._Quesn.
1476 5029 1606 5083 Cod.
1645 5028 1760 5085 Vat.

145 5102 279 5157 isid.
315 5112 383 5160 et.
418 5098 694 5164 Meriiuus,
724 5101 848 5169 quia
880 5109 927 5151 et
953 5098 1132 5170 ipsein
1161 5098 1414 5170 ﬁgi/pta,
1442 5110 1544 5155 etc.

223 5173 242 5211 ⁵
277 5175 364 5230 ita
392 5190 499 5230 ms.
537 5168 749 5228 Thuan.
793 5186 913 5223 cum
954 5168 1077 5223 Isid.
1108 5178 1161 5223 et
1198 5168 1375 5225 Getas.
1410 5171 1594 5226 Solum
1632 5171 1763 5227 isid.

143 5247 357 5301 omittit
390 5246 621 5299 nomine.
658 5242 755 5296 Ms.
783 5238 1109 5304 Vindebon.,
1146 5239 1316 5295 Tertia
1350 5244 1492 5296 sedes
1525 5254 1597 5296 est
1627 5242 1769 5311 apud

142 5317 497 5371 Antiochiam
528 5316 651 5368 item
690 5312 752 5367 Β.
792 5311 932 5365 Petri
972 5312 1174 5366 nomine
1218 5312 1549 5367 honorabilis.
1592 5315 1767 5378 Queso

140 5389 333 5445 bellus
353 5403 491 5442 vero
512 5385 736 5441 retinuit
760 5382 1046 5438 lectionem
1068 5382 1335 5438 inferioris
1351 5384 1551 5439 codicis
1567 5384 1765 5451 Oxon.,

142 5460 315 5515 Sedes
344 5470 431 5515 est
456 5457 599 5527 apud
619 5453 969 5527 Antiochiam,
990 5455 1109 5527 item
1134 5454 1261 5527 beati
1284 5452 1427 5509 Petri
1456 5455 1769 5509 habitatione

139 5524 502 5592 verterabilis,
525 5528 669 5596 quia,
697 5537 801 5581 etc.
837 5526 960 5580 Mox
988 5524 1125 5579 idem
1157 5525 1333 5581 Oxon.
1384 5540 1482 5594 pro
1509 5526 1771 5580 constituit

139 5601 315 5657 habet
360 5601 614 5655 instituit.
656 5597 828 5653 Verba
866 5605 1045 5669 autem
1080 5606 1131 5669 et
1165 5597 1434 5669 lgnatium
1474 5598 1771 5669 episcOpum

136 5674 455 5735 constituit,
484 5673 621 5726 sicut
656 5680 713 5725 et
750 5668 1147 5734 antecedentia,
1193 5667 1278 5722 cui
1316 5667 1616 5723 venerabilis
1648 5684 1772 5722 suc-

136 5748 298 5800 cessit
330 5742 567 5807 Abilius,
600 5742 669 5796 ab
710 5746 930 5795 auctore
956 5738 1297 5796 collectionis
1339 5739 1543 5807 addita,
1575 5740 1627 5795 in
1660 5738 1771 5795 Ge-

135 5816 279 5871 lasio
308 5829 436 5870 non
462 5813 830 5868 inveniuntur.

207 5897 237 5935 ι
275 5887 591 5954 ﬂuensque
622 5882 801 5939 Gelas.

207 5958 237 5999 ⁸³
272 5957 432 6017 isid.
460 5956 609 6012 addit
642 5970 767 6011 esse.

1866 4670 2067 4723 concilii
2098 4684 2316 4721 canones
2348 4667 2497 4731 primi
2535 4664 2760 4716 omnium
2799 4666 3018 4724 ponendi
3048 4673 3186 4719 sunt.
3223 4682 3336 4733 qum
3361 4666 3457 4719 hoc

1869 4742 2041 4808 fecerit
2071 4755 2245 4792 causa.
2284 4736 2378 4791 Est
2408 4744 2527 4805 post
2549 4734 2803 4788 nonnulla
2825 4743 2895 4787 tot
2926 4750 3023 4805 pro
3044 4735 3170 4788 tanti
3195 4738 3247 4789 in
3263 4736 3455 4791 eodem

1867 4811 2043 4865 Oxon.

1942 4881 1964 4918 ιε
2000 4883 2178 4936 Oxon.
2198 4879 2369 4935 codex
2383 4878 2520 4933 sicut
2544 4876 2595 4930 in
2617 4875 3063 4931 antecedentibus
3076 4879 3297 4932 mutavit
3313 4893 3457 4946 quie-

1869 4954 2023 5016 dam,
2049 4954 2120 5008 ita
2148 4951 2234 5006 hic
2263 4952 2363 5005 alia
2397 4947 2643 5012 mutavit,
2676 4948 2777 4999 alia
2799 4947 3021 5002 delevit.
3040 4948 3130 5004 Sic
3150 4959 3330 5003 autem
3366 4948 3457 5000 ha-

1868 5024 1959 5080 bet
1993 5026 2093 5078 aliu
2153 5022 2583 5081 intersunt-tione
2612 5036 2623 5070 ε
2658 5019 2914 5087 episcopi;
2963 5019 3136 5087 palam
3163 5017 3457 5087 {acitdeci-

1870 5112 1981 5149 mus
2003 5097 2130 5150 liber
2151 5095 2344 5163 Ruﬁni,
2366 5093 2453 5163 qui
2481 5085 2885 5163 conjunctus‘cst
2912 5085 3454 5163 netetnjibris‘Eccle-

1870 5167 2093 5220 siatticm
2126 5156 2398 5223 Hisiorttc'.
2429 5178 2556 5229 quos
2574 5156 2659 5214 Vvir
2681 5160 3052 5215 eruditissimus
3072 5156 3457 5229 EusebiusCte-

1870 5239 2117 5293 sariensis
2157 5238 2332 5292 edidit.
2372 5227 2599 5288 Dubium
2630 5231 2764 5285 enim
2803 5248 2905 5285 non
2934 5240 3026 5286 est.
3069 5230 3218 5285 Alios
3241 5227 3458 5283 codices

1871 5311 2041 5365 secuti
2073 5324 2276 5365 sumus.

1951 5379 1969 5418 1
2006 5381 2124 5435 Vat.
2154 5378 2276 5433 isid.
2306 5387 2361 5433 et
2384 5376 2640 5432 iicriinus
2667 5372 2849 5428 delent
2875 5383 3026 5443 atque
3050 5368 3387 5443 Occidentali.

1945 5461 1985 5489 ιη
2013 5453 2142 5519 Quae
2186 5460 2512 5517 sequuntur,
2557 5441 2948 5519 desiderantur
2978 5445 3030 5498 in
3082 5441 3219 5519 cod.
3265 5442 3450 5519 onn.

1873 5511 2105 5592 suntqite
2132 5522 2182 5575 in
2206 5511 2416 5575 Tliuan.
2448 5529 2503 5573 et
2527 5516 2667 5586 apud
2696 5514 2959 5569 isidonttm
2981 5556 2995 5581 ,
3019 5528 3084 5569 ex
3119 5511 3247 5566 bist.
3276 5511 3456 5565 Rufin.
3524 5586 3527 5589 _

1874 5596 1914 5650 Ι.
1946 5592 2177 5731 ξιῗίιὲέε,
2210 5662 2481 5718 Achillem.
2515 5660 2635 5715 Mox
2659 5656 2810 5722 isid.,
2842 5657 2963 5712 Vat.
2993 5669 3049 5710 et
3066 5653 3342 5723 Merlinus,
3374 5656 3459 5725 qui

1876 5738 2022 5793 Petri
2047 5738 2293 5806 martyrio
2321 5732 2586 5806 successit.

1876 5834 1883 5855 ρ
1951 5816 1976 5845 ο
2017 5795 2259 5872 Ruﬁnus,
2312 5821 2375 5859 ex
2426 5817 2533 5872 quo
2570 5798 2655 5855 hic
2686 5798 2835 5854 locus
2860 5806 3108 5866 sumptus
3148 5798 3268 5864 luit,
3301 5795 3458 5872 habet

1879 5890 2028 5935 antea
2076 5879 2143 5931 ad
2186 5869 2515 5943 quaestionem
2558 5886 2821 5942 nunquam
2872 5880 3094 5928 venerat.
3139 5872 3260 5930 Mox
3305 5869 3466 5937 alias,

1881 5951 2027 6027 «cpit
2057 5948 2363 6004 abscindere.
