3992 6348
220 314 328 372 593

221 531 249 560 ι
280 522 353 577 ita
377 530 437 578 ut
461 522 749 594 episcopus
776 526 1113 583 Alexandria:
1138 527 1327 584 harum
1354 528 1593 584 omnium
1619 526 1815 583 habeat

216 622 585 686 potestatem;
628 615 883 686 quoniam
926 626 980 673 et
1022 617 1267 675 Romano
1295 619 1551 691 episcopo
1589 616 1705 674 hac
1731 625 1815 674 est

214 706 570 764 consuetudo.
603 705 864 765 Similiter
887 722 1067 767 autem
1093 722 1147 768 et
1170 711 1261 784 qui
1290 712 1343 767 in
1368 709 1653 767 Antiochia
1684 723 1813 767 con-

213 801 441 859 stitutus
468 811 572 859 est.
604 800 787 874 Itaque
815 804 951 863 etin
979 806 1189 864 caneris
1219 805 1509 877 provinciis
1535 803 1812 876 privilegia

214 894 362 951 salva
389 897 501 951 sint
538 893 928 953 Ecclesiarum.

285 1030 407 1087 Τιτ.
440 1030 531 1087 XI.
579 1027 659 1088 De
694 1028 723 1071 δ
749 1031 1061 1105 infirmanda
1096 1032 1419 1105 ordinatione
1463 1048 1579 1105 quat
1614 1032 1724 1088 sine

627 1103 1009 1175 metropolitani
1037 1120 1284 1160 consensu
1307 1104 1389 1176 fit.

284 1217 393 1275 Per
414 1217 595 1275 omnia
617 1228 795 1276 autem
825 1220 1167 1277 manifestum
1189 1222 1259 1278 sit
1286 1231 1309 1261 ο
1338 1221 1442 1278 hoc
1467 1220 1611 1294 quod
1630 1219 1675 1278 si
1694 1219 1814 1292 quis

214 1321 414 1385 prater
440 1312 768 1370 voluntatem
797 1314 1192 1385 metropolitani
1216 1314 1499 1387 episcopus
1538 1312 1699 1371 luerit
1725 1327 1815 1370 or-

214 1405 464 1473 dinatus,
509 1402 536 1443 ἀ
570 1404 714 1463 hunc
738 1409 923 1464 statuit
961 1419 1144 1465 sancta
1188 1408 1424 1482 synodus
1465 1424 1572 1465 non
1614 1406 1814 1468 debere

213 1513 336 1554 esse
366 1498 690 1570 episcopum.

288 1611 407 1667 Τιτ.
438 1610 556 1670 XII.
588 1611 666 1667 De
694 1613 948 1685 sequendo
970 1613 1159 1685 majori
1197 1630 1430 1685 numero,
1467 1625 1492 1654 ο
1520 1631 1645 1672 cum
1675 1615 1741 1671 de

676 1685 1000 1739 ordinatione
1026 1685 1367 1742 contenditur.

657 310 887 372 CODEX
921 313 1249 377 CANONUII
1289 314 1567 376 ECCLES.
1614 313 1704 371 ET
1740 312 2321 374 CONSTITUTORUII
2361 316 2419 374 S.
2460 314 2653 375 SEDIS
2690 311 3020 373 AI‘OSTOL.

217 437 347 485 neat
392 436 573 485 autem
616 439 670 486 et
696 424 958 503 Egyp'tus
994 432 1177 506 Libyas
1222 434 1328 507 53
1369 442 1423 491 et
1458 431 1763 503 Pentapolis
1794 446 1809 485 :
1839 440 1889 501 Α

3394 314 3499 375 ωδ

2029 434 2148 491 Τιτ.
2181 432 2318 491 XIII.
2349 436 2411 491 de
2427 436 2684 509 [tonores
2710 435 3130 509 Jerosolymitani
3172 433 3397 507 episcopi

2389 504 2538 578 (Con.
2563 509 2594 563 7
2615 507 2777 564 Dion.
2800 519 2847 564 et
2876 504 3061 579 Iiid.).

1989 642 2254 711 Quoniam
2286 655 2404 699 mos
2433 650 2681 714 antiquus
2708 643 2939 699 obtinuit
2966 650 3020 699 et
3043 649 3253 697 vetusta
3282 638 3501 697 traditio

1916 744 1973 791 ut
1996 732 2173 804 Elite,
2206 733 2258 790 id
2281 742 2365 790 est
2392 730 2418 771 ιι
2448 732 3027 806 Jerosolymitanorum
3062 732 3316 803 episcopo
3354 730 3505 786 dele-

1915 838 2097 896 ratur;
2128 829 2322 886 habeat
2346 838 2738 901 consequenter
2767 828 3027 886 honorem
3055 841 3243 895 suum;
3271 824 3365 883 sed
3390 840 3504 882 me-

1917 921 2242 996 tr0politano
2271 937 2366 979 sua
2393 922 2626 995 dignitas
2653 922 2798 979 salva
2825 923 2916 979 sit.

1986 1056 2108 1114 'I'rr.
2136 1056 2276 1131 XIV.
2298 1057 2381 1131 De
2416 1059 2434 1131 ε
2463 1058 2545 1131 Itis
2561 1058 2647 1131 qui
2672 1059 2913 1131 dicuntur
2944 1056 3289 1131 Mundi,un
3320 1072 3503 1131 genere

2150 1130 2428 1199 recipiendi
2456 1130 2558 1184 sint
2574 1127 2738 1200 ’(Can.
2756 1132 2791 1185 8
2814 1128 2972 1184 Dion.
2995 1140 3040 1185 et
3063 1127 3249 1202 1δὶ(ίῷ

1989 1264 2066 1323 De
2088 1263 2173 1322 his
2199 1265 2290 1336 qui
2332 1266 2541 1335 seipsos
2578 1240 2864 1331 Catharos,
2894 1262 2946 1319 id
2970 1272 3057 1321 est
3100 1264 3349 1334 mundos,
3406 1277 3502 1318 vo-

1916 1356 2106 1426 cant,i
2142 1356 2189 1413 si
2214 1355 2304 1428 qui
2332 1355 2549 1412 veniant
2576 1354 2643 1411 ad
2679 1354 2977 1412 Ecclesium
3005 1353 3355 1421 catholicam,
3388 1353 3502 1424 pla-
3566 1360 3569 1363 ‘
3668 1387 3676 1394 ο

1916 1452 2029 1510 cuit
2056 1460 2243 1508 sancto
2270 1451 2501 1507 concilio
2530 1448 2555 1489 ¹π
2587 1459 2646 1506 ut
2688 1450 3029 1514 ordinentur,
3064 1462 3117 1506 et
3144 1452 3223 1506 sic
3250 1458 3503 1507 maneant

1918 1546 1972 1603 in
2002 1547 2169 1604 clero.
2207 1546 2311 1618 55
2358 1550 2497 1603 Ante
2542 1546 2721 1601 omnia
2755 1542 2774 1584 ι
2829 1561 2958 1601 vero
2987 1545 3090 1601 hoc
3128 1558 3223 1600 eos
3253 1560 3348 1613 per
3369 1544 3503 1599 scri-

1916 1649 2129 1712 pturam
2156 1640 2412 1696 convenit
2458 1638 2722 1710 profiteri,
2762 1648 2813 1695 ut
2848 1639 3115 1696 fateantur
3142 1653 3323 1695 secum
3352 1636 3502 1692 omni

1916 1748 2185 1790 consensu
2206 1733 2590 1790 observaturos
2611 1732 2889 1789 catholica
2911 1742 2965 1788 et
2987 1730 3296 1803 apostolicae
3320 1729 3503 1784 Eccle—

287 1818 432 1876 Sane
460 1820 507 1876 si
533 1821 805 1877 communi
831 1822 1072 1879 omnium
1103 1837 1371 1879 consensu
1410 1824 1806 1901 rationabiliter
1835 1828 1884 1892 Β
1912 1827 2007 1882 βίω
2030 1835 2257 1882 statuta:
2286 1825 2337 1880 id
2359 1835 2463 1893 est,
2486 1826 2976 1881 communicaturos
2999 1840 3060 1879 se
3085 1823 3166 1878 liis
3194 1822 3285 1894 qui
3307 1820 3344 1842 "
3366 1820 3504 1877 forte

216 1909 237 1950 ί
277 1913 482 1979 habito,
518 1925 571 1970 et
616 1915 923 1971 secundum
950 1916 1366 1973 ecclesiasticam
1415 1916 1523 1989 55.
1572 1919 1809 1989 regulam

212 2006 356 2061 Iacto
379 2007 627 2075 decreto,
659 2008 767 2064 duo
814 2009 980 2082 aliqui
1010 2018 1107 2066 aut
1132 2020 1241 2066 tres
1274 2026 1370 2081 per
1405 2012 1806 2069 contentionem

214 2110 369 2153 suam
396 2099 843 2168 contradixerint,
863 2101 1103 2158 obtineat
1129 2102 1400 2158 sententia
1425 2102 1802 2173 plurimorum.

214 2258 343 2331 dem
368 2257 770 2331 verba,asimilis
797 2267 973 2331 tamen
998 2258 1258 2313 sententia
1284 2261 1590 2331 continetur
1612 2276 1729 2317 can.
1755 2262 1811 2331 6,

216 2330 303 2384 cui
336 2330 424 2383 hic
456 2329 641 2383 titulus
678 2330 966 2399 praeligitur
1002 2346 1014 2381 :
1058 2333 1131 2382 Ile
1164 2331 1387 2395 primatu
1434 2330 1673 2386 Ecclesia:
1710 2329 1817 2388 Ro-

216 2416 408 2465 urente,
434 2410 481 2453 et
511 2403 730 2453 aliarum
759 2401 1019 2454 civitatum
1055 2401 1325 2471 episcopis.
1361 2403 1490 2457 [lein
1520 2418 1692 2458 canon
1728 2404 1816 2459 in-

217 2474 350 2547 cipit
392 2472 473 2525 sic
503 2491 519 2547 _:
550 2471 758 2547 Antiqui
786 2473 937 2524 moris
968 2480 1041 2525 est
1078 2480 1140 2547 ut_
1171 2472 1311 2526 urbis
1352 2472 1527 2528 llam
1554 2476 1819 2547 episcopus

216 2541 403 2596 habeat
432 2540 814 2615 principatum;
857 2540 1256 2615 qua:__prulecto
1303 2550 1462 2599 verba
1499 2540 1822 2615 teqntvalent

218 2630 420 2682 semper
444 2612 617 2666 habuit
649 2613 938 2681 primatum.
986 2612 1121 2667 Hinc
1158 2624 1336 2668 autem
1378 2612 1716 2671 mani‘esmin
1765 2617 1824 2671 lit

217 2685 359 2739 duos
386 2684 639 2752 antiquus
662 2685 985 2753 interpretes
1014 2684 1288 2739 Nicaenum
1311 2700 1573 2741 canonem
1606 2687 1656 2741 in
1682 2686 1822 2742 hanc

219 2755 549 2811 contentioni
589 2769 878 2823 accepisse.
912 2754 1065 2826 Allinrc
1109 2755 1268 2810 etiam
1309 2759 1619 2826 agnoscitur
1660 2774 1819 2826 quam

219 2827 361 2882 male
390 2826 742 2894 Quesneilus,
786 2824 923 2879 haud
957 2825 1307 2880 dubitandum
1349 2824 1648 2893 tradiderit,
1683 2824 1823 2884 hanc

218 2897 548 2955 ICntentiam
566 2940 580 2964 ,
612 2896 689 2950 vel
721 2913 781 2950 ea:
811 2896 1037 2966 margine
1066 2897 1329 2965 irrepsisse
1354 2899 1405 2953 in
1438 2908 1628 2953 textum
1650 2941 1663 2962 ,
1692 2902 1765 2953 rel
1792 2918 1824 2953 a

220 2968 482 3026 Romanis
515 2967 759 3023 Ecclesia
784 2968 981 3021 clericis
1011 2968 1187 3021 aliisve
1209 2984 1316 3021 esse
1344 2969 1597 3035 additam,
1626 2987 1689 3024 ne
1721 2970 1825 3023 lio-

218 3052 393 3110 gtante
416 3038 680 3110 dignitatis
703 3038 842 3110 obliti
862 3053 971 3110 esse
997 3040 1159 3110 sancti
1185 3037 1370 3092 Patres
1398 3040 1700 3094 viderentur.
1749 3040 1824 3095 De

217 3105 493 3167 Romauai
521 3108 737 3180 quidem
786 3108 1045 3163 Ecclesia:
1074 3109 1283 3180 clericis
1315 3110 1484 3165 multo
1526 3114 1701 3166 minus
1731 3127 1824 3166 su-

220 3185 428 3253 spicari
481 3179 1211 3253 licet,_siqnidem_antiqua
1261 3179 1517 3253 Romana:
1563 3181 1822 3237 Ecclesia:

221 3248 412 3309 {crsio
437 3255 623 3308 eadem
651 3248 850 3306 luit'ac
880 3248 1139 3305 Africana
1169 3266 1199 3304 a
1234 3252 1525 3307 Caeciliano
1558 3254 1734 3307 dt-lata
1766 3254 1819 3307 in

223 3288 850 3394 33333311155
876 3288 1136 3394 ἑὶῖιᾶἷέςῖι
1169 3288 1734 3394 ὶιῖιέἔ’ὲ’ἕίἱὶἱ›ε“ιὲἑῖ’ἐ“
1746 3288 1821 3378 ιίἱέ
1849 3288 1897 3355 ο

226 3392 573 3521 ἓοὶιῇεεὶῗιιιέ
594 3395 645 3449 in
670 3402 898 3450 tractatu
932 3392 998 3448 de
1021 3392 1430 3449 collectionibus
1456 3404 1594 3464 part.
1624 3410 1659 3448 ιι
1686 3410 1733 3449 c.
1762 3395 1819 3463 2,

363 3483 420 3521 n.
490 3506 504 3519 .

363 3483 504 3521 η.1η

226 3463 264 3538 ⁵
303 3465 551 3607 ἓὲἷιΐίίιε
570 3546 748 3592 autem
777 3534 1033 3592 Bonifacii
1062 3534 1079 3590 I
1105 3534 1171 3589 ad
1194 3534 1478 3605 episcopos
1500 3535 1820 3605 Thessaliae,

220 3624 397 3680 quam
431 3608 570 3664 idem
601 3607 926 3680 Quesnellus
954 3609 1004 3680 in
1034 3608 1417 3680 suppositionis
1450 3615 1541 3680 aut
1589 3610 1825 3680 interpo-

218 3676 453 3737 fationis
482 3681 839 3749 suspicionem
862 3676 1099 3749 adducit,
1135 3691 1240 3749 non
1286 3677 1458 3732 solum
1503 3678 1749 3731 laudatur
1794 3694 1825 3733 a

220 3750 457 3810 Nicolao
488 3753 503 3804 Ι
533 3748 620 3820 ep.
651 3748 743 3813 42.
766 3764 951 3820 verum
984 3748 1143 3802 etiam
1173 3748 1242 3801 ab
1271 3749 1572 3818 antiquiore
1604 3749 1825 3820 Hadria-

221 3838 305 3879 no
326 3821 346 3877 ι
367 3837 457 3893 cp.
486 3822 557 3877 95
573 3819 785 3893 codicis
809 3819 1075 3893 Garolini;
1107 3833 1171 3874 ac
1193 3829 1455 3893 praeterea
1486 3820 1621 3874 lecta
1652 3819 1749 3893 fuit
1770 3819 1823 3873 in

220 3889 450 3965 synodo
483 3894 722 3965 Romana
750 3890 1005 3945 Bonilacii
1038 3891 1260 3965 secundi
1297 3908 1309 3942 :
1343 3889 1537 3965 quibus
1586 3891 1828 3965 testimo-

218 3961 343 4021 niis
374 3968 448 4019 ita
481 3962 801 4027 vindicatur,
832 3972 891 4015 ut
913 3977 1018 4016 non
1046 3961 1144 4015 nisi
1176 3970 1377 4015 temere
1399 3963 1465 4016 de
1495 3975 1557 4015 ea
1586 3964 1667 4016 vel
1695 3962 1828 4016 levis

217 4037 476 4104 auspicio
504 4030 719 4090 obtrudi
764 4043 945 4104 queat.
988 4030 1423 4104 Exstatainsigne
1471 4032 1827 4104 fragmentum

218 4101 437 4161 Gelasii
469 4122 496 4158 τι
529 4105 819 4161 Sirmondo
849 4103 1075 4168 editum,
1100 4112 1154 4157 et
1181 4101 1440 4158 insertum
1473 4114 1512 4155 t.
1546 4101 1588 4156 V
1619 4104 1827 4158 Concil.

220 4176 376 4233 Ven.
403 4177 660 4232 editionis
682 4180 787 4230 col.
812 4176 936 4239 5M,
962 4175 1048 4229 ubi
1071 4188 1192 4228 cum
1224 4174 1315 4228 ille
1342 4174 1436 4239 ait,
1454 4173 1653 4229 Sedis.
1683 4171 1828 4229 Petri

216 4259 581 4303 trecentorum
608 4247 781 4300 decem
811 4257 856 4299 et
884 4255 995 4298 octo
1026 4244 1246 4299 Patrum
1292 4245 1478 4298 invicto
1504 4251 1552 4298 et
1577 4246 1831 4313 singulari

213 4321 442 4397 judicio
469 4318 838 4397 vetustissimus
859 4316 1129 4389 judicatus
1142 4325 1213 4396 est
1228 4315 1410 4397 honor,
1429 4317 1829 4397 hancnnostram

215 4385 545 4447 'versionem
582 4398 675 4443 aut
710 4385 942 4457 priscam
973 4385 1274 4457 respexisse
1294 4385 1523 4440 videtur.
1557 4385 1651 4439 llic
1676 4400 1833 4455 porro

212 4477 422 4520 canon
450 4461 518 4515 ab
545 4459 727 4515 Italica
755 4457 1128 4528 antiquissima
1154 4458 1404 4511 Versione
1434 4457 1487 4528 in
1514 4468 1694 4511 nostra
1723 4458 1835 4511 col-

213 4533 476 4590 Iectione
515 4539 815 4599 susceptus,
847 4527 1069 4583 omnino
1111 4528 1383 4599 discrepat
1413 4527 1483 4599 ab
1512 4529 1835 4598 interpreta-

214 4606 390 4661 tione
417 4596 727 4671 Isidoriana,
759 4600 809 4654 in
853 4614 977 4671 qua_
1004 4598 1084 4654 sic
1134 4598 1357 4671 eﬂ'grtur
1384 4615 1397 4652 :
1429 4596 1545 4671 Mos
1597 4596 1835 4671 antiquus

1917 1920 2180 1977 secundas
2210 1920 2424 1991 nuptias
2450 1918 2653 1991 experti
2686 1928 2827 1985 sunt,
2853 1918 2936 1973 vel
2960 1918 3044 1972 h‘s
3059 1917 3150 1988 qui
3182 1914 3503 1986 persecutio-

1919 2013 2002 2067 nis
2033 2020 2277 2081 tempore
2321 2010 2452 2080 lapsi
2483 2019 2626 2064 sunt.
2659 2010 2864 2078 Quibus
2899 2018 3073 2063 tamen
3101 2015 3130 2044 η
3174 2005 3504 2076 poenitentia:

1918 2102 2113 2159 modus
2133 2112 2183 2159 et
2216 2111 2429 2173 tempus
2454 2103 2747 2172 ascriptum
2776 2112 2894 2157 est:
2933 2110 2991 2155 ut
3046 2100 3099 2156 in
3137 2100 3386 2156 omnibus
3416 2110 3503 2152 se-

1925 2262 2042 2317 Vat.
2074 2261 2311 2332 Reginae.

1998 2342 2020 2370 ο
2050 2330 2363 2388 Addidimus
2389 2333 2487 2388 hoc
2505 2347 2570 2389 ex
2590 2347 2720 2389 mss.
2747 2332 2975 2388 Vindeb.
3024 2330 3167 2386 Pitb.
3206 2339 3261 2387 et
3290 2331 3503 2387 Fossat.

1923 2402 2055 2458 Dein
2086 2402 2282 2458 Veron.
2333 2404 2502 2459 codex
2548 2418 2669 2458 cum
2701 2404 2844 2473 vulg.
2878 2403 3001 2458 Isid.
3040 2411 3159 2471 post
3190 2404 3501 2456 voluntatem

1924 2474 2077 2528 addit
2108 2484 2157 2527 et
2182 2476 2565 2538 conscientiam,
2598 2486 2651 2530 et
2673 2490 2797 2529 mox
2830 2482 3053 2543 uterque
3083 2487 3207 2528 cum
3241 2488 3343 2528 ms.
3375 2473 3506 2529 Fos-

1926 2553 2032 2616 sat,
2069 2544 2259 2616 habet:
2296 2543 2678 2614 Metropolitani
2704 2546 2949 2616 episeopi.

1999 2613 2027 2653 ἀ
2056 2614 2195 2670 Cod.
2226 2615 2426 2671 Veron.
2462 2613 2609 2681 Μή..
2642 2613 2778 2671 hunc
2816 2613 3110 2688 conciliant
3136 2615 3231 2668 hoc
3269 2628 3509 2688 magnum

1928 2696 1975 2741 et
1998 2696 2229 2741 sanctum
2252 2690 2444 2741 censuit
2475 2705 2576 2742 non
2600 2689 2797 2742 debere.
2836 2687 2984 2753 Vulg.
3010 2685 3136 2740 Isid.
3166 2685 3369 2741 omittit
3391 2695 3509 2741 hoc.

1929 2758 2055 2814 Mss.
2077 2758 2214 2811 I'ith.
2240 2768 2295 2813 et
2317 2758 2551 2829 Fossat.,
2573 2760 2752 2813 statuit
2774 2759 2881 2812 lucc
2910 2767 3109 2812 sancta.

2005 2838 2029 2866 ο
2084 2832 2175 2883 Sic
2221 2844 2341 2883 cum
2401 2827 2627 2884 laudatis
2670 2830 2850 2892 codd.,
2907 2830 3065 2882 etiam
3111 2827 3230 2883 Vat.
3268 2827 3510 2898 Reginae.

1929 2899 2090 2955 Solus
2121 2900 2611 2966 Quesnellnshabet
2632 2911 2835 2954 tantum
2864 2899 2918 2951 in
2938 2898 3201 2953 electione.

2008 2968 2027 3007 ί
2068 2970 2265 3025 Veron.
2297 2972 2419 3024 cod.
2442 2985 2564 3025 cum
2604 2970 2730 3026 Isid.
2759 2971 2925 3039 vnig.,
2973 2970 3187 3038 probato
3234 2970 3514 3023 secundum

1931 3040 2328 3113 ecclesiasticam
2348 3042 2576 3113 regulam
2598 3043 2703 3094 duo
2733 3040 2811 3095 vel
2842 3051 2939 3094 tres
2966 3040 3289 3113 animositate
3318 3040 3461 3094 ducti
3490 3056 3512 3095 :

1929 3122 1984 3168 et
2013 3116 2063 3166 in
2096 3112 2200 3166 line
2230 3111 2573 3183 plurimorum
2600 3112 2850 3183 sententia
2884 3111 3226 3183 sacerdotum.

2001 3183 2141 3237 SSic
2178 3180 2336 3239 codd.
2392 3182 2640 3247 Vindeb.,
2692 3182 2871 3254 Hardy
2920 3191 2975 3237 et
3026 3181 3161 3237 Pith.
3214 3196 3336 3237 cum
3392 3180 3511 3238 Vat.

1926 3251 2060 3325 Reg.
2090 3254 2437 3325 Quesnellus,
2464 3251 2918 3325 Jerosolymoru'nt.

1999 3323 2027 3362 δ
2056 3326 2155 3379 Ms.
2180 3324 2345 3389 Pith.,
2386 3322 2859 3394 Jerosolymlrum,
2893 3323 3106 3379 melius.
3152 3322 3313 3393 Vulg.
3359 3323 3514 3391 lsid.,

1926 3394 2262 3465 Jerosolgma:
2282 3396 2521 3462 episcopo
2549 3398 2713 3449 honor
2732 3396 3061 3464 deferatur...
3092 3405 3327 3465 manente
3346 3403 3518 3448 tamen

1928 3464 2336 3537 metmpolitana:
2363 3466 2554 3537 cinitati
2586 3466 2798 3537 prapria
2840 3466 3106 3537 dignitate.
3144 3464 3276 3537 Qad.
3316 3464 3514 3537 Veron.

1929 3531 2163 3602 Isid.,3ut
2190 3538 2275 3603 qui
2303 3538 2357 3590 in
2383 3535 2531 3607 Elia
2557 3531 2627 3590 est
2658 3531 2944 3607 episcOpus,
2974 3534 3029 3587 id
3062 3542 3134 3588 est
3159 3531 3515 3607 Jerosoﬁlyamis,

1930 3608 2228 3670 honoretur,
2278 3607 2461 3660 habeat
2498 3605 2765 3672 honorem,
2812 3605 3048 3660 manente
3090 3614 3257 3659 tamen
3301 3605 3517 3659 civitatis

1930 3679 2339 3756 metropolitano:
2357 3677 2567 3803 propria
2604 3674 2870 3748 dignitate.

2013 3759 2028 3786 ι
2072 3749 2146 3804 Ita
2190 3763 2319 3803 mss.
2404 3748 2584 3804 indeii.
2638 3758 2702 3818 et,
2735 3746 2878 3802 Pith.
2929 3762 3048 3818 cum
3106 3745 3231 3801 Vat.
3278 3744 3518 3818 Reginae.

1932 3820 2086 3890 Apud
2111 3820 2337 3890 Quesn.,
2372 3819 2642 3884 Quomodo
2669 3817 2881 3890 Cat/tari
2922 3817 3256 3890 recipiantur.

2009 3890 2023 3941 i
2060 3890 2258 3950 Veron.
2289 3889 2415 3946 Isid.
2440 3891 2588 3943 addit
2607 3891 2693 3960 qui
2719 3889 3005 3960 rNouatiani
3031 3890 3294 3960 dicuntur,
3320 3898 3524 3960 etpra-

1933 3962 2195 4033 sequitur,
2238 3962 2285 4033 si
2310 3962 2398 4030 qui
2438 3957 2897 4033 uenire'voluerint
2932 3959 2999 4012 ad
3032 3957 3520 4033 Ecclesiamsvmg.

1932 4029 2058 4089 Isid.
2094 4032 2259 4101 aliter:
2274 4029 2450 4101 ipsum
2473 4045 2735 4087 canoiiem
2767 4031 3027 4101 inchoat:
3055 4029 3117 4085 Si
3157 4031 3243 4098 qui
3272 4031 3523 4085 voluerint

1933 4104 2103 4159 venire
2124 4103 2192 4157 ad
2212 4100 2498 4157 Ecclesium
2527 4101 2832 4158 catholicam
2859 4119 2918 4155 ea
2948 4100 3277 4171 Novatianis,
3306 4101 3521 4171 placuit,

1935 4183 2041 4230 etc.
2280 4182 2289 4187 “

2014 4244 2041 4284 ιι
2071 4244 2197 4300 Haec
2242 4244 2419 4300 versio
2464 4244 2532 4299 ab
2584 4244 2876 4299 lsidoriana
2935 4242 3307 4311 proliciscitur,
3363 4256 3524 4312 quam

1938 4316 2100 4386 hujus
2128 4315 2461 4371 collectionis
2491 4324 2678 4370 auctor
2704 4329 2827 4369 cum
2850 4314 2901 4366 in
2929 4314 3400 4386 plerisquequoad
3432 4315 3522 4367 Ni-

1938 4383 2118 4443 ctenos
2162 4401 2398 4442 canones
2423 4395 2635 4440 secutus
2662 4393 2764 4453 est,
2799 4392 2907 4437 tum
2935 4398 3065 4439 vero
3104 4384 3155 4437 in
3200 4383 3525 4452 interpreta-

1941 4458 2087 4513 tione
2135 4456 2293 4527 hujus
2349 4456 2455 4511 loci
2506 4470 2665 4525 atque
2712 4454 3012 4527 sententia}.
3056 4453 3161 4527 sed
3220 4468 3524 4522 perperam.

1938 4528 2122 4599 Neque
2160 4524 2325 4599 enim
2352 4524 2686 4599 reddendum
2724 4524 2897 4580 fuerat
2936 4534 2991 4578 ut
3018 4524 3334 4599 ordinentur
3372 4541 3437 4581 ac
3460 4528 3529 4599 ~si

1940 4595 2209 4654 ordinatio
2230 4614 2259 4651 a
2288 4597 2537 4653 Catharis
2568 4604 2784 4666 recepta
2828 4604 2980 4650 extra
3016 4595 3347 4665 Ecclesium,
3383 4597 3528 4653 nulla

211 4674 489 4747 perduret
510 4674 563 4747 in
591 4670 824 4747 Egypto
848 4666 923 4725 c'el
949 4668 1111 4739 Libya
1136 4678 1183 4747 et
1206 4666 1495 4747 Pentapoli,
1526 4680 1581 4721 ut
1610 4670 1834 4723 Alexan-
1858 4673 1913 4735 D
1938 4669 2121 4747 habita
2156 4668 2336 4747 (inerit,
2485 4683 2540 4721 ut
2570 4667 2942 4747 ordinati_(scu
2970 4667 3109 4735 quod
3133 4666 3267 4747 infra
3309 4668 3528 4747 dicitur,

215 4741 426 4801 ilrissus
477 4741 748 4814 episcopus
794 4745 976 4814 Irarum
1015 4741 1243 4814 omnium
1293 4742 1829 4814 habeatapotestatem,

212 4812 792 4890 quoniam'quidetnet
837 4812 1070 4890 Romano
1098 4813 1345 4890 epiac0po_
1378 4812 1556 4880 parilis
1606 4827 1713 4865 mos
1756 4821 1830 4890 est

214 4880 484 4962 (Veron.
508 4880 658 4948 lsid.,
681 4884 818 4937 idem
848 4884 1004 4937 ntoris
1032 4880 1146 4962 est).
1172 4880 1424 4962 .Sintiliter
1440 4890 1610 4935 autem
1626 4894 1670 4936 et
1691 4882 1832 4962 apud

224 4952 598 5023 lniiochiam,
629 4965 932 5021 raterasque
960 4952 1245 5024 provincias
1273 4955 1435 5007 honor
1464 4969 1588 5008 suus
1630 4954 1831 5007 unicui-

223 5046 335 5104 ιιιε
356 5040 588 5083 servetur
618 5024 882 5081 Ecclesia.

299 5110 336 5139 ⁸
365 5099 697 5167 Quesnellus
733 5098 919 5151 inserit
948 5096 1229 5166 primatum
1263 5110 1283 5150 :
1313 5094 1608 5167 delevimus
1638 5102 1835 5167 aucto-

210 5175 411 5232 ritate
434 5171 593 5226 trium
622 5168 781 5226 codd.
814 5167 998 5237 Vind.,
1032 5168 1208 5237 Ilardy

211 5245 574 5307 Pith.,cutn
600 5244 654 5295 in
701 5239 839 5294 tituli
869 5240 1043 5294 locum
1088 5237 1390 5293 traduxerit
1442 5238 1629 5301 verba,
1686 5237 1838 5305 Quod

210 5315 489 5372 Ecclesia
520 5312 755 5366 Romana
786 5325 983 5379 semper
1013 5308 1188 5363 habuit
1230 5309 1526 5377 primatum,
1576 5322 1837 5379 canonem

208 5389 309 5445 sic
346 5386 615 5441 inchoat:
650 5379 839 5435 Teneat
860 5377 1028 5435 autem
1056 5394 1249 5435 morem
1290 5380 1552 5449 antiquum
1582 5388 1629 5433 et
1670 5377 1840 5449 βερν-

191 5466 738 5595 ,Ριῗᾯῗὲέηειιυδε
774 5520 857 5578 Ne
881 5523 989 5595 sine
1016 5520 1276 5595 uoluntate
1315 5520 1840 5595 metropolitani_quis

207 5590 525 5660 ordinetur
553 5595 842 5667 episcopus.
862 5594 1054 5667 »Βραυιί
1085 5593 1455 5667 sumnscodd.
1481 5590 1667 5667 Vind,
1694 5590 1835 5648 Pith.

208 5683 283 5731 ει
319 5662 743 5730 Fossatensetn,
788 5665 940 5733 cuius
976 5666 1228 5734 postrvmi
1275 5663 1541 5733 integrum
1576 5662 1719 5717 hunc
1743 5678 1837 5718 ca-

210 5756 455 5803 nonesn
485 5740 649 5793 edidit
672 5736 733 5790 P.
760 5735 1107 5791 Constantius
1134 5744 1172 5790 t.
1203 5734 1221 5789 I
1259 5735 1417 5804 epist.
1453 5734 1607 5789 Rom.
1643 5734 1835 5801 pontii.

206 5819 347 5887 cui.
396 5812 539 5867 ιυδδ
565 5818 676 5865 not.
702 5808 757 5866 lt.
787 5807 931 5864 Idem
970 5808 1133 5864 etiam
1163 5805 1349 5866 titulus
1383 5805 1575 5879 legitur
1611 5805 1668 5865 in
1710 5804 1838 5867 cod.

526 5905 804 5972 Panos.
851 5901 1015 5966 LVI.

1251 5174 1306 5222 et
1344 5164 1700 5221 Fossatensis.
1733 5168 1833 5221 Ms.

1940 4742 2030 4811 qui
2053 4741 2239 4808 reperti
2264 4739 2458 4811 fuerint
2486 4736 2736 4811 ordinati)
2766 4737 2838 4791 sic
2863 4747 3102 4791 maneant
3127 4738 3183 4790 in
3209 4738 3367 4811 clero.
3396 4739 3531 4795 Vide

1939 4809 2058 4881 tium
2081 4812 2133 4865 in
2166 4809 2303 4864 hunc
2324 4809 2824 4881 interpretationem
2873 4819 3031 4879 atque
3055 4810 3374 4881 senteniam
3399 4824 3529 4881 con-

1940 4878 2265 4938 stituendam
2307 4879 2548 4950 pluribus
2576 4878 3141 4950 disseruimns’annot.
3177 4880 3243 4950 I3
3286 4880 3351 4933 ad
3382 4880 3530 4948 Que-

1942 4952 2559 5077 tlsnelliuobservationes
2607 4950 2661 5005 in
2706 4949 2935 5020 epistola
2982 4950 3082 5006 I67
3130 4949 3198 5004 ad
3247 4950 3529 5007 Rusticum

2005 5040 2079 5077 nn
2160 5062 2176 5077 ι

1944 5033 2079 5081 tom.
2111 5033 2176 5077 ll.

2022 5093 2039 5131 ι
2074 5094 2273 5150 Veron.
2306 5091 2458 5160 Isid.,
2507 5107 2625 5147 vero
2644 5093 2773 5145 hanc
2810 5091 2875 5145 ab
2921 5091 2991 5146 eis
3046 5091 3412 5162 confessionem
3440 5109 3531 5162 per

1944 5167 2250 5237 scripturam
2278 5164 2412 5237 exigi
2429 5172 2655 5237 oportet,
2679 5169 2735 5237 ut
2766 5164 3025 5237 fateantur
3049 5178 3101 5216 se
3126 5161 3385 5237 communi
3409 5177 3531 5219 con-

1946 5230 2117 5293 sens'u.
2152 5236 2311 5306 Vulg.
2340 5230 2491 5302 Isid.,
2540 5249 2656 5288 vero
2699 5230 2831 5306 hanc
2874 5233 3093 5306 habeant
3138 5230 3526 5306 confessionem,

1944 5323 2211 5435 qggtﬂper
2229 5300 2557 5378 scripturam,
2571 5312 2702 5374 etc.,
2726 5304 2860 5361 utin
2884 5301 3152 5371 descripta
3174 5300 3405 5358 lectione
3424 5300 3531 5362 ms.

1996 5394 2149 5435 eron.

2016 5449 2053 5471 ’³
2088 5448 2412 5506 Particulam
2445 5453 2577 5518 forte
2605 5444 2900 5518 adjecimus
2932 5459 2999 5518 ea
3020 5443 3221 5518 nostris
3250 5443 3533 5505 codicibus

1945 5522 2106 5579 etiam
2136 5520 2332 5577 Veron.
2359 5513 2510 5585 lsid.,
2532 5519 2623 5590 qui
2654 5513 2953 5587 postremus
2981 5513 3143 5570 habet
3179 5519 3533 5575 communica-

1947 5602 2089 5648 turos
2117 5608 2223 5648 esse
2250 5601 2296 5646 et
2323 5592 2402 5645 his
2428 5592 2514 5661 qui
2544 5593 2695 5661 forte.

2016 5673 2044 5700 ιι
2076 5662 2277 5719 Veron.
2309 5657 2521 5740 cod.’_et
2545 5657 2881 5740 'vulg.nlsid.
2927 5657 3132 5719 addunt
3173 5660 3375 5733 lapsis:
3403 5662 3533 5727 dein

1944 5749 2076 5799 vero
2104 5739 2361 5797 omittunt
2381 5743 2431 5791 ct
2451 5732 2507 5791 in
2534 5729 2837 5804 apostolica.

3024 5894 3104 5965 ιθ
