3992 6348
585 365 689 426 595

1517 295 1857 410 λΡΡΕΝῡΙιΧ
1896 349 1986 405 AD
2024 347 2082 404 S.
2123 343 2370 404 LBONIS
2407 341 2622 401 MAGNI
2659 338 2889 397 OPEBA
3684 343 3763 401 ωδ

584 493 814 558 quantur
841 495 906 537 ea
931 492 1052 550 qua:
1091 477 1144 532 in
1182 472 1438 530 catholica
1467 479 1523 526 et
1560 471 1616 525 in
1643 466 1933 539 apostolica
1969 463 2160 519 obser-
2187 468 2242 528 Α
2266 461 2384 517 sine
2415 458 2684 514 ablatione
2711 453 3035 526 patrimonii,
3065 465 3148 507 vet
3187 464 3301 506 sine
3329 450 3567 521 periculo,
3593 463 3671 509 aut
3691 455 3766 511 ali-

588 556 783 636 vantur
810 572 1072 631 Ecclesia.
1104 566 1334 625 sSicubi
1379 565 1539 635 igitur
1575 563 1656 618 vel
1699 566 1752 616 in
1795 558 1950 625 vicis,
1991 557 2074 612 vel
2102 556 2156 610 in

588 669 809 728 urbibus
829 665 929 722 soli
961 663 1061 734 ipsi
1086 668 1284 730 repertt
1313 657 1507 712 fuerint
1528 653 1780 715 ordinati.
1811 651 1864 706 hi
1895 649 1987 720 qui
2013 648 2160 703 inve-

589 768 809 824 niuntur
835 763 890 818 in
913 761 1082 830 clero,
1109 757 1163 812 in
1185 755 1376 812 eodem
1403 757 1773 823 permaneant.
1805 746 1862 803 Si
1892 757 2024 799 vero
2050 742 2160 812 epi-

589 870 786 927 scopus
811 853 895 915 .vel
943 849 1222 922 presbyter
1255 844 1534 902 catholica:
1587 839 1843 898 Ecclesiae
1897 835 2058 892 fuerit
2093 834 2162 889 ad

589 963 746 1021 quem
777 945 935 1016 aliqui
963 960 1030 999 ex
1054 943 1136 998 his
1164 940 1446 1005 accedunt,
1473 935 1682 993 "certum
1711 943 1795 989 est
1829 929 1972 1001 quod
1992 927 2020 967 ι’
2051 928 2164 998 epi-

587 1052 782 1109 sc0pus
805 1035 1060 1092 Ecclesiae
1087 1033 1281 1088 habeat
1305 1046 1453 1087 suam
1478 1029 1789 1098 dignitatem
1812 1043 1824 1077 :
1846 1023 2094 1081 similiter
2109 1025 2163 1073 et

584 1131 866 1202 presbyter
887 1135 943 1183 et
967 1127 1222 1182 diaconus
1257 1133 1278 1162 ε
1310 1123 1524 1177 debent.
1555 1118 1620 1173 Hi
1649 1131 1780 1172 vero
1805 1114 1895 1185 qui
1937 1113 2004 1167 ab
2045 1111 2162 1202 istis

587 1199 831 1285 veniunt,
861 1217 906 1272 si
937 1217 1072 1272 forte
1100 1213 1384 1284 episcopus
1413 1209 1593 1275 fuerit,
1635 1205 1827 1260 habeat
1848 1199 2162 1274 presbyterii

587 1312 930 1382 dignitatem:
954 1307 1058 1361 nisi
1080 1305 1218 1361 forte
1249 1304 1454 1373 placeat
1481 1299 1730 1370 episcopo
1753 1292 2018 1352 catholico
2035 1304 2164 1347 con-

588 1406 782 1461 cedere
803 1404 852 1458 ei
879 1401 1040 1458 etiam
1061 1396 1380 1468 episcopalis
1401 1393 1634 1450 nominis
1659 1391 1938 1446 honorem.
1959 1387 2016 1445 Si
2036 1399 2165 1442 vero

587 1514 698 1556 non
730 1495 1008 1567 placuerit,
1039 1492 1269 1548 inveniat
1297 1490 1350 1546 ei
1381 1488 1580 1556 locum,
1613 1493 1672 1540 ut
1703 1485 1773 1539 sit
1818 1483 1872 1538 in
1907 1478 2164 1552 parochia

588 1588 1025 1658 cborepiscopus,
1041 1581 1066 1621 ι¹
1085 1591 1176 1670 au‘t
1192 1581 1470 1654 presbyter
1497 1597 1512 1645 ;
1542 1575 1834 1670 dummodo
1850 1585 2164 1670 permanere

591 1680 839 1736 videatur
867 1677 923 1732 in
951 1675 1118 1743 clero,
1145 1662 1204 1730 Et
1233 1687 1303 1730 ne
1331 1673 1387 1729 in
1415 1685 1523 1728 una
1546 1669 1768 1725 civitate
1794 1666 1902 1724 duo
1920 1665 2030 1721 sint
2053 1662 2165 1732 epi-

592 1769 766 1841 scepi.

695 1861 816 1917 TIT.
863 1858 978 1914 XV.
1020 1856 1098 1914 De
1120 1858 1200 1913 his
1231 1867 1255 1894 ⁸
1276 1858 1369 1926 qui
1395 1853 1728 1926 inezaminati
1757 1851 2059 1906 ordinantur

1024 1929 1177 2000 (Can.
1204 1928 1238 1983 9
1260 1924 1419 1982 Dion.
1448 1934 1493 1980 et
1524 1924 1709 1996 Isid.).

659 2044 717 2101 Si
747 2043 841 2114 qui
873 2042 992 2098 sine
1027 2040 1424 2097 examinatione
1454 2036 1692 2108 provecti
1718 2033 1916 2092 fuerint
1944 2031 2168 2103 presby-

535 2167 555 2178 ~
591 2137 714 2201 teri,
756 2144 812 2191 et
851 2141 1032 2205 postea
1079 2131 1373 2188 examinati
1423 2128 1657 2186 confessi
1706 2126 1904 2183 fuerint
1949 2132 2164 2194 peccata

589 2245 712 2294 sua;
746 2237 799 2284 et
822 2242 943 2283 cum
971 2225 1201 2282 confessi
1230 2223 1449 2289 fuerint,
1473 2229 1658 2278 contra
1681 2220 1921 2291 regulam
1947 2217 2168 2275 venien-

589 2329 673 2375 tes
702 2320 948 2374 homines
976 2325 1178 2373 temere
1201 2329 1393 2370 manus
1422 2315 1501 2369 eis
1529 2312 1914 2382 imposuerint:
1951 2309 2048 2366 hos
2078 2323 2167 2364 ec-

589 2409 922 2465 clesiasticus
943 2407 1076 2462 ordo
1103 2407 1209 2478 56
1234 2420 1342 2460 non
1371 2403 1582 2472 recipit.
1623 2403 1678 2457 ln
1725 2402 1972 2458 omnibus
2021 2399 2164 2455 enim

588 2501 729 2571 quod
751 2498 1220 2570 irreprebensibile
1242 2505 1326 2552 est
1344 2494 1607 2552 catholica
1628 2493 1871 2551 defendit
1900 2492 2162 2549 Ecclesia.

659 2615 782 2670 Τιτ.
813 2613 953 2670 XVI.
1004 2614 1082 2668 De
1117 2613 1566 2754 lapsis‘olrd‘i‘nsttis
1617 2609 1771 2682 (Can.
1821 2610 1890 2666 10
1937 2609 2094 2665 Dion.

1255 2701 1280 2737 e
1361 2701 1402 2737 si
1445 2721 1458 2736 .
1493 2720 1508 2736 .

1255 2701 1302 2737 ρι
1328 2701 1458 2737 ιδια.
1471 2701 1508 2737 1ο

665 2770 978 2848 Quicunque
1003 2791 1069 2832 ex
1091 2775 1175 2830 his
1205 2776 1295 2846 qui
1340 2775 1476 2846 lapsi
1524 2784 1671 2842 sunt,
1701 2784 1754 2831 et
1783 2791 1876 2844 per
1918 2776 2169 2844 ignoran-

591 2871 720 2926 tiam
748 2869 831 2926 vel
863 2876 1229 2938 contentptum
1252 2866 1271 2905 ί
1297 2882 1482 2924 eorum
1511 2869 1603 2938 qui
1632 2882 1727 2924 eos
1759 2868 2165 2936 ordinaverunt,

591 2961 824 3018 ordinati
852 2968 996 3026 sunt,
1043 2961 1142 3015 hoc
1188 2974 1293 3016 non
1340 2959 1654 3031 praejudicat
1679 2960 2055 3017 ecclesiastica:
2081 2975 2168 3015 re-

593 3055 748 3128 gulae.
778 3053 912 3110 Cum
954 3053 1097 3110 enim
1126 3063 1462 3125 compertum
1491 3053 1673 3120 fuerit,
1703 3055 2060 3125 deponantur.

659 3167 780 3224 Tl’l‘.
805 3163 966 3221 XVII.
999 3163 1078 3238 De
1121 3166 1475 3238 prtenaricatis
1491 3166 1792 3238 recipiendis
1815 3236 1821 3238 _
1841 3175 1868 3214 ε
1893 3183 1984 3237 per
2009 3165 2168 3238 pani-

903 3237 1108 3291 tentiam
1140 3236 1288 3305 (Cen.
1315 3237 1377 3292 ιι
1412 3236 1567 3292 Dion.
1593 3235 1639 3290 et
1667 3235 1854 3306 Isid.).

662 3326 692 3366 ιι
719 3328 796 3386 De
819 3318 902 3385 bis
931 3329 1021 3398 qui
1041 3327 1372 3399 praevaricati
1403 3336 1529 3384 sunt
1548 3327 1666 3384 sine
1693 3327 1803 3383 ulla
1829 3328 2169 3400 necessitate,

669 3477 699 3508 ⁸
723 3467 882 3538 Vulg.
901 3465 1052 3533 Isidx,
1075 3463 1143 3538 Et
1162 3466 1324 3538 sicubi
1349 3466 1500 3520 iidem
1527 3467 1624 3537 ipsi
1646 3465 1834 3538 fuerint
1857 3465 2044 3538 inventi
2072 3467 2176 3523 sive

598 3541 654 3595 in
679 3541 818 3605 vicis,
835 3536 949 3592 sive
973 3538 1028 3590 in
1055 3536 1262 3591 urbibus
1291 3537 1459 3591 clerici
1486 3536 1706 3590 ordinati
1731 3553 1763 3590 a
1791 3536 2080 3602 catholicis,
2101 3538 2174 3593 sic

601 3612 749 3664 etiam
776 3610 829 3663 in
852 3608 987 3662 clero
1017 3608 1306 3676 persistant,
1341 3609 1696 3676 unusquisque
1713 3618 1877 3660 tamen
1904 3606 1957 3660 in
1977 3624 2069 3662 suo
2090 3626 2174 3662 or-

600 3682 738 3734 dine.
791 3677 956 3733 Paulo
998 3674 1154 3731 aliter
1198 3676 1396 3732 Veron.
1441 3674 1605 3744 ls'id.,‘
1650 3674 1717 3729 Et
1765 3677 1932 3747 sicubi
1972 3679 2173 3747 quidem

597 3765 769 3804 omnes
772 3750 982 3871 ¢fuerint
1003 3747 1192 3800 inuenti
1223 3748 1324 3800 sive
1351 3748 1404 3800 in
1425 3749 1570 3809 vicis,
1597 3747 1696 3798 sive
1725 3747 1779 3798 in
1804 3746 2033 3814 urbibus,
2070 3747 2174 3802 cle—

597 3821 692 3871 rici
712 3835 769 3871 or
809 3814 1362 3871 inenturacotholicis;
1389 3817 1460 3868 sic
1487 3817 1635 3869 etiam
1655 3816 1708 3868 in
1725 3817 1857 3869 clero
1884 3817 2171 3871 nersistant.

595 3821 692 3874 fici
712 3814 1053 3874 ordinentura
1068 3814 1331 3869 Catholicis
1346 3817 1460 3886 ,‘7sic
1487 3817 1635 3869 etiam
1655 3816 1708 3868 in
1725 3817 1857 3869 clero
1883 3817 2171 3886 persistant,

598 3888 946 3957 unusquisque
973 3887 1026 3938 in
1054 3892 1190 3937 statu
1224 3901 1338 3957 suo.
1369 3885 1558 3957 Versio
1579 3896 1804 3957 ,nostrtu
1841 3885 2174 3944 collectionis

598 3955 773 4016 Graeci
798 3963 974 4010 textus
1003 3956 1324 4009 sententiam
1352 3955 1538 4009 melius
1558 3955 1797 4011 exhibet.

669 4026 700 4066 ι»
728 4026 925 4081 Veron.
953 4023 1106 4088 lsid.,
1152 4026 1416 4094 episcopus
1450 4025 1654 4090 quidem
1697 4026 1979 4080 catholicus
2028 4043 2174 4083 suam

605 4097 788 4168 habeat
818 4095 1006 4168 (aliasu
1029 4094 1198 4165 habet)
1235 4094 1533 4168 dignitatem
1567 4110 1588 4150 :
1623 4096 1864 4168 similiter
1907 4105 2171 4168 autemjet

602 4167 860 4240 presbyter
885 4173 934 4240 et
954 4165 1199 4240 diaconus
1237 4166 1430 4240 debent.
1472 4165 1720 4240 Concinit
1757 4167 1901 4240 vulg.
1939 4165 2101 4236 Isid.,’
2122 4171 2171 4224 in

603 4236 708 4308 quo
727 4236 898 4292 solum
921 4236 1112 4308 legitur
1131 4245 1181 4308 et
1200 4237 1481 4308 presbyteri
1509 4246 1554 4288 et
1579 4237 1781 4308 diaconi
1807 4239 2040 4291 habeant.

678 4319 701 4348 ε
724 4309 925 4374 Queen.
951 4305 1096 4361 addit
1120 4305 1320 4367 habere,
1339 4307 1762 4376 repugnantibus
1800 4308 2046 4362 omnibus
2078 4322 2173 4362 no-

601 4380 725 4434 stris
752 4378 909 4434 cudd.
936 4385 992 4433 et
1043 4379 1184 4433 Pith.
1219 4377 1348 4432 Dein
1393 4375 1537 4432 solus
1563 4378 1786 4444 Quesn.,
1820 4375 1901 4430 Ex
1921 4377 1998 4430 his
2035 4394 2170 4434 vero.

495 4458 498 4462 '
602 4448 1042 4529 M07xnvulg.-lsi7tl.
1069 4462 1166 4518 pro
1185 4449 1487 4529 presbyterii
1516 4448 1672 4529 habet
1698 4448 1982 4529 sacerdotii.

669 4516 696 4555 ά
721 4516 872 4588 Vung
897 4519 1048 4586 lsid.,
1069 4516 1231 4572 autin
1253 4516 1386 4572 clero
1405 4521 1680 4589 presbyter,
1697 4528 1750 4571 ut
1779 4519 1828 4570 in
1853 4519 2050 4571 civitate
2071 4533 2174 4572 una

603 4605 704 4642 non
727 4589 989 4641 videantur
1019 4589 1116 4641 duo
1142 4590 1364 4658 episcopi
1396 4606 1524 4654 esse,
1577 4599 1624 4642 et
1661 4589 1748 4642 ille
1771 4589 2074 4642 omnimodis
2121 4589 2173 4640 in

603 4658 737 4711 clero
767 4673 1055 4727 permanere
1081 4661 1328 4711 videatur.
1368 4659 1565 4714 Veron.
1591 4660 1740 4726 Isid.,
1772 4666 1860 4712 aut
1885 4659 2169 4728 presbyter,

2265 568 2369 625 qua
2396 552 2488 608 tali
2524 566 2585 608 re
2612 565 2732 622 qua:
2757 549 2894 604 facta
2923 555 3007 603 est
3032 546 3084 602 in
3117 545 3398 602 novissima
3423 547 3673 619 tyrannide
3702 549 3765 605 Li,

2265 645 2414 710 cinii,
2436 644 2634 715 placuit
2654 651 2848 698 saneto
2865 640 3116 709 concilio,
3147 639 3271 695 licet
3290 638 3485 712 indigni
3517 640 3613 697 sint
3646 641 3768 700 misso

2271 737 2526 802 ricordia,
2553 747 2730 791 tamen
2755 733 2954 804 aliquid
2969 733 3112 788 circa
3128 744 3224 788 eos
3234 730 3565 790 humanitatis
3585 733 3764 792 utendi.

2266 827 2324 884 Si
2346 829 2435 898 qui
2459 842 2589 898 ergo
2617 843 2684 882 ex
2707 827 2889 882 animo
2928 825 3209 896 panitent,
3241 824 3410 881 tribus
3445 827 3586 883 annis
3621 829 3634 865 ¹
3666 830 3766 885 inter

2267 922 2542 978 auditores
2561 921 2970 985 constituantur,
3001 919 3045 973 si
3075 918 3257 974 ﬁdeles
3285 917 3408 986 sint,
3435 926 3487 974 et
3510 918 3682 990 septem
3700 936 3767 976 an-

2274 1014 2357 1068 nis
2381 1013 2521 1068 inter
2549 1012 2904 1082 pmnitentes;
2935 1010 3145 1066 duobus
3168 1024 3296 1065 vero
3330 1011 3479 1065 annis
3509 1020 3639 1066 extra
3663 1027 3766 1065 com-

2269 1104 2603 1174 munionem,
2646 1105 2702 1160 in
2725 1105 2971 1160 oratione
2999 1103 3114 1159 sola
3143 1103 3427 1174 participes
3455 1103 3570 1158 ﬁant
3604 1104 3767 1173 populo.

2266 1221 2371 1292 57
2410 1218 2748 1292 'I'tr.7XVlIl.
2788 1218 2907 1292 Dei
2948 1217 3241 1288 panitentia
3270 1233 3441 1292 eoer
3477 1217 3558 1292 qui
3583 1216 3768 1292 baptisah

2301 1285 2370 1344 aa
2394 1291 2692 1346 surcularem
2727 1285 2967 1344 militiam
2993 1297 3311 1345 revertuntur
3335 1285 3566 1360 (Can.l'2
3581 1285 3749 1358 Diom),

2338 1384 2396 1442 Si
2425 1386 2516 1454 qui
2549 1399 2680 1440 vero
2707 1382 2881 1438 vocati
2909 1397 3005 1453 per
3031 1381 3126 1436 Dei
3156 1381 3403 1450 gratiam,
3429 1379 3587 1450 primo
3606 1378 3768 1449 quidem

2270 1481 2622 1538 ostenderunt
2663 1478 2822 1534 ﬁdem
2852 1491 3022 1542 suam,
3073 1474 3318 1546 deposito
3365 1473 3556 1530 militia:
3589 1472 3767 1542 cingulo.

2267 1579 2389 1642 post
2418 1570 2534 1625 haec
2561 1578 2740 1625 autem
2770 1567 2834 1623 ad
2876 1566 3148 1638 preprium
3173 1565 3430 1620 vomitum
3468 1565 3643 1620 reversi
3663 1570 3767 1626 sunt,

2267 1663 2341 1719 ita
2371 1670 2431 1717 ut
2456 1662 2711 1732 pecunias
2742 1659 2953 1725 darent,
2987 1666 3042 1714 et
3071 1655 3336 1712 ambirent
3363 1671 3539 1712 rursus
3563 1655 3706 1709 redire
3723 1653 3768 1712 ad

2269 1757 2558 1821 militiam;
2606 1754 2694 1810 isti
2743 1753 2930 1810 decem
2961 1750 3116 1805 annis
3159 1750 3270 1805 sint
3321 1749 3458 1804 inter
3497 1748 3768 1818 ptenitentes,

2193 1839 2248 1902 Β
2271 1861 2393 1922 post
2412 1849 2438 1888 ιι
2471 1849 2756 1904 triennium
2785 1861 2892 1917 quo
2917 1843 3113 1900 fuerint
3141 1843 3283 1898 inter
3321 1841 3592 1897 auditores.
3625 1840 3668 1893 In
3691 1853 3769 1894 omn

2272 1943 2430 2000 nibus
2460 1955 2588 1997 vero
2626 1937 2756 1995 illud
2786 1937 3053 2007 praecipue
3077 1933 3409 1999 observetur,
3454 1941 3508 1987 ut
3532 1932 3706 1986 animus
3730 1943 3770 1985 at

2273 2033 2610 2106 propositum
2637 2044 2848 2095 eorum,
2879 2028 2966 2084 vel
3003 2027 3212 2096 species
3259 2023 3572 2096 paenitentia:
3595 2021 3758 2091 reqra

2272 2135 2380 2182 tur.
2407 2125 2723 2194 Quicunque
2771 2123 2916 2179 enim
2955 2118 3119 2178 cum1
3151 2120 3300 2176 omni
3353 2118 3536 2174 timore
3571 2124 3617 2171 et
3649 2114 3773 2182 lacry.

2271 2222 2375 2277 mis
2397 2216 2862 2288 perseverantibus
2890 2223 2945 2271 et
2969 2213 3220 2285 operibus
3245 2211 3420 2278 bonis,
3442 2207 3574 2265 omni
3596 2216 3770 2275 temport

2271 2314 2677 2373 conversionem
2706 2325 2856 2368 suam
2878 2319 2918 2347 ω
2949 2323 3056 2364 non
3096 2307 3212 2364 solo
3248 2289 3457 2372 habitu,
3482 2302 3568 2359 sed
3589 2313 3718 2371 opere
3737 2306 3770 2356 el

2271 2406 2498 2463 veritate
2518 2403 2912 2470 demonstrant,
2937 2400 2990 2454 hi
3016 2408 3257 2469 tempora
3276 2404 3473 2454 statuta
3490 2394 3771 2464 complentes,

2272 2499 2465 2556 merito
2510 2495 2840 2552 orationibus
2892 2490 3362 2549 communicabunt
3393 2507 3406 2542 :
3439 2487 3602 2544 licebit
3639 2493 3770 2538 autem

2270 2594 2526 2664 episcopo
2550 2591 2710 2648 etiam
2741 2587 3026 2643 humanius
3064 2585 3263 2656 aliquid
3302 2585 3442 2640 circa
3473 2595 3558 2638 eos
3579 2577 3771 2649 cogitare.

2271 2685 2332 2742 Si
2359 2685 2447 2756 qui
2475 2698 2603 2740 vero
2628 2679 2999 2738 indiﬂ'erenter
3028 2677 3332 2733 habuerunt
3355 2675 3551 2746 lapsum
3577 2685 3718 2734 suum,
3738 2676 3774 2723 et

2271 2777 2522 2833 sufﬁcere
2542 2774 2644 2832 sibi
2671 2774 3006 2830 mstimarunt
3030 2770 3098 2825 ad
3123 2768 3524 2826 conversionem
3545 2765 3630 2820 hoc
3646 2764 3772 2832 ipsum

2271 2870 2415 2942 quod
2462 2866 2686 2922 introire
2734 2865 2788 2919 in
2837 2861 3132 2918 Ecclesiam
3187 2860 3522 2927 videbantur,
3567 2857 3638 2912 isti
3671 2851 3774 2909 omni

2271 2963 2432 3020 modo
2457 2971 2698 3032 tempora
2724 2965 2920 3014 statuta
2947 2953 3218 3024 complere
3245 2951 3464 3009 debent.

2278 3073 2402 3129 Ttr.
2451 3071 2594 3128 XIX.
2641 3069 2720 3126 De
2759 3065 3172 3123 reconciliatione
3223 3064 3401 3119 danda
3448 3070 3475 3099 ιι
3519 3056 3775 3115 morientibrt

2723 3139 2876 3212 (Con.
2905 3139 2974 3194 i3
3001 3136 3182 3202 Diom,
3205 3135 3285 3190 Is.
3313 3133 3423 3205 12).

2201 3218 2249 3284 c
2352 3237 2430 3294 De
2461 3236 2542 3293 his
2573 3250 2700 3291 vero
2730 3235 2821 3306 qui
2847 3231 3105 3291 recedunt
3131 3244 3162 3287 e
3184 3239 3434 3300 corpore,
3460 3227 3664 3299 antiquae
3685 3235 3777 3293 regis

2280 3329 2461 3401 regula
2489 3325 2858 3385 observabitur
2890 3336 2914 3362 ο
2946 3325 3106 3382 etiam
3146 3337 3312 3393 nunc,
3342 3323 3414 3379 ita
3441 3331 3498 3378 ut
3535 3319 3777 3379 recedentes

2274 3475 2364 3521 aut
2404 3472 2586 3535 praeter
2635 3465 2943 3518 oblationem
2969 3464 3296 3535 facultatum,
3335 3472 3425 3518 aut
3447 3469 3614 3534 printer
3631 3455 3777 3535 peritu.

2275 3527 2514 3618 lumine!
2532 3535 2731 3618 aliquid
2758 3527 3137 3618 ρκᾶμξεεὶηοιὲίε
3159 3527 3296 3618 ’παρά
3309 3527 3505 3618 tu“!
3537 3539 3603 3618 at
3618 3527 3776 3618 itii?

2273 3596 2492 3664 ramiide
2524 3596 2726 3661 Licinii.
2754 3596 2923 3662 Co'dd.
2952 3596 3184 3662 Vindeb:
3207 3614 3262 3660 et
3307 3596 3448 3660 Pith.
3471 3601 3634 3658 delent
3663 3596 3778 3665 facta.

2353 3677 2368 3716 ί
2408 3678 2539 3732 Cod.
2567 3677 2762 3732 Veron.
2788 3676 2937 3744 Isid.,
2987 3679 3118 3731 inter
3143 3675 3440 3746 panitentes
3467 3663 3722 3746 habeantur,
3749 3663 3780 3717 εἰ

2277 3759 2444 3805 tamen
2465 3746 2640 3817 ﬁdeles
2675 3755 2812 3812 sunt,
2844 3757 2891 3801 et
2921 3737 3108 3815 septem
3137 3737 3286 3801 annis
3307 3743 3436 3817 aliis
3454 3746 3576 3817 inter
3598 3737 3779 3817 pauiu}!-

2277 3829 2350 3874 tes
2378 3805 2516 3872 sini:
2546 3818 2742 3871 duobus
2772 3805 2886 3871 vero
2915 3805 3031 3872 item
3053 3817 3268 3871 anuis...
3303 3805 3781 3886 participentipoptflo.

2277 3829 2350 3874 les
2378 3827 2479 3872 sint
2500 3836 2524 3900 :7
2546 3827 2886 3900 duobusttero
2915 3827 3031 3872 item
3053 3827 3268 3871 antiis...
3303 3827 3781 3934 partrctpentpopsw.

2276 3889 2436 3960 Vulg.
2453 3887 2585 3960 Isrd.
2611 3888 2877 3953 similiter,
2899 3895 2954 3942 et
2978 3887 3150 3960 solum
3187 3887 3240 3942 in
3260 3885 3472 3960 ultimis
3501 3896 3611 3960 _voct
3635 3892 3696 3958 us
3716 3875 3781 3928 ha-

2273 3952 2625 4016 betiduobus
2674 3966 2844 4012 autem
2865 3952 3016 4012 annis
3043 3958 3198 4011 iidem
3226 3958 3337 4012 sine
3361 3955 3596 4012 oblatione
3630 3952 3674 4003 in
3695 3960 3780 4001 ora-

2276 4032 2411 4085 tione
2437 4031 2568 4094 sola,
2591 4037 2695 4084 etc.
3552 4093 3560 4094 7
3751 4084 3758 4093 ,

2355 4100 2370 4150 i
2408 4093 2594 4156 Secuti
2618 4113 2803 4154 sumus
2822 4097 2980 4154 codd.
3009 4097 3194 4166 Vind.,
3235 4097 3401 4165 Pith.,
3432 4093 3613 4166 [lar-dy,
3647 4103 3672 4143 a
3689 4101 3780 4166 gut-

2274 4171 2376 4227 bus
2398 4171 2668 4226 modicum
2699 4167 2874 4224 diil'ert
2916 4183 3019 4224 ms.
3053 4157 3192 4223 Vat:
3218 4157 3454 4237 Reginae.
3503 4157 3776 4237 Quesnellus,

2276 4241 2358 4312 De
2385 4242 2462 4312 his
2485 4241 2710 4312 qui7post
2737 4241 3043 4312 baptismum
3068 4234 3383 4312 reuertuntur
3410 4239 3478 4312 ad
3495 4234 3718 4312 militiam.

2348 4310 2373 4348 ι
2405 4305 2537 4365 Cod.
2567 4305 2706 4366 Pitlt.
2739 4305 2925 4366 inserit
2953 4311 3216 4378 primum:
3244 4310 3297 4363 in
3329 4307 3542 4363 Vindeb.
3569 4305 3701 4358 etiam
3724 4309 3780 4378 s78-

2276 4380 2446 4434 cundu
2477 4395 2638 4435 manu
2665 4380 2899 4446 additur,
2930 4367 2983 4434 ἐι
3003 4379 3196 4449 legitur
3222 4379 3275 4434 in
3302 4378 3494 4449 Veron.
3522 4385 3662 4449 atque
3675 4367 3780 4449 Villii-

2275 4450 2428 4518 lsid.,
2443 4453 2531 4520 qui
2554 4451 2660 4505 duo
2687 4443 2942 4520 postremi
2966 4443 3335 4517 pro'auditores
3350 4448 3539 4502 habent
3557 4443 3782 4520 audientes,

2276 4531 2331 4576 et
2358 4512 2478 4575 moi
2521 4520 2595 4574 Ab
2624 4512 2854 4574 omnibus
2876 4512 2991 4572 vero
3019 4520 3152 4573 illud
3179 4519 3436 4588 prcecipue
3456 4519 3721 4588 observetur,

2277 4593 2481 4646 animus
2509 4607 2682 4645 eorum
2713 4599 2761 4643 et
2803 4593 3000 4661 [ructus
3041 4576 3367 4661 pcertilentié,
3397 4600 3498 4645 etc.
3537 4587 3585 4661 In
3606 4576 3781 4661 Vindeb:

2278 4677 2373 4731 pro
2399 4677 2531 4718 voce
2559 4661 2750 4732 species
2774 4652 3008 4716 secunda
3041 4652 3264 4730 antiqua
3295 4652 3453 4716 manu
3473 4655 3696 4724 scriptum
3723 4652 3783 4699 est

603 4731 726 4822 ilum
755 4736 919 4781 tantm
940 4737 993 4780 ut
1018 4729 1070 4781 in
1087 4729 1286 4781 ciuitate
1306 4745 1404 4782 non
1420 4731 1702 4796 videantur,
1729 4739 1856 4794 etc.,
1880 4738 1938 4784 ut
1965 4729 2170 4800 invulg.
2199 4759 2256 4822 Β
2278 4729 2492 4802 fructus.

628 4814 666 4822 Α.
2359 4801 2370 4822 .
2409 4803 2481 4822 υ-

603 4795 728 4852 Isid.

675 4877 701 4906 ο
718 4868 941 4938 Quesn.,
974 4867 1053 4922 De
1078 4867 1156 4921 his
1179 4868 1267 4937 qui
1287 4868 1393 4922 sine
1413 4869 1783 4923 examinatione
1807 4870 2170 4938 provehantur.

600 4939 735 4995 Cod.
763 4937 958 5006 llardy,
989 4938 1307 4992 ordinantur.
1341 4938 1677 4994 Praetulimus
1701 4937 1984 4996 lectionem
2010 4939 2172 4996 codd.

604 5009 789 5075 Vintl.,
819 5007 959 5062 Pith.
993 5016 1047 5063 et
1073 5006 1191 5077 Vat.
1225 5009 1462 5077 Reginae.

677 5080 695 5117 ί
732 5079 806 5133 lta
836 5091 965 5151 mss.
998 5076 1225 5151 Vindeb.
1257 5076 1318 5132 et
1341 5077 1488 5151 Isid,
1517 5093 1638 5151 cum
1671 5079 1833 5146 Pith.,
1865 5081 1915 5134 in
1947 5095 2053 5151 quo
2083 5096 2175 5150 po-

599 5161 802 5206 stremo
825 5149 996 5203 solum
1019 5149 1282 5221 omittitur
1299 5157 1368 5221 et.
1397 5149 1738 5215 Quesnellus,
1763 5152 1838 5203 vel
1860 5149 2172 5221 ignorantia,

601 5223 679 5292 uel
695 5218 1312 5292 contemptu...__ordinati
1337 5227 1491 5274 sunt:
1521 5236 1621 5292 non
1646 5218 2006 5292 prejudicant.
2036 5218 2170 5276 Cod.

604 5291 824 5376 Thuan‘,
851 5288 1140 5376 Quesnello
1185 5297 1478 5347 annotante
1519 5288 1680 5347 habet
1709 5288 1909 5361 pariter
1944 5292 2039 5345 hoc
2075 5307 2176 5345 non

605 5363 1022 5513 per
1051 5432 1410 5513 paenitentiam.
1430 5433 1642 5513 addice
1672 5448 1740 5490 ex
1767 5432 1965 5488 nostris
2013 5431 2173 5489 codd.

602 5500 855 5575 Vindeb._,
889 5502 1051 5575 lfith.,
1077 5503 1254 5575 Hardy
1284 5514 1336 5575 e_t
1366 5502 1486 5575 Vat.
1518 5503 1752 5573 Reginae.
1817 5539 1820 5545 -

675 5570 712 5652 δ’
899 5570 1275 5654 Veron.7lsi_t_l'.,
1302 5573 1380 5654 De
1405 5574 1486 5654 his
1505 5570 1649 5654 quia
1678 5575 1781 5643 [ide
1811 5571 2013 5654 Domini
2043 5589 2177 5654 prte-

603 5644 814 5723 oaricati
836 5652 1019 5699 sunt...
1046 5644 1122 5723 uel
1151 5646 1355 5714 aliquod
1380 5644 1662 5723 periculurn
1697 5660 1800 5699 non
1836 5644 2170 5723 pertulerunt,

605 5713 740 5787 sicut
785 5724 955 5787 aerum
978 5715 1089 5787 _sub
1113 5713 1265 5787 nova
1310 5713 1656 5787 persecutione
1711 5713 1919 5786 tyranni
1963 5713 2171 5787 Licinii.

595 5771 763 5845 .Vula.
787 5781 936 5846 ωδ..
967 5783 1043 5840 De
1070 5784 1151 5841 his
1168 5788 1255 5854 qui
1284 5771 1587 5859 negaverunt
1603 5771 1792 5858 praeter
1813 5786 2171 5854 necessitatem,
2220 5865 2225 5870 7

2359 4801 2374 4840 ι
2409 4803 2580 4858 Voces
2605 4803 2744 4856 omni
2771 4803 2950 4857 timore
2992 4809 3040 4855 et
3088 4800 3388 4857 addidimus
3426 4815 3489 4854 ex
3513 4809 3632 4852 mss.
3657 4787 3785 4846 PitlL.

2283 4873 2477 4929 Veron.
2512 4887 2574 4927 ac
2601 4871 2748 4942 vulg.
2778 4872 2928 4939 lsid.,
2979 4886 3076 4942 pro
3118 4873 3310 4943 quibus
3356 4873 3410 4927 in
3442 4865 3648 4926 Vindeb.
3672 4869 3783 4915 tuen-

2278 4943 2410 4999 dose
2439 4944 2826 5012 omnitempore
2851 4951 2919 4999 et.
3020 5011 3023 5012 7
3246 5011 3249 5012 7
3278 5011 3284 5012 7
3573 5005 3599 5012 η
3716 4995 3749 5012 ,.

2353 4995 2406 5050 ἷιῖ
2423 4995 2758 5070 Μεςνγθὶοῆξ
2776 4995 2918 5066 cum
2943 5011 3157 5082 vulgato
3189 5011 3340 5079 Isid.,
3387 5026 3484 5066 non
3511 5005 3622 5063 solis
3642 4995 3779 5082 serpit:

2278 5083 2368 5138 sed
2393 5093 2606 5154 Opereet
2631 5083 2837 5154 veritate
2863 5075 3244 5154 demon'strant;
3264 5075 3378 5154 cuin
3393 5092 3575 5154 tempus
3592 5075 3782 5154 εωιιᾳξςκ

2279 5147 2436 5208 etiam'
2452 5154 2513 5207 ab
2535 5153 2614 5206 his
2643 5153 2792 5223 fuerit
2818 5153 3100 5222 impletum,
3131 5162 3178 5206 et
3203 5147 3508 5223 orationibus
3526 5148 3629 5223 jam
3660 5147 3783 5223 φης’

2278 5224 2382 5279 rint
2409 5216 2798 5290 communicare,
2830 5216 2999 5278 licebit
3022 5216 3278 5291 episcopo,
3307 5230 3414 5277 etc.
3435 5216 3783 5291 Ειροειρευεέν

2284 5271 3336 5364 ὶᾶῥέιὶἦὲζ’ὲῖὲὶὶῂῐὲὲἔεζὶίιὶὀξι’ῑὲἑῶἱᾶιᾶ
3344 5271 3656 5364 infitianti
3674 5271 3782 5364 ρξρξ·

2286 5348 2508 5428 trantur,
2541 5348 2641 5419 iisti
2664 5348 2958 5418 gmnimo'de
3006 5373 3230 5432 tempora
3272 5369 3460 5415 statuta
3499 5348 3782 5432 complrlfiff'

2282 5435 2340 5489 In
2367 5425 2567 5490 ultimis
2597 5435 2818 5490 vocibus
2847 5425 3186 5501 Quesnellus,
3219 5445 3326 5486 non
3353 5439 3524 5486 autem
3550 5425 3694 5480 nostri
3716 5425 3785 5468 ω·

2279 5505 2445 5571 dices,
2480 5507 2732 5573 complere
2752 5504 3015 5558 debebunt.

2350 5584 2380 5612 η
2409 5576 2563 5631 Solus
2589 5576 2810 5642 Quesn.,
2837 5574 3216 5645 piat-nitentibus,
3242 5583 3579 5645 perperam-__
3661 5624 3732 5645 ,Α

2353 5654 2378 5681 ⁶
2419 5646 2510 5702 Sic
2550 5633 2809 5701 Vindebf
2837 5633 3261 5700 'concittentibtis'
3303 5633 3490 5712 eiiguo
3531 5633 3786 5712 ᾀὶεςτξιηξιξς

2278 5694 2824 5774 αοάἀῗίἧιιιζῖἶὶἕίά.
2843 5694 3214 5772 ἔόίὖῆἷῦἰὶῐιῖ
3226 5694 3519 5780 curiﬁn.
3532 5702 3641 5780 tua.
3661 5694 3785 5780 bibe}

2277 5761 2650 5851 satis};
2657 5761 2765 5844 iiii
2772 5761 3645 5855 ἱὲιὲῗὸἁὲὲιίὲῑὼέζ’ὧέᾶὶὶιειεη
3668 5773 3706 5824 σι
3722 5761 3785 5819 ab
