3992 6348
553 374 659 432 407

1494 368 1837 428 ΑΡΡΕΝῡΙΧ
1874 368 1966 430 AD
2004 368 2063 425 S.
2104 366 2136 425 I.

2242 365 2352 427 NIS
2389 367 2604 426 MAGNI
2642 368 2871 427 OPERA
3674 377 3756 437 608

552 491 669 546 Deo
706 489 986 560 placitura,
1031 497 1085 546 et
1112 488 1418 545 hominibus
1445 495 1631 544 tenere
1675 489 1935 543 hactenus
1973 484 2139 541 firml-
2164 485 2220 546 Α
2247 488 2428 539 Potest
2449 489 2590 539 enim
2621 498 2717 553 per
2741 483 2841 538 has
2865 493 3246 554 promotiones,
3278 496 3395 557 qua
3424 484 3757 544 nabebontun-

556 593 720 640 tatem
756 593 1001 653 possunt,
1034 584 1079 639 si
1111 594 1283 640 metus
1310 583 1434 638 huic
1461 582 1742 638 sententia:
1762 580 2134 651 coniungatur.

557 676 771 732 Scimus
809 678 951 732 enim
993 684 1048 731 et
1088 676 1188 746 ipsi
1232 674 1530 745 saepissime
1579 688 1796 742 propter
1844 687 2138 742 paucorum

558 775 585 808 ⁸
608 766 1023 840 imprudentiam
1054 767 1365 835 religiosum
1395 765 1725 822 sacerdmale
1746 779 1941 820 nomen
1973 763 2138 819 fuisse

554 862 964 932 reprehensum.
998 857 1054 913 Si
1081 859 1201 927 quis
1241 860 1400 930 igitur
1429 868 1614 914 contra
1644 858 1881 912 omnium
1922 866 2141 912 senten-

557 955 685 1010 tiam
729 954 876 1008 nisus
917 951 1151 1006 voluerit
1197 952 1476 1006 ambitioni
1518 951 1685 1020 magis
1725 949 1943 1020 placere
1978 965 2137 1019 quam

557 1046 689 1110 Deo,
718 1044 764 1098 is
789 1043 947 1098 debet
967 1043 1126 1108 scire,
1159 1042 1337 1098 causis
1363 1043 1607 1108 redditis,
1636 1042 1893 1097 honorem
1913 1040 2145 1112 dignita-

556 1143 771 1205 temque
792 1149 853 1190 se
879 1135 1226 1190 amissurum.
1252 1135 1403 1202 Quod
1432 1135 1503 1190 ita
1527 1136 1739 1191 demum
1761 1135 2019 1205 compleri
2052 1149 2145 1204 po-

555 1228 703 1293 terit,
734 1229 777 1283 si
814 1230 1182 1298 unusquisque
1221 1238 1464 1283 nostrum
1489 1229 1576 1295 qui
1609 1229 1660 1283 in
1694 1230 1865 1284 canaii
1897 1238 1980 1285 est
2008 1243 2143 1283 con-

556 1320 798 1385 stitutus,
849 1334 969 1374 cum
1006 1320 1436 1389 progredientem
1478 1324 1786 1390 episcopum
1818 1319 2031 1387 viderit,
2062 1320 2143 1375 in-

557 1410 736 1481 quirat
794 1411 1076 1465 transitum
1130 1411 1270 1479 ejus,
1314 1402 1503 1467 causas
1556 1413 1755 1477 videat,
1807 1426 1914 1482 quo
1958 1411 2145 1466 tendat

555 1513 833 1574 agnoscat.
869 1504 938 1559 Et
966 1504 1229 1575 siquidem
1253 1521 1375 1560 eum
1408 1506 1672 1561 invenerit
1698 1506 1775 1561 ire
1823 1504 1850 1543 δ
1879 1504 1945 1560 ad
1974 1504 2143 1560 comi-

557 1602 751 1659 tatum,
787 1596 1022 1665 requirat
1062 1605 1118 1651 ct
1163 1594 1290 1650 illud
1322 1596 1463 1665 quod
1504 1597 1750 1665 superius
1785 1595 2142 1663 comprehen-

558 1701 678 1741 sum
730 1695 835 1751 est,
875 1701 942 1741 ne
991 1685 1128 1741 forte
1153 1686 1409 1743 invitatus
1454 1688 1546 1757 sit,
1578 1690 1771 1760 71m
1818 1688 1868 1742 ci
1916 1687 2141 1744 facultas

556 1776 720 1835 eundi
768 1779 1124 1847 permittatur.
1156 1779 1212 1835 Si
1253 1794 1401 1846 vero,
1446 1788 1507 1835 ut
1551 1781 1797 1851 superius
1826 1781 2143 1836 memoravit

557 1870 818 1926 sanctitas
852 1880 1050 1938 vestra,
1082 1881 1296 1942 propter
1336 1873 1605 1928 desideria
1640 1884 1694 1928 et
1728 1872 2048 1929 ambitiones
2075 1872 2142 1928 ad
2172 1873 2222 1935 Β

556 1964 868 2019 comitatum
894 1975 1099 2033 pergat,
1130 1980 1231 2020 nec
1260 1965 1453 2021 litteris
1482 1967 1598 2036 ejus
1620 1966 2016 2033 subscribatur,
2044 1981 2144 2021 nec

556 2057 613 2112 in
637 2059 1066 2113 communionem
1090 2059 1395 2127 recipiatur.
1422 2058 1475 2115 Si
1502 2060 1653 2116 vobis
1682 2060 1874 2128 placet,
1906 2061 2144 2114 omnium

556 2150 847 2215 sententia,
877 2150 1182 2205 confirmari
1208 2150 1389 2206 debet.
1426 2151 1669 2207 Universi
1698 2152 1951 2208 dixerunt
1978 2153 2144 2206 Itone.

557 2252 701 2296 Stum
726 2255 868 2307 esse,
891 2251 947 2296 et
968 2242 1177 2311 placere
1201 2242 1305 2297 sibi
1334 2242 1471 2298 hanc
1492 2244 1953 2298 cOustitutionem.
1986 2243 2141 2317 (Can.

557 2332 628 2387 12
648 2332 803 2387 Dion.
833 2343 882 2389 et
915 2333 1017 2404 Is.)
1046 2334 1205 2391 Osius
1229 2340 1513 2405 ep‘scopus
1536 2336 1673 2391 dixit
1702 2355 1714 2389 :
1745 2336 1848 2391 Sed
1880 2346 1934 2392 et
1961 2337 2144 2391 mode-

555 2417 696 2472 ratio
727 2420 1028 2473 necessaria
1073 2431 1176 2487 est,
1222 2420 1556 2476 dilectissimi
1585 2421 1800 2487 fratres,
1854 2438 1923 2478 ne
1966 2422 2143 2478 subito

556 2509 734 2565 adhuc
766 2521 788 2549 ο
814 2511 977 2581 aliqui
1023 2513 1328 2569 nescientes
1363 2514 1488 2584 quid
1521 2514 1576 2569 in
1617 2515 1821 2585 synodo
1864 2514 2142 2571 decretum

556 2601 653 2669 sit,
677 2602 897 2656 veniant
917 2603 1095 2657 subito
1118 2603 1183 2657 ad
1206 2603 1448 2660 civitates
1470 2619 1562 2660 eas
1581 2622 1699 2676 qua!
1730 2606 1782 2661 in
1804 2607 1972 2662 canali
1997 2617 2139 2663 sunt.

557 2692 732 2748 Debet
753 2708 881 2763 ergo
908 2695 1190 2764 episcopus
1211 2696 1443 2751 civitatis
1465 2697 1630 2766 ipsius
1651 2697 1939 2754 admouere
1964 2698 1990 2735 ά
2018 2715 2141 2755 eum

558 2792 615 2838 et
636 2783 902 2840 instruere
923 2794 980 2840 ut
1009 2802 1074 2841 ex
1105 2803 1172 2843 eo
1202 2788 1319 2843 loco
1339 2789 1623 2845 diaconum
1655 2804 1812 2845 suum
1846 2791 2019 2846 mittat
2048 2791 2141 2845 ad-

556 2875 815 2942 monitus,
848 2887 901 2933 et
923 2879 1037 2948 ipse
1060 2880 1245 2935 redeat
1272 2882 1324 2936 in
1354 2882 1660 2952 parochiam
1692 2899 1862 2940 suam.

556 3006 678 3065 Τιτ.
730 3010 1054 3094 ΧΧΧΙΧηξ
1106 3014 1382 3094 De__laic_is
1436 3035 1538 3073 non
1566 3020 1839 3094 faciendis
1888 3023 2139 3094 episcopis

986 3086 1137 3157 (Carr.
1186 3088 1252 3142 15
1283 3088 1435 3143 Dion.
1476 3100 1524 3145 et
1555 3088 1736 3163 ΒΜ).

627 3194 783 3251 Osius
824 3199 1105 3268 episcopus
1132 3200 1303 3255 dixit:
1338 3203 1404 3257 Et
1443 3203 1545 3259 hoc
1586 3208 1949 3261 necessarium
1991 3209 2137 3265 arbi-

554 3296 673 3343 tror
693 3297 748 3343 ut
769 3290 1175 3361 diligentissime
1198 3295 1457 3359 tractetis,
1488 3296 1532 3351 si
1559 3296 1696 3352 forte
1718 3308 1809 3353 aut
1838 3298 2011 3366 dives,
2046 3313 2138 3357 aut

558 3378 919 3437 scholasticus
947 3381 1015 3437 de
1044 3383 1180 3450 foro,
1210 3392 1301 3440 aut
1328 3403 1395 3442 ex
1430 3387 1891 3447 administratione
1927 3393 2140 3462 episco-

561 3488 666 3546 pus
699 3476 858 3532 fuerit
896 3476 1215 3549 postulatus,
1249 3488 1308 3535 ut
1359 3497 1465 3537 non
1517 3483 1668 3552 prius
1698 3483 1997 3550 ordinetur,
2034 3485 2139 3541 nisi

558 3566 581 3605 ί
610 3578 735 3625 ante
759 3581 808 3626 et
840 3570 1054 3628 lectoris
1088 3587 1332 3641 munere,
1364 3582 1419 3629 et
1444 3574 1625 3631 officio
1654 3575 1866 3632 diaconi
1900 3586 1993 3631 aut
2019 3594 2138 3648 pre-

551 3659 775 3732 sbyterii
804 3661 961 3721 fuerit
983 3663 1316 3734 perfunctus,
1349 3676 1403 3722 et
1428 3667 1499 3722 ita
1530 3683 1626 3736 per
1650 3670 1891 3739 singulos
1916 3672 2131 3741 gradus,

548 3754 599 3811 si
646 3754 841 3827 dignus
876 3756 1061 3824 fuerit,
1101 3758 1356 3814 ascendat
1390 3761 1457 3815 ad
1501 3762 1717 3816 culmen
1767 3764 2128 3835 episcopatus.

629 3987 657 4014 ι
681 3978 770 4033 Sic
795 3991 924 4031 mss.
966 3976 1196 4033 Vindeb.
1226 3988 1279 4033 et
1308 3979 1542 4045 Thuan.,
1574 3984 1980 4042 concinentibus
2006 3987 2133 4044 Isid.

552 4048 701 4123 vulg.
744 4056 799 4123 et
846 4046 967 4123 Vat.
1014 4048 1153 4123 {542
1200 4049 1449 4106 editionis
1490 4053 1706 4109 Priscae.
1753 4058 1954 4123 Quesn.
2012 4076 2132 4115 cum

553 4117 715 4172 Dion.
727 4158 742 4180 ,
772 4119 1160 4183 impudentiam.

623 4186 653 4225 ι’
690 4188 772 4242 0b
801 4188 1056 4253 repetitas
1089 4204 1247 4245 voces
1284 4191 1353 4244 ad
1394 4194 1691 4249 comitatum
1739 4199 1792 4251 in
1841 4198 1938 4255 hac
1965 4202 2134 4258 colle.

550 4258 728 4338 ctione
756 4261 951 4314 omis~a
981 4258 1197 4338 fuerunt
1219 4266 1492 4338 sequentia
1523 4282 1691 4338 usque
1714 4271 1782 4321 ad
1806 4272 2135 4338 comitatum;

549 4333 793 4402 suppleta
836 4346 964 4385 vero
991 4332 1205 4402 antiqua
1237 4350 1392 4388 inanu
1416 4335 1469 4389 in
1495 4332 1654 4392 codd.
1689 4339 1895 4395 Thuan.
1930 4354 1982 4397 et
2010 4332 2133 4399 Vin;

549 4398 696 4466 deb.,
724 4416 950 4471 quorum
977 4398 1297 4459 auctoritate
1327 4407 1606 4461 inserenda
1635 4410 1978 4475 credidimus,
2010 4398 2129 4471 cum

550 4474 845 4537 praeseriim
909 4488 1098 4529 omnes
1147 4476 1266 4529 alue
1316 4478 1661 4535 C(lllt‘t‘llone~
1711 4480 1848 4536 huic
1887 4490 2130 4541 eumdem

550 4547 869 4595 sententiam
918 4544 1227 4599 exhibeant.
1263 4547 1398 4603 Cod.
1451 4549 1676 4604 Vindeb.
1729 4555 1922 4608 saltum
1964 4560 2133 4611 mani-

551 4610 688 4665 feate
728 4613 938 4684 prodit;
971 4615 1025 4667 in
1054 4625 1200 4669 textu
1238 4620 1380 4671 enim
1428 4620 1579 4675 hbet
1623 4623 1698 4675 ire
1726 4623 1794 4675 ad
1834 4610 2131 4684 comitatum
2162 4612 2216 4674 Ῐ)

554 4691 735 4750 pergat
762 4698 780 4735 :
812 4683 913 4765 ubi.
939 4685 1163 4765 verbum
1186 4699 1367 4765 pergat
1386 4690 1503 4745 sine
1522 4691 1737 4765 insertis
1762 4696 1985 4751 vocibus
2011 4713 2132 4755 sus-

550 4765 798 4834 pensum,
844 4754 1044 4834 aliiwid
1100 4754 1520 4825 praetermissum
1553 4764 1832 4834 signiﬁcat.
1868 4754 2131 4834 Quesnel-

546 4820 637 4945 (lius
663 4824 836 4945 Oxon;
859 4820 1357 4898 codicem—secutus,
1386 4836 1545 4887 verba
1575 4820 1783 4890 laudata
1804 4838 1861 4891 in
1878 4820 2130 4910 ina-rgin'e

586 4906 809 4945 eSPrlD§I
843 4934 856 4945 .

586 4903 856 4960 est'rtpslt.

624 4971 648 5000 ε
682 4966 880 5039 Queen.
911 4967 1301 5039 omittitiali’qui
1342 4979 1396 5025 et
1433 4973 1639 5039 subito;
1671 4975 1972 5036 addidimus
2002 4998 2131 5038 vero

543 5037 763 5109 ex__cod.
790 5034 1013 5109 Viudeb.
1043 5047 1097 5090 et
1121 5034 1273 5092 Dion.
1305 5042 1556 5098 editionis
1576 5034 1965 5105 conciliorum.
1993 5034 2129 5109 Aliae

546 5104 896 5161 collectiones
928 5108 1124 5162 habent
1156 5112 1397 5178 quidam;
1421 5128 1608 5170 omnes
1633 5117 1816 5172 subito.
1855 5104 2131 5179 ιιιέίηῖἇιῐ

545 5182 653 5259 tem
678 5179 881 5259 JAostelh
912 5179 1048 5232 hanc
1078 5194 1373 5237 extremam
1406 5200 1589 5241 vocem
1622 5200 1848 5259 ignorat.

594 5241 645 5326 ,ιι
670 5247 876 5326 ριιθειι.
905 5265 1001 5315 pro
1038 5266 1168 5326 voce
1208 5267 1344 5326 eum,
1368 5272 1526 5324 quam
1567 5241 2042 5320 exuuiasfl'huan.
2074 5276 2129 5323 et

544 5315 704 5371 Vind.
731 5335 791 5371 ac.
822 5319 1043 5393 umor.
1078 5315 1424 5389 inseruisn'us,
1462 5330 1629 5383 edidit
1660 5315 2127 5393 υεηίεηιξῆιῗῦοέἰ

546 5403 711 5469 pauca
757 5390 876 5469 cod.
916 5390 1092 5469 Vind”
1126 5395 1421 5469 admonitus
1451 5400 1555 5469 ipse
1596 5411 1761 5456 tamen
1788 5390 1979 5461 redeat.
2002 5390 2123 5464 Me;

546 5459 645 5579 :ios
679 5459 920 5581 indDit‘m.
955 5463 1079 5519 laid.
1118 5474 1171 5520 et
1211 5466 1340 5523 edit.
1391 5459 1585 5539 prisca,
1621 5459 2125 5535 adnwnitusﬂtanien

565 5545 650 5581 ωε
678 5546 730 5581 re
768 5548 826 5581 ea
857 5572 869 5581 .

543 5543 650 5596 ipse
678 5542 869 5585 redeat.

578 5607 645 5685 ne
677 5602 761 5654 Sic
789 5603 910 5685 cod.
962 5605 1186 5685 Vindeb.
1242 5610 1295 5665 ln
1344 5627 1444 5685 ms.
1472 5612 1598 5685 Vat.
1642 5614 1857 5685 Reginae
1896 5618 2122 5677 habetur

541 5676 646 5759 αις
675 5685 783 5759 βενε
796 5676 1059 5759 faciendis.
1093 5682 1438 5759 Quesn3_Ne
1459 5684 1578 5759 lqici
1607 5676 1749 5759 ﬁant“
1767 5690 2010 5759 episcopi.

623 5734 657 5829 ί
669 5734 826 5829 ρειίιλ
852 5744 1074 5829 Vindeb.
1102 5734 1435 5829 inaniis:
1460 5734 2114 5829 “Ξῌέιὲιῖῖἶέιῖὁῖνὶἵὶὶηιε,

538 5812 749 5882 etpost
774 5827 937 5882 pauca
969 5819 1125 5878 habet
1154 5823 1471 5897 perfunctus,
1502 5812 1557 5885 ut
1586 5812 1679 5898 per
1706 5812 1958 5899 criminis.
1983 5812 2115 5893 Vest

2242 590 2345 644 que
2372 574 2635 645 prolixum
2664 586 2891 641 tempus,
2918 575 3159 643 probari,
3186 590 3288 645 qua
3319 574 3423 632 ﬁde
3443 576 3526 641 sit.
3556 593 3645 648 qua
3668 595 3760 635 mo-

2243 665 2435 733 destia,
2474 681 2577 737 qua
2620 667 2886 738 gravitate
2925 678 2981 723 et
3027 668 3368 723 verecundia.
3411 667 3495 734 Et,
3538 669 3579 724 si
3611 670 3760 742 dignus

2243 755 2404 813 fuerit
2448 757 2726 828 probatus,
2774 758 2957 814 divino
2992 758 3296 814 sacerdotio
3342 758 3629 816 illustratur.
3659 762 3761 831 Quia

2243 850 2569 908 conveniens
2595 867 2700 908 non
2731 861 2839 920 est,
2864 867 2963 908 nec
3005 852 3145 907 ratio
3180 852 3266 907 vel
3289 851 3554 923 disciplina
3586 854 3760 921 patitur,

2244 953 2299 999 ut
2338 952 2545 1001 temere
2589 945 2675 1000 vel
2707 945 2899 1000 leviter
2938 945 3222 1001 ordinetur
3257 952 3347 999 aut
3386 945 3659 1015 episcopus,
3695 954 3763 1001 aut

2244 1037 2547 1110 presbyter,
2575 1048 2668 1096 aut
2695 1038 2981 1102 diaconus,
3012 1037 3102 1109 qui
3125 1038 3426 1109 neophytus
3450 1044 3556 1093 est:
3582 1040 3763 1096 maxime

2244 1144 2365 1184 cum
2412 1130 2667 1199 magister
2693 1129 2934 1200 gentium
2978 1128 3270 1198 Apostolus
3308 1144 3378 1181 ne
3405 1127 3505 1183 hoc
3543 1128 3763 1184 fieretde-

2244 1220 2520 1275 nuntiasse
2542 1229 2597 1275 et
2624 1220 2967 1292 prohibuisse
2989 1220 3231 1276 videatur
3254 1218 3320 1291 (ll
3348 1217 3481 1273 Tim.
3510 1235 3583 1286 ιιι,
3604 1220 3649 1291 li)
3664 1235 3677 1283 ;
3695 1220 3764 1276 sed

2246 1311 2298 1367 hi
2328 1327 2551 1383 quorum
2581 1328 2676 1382 per
2706 1313 2922 1381 longum
2956 1321 3167 1382 tempus
3187 1310 3489 1367 examinata
3508 1311 3572 1366 sit
3595 1311 3702 1378 vita,
3723 1320 3763 1367 et

2248 1406 2436 1460 merita
2461 1403 2659 1460 fuerint
2687 1404 3038 1475 comprobata
3060 1412 3108 1458 ε.

2247 1541 2352 1612 72
2392 1540 2513 1595 Τιτ.
2555 1538 2669 1595 XL.
2698 1538 2726 1578 h
2764 1541 3007 1607 Quandiu
3041 1541 3307 1612 episcopus
3341 1541 3395 1595 in
3424 1540 3582 1595 aliena
3616 1540 3763 1612 cisitau

2320 1612 2629 1735 peregrinari
2674 1612 2847 1694 debeat
2884 1624 3095 1683 excepta
3130 1611 3273 1685 gravi
3326 1613 3601 1667 necessitate
3634 1611 3748 1684 (CM.

2322 1682 2394 1738 14
2473 1698 2580 1736 ton.
2608 1692 2655 1736 et
2682 1681 2870 1751 lant).

2318 1820 2475 1875 Osius
2494 1818 2778 1890 episcopus
2801 1820 2939 1875 dixit
2964 1838 2975 1873 :
3009 1820 3075 1875 Et
3106 1822 3207 1876 hoc
3232 1836 3450 1894 quoque
3477 1829 3685 1877 statuere
3701 1819 3766 1875 de-

2251 1913 2409 1973 betis.
2446 1921 2508 1968 ut
2525 1911 2572 1967 si
2604 1911 2620 1949 ί
2648 1929 2716 1968 ex
2738 1913 2841 1968 alia
2871 1913 3109 1980 civitate,
3137 1915 3218 1969 vel
3245 1931 3313 1970 ex
3344 1914 3605 1986 provincia
3631 1911 3767 1970 suaad

2254 2006 2411 2059 aliam
2444 2005 2778 2075 provinciam
2809 2008 3036 2062 transire
3061 2007 3297 2063 voluerit
3321 2008 3608 2079 episcopus.
3627 2014 3671 2061 et
3688 2021 3769 2060 am-

2248 2097 2438 2151 bitioni
2487 2100 2658 2168 magis
2700 2113 2859 2167 quam
2909 2099 3183 2155 devotioni
3218 2104 3478 2165 serviens,
3514 2100 3706 2157 voluerit
3732 2099 3766 2154 in

2247 2190 2420 2247 aliena
2452 2191 2663 2247 civitate
2700 2194 2867 2248 multo
2897 2205 3137 2265 tempore
3165 2196 3439 2260 residere;
3472 2197 3485 2247 i
3515 2195 3636 2251 forte
3660 2194 3767 2249 enim

2247 2284 2425 2338 evenit
2457 2284 2770 2354 episcOpum
2819 2286 2923 2340 loci
2966 2301 3070 2341 non
3100 2301 3221 2343 esse
3250 2298 3360 2343 tam
3405 2288 3690 2343 instructum
3711 2300 3760 2342 ne

2248 2390 2353 2447 que
2394 2387 2498 2431 tam
2540 2376 2794 2444 doctum;
2850 2379 2895 2433 is
2934 2392 3064 2435 vero
3089 2380 3179 2449 qui
3208 2380 3429 2437 advenit
3466 2382 3653 2450 incipiat
3679 2395 3768 2436 eum

2247 2478 2591 2525 contemnere
2621 2478 2675 2524 et
2714 2469 3022 2540 frequenter
3054 2472 3231 2529 facere
3278 2487 3593 2538 sermonem,
3632 2479 3680 2527 ut
3703 2474 3768 2527 de-

2248 2562 2493 2619 honestet
2533 2573 2585 2618 et
2612 2563 2844 2619 infirmet
2873 2565 3011 2620 illius
3051 2581 3365 2635 personam,
3424 2567 3493 2622 ita
3533 2576 3583 2621 ut
3607 2582 3661 2622 ex
3695 2565 3769 2622 hac

2245 2658 2527 2713 Occasione
2556 2655 2581 2694 ιε
2608 2674 2715 2713 ιιοιι
2762 2658 2969 2713 dubitet
3000 2660 3311 2730 relinquere
3357 2662 3653 2732 assignatam
3691 2660 3769 2714 sibi

2248 2748 2546 2804 Ecclesiam
2568 2757 2623 2804 et
2654 2750 2971 2806 transeatad
3000 2752 3253 2807 alienam.
3284 2752 3512 2809 Definite
3530 2768 3642 2823 ergo
3664 2761 3768 2807 tem-

2246 2858 2344 2912 pus
2374 2843 2532 2913 :quia
2564 2851 2620 2897 et
2649 2859 2756 2898 non
2804 2844 2969 2914 recipi
2994 2845 3308 2916 episcopum
3353 2846 3669 2902 inhumanum
3691 2854 3767 2911 est,

2247 2946 2299 2992 et
2329 2937 2372 2991 si
2410 2936 2609 2991 diutius
2640 2937 2894 3004 resideat,
2940 2939 3327 3008 perniciosum.
3362 2941 3473 2996 Hoc
3499 2955 3613 3012 ergo
3635 2954 3688 2994 ne
3704 2937 3768 2992 ﬁat

2246 3030 2629 3099 providendum
2662 3039 2764 3085 est.
2797 3032 3013 3087 Memini
3044 3041 3221 3087 autem
3264 3030 3285 3070 1
3321 3034 3606 3104 superiores
3626 3032 3769 3086 fratres

2247 3134 2462 3177 nosnos
2489 3124 2829 3178 constituisse
2862 3131 2919 3178 ut
2956 3125 2999 3177 si
3029 3123 3148 3194 quis
3180 3123 3351 3179 laicus
3379 3125 3431 3202 in
3470 3139 3530 3181 ea
3558 3138 3645 3194 qua
3679 3136 3763 3175 mo-

2247 3226 2395 3267 ratur
2425 3212 2663 3280 civitate,
2697 3229 2792 3283 per
2840 3222 2950 3270 tres
2986 3215 3289 3272 Dominicos
3335 3216 3470 3284 dies,
3510 3215 3557 3271 id
3602 3223 3671 3270 est
3700 3228 3767 3284 per

2245 3314 2354 3360 tres
2380 3312 2707 3376 septimanas
2734 3323 2839 3363 non
2862 3309 3190 3366 celebrasset
3208 3320 3552 3380 conventum,
3578 3323 3762 3366 commuo

2244 3399 2404 3453 nione
2435 3399 2760 3469 privaretur.
2792 3400 2847 3457 Si
2882 3400 2997 3456 haec
3017 3402 3156 3458 circa
3178 3403 3351 3461 laicos
3371 3405 3639 3460 constituta
3660 3406 3767 3463 sunt,

2243 3491 2411 3545 multo
2457 3492 2628 3560 magis
2654 3501 2693 3529 ω
2719 3494 3030 3564 episcopum
3078 3509 3176 3550 nec
3221 3495 3373 3564 licet,
3432 3511 3525 3552 nec
3562 3494 3705 3557 decet,
3734 3491 3767 3545 si

2226 3571 2382 3637 'uulla
2423 3585 2494 3640 sit
2524 3594 2629 3639 tam
2671 3587 2847 3657 gravis
2879 3588 3172 3643 necessitas
3199 3605 3325 3659 qua:
3351 3589 3578 3647 detineat
3601 3595 3653 3643 ut
3684 3583 3767 3640 ante

2246 3674 2384 3743 plius
2417 3689 2446 3729 a
2487 3677 2853 3746 suprascripto
2884 3686 3125 3747 tempore
3155 3680 3355 3737 absens
3386 3682 3453 3737 sit
3490 3680 3554 3735 ab
3579 3672 3767 3733 Ecclesia

2237 3782 2354 3823 sua.
2388 3767 2627 3824 Universi
2656 3769 2911 3826 dixerunt
2938 3772 3150 3843 placere
3171 3773 3293 3828 sibi.

2239 3992 2489 4046 nonnulla
2543 3990 2686 4047 solus
2742 3992 2897 4051 Dion.
2947 3995 3158 4053 Justelli
3205 3998 3430 4065 omittit,
3465 3999 3549 4069 qui
3586 3994 3765 4066 neapky-

2241 4072 2321 4116 tus
2352 4073 2444 4116 θεῖ.

2312 4143 2337 4179 8
2379 4133 2663 4210 Dionysius
2710 4134 2901 4210 addit:
2939 4137 3175 4193 Uuiversi
3209 4141 3450 4196 dixerunt
3491 4138 3669 4210 placere
3695 4135 3767 4191 tibi

2240 4204 2368 4259 haec.
2407 4206 2568 4258 Paulo
2595 4206 2928 4262 dissimiliter
2963 4213 3078 4267 alia:
3102 4211 3469 4267 cullei-tiones.

2312 4274 2337 4311 ιι
2363 4276 2653 4347 Ιιιιιιοςιιιι
2671 4276 2791 4330 cod.
2822 4278 2955 4333 Vind
2993 4280 3045 4334 b.
3078 4296 3221 4335 cum.
3252 4282 3373 4337 Vat.
3412 4284 3534 4341 lies.
3562 4278 3765 4347 Quesneh

2242 4346 2324 4428 lus
2356 4364 2368 4429 ξ
2400 4346 2482 4401 Ne
2521 4348 2787 4419 episcopus
2814 4350 2877 4403 sit
2902 4352 2951 4404 in
2979 4352 3146 4406 aliena
3172 4351 3406 4409 Ecclesia
3431 4356 3561 4408 ultra
3579 4346 3665 4406 ire:
3691 4349 3766 4402 Do-

2241 4434 2472 4472 murreus.

2321 4486 2334 4525 ί
2373 4489 2655 4558 Dionysius
2686 4499 2742 4544 et
2765 4490 2889 4546 cod.
2935 4494 3166 4559 'l‘huan.,
3204 4513 3266 4549 ea:
3292 4498 3400 4552 alia
3422 4498 3607 4550 civitate
3625 4507 3764 4547 conre-

2242 4561 2381 4638 nerit_
2398 4561 2465 4638 ad_
2490 4562 2646 4613 aliam
2668 4562 2940 4638 ciuitatem,
2964 4567 3041 4619 vel
3070 4584 3132 4621 ia:
3153 4572 3412 4638 provincia
3446 4584 3536 4621 sua
3570 4565 3631 4638 ad
3645 4563 3765 4615 alia!!!

2239 4632 2584 4700 provinciam;
2621 4645 2665 4687 et
2692 4634 2977 4697 ambitioni,
3016 4649 3122 4692 etc.
3153 4632 3497 4694 'Retinuisnus
3528 4636 3763 4692 lectionem

2237 4701 2529 4774 Qucsoclli,
2561 4706 2682 4772 quia
2709 4706 2945 4759 concinit
2964 4718 3083 4762 cum
3108 4724 3208 4763 ms.
3241 4710 3487 4771 thdeb.,
3510 4724 3569 4763 ex
3596 4718 3763 4774 quosc-

2238 4772 2346 4849 lum
2367 4788 2495 4849 cum
2528 4774 2748 4849 reliquis
2778 4776 2934 4849 codd.
2963 4781 3275 4846 scripsimus
3300 4797 3365 4836 ea;
3404 4772 3645 4849 provincia
3670 4791 3762 4840 sua,

2238 4843 2326 4921 ubi
2358 4844 2887 4921 Quesnellusomisit
2916 4866 2978 4903 ea:
3005 4843 3197 4906 etvsua.
3404 4843 3414 4849 ’
3598 4919 3619 4921 _
3662 4915 3672 4921 _
3730 4911 3739 4921 ,

2310 4917 2323 4963 1
2356 4915 2755 4990 Quesn._addit.
2794 4930 2984 4984 quanto
3008 4932 3229 4990 tempore
3258 4923 3329 4977 ibi
3352 4931 3564 4977 incusat.
3597 4915 3761 4973 Deleri-

2236 4999 2356 5058 mus
2384 4988 2698 5058 auctoritate
2728 4994 2966 5044 omnium
3000 4988 3303 5049 nostrorum
3337 4996 3595 5058 codicum,
3624 4997 3761 5055 etpo-

2239 5055 2501 5109 tissimum
2538 5056 2981 5115 Vindebonensis.

2308 5124 2333 5163 ιε
2360 5127 2636 5182 ltacodd.
2672 5127 2877 5184 Tlman.
2930 5141 2984 5187 et
3028 5134 3181 5188 Vind.
3230 5150 3349 5191 cum
3398 5136 3545 5190 Dion.
3576 5128 3685 5187 lsid.
3720 5130 3761 5178 el

2238 5197 2474 5271 editiime
2500 5203 2691 5271 prisca.
2719 5201 3043 5263 Quesuellus
3074 5221 3192 5260 cum
3226 5222 3325 5261 ms.
3356 5209 3547 5271 Oxum,
3578 5217 3664 5257 non
3682 5198 3760 5250 dl-

2234 5267 2353 5345 bilet
2370 5267 2665 5345 Ecclesium
2689 5287 2835 5345 snam
2865 5277 3166 5345 relinquere.

2312 5337 2328 5376 ¹
2369 5339 2521 5413 Βιριι.
2554 5348 2608 5413 et
2641 5343 2783 5410 vulg.
2817 5341 2969 5409 lsid.,
3000 5337 3249 5413 Superiori
3271 5349 3500 5404 concilio.
3530 5343 3647 5402 Cod.
3676 5337 3758 5391 Ve‘

2233 5425 2352 5487 ron.
2388 5410 2477 5487 5S,
2510 5410 3010 5487 quihcollectionem
3052 5410 3120 5472 ab
3152 5420 3351 5474 Isidoro
3385 5424 3759 5487 recepumgcon-

2237 5484 2406 5545 tinet;
2441 5481 2559 5535 Vat.
2595 5482 2831 5550 ltegime,
2878 5497 2932 5541 et
2972 5487 3092 5543 Vat.
3138 5492 3273 5545 1542
3310 5481 3554 5546 editionis
3586 5485 3755 5549 prime.

2231 5553 2563 5632 concinente
2588 5553 2776 5632 Graeco
2812 5566 2979 5632 textu,
3020 5563 3266 5632 superiori
3295 5572 3531 5632 tempore.
3570 5557 3666 5612 Hoc
3684 5551 3759 5605 d6-

2229 5632 2435 5679 cretum
2466 5623 2672 5694 legitur
2694 5627 2746 5678 in
2769 5629 2996 5685 concilio
3031 5623 3357 5689 Elitieritano
3384 5623 3431 5684 (Ξ.
3456 5631 3541 5685 2t.

2300 5688 2599 5769 “90855-1
2623 5693 2885 5769 Episcorio
2925 5717 3018 5755 nec
3044 5688 3178 5769 licet,
3222 5719 3308 5759 nec
3336 5718 3449 5757 eum
3476 5702 3621 5755 decet.
3642 5688 3747 5749 Cod.

2226 5764 2460 5894 ἕ
2493 5776 2545 5822 οι
2574 5764 2884 5838 Dionysium
2922 5764 3177 5831 editionis
3212 5774 3564 5833 Conciliorum
3592 5770 3755 5840 prstit-

2286 5855 2302 5893 ι
2393 5877 2402 5891 .

2286 5855 2402 5893 nus.
