3992 6348
662 367 894 465 ῦρῸΕΧ
931 367 1258 430 CANONUM
1300 371 1584 431 ECCLES.
1629 366 1715 428 ΕΤ
1754 371 1781 429 ί

1901 373 2328 434 STITUTORUM
2365 376 2423 433 S.
2464 375 2658 437 SEDIS
2695 375 3026 437 APOSTOL.

3369 383 3477 443 410

201 496 316 552 Tir.
345 490 490 567 XLI.
513 498 542 531 ι
579 489 665 567 Ne
691 491 853 567 liceat
882 491 1271 567 episcopoplus
1309 492 1468 567 tribus
1489 490 1782 567 ‘hebdoma-
1810 492 1866 552 Α
1891 490 2198 559 diligentius
2230 495 2243 543 i
2283 502 2630 561 retractetur,
2670 495 2790 562 quia
2830 509 2936 549 non
2965 505 3178 567 oportet
3217 499 3394 567 negari
3427 502 3473 555 ei

412 563 564 618 dibus
589 562 762 618 abesse
791 560 950 632 (Con.
984 560 1058 618 l5
1084 560 1240 617 Dion.
1270 573 1318 617 et
1349 561 1534 633 Isid.).

265 678 425 735 Osius
478 678 764 748 episcopus
811 676 949 732 dixit
989 693 1005 731 :
1052 676 1184 744 Quia
1254 678 1385 734 nihil
1443 679 1783 750 prmtermitti

201 778 450 844 oportet,
501 777 630 826 sunt
669 767 885 839 quidam
938 772 1128 826 fratres
1177 778 1232 826 ct
1267 773 1570 843 coepiscopi
1612 773 1782 829 nostri

202 862 229 904 ι
245 862 333 934 qui
365 876 472 917 non
497 860 551 917 in
589 876 652 916 ea
677 861 896 918 civitate
916 860 968 916 in
995 878 1097 933 qua
1119 863 1371 920 videntur
1395 867 1631 936 episcopi
1661 881 1782 921 esse

201 955 494 1020 constituti,
523 953 610 1010 vel
637 963 789 1010 certe
831 969 1044 1023 parvam
1079 971 1193 1011 rem
1225 956 1336 1012 illic
1366 956 1614 1022 habeant,
1653 959 1780 1015 alibi

202 1060 376 1109 autem
413 1049 605 1106 idonea
643 1048 846 1120 praedia
887 1049 1090 1106 habere
1117 1059 1534 1120 cognoscuntur,
1565 1053 1670 1124 73
1697 1054 1782 1109 vcl

200 1143 532 1200 allec-tionem
562 1142 928 1213 proximorum
950 1143 1143 1212 quibus
1167 1143 1478 1214 indulgeant
1508 1160 1522 1200 :
1549 1145 1633 1199 bis
1657 1145 1779 1200 bac-

202 1244 353 1293 tenus
405 1235 648 1308 permitti
693 1244 954 1306 oportet,
1000 1236 1260 1291 accedant
1297 1237 1365 1291 ad
1415 1239 1784 1312 possessiones

200 1345 337 1397 suas,
381 1340 436 1386 et
466 1330 754 1401 disponant
775 1330 858 1386 vel
884 1331 1136 1388 ordinent
1167 1333 1391 1388 fructum
1435 1333 1635 1388 laboris
1662 1335 1779 1400 sui;

199 1433 252 1479 ut
271 1435 294 1465 θ
321 1439 421 1495 per
446 1433 555 1479 tres
590 1423 912 1491 Dominicas,
945 1423 996 1478 id
1025 1433 1107 1479 cst
1127 1439 1224 1494 per
1255 1433 1364 1480 tres
1392 1424 1775 1494 hebdomadas,

200 1517 240 1576 si
267 1518 473 1574 morari
512 1530 736 1574 necesse
779 1525 880 1582 est,
912 1516 964 1572 in
993 1517 1105 1572 suis
1149 1517 1325 1586 p0tius
1352 1517 1528 1574 fundis
1562 1533 1780 1574 muren-

199 1619 312 1677 tur;
344 1618 440 1666 aut
480 1609 524 1664 si
552 1619 636 1665 est
659 1611 900 1678 proxima
927 1608 1120 1664 civitas
1150 1609 1203 1663 in
1232 1625 1334 1679 qua
1363 1619 1444 1664 est
1474 1610 1774 1681 presbyter,

199 1719 260 1761 ne
287 1703 414 1760 sine
447 1702 681 1758 Ecclesia
722 1701 966 1757 videatur
1007 1700 1184 1757 facere
1231 1701 1372 1756 diem
1421 1701 1779 1768 Dominicam,

199 1796 318 1852 illuc
369 1794 595 1852 accedat
627 1811 640 1848 :
671 1803 730 1850 ut
779 1809 952 1866 neque
991 1810 1080 1851 res
1109 1795 1422 1850 domestica:
1467 1810 1560 1865 per
1588 1794 1781 1850 absen-

1888 582 2210 638 audientiam
2253 587 2485 654 roganti.
2531 586 2596 640 Et
2631 585 2722 642 ille
2757 586 3042 657 episcopus
3081 589 3171 659 qui
3203 589 3347 658 jttSlc
3390 600 3477 647 ςιιιι

1889 675 2086 744 injuSIe
2115 690 2238 732 eum
2271 677 2500 746 abjecit,
2540 679 2812 748 patienter
2838 681 3065 750 accipiat
3107 691 3163 736 ut
3205 686 3474 752 negotium

1887 765 2224 832 discutiatur,
2257 776 2312 823 et
2339 769 2422 822 vel
2452 770 2707 835 probetur
2731 774 2994 826 sententia
3025 772 3140 842 ejus
3166 789 3196 828 a
3223 775 3332 847 74
3356 776 3442 845 plu
3462 809 3476 819 -

1887 859 2062 926 rimis,
2091 861 2174 917 vel
2207 861 2544 916 emendetur.
2574 863 2780 919 Tamen
2812 867 3120 938 priusquam
3143 871 3322 925 omnia
3353 872 3476 928 dili-

1886 967 2074 1028 genter
2115 968 2168 1014 et
2216 960 2450 1016 ﬁdeliter
2493 964 2895 1033 examinentur,
2941 983 3061 1022 eum
3111 967 3200 1037 qui
3248 968 3408 1024 fuerit
3441 985 3472 1025 a

1887 1052 2263 1108 communione
2293 1063 2604 1123 separatus,
2637 1065 2759 1112 ante
2787 1060 3142 1127 cognitionem
3173 1062 3354 1116 nullus
3379 1063 3471 1117 de-

1886 1144 1978 1199 bet
2018 1160 2347 1214 prmsumere
2389 1156 2445 1200 ut
2485 1149 2847 1204 communioni
2889 1152 3078 1208 societ.
3129 1154 3193 1209 Hi
3224 1171 3350 1210 vero
3379 1156 3469 1226 qui

1885 1239 2291 1294 conveniuntad
2316 1239 2660 1308 audiendum,
2687 1243 2728 1297 si
2757 1242 2979 1298 viderint
3003 1245 3321 1302 clericorum
3348 1263 3470 1305 esse

1887 1327 1914 1367 ¹ί
1942 1331 2174 1385 studium
2203 1341 2258 1387 et
2287 1333 2618 1401 superbiam,
2643 1334 2762 1404 quia
2792 1351 2898 1389 non
2923 1336 3077 1392 decet
3105 1346 3161 1392 ut
3189 1339 3470 1410 episcopus

1841 1479 1850 1486 ,
1887 1420 2134 1490 iniuriam
2162 1423 2244 1477 vel
2272 1423 2648 1480 contumeliam
2683 1427 2932 1493 patiatur,
2966 1427 3320 1484 severioribus
3349 1446 3468 1485 ver-

1885 1512 1968 1568 bis
2010 1529 2105 1568 eos
2150 1514 2429 1585 castigent,
2477 1524 2534 1569 ut
2574 1516 2829 1572 obediant
2873 1517 3095 1572 honesta
3142 1521 3467 1593 prtecipienti

1885 1607 2138 1674 episcopo
2169 1624 2181 1657 :
2215 1604 2338 1675 quia
2371 1607 2509 1660 sicut
2539 1607 2627 1661 ille
2651 1607 2863 1662 clericis
2891 1609 3158 1664 sincermn
3186 1610 3345 1666 debet
3373 1627 3469 1667 ex-

1887 1697 2071 1753 hibere
2100 1713 2338 1754 amorem
2368 1698 2676 1766 charitatis,
2713 1701 2784 1756 ita
2812 1717 3022 1773 quoque
3051 1704 3284 1759 vicissim
3317 1705 3470 1760 mini-

1886 1796 1980 1846 stri
2014 1790 2241 1846 infucata
2269 1792 2467 1848 debent
2496 1794 2751 1863 episcopo
2781 1809 2879 1850 suo
2910 1796 3164 1852 exhibere
3192 1798 3468 1869 obsequia.

199 1891 315 1945 tiam
363 1888 484 1958 ejus
511 1885 896 1942 detrimentum
942 1891 1263 1952 sustineant,
1295 1895 1350 1941 et
1380 1903 1485 1941 non
1517 1886 1770 1956 frequen-

1901 1903 2002 1961 [ιτ.
2053 1905 2234 1960 XLIV.
2273 1905 2348 1959 De
2379 1924 2477 1986 non
2496 1907 2848 1986 sollicitandis
2877 1910 3074 1986 clericis
3106 1892 3288 1968 alienis
3317 1913 3468 1986 (Carr.

199 1991 272 2038 ter
295 1979 570 2036 veniendo
599 1979 664 2034 ad
688 1975 966 2035 civitatein
992 1978 1044 2033 in
1075 1995 1176 2049 qua
1205 1981 1489 2047 episcOpus
1516 1988 1778 2047 moratur,

199 2071 558 2144 suspicionem
582 2071 854 2140 jactantia:
883 2080 938 2128 et
957 2071 1267 2126 ambitionis
1289 2069 1498 2125 evadat.
1533 2069 1781 2126 Universi

197 2167 451 2224 dixerunt
474 2165 685 2236 placere
709 2165 834 2221 sibi.

199 2281 307 2339 Τιτ.
343 2281 506 2337 XLII.
543 2281 618 2336 De
645 2282 844 2337 clericis
865 2279 891 2319 ἀ
914 2283 1000 2351 qui
1033 2282 1414 2342 submoventur,
1436 2283 1501 2336 ab
1526 2282 1643 2337 aliis
1678 2298 1780 2338 non

447 2354 752 2419 recipiendis
775 2351 924 2423 (Con.
953 2353 1018 2408 l6
1045 2353 1196 2407 Dion.
1221 2362 1267 2408 et
1298 2351 1539 2424 Isidor.).

259 2446 420 2502 Osins
442 2447 727 2516 episcopus
756 2445 929 2499 dixit:
955 2444 1068 2500 Hoc
1094 2459 1308 2514 quoque
1331 2445 1581 2501 omnibus
1610 2455 1634 2484 ε
1660 2447 1778 2517 pla-

196 2551 290 2604 cet,
317 2547 382 2594 ut
407 2540 521 2594 sive
557 2537 839 2607 diaconus,
866 2537 980 2593 sive
1013 2537 1316 2608 presbyter,
1348 2538 1462 2593 sive
1484 2539 1601 2609 quis
1625 2539 1782 2596 cleri-s

197 2646 398 2698 eorum,
420 2631 492 2686 ab
521 2631 774 2700 episcopo
801 2645 899 2684 suo
925 2629 1083 2684 fuerit
1114 2629 1491 2684 communione
1520 2633 1778 2700 privatus,

196 2723 256 2780 ad
285 2725 516 2779 alterum
549 2723 847 2793 perrexerit
876 2722 1224 2791 episcopum,
1263 2730 1317 2776 et
1355 2721 1538 2777 scierit
1586 2723 1674 2777 ille
1711 2723 1779 2778 ad

198 2831 344 2886 quem
373 2813 633 2884 confugit,
662 2829 786 2869 eum
809 2811 878 2868 ab
903 2813 1161 2883 episcopo
1184 2828 1283 2868 suo
1306 2812 1469 2867 luisse
1489 2813 1776 2881 abjectum,

198 2921 298 2963 non
323 2915 544 2977 oportet
573 2915 630 2960 nt
657 2906 706 2960 ei
737 2905 1171 2960 communionem
1213 2903 1502 2975 indulgeat.
1537 2903 1688 2972 Quod
1733 2903 1777 2960 si

198 2998 397 3066 iecerit,
429 2996 568 3053 sciat
609 3012 667 3054 se
702 2996 1012 3052 convocatis
1050 2996 1316 3065 episcOpis
1351 2993 1370 3033 ί
1412 3010 1628 3051 causam
1659 3011 1780 3052 esse

197 3092 476 3151 dicturum.
506 3091 752 3149 Universi
773 3091 1022 3148 dixerunt
1051 3109 1062 3143 :
1094 3090 1205 3146 Hoc
1224 3101 1481 3146 statutum
1508 3101 1562 3146 et
1590 3105 1776 3161 pacem

198 3186 456 3243 custodiet
483 3192 540 3241 et
565 3183 909 3240 concordiam
941 3183 1196 3238 servabit.

2388 1981 2452 2032 l8
2487 1978 2638 2034 Dion.
2681 1993 2725 2034 ct
2759 1981 2976 2053 Isidor.)

1953 2070 2237 2126 Januarius
2279 2073 2565 2141 cpiscopus
2605 2075 2740 2128 dixit
2787 2093 2799 2128 :
2845 2075 2978 2130 Illud
3027 2093 3238 2148 quoque
3275 2087 3471 2137 statuat

1882 2165 2135 2220 sanctitas
2168 2163 2186 2204 ι
2213 2177 2412 2230 ve-tra,
2441 2176 2496 2220 ut
2524 2169 2653 2220 nulli
2682 2170 2939 2239 episc0po
2969 2170 3126 2225 liceat
3157 2173 3377 2227 alterius
3399 2173 3472 2228 εἰς
3539 2169 3542 2172 ’

1882 2257 2065 2312 vitatis
2091 2259 2328 2329 episcopi
2363 2259 2783 2313 ecclesiadicum
2815 2261 3107 2316 sollicitare
3135 2262 3434 2316 ministrum
3453 2303 3472 2329 ,

1883 2358 1938 2407 et
1988 2350 2040 2405 in
2093 2353 2204 2405 suis
2256 2351 2524 2421 parocltiis
2569 2352 2840 2408 ordinare.
2880 2353 3123 2408 Universi
3164 2353 3412 2409 dixerunt
3457 2372 3471 2409 :

1882 2442 2083 2509 Placet,
2112 2443 2233 2512 quis
2254 2459 2316 2498 ev
2347 2444 2428 2496 bis
2457 2443 2892 2498 contentionibus
2912 2445 3082 2500 solent
3102 2447 3246 2500 nasci
3273 2446 3473 2501 discor-

1881 2534 2013 2599 diae;
2042 2545 2096 2590 et
2123 2535 2240 2589 ideo
2269 2535 2516 2606 prohibet
2547 2537 2784 2590 omnium
2817 2537 3079 2592 sententia
3121 2552 3193 2593 ne
3227 2537 3345 2609 quis
3375 2539 3474 2594 hoc

1884 2628 2057 2684 lacere
2081 2629 2294 2683 audeat.
3135 2619 3138 2626 ’

1962 2722 2080 2776 Τιτ.
2113 2720 2272 2776 XLV.
2304 2730 2343 2759 ω
2374 2721 2450 2774 De
2486 2739 2587 2776 non
2634 2723 2886 2791 faciendis
2920 2723 3118 2777 clericis
3143 2722 3326 2776 alienis
3367 2723 3476 2779 sine

1988 2808 2232 2847 consensu
2263 2793 2486 2864 episcopi
2505 2794 2586 2848 sui
2603 2794 2754 2862 (Con.
2785 2795 2850 2849 i9
2874 2793 3034 2848 Dion.
3057 2805 3104 2849 et
3129 2792 3368 2863 lsidor.).

1953 2906 2110 2962 Osius
2144 2908 2426 2978 episeopus
2467 2910 2599 2964 dixit
2643 2928 2656 2963 :
2702 2911 2769 2965 Et
2811 2910 2912 2965 hoc
2944 2912 3320 2967 constituimus
3360 2910 3476 2966 uni-

1882 3002 2022 3055 versi
2053 3019 2065 3054 :
2092 3010 2149 3054 ut
2176 3001 2480 3072 quicunque
2501 3019 2563 3058 es
2589 3003 2688 3057 alia
2720 3004 2966 3073 parocltia
2991 3005 3220 3060 voluerit
3242 3005 3476 3061 alienum

1881 3096 2186 3150 ministrum
2211 3098 2328 3152 sine
2365 3111 2631 3152 consensu
2662 3106 2718 3153 ct
2739 3098 3015 3152 voluntate
3042 3098 3276 3168 episcopi
3311 3098 3475 3168 ipsius

1881 3189 2156 3257 ordinare,
2190 3205 2294 3244 non
2323 3189 2392 3244 sit
2421 3199 2536 3245 rata
2563 3190 2829 3245 ordinatio
2851 3191 2986 3259 ejus.
3019 3191 3333 3261 Quicunque
3381 3205 3476 3245 au-

197 3300 316 3358 τιτ.
339 3300 519 3356 XLIII.
546 3309 572 3348 ι
598 3300 673 3354 De
691 3301 772 3354 his
795 3300 880 3370 qni
906 3316 1187 3355 excommut
1209 3303 1411 3354 icantur
1428 3301 1569 3368 apud
1590 3301 1780 3356 uicinos
1805 3263 1851 3326 Ο
1885 3290 1992 3337 tem
2025 3282 2124 3335 hoc
2163 3284 2497 3351 υειιηντινενίι
2535 3282 2603 3338 de
2644 3281 2898 3336 Ῐτθίτίίδυδ
2937 3295 2991 3337 ει
3027 3283 3358 3352 coepiscopis
3383 3295 3478 3338 ’⁸ο-

323 3374 576 3424 episcenos
600 3372 874 3424 audiendis
899 3369 1051 3424 tCan.
1083 3373 1146 3424 17
1180 3317 1331 3424 Dion.
1365 3381 1411 3424 et
1429 3369 1670 3424 Isidor.l.
1885 3374 2034 3424 stris-
2067 3383 2117 3424 et
2143 3375 2423 3424 admoneri
2451 3374 2611 3424 debet
2633 3385 2685 3424 et
2713 3376 2930 3424 corriai.
2960 3374 3112 3424 (Con.
3144 3373 3216 3424 ‘20
3247 3372 3400 3424 Dion.
3431 3379 3478 3424 et

323 3374 576 3444 episcopos
600 3369 874 3426 audiendis
899 3369 1051 3442 (Con.
1083 3373 1146 3426 17
1180 3369 1331 3426 Dion.
1365 3369 1670 3442 etlsidor.).

273 3463 428 3520 Osius
455 3464 732 3534 cpiscopus
765 3462 901 3518 dixit
939 3481 952 3518 :
984 3460 1009 3500 ¹²
1038 3462 1191 3532 Quod
1216 3447 1320 3518 «me
1356 3463 1529 3518 adhuc
1573 3473 1779 3534 movet,

201 3553 425 3612 reticere
470 3569 571 3610 non
609 3553 803 3610 debeo.
835 3553 892 3610 Si
923 3555 1044 3626 quis
1073 3553 1360 3624 episcopus
1403 3554 1541 3611 forte
1572 3557 1780 3611 iracun-

199 3647 316 3715 dus,
339 3637 492 3718 quod
503 3662 625 3704 esse
653 3661 761 3701 non
782 3646 963 3715 debet,
988 3647 1094 3701 cito
1117 3656 1171 3701 et
1196 3661 1386 3717 aspere
1414 3655 1780 3703 commovetur

199 3739 447 3797 adversus
476 3739 847 3811 presbyterum
877 3739 990 3795 sive
1011 3739 1296 3795 diaconum
1321 3756 1496 3806 suum,
1523 3750 1576 3796 et
1597 3749 1774 3797 exter-

197 3831 396 3888 minare
429 3846 554 3888 eum
594 3831 665 3886 de
702 3831 940 3888 Ecclesia
973 3832 1236 3898 voluerit,
1268 3832 1652 3904 providendum
1694 3842 1778 3888 est

197 3941 262 3983 ne
283 3925 543 3983 innocens
571 3925 879 3992 damnetur,
901 3933 994 3982 aut
1022 3926 1212 3996 perdat
1234 3927 1692 3994 communionem;
1723 3937 1780 3984 et

195 4017 314 4075 ideo
346 4017 364 4056 ί
397 4018 597 4074 habeat
624 4025 945 4088 potestatem
976 4017 1021 4073 is
1044 4018 1133 4089 qui
1164 4018 1406 4089 abjectus
1431 4029 1547 4088 est,
1583 4031 1638 4075 ut
1668 4021 1781 4090 epi-

195 4124 382 4184 scopos
403 4111 663 4167 ﬁnitimos
686 4110 1008 4181 interpellet,
1034 4118 1090 4166 et
1109 4125 1269 4168 causa
1291 4112 1408 4184 ejus
1427 4114 1693 4178 audiatur,
1719 4129 1782 4170 ac

266 4310 292 4340 ⁸
317 4304 412 4362 Sic
431 4303 601 4362 nostri
627 4301 844 4358 codices
873 4301 1101 4358 Vindeb.
1130 4309 1185 4356 et
1207 4301 1326 4356 Vat.
1372 4300 1610 4369 Reginae.
1633 4299 1777 4368 Que-

197 4374 420 4444 snellus,
459 4375 544 4431 Ne
582 4374 849 4445 episcopus
893 4375 959 4429 sit
995 4376 1048 4429 in
1089 4373 1272 4428 alienis
1313 4373 1487 4445 fundis
1516 4373 1654 4426 ultra
1679 4382 1780 4427 tres

205 4445 562 4502 'Iebdomadas.

263 4515 292 4556 δ
312 4519 545 4586 Quesn.,
567 4517 654 4586 qui
679 4517 733 4570 in
770 4533 830 4571 ea
859 4517 1137 4572 civitatein
1167 4532 1269 4587 qua
1293 4516 1526 4587 videntur
1559 4514 1783 4587 episcopi

199 4591 608 4655 esseconstitnti,
634 4604 844 4655 parvam
871 4605 978 4642 rem
1008 4586 1244 4642 habeant.
1281 4587 1447 4655 Magis
1479 4586 1681 4653 placuit
1707 4586 1784 4640 Ie-

198 4660 302 4715 ctio
343 4661 472 4716 cod.
518 4658 768 4724 Vindeb.,
809 4676 930 4714 cum
973 4675 1074 4730 qua
1128 4658 1346 4730 Ιξίοηγξ.
1377 4657 1588 4730 lustelli
1628 4657 1786 4730 plane

1885 3374 2034 3440 stris,
2067 3383 2117 3430 et
2143 3375 2424 3429 admoneri
2451 3374 2611 3429 debet
2633 3385 2685 3428 et
2713 3376 2930 3443 corrigi.
2960 3374 3112 3444 (Con.
3144 3373 3216 3428 ‘20
3247 3372 3400 3428 Dion.
3431 3379 3479 3427 et

1885 3467 2105 3536 Isidor.)
2131 3470 2318 3522 Aetius
2339 3471 2623 3538 episcopus
2649 3467 2814 3522 dixit:
2842 3467 2955 3522 Non
2981 3466 3242 3536 ignoratis
3279 3474 3478 3536 quanta

1882 3577 1936 3622 et
1961 3567 2140 3636 qualis
2170 3567 2241 3620 sit
2264 3567 2452 3621 civitas
2475 3563 3053 3620 Thessalonicensium.
3089 3563 3245 3629 Saepe
3266 3561 3331 3614 ad
3356 3575 3477 3615 eam

1883 3657 2104 3712 veniunt
2133 3672 2196 3711 ex
2232 3656 2349 3711 aliis
2383 3655 2688 3725 regionibus
2715 3653 3017 3724 presbyteri
3061 3659 3118 3708 et
3155 3650 3397 3722 diaconi,
3423 3658 3479 3705 et

1882 3762 1988 3803 non
2021 3756 2144 3802 sunt
2174 3746 2410 3801 contenti
2455 3745 2599 3800 brevi
2629 3754 2873 3814 tempore
2901 3744 3099 3799 morari
3124 3760 3140 3810 ;
3170 3751 3197 3779 ιι
3227 3741 3324 3797 sed
3354 3751 3480 3798 sunt

1883 3837 1991 3905 ibi,
2023 3846 2115 3892 aut
2152 3848 2298 3893 certe
2327 3838 2416 3892 vix
2463 3845 2583 3908 post
2629 3837 2783 3906 longa
2826 3836 2997 3907 spatia
3040 3835 3104 3890 ad
3156 3849 3250 3889 sua
3301 3834 3480 3890 redire

1884 3942 2164 3999 coguntur.
2196 3929 2442 3985 Universi
2487 3929 2780 3983 dixerunt:
2813 3929 2884 3982 Ea
2936 3938 3173 3998 tempora
3203 3941 3320 3997 quas
3344 3941 3476 3981 con-

1886 4022 2068 4077 stituta
2097 4034 2223 4077 sunt
2250 4024 2389 4076 circa
2428 4022 2710 4092 episcopos
2747 4027 2801 4077 et
2833 4031 2858 4057 ο
2894 4021 3034 4076 circa
3067 4021 3255 4076 horum
3285 4033 3476 4090 perso-

1890 4131 1990 4172 nas
2018 4117 2298 4173 observari
2329 4117 2548 4172 debent.

1894 4301 2041 4356 liceat
2069 4302 2249 4356 clerico
2279 4301 2709 4356 exconnnunicato
2730 4300 3010 4371 appellare.

1966 4371 1992 4410 δ
2014 4373 2144 4428 Cod.
2174 4373 2291 4426 Vat.
2322 4374 2555 4441 lteginv,
2589 4367 2783 4425 Veron.
2800 4367 2897 4436 '58,
2922 4380 2978 4425 et
3000 4367 3477 4441 Commonitorium

1895 4443 2091 4498 Zosimi
2116 4443 2372 4497 insvrium
2404 4439 2609 4513 synodo
2633 4441 3039 4513 Carthagineusi
3066 4455 3116 4494 νι
3142 4439 3281 4507 apud
3312 4441 3479 4496 Isido-

1894 4530 2036 4578 rum,
2069 4515 2205 4581 Quid
2236 4530 2313 4566 me
2348 4512 2516 4566 adhuc
2547 4523 2764 4568 moveat.
2797 4512 2926 4567 Post
2950 4526 3116 4582 pauca
3142 4526 3238 4580 pro
3259 4527 3480 4569 commo-

1893 4595 2038 4640 vetur
2063 4585 2193 4639 alias
2221 4594 2612 4638 commoveatur.

1972 4655 1988 4693 ί
2023 4655 2499 4710 Commonitorium
2547 4653 2744 4709 Zosimi
2788 4668 2908 4710 cum
2950 4667 3052 4708 ms.
3084 4653 3204 4709 Vat.
3235 4653 3476 4726 Reginae,

199 4733 514 4788 concordat.
554 4731 856 4786 Concittunt
881 4725 1005 4784 Vat:
1044 4729 1183 4785 i542
1219 4725 1280 4783 et
1313 4729 1461 4799 lsid.,
1488 4730 1576 4798 qui
1606 4729 1780 4782 solum
1810 4725 1866 4786 D
1889 4726 2070 4799 habeat
2092 4735 2388 4799 potestatem
2412 4729 2598 4798 ejectus
2623 4735 2697 4780 ut.

200 4813 316 4872 post
343 4818 516 4859 voces
541 4802 594 4856 in
624 4803 838 4857 civitate
865 4801 1071 4856 addunt
1101 4800 1379 4872 possident.
1415 4798 1536 4853 Vat.
1565 4799 1784 4868 Reginae

199 4871 250 4929 et
280 4873 556 4930 Veronen.
587 4873 658 4928 58
690 4887 787 4942 pro
813 4874 1028 4926 habeant
1059 4872 1239 4940 legunt
1270 4871 1476 4942 habent.

269 4954 292 4983 ε
323 4945 464 5001 Cod.
498 4944 654 5000 Vind.
685 4940 808 4998 cum
854 4943 1012 4998 Dion.
1055 4942 1178 4997 Isid.
1224 4951 1278 4998 et
1313 4941 1549 4996 editione
1592 4940 1785 5006 prisca,

199 5025 310 5082 post
370 5031 476 5071 tres
527 5015 854 5082 Dominicas,
883 5015 938 5068 id
984 5023 1092 5077 est,
1124 5024 1238 5081 post
1283 5023 1380 5067 tres
1425 5011 1786 5066 hebdomadas.

203 5086 497 5158 Exemplar
524 5086 651 5158 Vat.
679 5087 896 5155 Regina:
918 5095 974 5158 et
1003 5085 1221 5140 Graecus
1244 5093 1419 5158 textus
1447 5083 1730 5138 lectionem
1758 5097 1788 5135 a

201 5155 492 5225 Quesneilo
516 5176 547 5212 e
575 5157 684 5211 suis
714 5171 842 5212 mss.
864 5157 1060 5212 editam
1092 5155 1409 5227 approbant.

267 5228 295 5268 ἀ
325 5228 674 5296 Quesnellus,
697 5222 1247 5282 excommunicatii'ob
1283 5225 1385 5279 alio
1418 5241 1520 5278 non
1545 5222 1794 5292 recipien-

202 5301 301 5357 dis.
337 5301 656 5357 Lectionem
693 5299 937 5355 codicum
969 5297 1194 5354 Vindeb.
1232 5305 1288 5352 et
1316 5296 1432 5350 Vat.
1478 5297 1609 5366 Heg.
1641 5309 1798 5350 revo-

199 5373 466 5429 cavimus.

273 5453 298 5482 ε
348 5445 482 5511 ΑΙ..

203 5513 446 5581 'l'buan.,
470 5509 579 5570 sive
603 5514 812 5582 quilibet
849 5509 1170 5567 clericorum.
1200 5509 1340 5567 'Post
1377 5510 1632 5566 nonnulla
1662 5509 1793 5564 Vin-

201 5585 354 5652 deb.,
387 5589 457 5640 ad
477 5602 627 5656 quem
653 5584 960 5655 confugerit.

276 5655 298 5695 ί
327 5655 503 5714 Codd.
539 5657 764 5712 Vindeb.
806 5667 860 5711 et
897 5658 1070 5711 Oxon.
1103 5668 1224 5710 cum
1261 5655 1416 5709 Dion.
1445 5697 1460 5721 ,
1491 5669 1697 5716 causas;
1725 5667 1788 5709 ac

203 5726 328 5784 dein
348 5769 367 5796 ,
397 5738 603 5793 pactum
639 5742 738 5798 pro
763 5741 940 5798 pacem
967 5727 1019 5782 in
1050 5741 1150 5780 ms.
1181 5726 1390 5798 Thuan.
1415 5742 1430 5790 ;
1462 5725 1600 5798 apud
1631 5724 1784 5778 Dion.

202 5813 360 5865 vero,
391 5807 444 5852 et
468 5797 647 5869 pacem
673 5797 980 5869 seruabitlet
1009 5797 1334 5869 concordiam
1348 5797 1616 5869 custodiet.

277 5878 306 5920 ι
338 5862 423 5928 ita
445 5862 603 5929 codd.
635 5869 792 5926 Vind.
829 5862 1030 5926 et'Vat.
1067 5867 1303 5936 Reginae.
1334 5865 1682 5935 Quesncllus,
1715 5862 1784 5926 υτ

542 5444 763 5511 placeat.
814 5440 933 5496 Vat.
989 5440 1147 5512 Περ..
1199 5409 1462 5512 placebit:
1492 5439 1620 5512 Dein
1662 5437 1793 5512 cod.

1966 4799 1980 4849 i
2019 4793 2152 4853 Aliae
2181 4793 2542 4865 collectiones,
2573 4805 2837 4851 tractetur.
2871 4793 3000 4851 Post
3022 4810 3210 4866 pauca,
3239 4795 3393 4853 Dion.
3425 4806 3480 4854 et

1893 4869 2044 4936 lsid.,
2069 4871 2397 4932 discutiatur,
2429 4878 2480 4922 ut
2507 4870 2583 4922 vel
2617 4868 2872 4934 probetur.

1966 4940 1991 4978 ¹ί
2026 4943 2097 4994 tta
2143 4940 2304 4993 etiam
2348 4939 2500 4996 Dion.
2543 4939 2786 5004 .lustelli;
2821 4939 2920 4992 alia
2963 4937 3128 4992 editio
3169 4937 3324 4993 Dion.
3356 4952 3477 4993 cum

1898 5013 2016 5066 Vat.
2051 5011 2205 5080 lleg.,
2240 5010 2435 5065 Veron.
2474 5012 2575 5072 58,
2607 5019 2661 5064 et
2703 5012 2873 5076 prisca
2907 5007 3114 5064 Justelli
3140 5049 3154 5072 ,
3196 5007 3458 5078 fastidiam

1893 5081 2028 5138 Cod.
2058 5083 2267 5136 'l‘huan.
2300 5096 2422 5138 cum
2449 5083 2662 5150 vulgato
2689 5080 2836 5145 lsid.,
2870 5081 3152 5151 fastigium.

1972 5152 1989 5191 ι
2024 5155 2183 5209 Solus
2207 5157 2406 5218 Quesn.
2426 5195 2441 5218 ,
2471 5161 2662 5206 nostra.

1971 5235 2009 5263 ηδ
2041 5225 2173 5279 Cod.
2206 5224 2363 5277 Vind.
2395 5233 2449 5279 et
2481 5224 2596 5277 Vat.
2632 5224 2846 5290 Regium
2874 5223 2924 5276 in
2959 5221 3059 5275 hoc
3087 5234 3300 5289 quoque
3327 5218 3477 5274 titulo

1899 5297 2244 5352 concordant.
2284 5297 2508 5364 Quesn.,
2545 5294 2627 5348 Ne
2663 5296 2727 5348 sit
2775 5304 2887 5347 rata
2925 5292 3181 5346 ordinatio
3217 5290 3277 5343 de
3307 5290 3476 5344 alieno

1899 5369 2102 5423 clerico.

1971 5447 1996 5474 υ
2028 5439 2162 5494 Cod.
2191 5437 2376 5502 Vind.,
2409 5437 2498 5491 sed
2523 5446 2614 5491 aut
2639 5445 2800 5490 essent
2831 5434 2899 5488 ibi
2929 5448 2946 5486 :
2973 5431 3060 5487 ubi
3095 5429 3480 5502 legendumvi-

1897 5509 2056 5566 detur
2095 5525 2215 5564 cum
2262 5501 2416 5564 Dion.
2447 5517 2505 5564 et.
2532 5525 2633 5563 ms.
2662 5505 2783 5560 Vat.
2828 5501 3102 5574 Reg.,sed
3131 5510 3220 5574 aut
3257 5501 3480 5574 resident

1896 5581 1986 5637 ibi.
2017 5581 2139 5636 Mox
2175 5596 2270 5650 pro
2311 5579 2478 5648 spatia
2502 5579 2578 5650 ad
2604 5593 2726 5642 sua,
2758 5571 2930 5650 utiex
2959 5571 3187 5650 Vindeb:
3224 5573 3480 5650 emenda-

1898 5653 2074 5707 vimus
2101 5643 2418 5707 concinente
2455 5649 2705 5720 Dionysio
2731 5657 2786 5705 et
2813 5646 2928 5702 aliis
2957 5643 3116 5702 codd.
3147 5643 3472 5712 Quesnellus

1893 5723 2052 5781 habet
2080 5732 2324 5793 tempora.

1965 5805 1988 5831 ο
2023 5789 2324 5858 Dionvsiu‘s,
2357 5794 2492 5847 circa
2512 5789 2619 5846 has.
