3992 6348
544 366 650 425 “3

2364 207 2409 223 ,Ι
2496 205 2536 217 κ.

2310 226 2334 243 Α

1471 362 1812 420 APPENDlX
1856 364 1946 417 Al)
1983 360 2043 419 S.
2087 359 2336 418 LEONIS
2376 360 2592 418 MAGNI
2629 359 2877 417 OPERA.
3696 370 3782 425 lii

544 483 742 541 litteris
770 492 1022 542 evocatus
1071 482 1292 540 minime
1338 482 1669 554 occurrerit,
1722 483 1825 539 hoc
1868 493 1952 537 est
1992 481 2131 537 intra
2159 481 2216 546 Α
2239 477 2586 550 Reliquorum
2618 477 2728 548 94
2755 485 2933 533 autem
2964 487 3155 532 causas
3189 474 3203 525 l
3250 474 3410 531 etiam
3438 475 3586 532 solus
3612 474 3790 547 episco.
3840 456 3847 463 ’

543 579 773 647 spatium
806 578 1028 644 mensis,
1056 591 1120 632 ex
1160 575 1247 631 die
1289 589 1390 646 qua
1434 591 1554 649 eum
1601 575 1809 631 litteras
1857 576 2128 646 accepisse

542 668 867 723 constiterit.
932 667 1083 735 Quod
1134 666 1181 721 si
1235 674 1262 705 ι
1317 666 1520 734 aliquas
1587 681 1740 723 veras
1797 666 2129 722 necessitatis

543 775 734 815 causas
782 758 1085 831 probaverit
1132 758 1324 830 quibus
1362 761 1469 832 93
1521 776 1644 816 eum
1690 775 1976 816 occurrere
2025 774 2129 813 non

546 858 781 922 potuisse
825 851 1167 908 manife-tum
1217 854 1325 918 sit,
1367 869 1543 909 cauete
1582 869 1693 910 sum
1720 854 1961 910 dicendm
1992 853 2128 907 intra

542 943 767 999 alterum
798 958 1036 1000 mensem
1068 947 1328 1013 integram
1361 944 1552 999 habeat
1574 944 1902 1001 facultatem.
1934 944 2128 999 Verum

544 1046 663 1106 post
693 1051 929 1093 mensem
958 1036 1253 1093 secundum
1284 1038 1468 1093 tandiu
1500 1054 1605 1094 non
1636 1039 2003 1095 communicet
2035 1036 2131 1092 do-

541 1144 642 1185 nec
666 1126 693 1167 δ
722 1141 1067 1201 expurgetur.

616 1222 725 1280 Vll.
755 1224 812 1281 Si
844 1233 1024 1281 autem
1050 1239 1148 1281 nec
1173 1224 1238 1281 ad
1267 1226 1558 1282 concilium
1591 1228 1896 1284 universale
1928 1238 1950 1267 °
1984 1227 2133 1283 anni-

541 1318 839 1374 versarium
870 1334 1156 1375 occurrere
1175 1318 1427 1388 voluerit,
1461 1329 1519 1375 ut
1546 1321 1628 1378 \el
1681 1321 1755 1377 ibi
1807 1336 1968 1377 causa
2014 1320 2132 1391 ejus

543 1413 880 1478 terminetur,
914 1410 1028 1481 ipse
1054 1412 1106 1466 in
1131 1425 1190 1467 se
1213 1413 1573 1468 damnationis
1596 1412 1915 1468 sententiam
1930 1411 2131 1468 dixisse

542 1500 833 1572 iudicetur.
864 1501 1133 1572 Tempore
1162 1518 1294 1559 sane
1323 1520 1428 1573 quo
1453 1520 1558 1561 non
1606 1506 1994 1569 communicat,
2033 1520 2132 1561 nec

543 1593 597 1648 in
621 1608 715 1647 sua
746 1581 902 1663 plebe
932 1600 1310 1652 communicet.
1342 1596 1635 1652 Accusator
1664 1608 1842 1653 autem
1893 1598 2043 1667 ejus,
2086 1596 2129 1650 si

544 1700 816 1754 nunquam
842 1687 1028 1740 diebus
1048 1702 1223 1743 causa:
1248 1684 1275 1725 ά
1301 1688 1542 1743 dicendae
1561 1689 1807 1753 defuerit,
1835 1705 1863 1742 a
1891 1704 2133 1767 commu-

545 1778 709 1833 nione
740 1793 844 1831 non
872 1787 1238 1843 removeatur;
1266 1780 1309 1833 si
1355 1796 1484 1834 vero
1527 1780 1811 1850 aliquando
1861 1779 2089 1835 defuerit
2116 1821 2130 1844 ,

544 1868 796 1925 restituto
825 1879 848 1907 °
880 1871 1245 1925 communioni
1288 1873 1561 1942 episcopo,
1592 1862 1709 1940 ipse
1752 1883 2133 1938 removeatur;
2170 1873 2211 1933 Β

544 1961 616 2016 ita
644 1972 843 2031 tamen,
875 1974 934 2019 ut
960 1979 1059 2019 nec
1082 1965 1179 2031 ipsi
1210 1965 1483 2019 adimatur
1521 1966 1742 2020 facultas
1771 1981 1947 2020 causa:
1978 1980 2134 2035 pera-

544 2056 757 2126 gendae,
787 2057 830 2109 si
861 2072 917 2111 se
937 2056 1003 2110 ad
1035 2056 1176 2111 diem
1199 2072 1512 2117 occurrere.
1560 2072 1664 2111 non
1715 2056 1951 2111 noluisse
1978 2099 1991 2122 ,
2038 2054 2133 2109 sed

544 2162 650 2203 non
683 2148 916 2215 potui~se
946 2150 1109 2218 prnba
1123 2151 1276 2205 verit.
1317 2148 1335 2187 ί
1362 2152 1505 2205 Sane
1534 2150 1731 2219 placuit
1759 2150 1908 2217 illud,
1936 2158 2133 2205 utcnm

544 2257 703 2313 agere
724 2243 948 2311 C(Bpt‘l'll
981 2245 1032 2297 in
1061 2243 1434 2313 episcoporum
1454 2243 1690 2311 judicio,
1713 2246 1756 2297 si
1795 2243 1953 2298 fuerit
1985 2252 2010 2290 Β
2050 2259 2137 2296 at:-

544 2335 805 2389 cusatoris
829 2349 1053 2403 persona
1080 2335 1385 2405 culpabihs,
1409 2336 1474 2389 ad
1499 2335 1857 2389 acetisandum
1882 2336 2137 2404 vi-lagen-

544 2429 669 2482 dum
702 2443 808 2482 non
841 2426 1174 2491 admittatur,
1210 2426 1311 2480 nisi
1343 2427 1584 2496 proprius
1631 2440 1856 2491 causas,
1908 2443 2010 2479 non
2055 2435 2136 2479 ta-

544 2533 669 2576 men
700 2519 1115 2582 ecclesiasticas,
1145 2519 1325 2572 dicere
1350 2519 1599 2572 voluerit.

618 2607 755 2661 Vlll.
790 2607 847 2662 Si
874 2618 1051 2662 autem
1082 2609 1400 2679 presbyteri,
1436 2607 1520 2662 vel
1551 2609 1762 2663 diaconi
1809 2606 2010 2663 fuerint
2049 2624 2134 2663 ac-

548 2700 743 2766 cusati,
772 2699 1024 2768 adjuncto
1052 2699 1153 2753 sibi
1179 2714 1245 2753 ex
1277 2698 1468 2753 vicinis
1493 2700 1628 2753 locis
1656 2700 1895 2769 legitimo
1910 2715 2134 2754 numero

548 2790 896 2861 collegarum,
921 2790 973 2845 id
1001 2799 1104 2856 est,
1139 2787 1168 2827 ιι
1195 2790 1249 2845 in
1283 2792 1583 2863 presbyteri
1616 2797 1834 2847 nomine
1873 2794 2136 2862 quinque,

552 2897 607 2940 et
638 2884 690 2938 in
723 2881 1203 2949 diaconi,duobus,
1237 2884 1477 2954 episcOpi
1510 2887 1746 2952 ipsorum
1792 2900 2008 2940 causam
2058 2885 2140 2940 di-

549 2978 780 3033 scutiant
805 2976 991 3032 eadem
1022 2977 1253 3043 dierum,
1292 2975 1310 3015 ί
1346 2978 1425 3032 vel
1449 2974 1786 3037 dilationum.
1814 2980 1896 3033 vel
1933 2995 1961 3032 a
1991 2994 2139 3033 cont-

550 3070 802 3125 munione
824 3068 1201 3130 remotionutn.
1232 3077 1287 3124 et
1315 3069 1649 3125 discussione
1678 3086 2029 3139 personarum
2058 3071 2138 3125 in-

551 3165 633 3215 ter
662 3170 1005 3215 accusatores
1033 3167 1089 3215 et
1117 3174 1211 3216 eos
1239 3160 1333 3231 qui
1364 3172 1680 3217 accusantur
1711 3161 1879 3217 forma
1902 3172 2133 3217 servata.

552 3336 718 3408 duino
746 3337 1014 3403 laudatus,
1041 3338 1223 3408 prima:
1259 3338 1393 3391 sedis
1440 3339 1640 3392 litteris.
1672 3338 1837 3401 Dein.
1881 3355 1945 3393 ex
1973 3355 2031 3394 ea
2055 3340 2136 3393 die
2163 3341 2207 3404 C

554 3407 609 3464 in
634 3409 757 3464 cod.
791 3408 1012 3472 Veron.,
1042 3418 1087 3462 et
1116 3425 1178 3463 ea:
1207 3425 1268 3462 ea
1292 3410 1373 3464 die
1399 3412 1451 3463 in
1487 3409 1604 3463 Vat.
1640 3410 1809 3463 Palat.

625 3487 652 3517 ι
675 3482 898 3551 Questa,
929 3480 1135 3551 aliquis.
1162 3480 1499 3535 Przctnlimns
1527 3481 1685 3534 codd.
1720 3480 1940 3541 Ver0n..
1976 3480 2133 3538 Barb.

551 3558 607 3623 et
645 3550 777 3623 Vat.
801 3550 1160 3623 Palat.,;cum
1183 3551 1400 3623 quibus
1429 3554 1721 3607 concinunt
1768 3552 2054 3623 Dionysius
2086 3553 2137 3606 in

553 3618 685 3677 Cod.
714 3622 904 3688 Afrie.,
935 3631 990 3677 et
1021 3622 1145 3676 Isid.
1181 3620 1314 3677 locis
1343 3622 1593 3678 laudatis.

623 3690 651 3730 δ
679 3694 846 3765 Alias,
877 3702 1143 3765 purgetur.

629 3773 653 3801 ο
680 3763 908 3831 Quidam
963 3763 1177 3817 eodices
1219 3763 1402 3819 delent
1446 3764 1887 3830 anniversarium;
1929 3772 1985 3821 et
2032 3780 2136 3821 ms.

555 3832 718 3893 Barb.
752 3834 913 3887 habet
940 3834 1238 3887 occurrerit.

637 3900 658 3940 ³
690 3904 789 3977 his.
822 3902 979 3977 Barb.
1013 3912 1067 3957 et
1094 3902 1293 3977 Veron.
1334 3905 1586 3977 omittunt
1608 3904 1853 3960 dicendis.

636 3986 659 4012 ε
690 3975 799 4034 ΑΙ..
830 3974 883 4025 in
914 3974 1342 4028 communionem.

634 4042 655 4082 ί
685 4041 814 4099 Cod.
850 4043 1007 4098 Barb.
1034 4042 1136 4098 hoc
1166 4044 1284 4098 loco
1324 4044 1541 4100 inchoat
1586 4061 1637 4102 c.
1675 4046 1764 4101 12.
1814 4046 1871 4101 ln
1904 4062 2009 4103 ms.
2037 4047 2142 4103 Vc-

559 4130 704 4179 ron.,
734 4114 871 4169 Sane
900 4115 1104 4182 placuit
1135 4122 1180 4169 et
1209 4114 1362 4168 illud.

632 4195 657 4233 ε
689 4185 889 4252 Quesn.
915 4200 981 4258 ex
1001 4199 1113 4258 gms.
1138 4185 1311 4241 Oxon.
1342 4186 1570 4258 inseruit
1601 4188 1835 4258 probata.
1861 4187 2141 4257 Expunxi-

557 4273 698 4323 mus,
730 4272 848 4311 cum
897 4256 1037 4311 desit
1081 4257 1132 4310 in
1188 4258 1389 4311 nostris
1435 4256 1610 4312 codd.
1643 4274 1705 4312 ac
1758 4258 1809 4312 in
1867 4256 1985 4327 ipso
2035 4276 2138 4314 ms.

556 4327 791 4393 Thuan.,
822 4343 921 4384 nec
962 4342 1065 4381 non
1094 4328 1233 4397 apud
1267 4328 1531 4383 lsidornm
1561 4338 1614 4383 et
1647 4329 1978 4397 Dionysium.
2012 4330 2141 4384 Post

557 4400 832 4465 nonnulla,
863 4416 963 4453 non
986 4408 1153 4452 tamen
1173 4400 1217 4452 si
1242 4399 1614 4453 ecclesiasticas
1633 4399 1683 4453 in
1707 4399 1863 4454 codd.
1885 4399 2135 4467 Vindeb.,

558 4472 718 4529 Barb.
746 4482 801 4526 et
828 4469 1025 4526 Veron.
1059 4472 1149 4540 qui
1174 4482 1477 4538 postremus
1505 4486 1601 4540 pro
1640 4470 1808 4524 dicere
1847 4470 2007 4525 habet
2051 4475 2143 4524 ad-

560 4560 583 4597 8
589 4558 722 4596 crere
727 4582 740 4595 .

630 4610 657 4649 ιι
689 4631 707 4663 ι
748 4611 799 4665 ld
831 4620 915 4666 est
937 4610 989 4665 in
1020 4612 1311 4682 presbyteri
1341 4627 1521 4674 causa,
1551 4628 1656 4681 quo
1678 4626 1837 4667 sensu
1867 4612 1924 4667 S.
1958 4610 2138 4682 Augu-

561 4684 733 4737 stinus
758 4682 810 4736 in
840 4682 1065 4749 epistola
1091 4681 1227 4737 H2:
1248 4681 1429 4739 Missa.
1450 4684 1644 4752 inquit,
1665 4685 1961 4737 traclaloria
1990 4699 2142 4751 super

559 4769 735 4807 eorum
759 4754 960 4806 nomine
989 4768 1079 4821 per
1101 4764 1260 4805 totum
1295 4755 1462 4805 orbem
1502 4764 1778 4817 terrarum,
1807 4764 1912 4809 etc.
1950 4754 2136 4808 Exsul

560 4826 717 4879 etiam
750 4824 886 4878 inter
912 4823 1137 4893 concilia
1170 4822 1385 4877 libellus
1400 4838 1495 4877 seu
1524 4825 1750 4893 epistola
1782 4824 1979 4879 Gelisii
2029 4824 2130 4878 PP.

559 4894 632 4949 ita
666 4893 953 4959 inscriptus
979 4909 992 4945 :
1020 4890 1174 4947 Gesta
1200 4896 1263 4946 de
1285 4895 1487 4947 nomine
1517 4890 1711 4958 Ai'acii,
1737 4895 1787 4947 id
1812 4905 1896 4949 est
1923 4896 1989 4949 de
2019 4909 2137 4949 catt-

558 4980 638 5019 sa.
672 4965 727 5020 ln
757 4964 985 5019 concilio
1015 4962 1421 5031 Cartliaginensi
1450 4966 1548 5018 sub
1572 4964 1842 5018 Bonifacio
1868 4982 1956 5019 an.
1991 4964 2093 5019 525
2116 5006 2131 5030 ,

558 5033 615 5093 in
636 5037 766 5091 edit.
801 5034 1024 5105 Labbei,
1055 5049 1107 5102 p.
1143 5034 1312 5089 1646τ
1346 5032 1420 5087 De
1452 5037 1652 5105 nomine
1674 5045 1844 5088 nostra
1867 5035 2133 5105 querelam

560 5110 772 5162 movisse
794 5104 1022 5171 videtur;
1051 5120 1104 5176 et
1136 5121 1252 5176 pag.
1281 5105 1415 5160 1647
1440 5122 1452 5159 :
1490 5104 1567 5159 De
1594 5107 1797 5159 nomine
1851 5104 2021 5160 nostra
2066 5108 2137 5159 vi-

557 5179 741 5233 dentur
773 5180 937 5248 facere
955 5174 1365 5248 ‘imfitliam';_sed
1392 5184 1450 5248 et
1494 5176 1603 5231 Leo
1637 5177 2040 5248 nosterepist.
2070 5178 2134 5231 12

557 5249 735 5318 (nunc.
772 5245 862 5314 Π)
905 5245 971 5300 ad
1019 5246 1359 5318 Anastasium
1389 5247 1704 5303 Tln-ssalon.
1737 5264 1785 5302 c.
1821 5247 1877 5317 6,
1906 5249 1973 5302 de
1997 5246 2137 5302 elec-

562 5316 617 5374 to
644 5321 696 5374 in
727 5322 1039 5388 episcopum
1069 5335 1096 5390 :A
1118 5316 1193 5370 De
1217 5320 1364 5390 cujus
1389 5362 1403 5385 ,
1435 5319 1622 5390 inquit,
1656 5316 1869 5373 nomine
1898 5320 1965 5373 ad
1995 5327 2137 5372 tuam

556 5392 791 5444 notitiam
818 5388 1151 5453 provinciales
1175 5388 1397 5455 referant
1425 5388 1746 5445 Sacerdotes.
1779 5410 1797 5442 ι
1826 5390 1949 5444 Haec
1966 5390 2134 5455 Ques-

564 5461 759 5516 nellns.
794 5461 911 5516 Mox
961 5476 1063 5514 ms.
1103 5460 1263 5515 Barb.
1287 5471 1342 5515 et
1371 5462 1604 5516 secunda
1651 5476 1680 5514 a
1731 5476 1892 5515 manu
1930 5460 1985 5515 in
2015 5458 2135 5515 cod.

562 5529 781 5599 Veron.,
813 5547 1081 5601 episcopus
1102 5532 1331 5601 ipsorum
1361 5548 1543 5586 Causas
1568 5533 1830 5585 discutiat.

639 5601 653 5638 ί
689 5603 858 5656 Codd.
884 5601 1076 5657 Veron.
1110 5600 1165 5656 et
1199 5602 1314 5656 Vat.
1337 5601 1508 5656 Ρηιειι.
1541 5618 1662 5657 enm
1695 5603 1849 5656 Dion.
1888 5609 1940 5655 et
1986 5600 2135 5663 lsid.,

560 5678 611 5723 et
631 5672 954 5732 dilatonnm,
978 5683 1024 5726 et
1048 5690 1080 5727 a
1099 5675 1473 5727 communione.
1509 5674 1627 5729 Mox
1680 5674 1794 5725 νειρί
1823 5672 2137 5724 discussione

561 5737 881 5807 Quesnelus
932 5741 1067 5799 hanc
1115 5745 1383 5811 pns'iIlum
1430 5748 1621 5801 allixit.
1663 5740 1750 5799 Ita
1778 5757 1971 5799 omnes.
2014 5741 2137 5799 Vide

558 5823 636 5875 an
662 5827 764 5868 non
789 5811 1056 5871 leuandum
1082 5814 1453 5873 discussionis.

2165 4726 2220 4787 D

2236 586 2333 642 pus
2356 572 2456 626 loci
2477 580 2731 641 agnoscat
2756 579 2812 625 et
2841 569 3011 624 finiat.

2306 663 2332 702 ιι
2365 663 2457 719 IX.
2485 664 2624 719 Sane
2653 662 2895 733 quisquis
2924 661 3298 732 episcoporum
3339 660 3425 717 vel
3468 659 3794 731 clericorum,

2234 776 2354 816 cum
2384 760 2434 814 in
2459 758 2698 814 Ecclesia
2727 758 2776 813 ei
2811 758 2973 813 fuerit
2995 756 3198 812 crimen
3234 752 3251 793 ι
3287 755 3615 826 impositum,
3636 757 3794 814 velsi-

2233 854 2352 911 vilis
2374 868 2532 909 causa
2561 854 2716 908 fuerit
2745 861 3043 916 commota;
3077 860 3132 907 et
3165 850 3210 906 is
3239 851 3430 907 relicto
3457 849 3795 908 ecclesiastico

2230 946 2454 1017 judicio,
2484 946 2705 1014 publicis
2724 943 2941 1013 jndiciis
2970 942 3182 1013 purgari
3210 942 3461 1006 voluerit,
3488 942 3692 998 etiamsi
3717 958 3795 1012 pro

2238 1038 2330 1092 illo
2363 1037 2526 1093 fuerit
2555 1035 2756 1105 prolata
2781 1035 3047 1089 sententia
3096 1042 3135 1070 ω
3179 1033 3355 1089 locum
3396 1046 3554 1087 suum
3588 1032 3795 1097 amittat,

2237 1142 2290 1187 ct
2311 1132 2413 1187 hoc
2441 1131 2494 1185 in
2515 1128 2778 1186 criminali
2800 1127 3024 1196 judicio.
3047 1126 3105 1181 ln
3121 1125 3263 1182 civili
3290 1139 3451 1190 vero,
3477 1123 3663 1195 perdat
3680 1124 3796 1197 quod

2237 1225 2416 1293 evicit,
2449 1224 2493 1278 si
2516 1224 2693 1279 locum
2723 1237 2880 1276 suum
2912 1219 3158 1277 obtinere
3180 1216 3557 1275 voluerit.Cni
3586 1217 3718 1272 enim
3742 1216 3797 1275 ad

2238 1316 2515 1387 eligendos
2536 1315 2747 1385 jndices
2770 1314 3004 1383 undique
3033 1311 3288 1368 Ecclesia:
3321 1317 3469 1380 patet
3494 1310 3791 1379 auctoritas,

2239 1408 2353 1474 ipse
2379 1424 2437 1463 se
2468 1408 2742 1477 indignum
2766 1409 3005 1461 fraterno
3024 1404 3298 1459 consortio
3332 1402 3573 1471 iudicat,
3619 1400 3702 1472 qui
3732 1400 3787 1457 de

2240 1502 2488 1555 universa
2522 1497 2761 1554 Ecclesia
2792 1497 2929 1552 male
2962 1496 3311 1562 sentiendo,n
3339 1493 3632 1565 dejudicio
3652 1508 3792 1549 sarcu-

2239 1595 2335 1649 lari
2363 1594 2530 1661 poscit
2557 1592 2809 1646 auxilium
2844 1606 3005 1645 :cum
3042 1589 3369 1658 privatorum
3396 1586 3796 1645 Christianorum

2241 1702 2432 1742 causas
2457 1684 2747 1754 Apostolus
2774 1684 2838 1738 ad
2872 1683 3170 1739 Ecclesiam
3198 1680 3392 1737 deferri
3436 1690 3603 1751 atque
3636 1678 3699 1735 ibi
3722 1676 3796 1735 ἀει

2244 1780 2517 1835 terminari
2553 1778 2828 1847 praecipiat

2314 1882 2338 1909 ο
2366 1872 2432 1926 Χ.
2465 1871 2574 1925 floc
2600 1873 2669 1925 eti
2708 1887 2759 1925 m
2789 1869 3012 1940 placuit,
3039 1877 3099 1924 nt
3120 1871 3160 1923 si
3184 1885 3213 1924 a
3246 1868 3655 1938 qnibuscunque
3681 1864 3776 1935 judi

2239 1965 2391 2019 cibus
2430 1962 2813 2017 ecclesiasticis
2850 1962 2916 2016 ad
2966 1961 3100 2015 alios
3142 1960 3349 2029 indices
3392 1958 3791 2017 ecclesiasticos.

2241 2058 2327 2113 ubi
2361 2069 2440 2112 est
2475 2074 2524 2110 ιιι
2559 2056 2647 2125 jor
2676 2056 2989 2117 auctoritas,
3016 2055 3175 2110 fuerit
3200 2063 3578 2123 provocatum,
3616 2067 3714 2106 nou
3733 2052 3794 2106 eit

2242 2150 2382 2205 obsit
2411 2164 2637 2219 quorum
2669 2147 2832 2201 fuerit
2856 2146 3030 2201 soluta
3058 2147 3347 2209 sententia,
3381 2145 3426 2200 si
3448 2144 3690 2200 convinci
3709 2158 3795 2200 non

2241 2248 2511 2313 potuerint
2543 2242 2625 2296 vel
2656 2241 2875 2295 inimico
2897 2242 3079 2294 animo
3099 2240 3391 2308 judicasse,
3427 2239 3512 2293 vel
3535 2240 3702 2307 aliqua
3724 2250 3794 2289 cu.

2245 2336 2485 2405 piditate,
2524 2335 2607 2387 vel
2633 2334 2804 2402 gratia
2832 2332 3105 2401 depravati
3133 2346 3274 2387 esse.
3304 2342 3331 2380 P
3354 2330 3498 2385 Sane
3528 2332 3573 2384 si
3606 2346 3665 2385 ex
3696 2343 3777 2383 cou

2240 2443 2399 2483 sensu
2433 2428 2658 2496 partium
2682 2423 2894 2493 jndices
2909 2426 3063 2479 electi
3088 2423 3307 2487 fuerint.
3334 2425 3498 2478 etiam
3523 2438 3554 2476 a
3579 2424 3796 2490 pauciora

2241 2535 2466 2575 numero
2516 2534 2671 2589 quam
2727 2518 3076 2574 constitutum
3126 2526 3227 2587 est,
3270 2533 3377 2572 non
3431 2516 3593 2572 liceat
3636 2530 3795 2586 provo-

2241 2613 2373 2667 cari.

2313 2717 2341 2755 q
2365 2705 2457 2759 Χῖ.
2490 2704 2557 2760 Ut
2586 2706 2676 2759 lilii
2702 2707 3076 2773 episcoporum
3103 2713 3157 2760 et
3180 2705 3504 2759 clericorum
3527 2701 3797 2772 spectacula

2241 2782 2519 2853 saecularia
2550 2813 2655 2851 non
2687 2798 2975 2853 exhibeant
3008 2808 3029 2835 τ
3060 2812 3161 2853 nee
3187 2804 3452 2866 spectent,
3496 2792 3797 2867 quandoqui~

2244 2891 2365 2945 dem
2389 2906 2415 2942 a
2448 2891 2767 2955 spectaculis
2793 2899 3063 2945 arcentur.

2312 2983 2419 3053 95
2450 2989 2470 3015 ³
2506 2980 2616 3035 XII.
2650 2981 2715 3037 Ut
2747 2982 3066 3051 gentilibus,
3115 2982 3201 3037 vel
3245 2982 3405 3037 etiam
3460 2979 3717 3036 limreticis
3757 2984 3797 3035 ei

2243 3073 2604 3128 schismaticis
2633 3073 2727 3127 ﬁlii
2748 3074 3124 3144 episcOporum
3156 3074 3240 3129 vel
3271 3073 3636 3144 quorumlibet
3672 3068 3797 3127 cleri~

2245 3180 2431 3221 eorum
2455 3164 2795 3221 matrimonio
2816 3181 2926 3220 non
2949 3166 3362 3245 conjungantur.

2319 3352 2332 3391 ι
2369 3342 2503 3397 Cod.
2539 3342 2697 3397 Barb.
2726 3351 2780 3399 et
2805 3343 3039 3399 secunda
3067 3354 3228 3398 manu
3274 3342 3328 3397 in
3373 3341 3575 3397 Veron.
3614 3339 3796 3397 additu!

2242 3411 2320 3465 vel
2341 3415 2661 3468 clericorum.

2315 3481 2339 3520 ¹ί
2365 3483 2497 3539 Cod.
2526 3486 2683 3540 llarh.
2714 3500 2763 3540 c.
2799 3486 2899 3549 l3;
2932 3484 3129 3540 Veron.
3159 3498 3209 3539 c.
3240 3484 3293 3539 9.

2320 3553 2337 3591 ι
2377 3554 2451 3609 lta
2500 3572 2686 3611 omnes
2736 3556 2902 3611 nostri
2950 3556 3183 3609 codices.
3242 3555 3471 3623 Quesn.,
3520 3555 3795 3609 institutum.

2242 3625 2373 3699 Dein
2407 3643 2502 3697 pro
2532 3636 2574 3681 et
2600 3628 2641 3680 is
2668 3628 2865 3687 relicto,
2899 3627 3015 3680 Vat.
3048 3626 3216 3680 Palat.
3239 3626 3586 3699 ,-D_ionysius
3633 3640 3680 3679 c.
3720 3624 3797 3699 15,

2244 3706 2300 3750 et
2328 3694 2448 3752 lsid.
2484 3699 2679 3752 habent
2708 3699 2754 3751 si
2780 3698 2979 3751 relicto.
3026 3700 3146 3752 Mox
3185 3696 3307 3752 cod.
3342 3694 3565 3765 Veram,
3612 3694 3797 3768 purgari

2247 3768 2453 3838 publica
2468 3770 2671 3840 judicio
2701 3770 2932 3840 coluerit.

2314 3848 2354 3875 σι
2384 3835 2511 3895 Mss.
2546 3840 2702 3893 Barb.
2730 3853 2776 3891 et
2816 3839 3036 3901 Verum,
3070 3840 3122 3891 in
3163 3838 3331 3893 locum
3358 3855 3510 3894 suum
3530 3854 3627 3891 non
3662 3835 3795 3891 resti-

2242 3916 2433 3972 tuatur,
2460 3923 2512 3965 et
2538 3912 2659 3965 dein
2682 3926 2802 3964 eum
2828 3912 2947 3964 Ctltl.
2978 3909 3091 3963 Vat.
3124 3909 3293 3964 Palat.
3325 3909 3510 3964 delent
3530 3908 3739 3980 judicio.

2315 3988 2342 4017 ιι
2376 3983 2501 4037 Mss.
2534 3982 2767 4048 Thnan.,
2796 3980 2991 4034 Veron.
3031 3996 3093 4034 ac
3118 3980 3312 4042 Palat,
3336 3974 3798 4051 sarculareAdejudi-

2243 4050 2321 4103 cio
2350 4055 2511 4118 poscit
2540 4046 2812 4105 auxilium.
2842 4050 3008 4106 Paulo
3038 4060 3158 4118 post
3180 4051 3248 4103 ad
3280 4048 3536 4105 Ecclesia:
3570 4046 3798 4118 Quesnel-

2247 4121 2331 4173 lns
2351 4117 2542 4175 edidit.
2577 4124 2763 4177 Melius
2786 4138 2906 4176 cum
2934 4117 3092 4176 codd.
3136 4122 3327 4189 Barb.,
3374 4122 3572 4178 Veron.
3606 4129 3658 4176 et
3694 4117 3797 4172 Val.

2244 4189 2437 4249 Palat.
2471 4196 2537 4245 ad
2570 4192 2872 4246 Ecclesium.

2318 4272 2341 4298 ο
2373 4265 2509 4335 llml.
2547 4264 2701 4318 Barb.
2732 4278 2779 4318 c.
2815 4263 2900 4318 M.
3240 4334 3261 4335 ί
3319 4333 3328 4335 _
3684 4327 3695 4335 .
3762 4325 3773 4335 .

2315 4344 2341 4382 Ρ
2370 4333 2513 4388 Ιλιθιιι
2544 4335 2714 4388 codex
2750 4336 2834 4388 hic
2866 4343 3012 4388 notat
3034 4350 3082 4390 c.
3118 4336 3205 4390 l5.
3238 4333 3369 4389 Dein
3404 4327 3795 4403 provocarelegi-

2248 4416 2333 4461 lnr
2364 4405 2415 4458 in
2443 4420 2543 4464 ms.
2571 4405 2685 4458 Vat.
2723 4405 2985 4459 Palatino.

2315 4488 2341 4526 (ι
2364 4476 2498 4529 Cod.
2530 4477 2687 4530 Barb.
2711 4490 2759 4531 c.
2789 4477 2871 4530 16.
2903 4477 3019 4529 Mox
3064 4485 3152 4529 aut
3183 4476 3487 4529 clericorum
3535 4474 3587 4529 in
3630 4469 3796 4527 eodem

2244 4562 2347 4603 ms.
2375 4557 2427 4601 et
2456 4548 2593 4615 apud
2619 4547 2947 4601 Ferrandum
2974 4562 3030 4602 ιι.
3056 4546 3142 4613 40,
3174 4544 3253 4600 vel
3277 4545 3577 4600 clericorum
3614 4544 3664 4598 in
3688 4537 3793 4595 cod.

2248 4618 2561 4672 Veronensi.
2733 4624 2739 4630 ’
3338 4648 3343 4651 -

2322 4698 2343 4725 τ
2377 4688 2663 4757 Sequenlia
2719 4687 2917 4743 desunt
2959 4688 3010 4742 in
3062 4701 3187 4742 mss.
3230 4687 3428 4743 Veron.
3477 4694 3532 4740 et
3566 4683 3708 4739 Barb.
3738 4680 3793 4757 At

2244 4776 2334 4813 nec
2359 4754 2579 4825 spectent
2610 4760 2736 4828 legit
2782 4757 3103 4813 Ferrandus.
3148 4758 3275 4812 Post
3326 4758 3552 4828 verbum
3602 4754 3794 4828 spectet}

2244 4819 2562 4895 Ques'nellns
2596 4819 2819 4883 ins'ernit
2861 4833 2973 4882 haec
3013 4830 3153 4883 intra
3188 4827 3555 4897 parenthesim
3593 4819 3654 4879 vi
3677 4819 3791 4897 cod.

2243 4901 2452 4955 'I‘hnan.
2478 4918 2491 4954 :
2520 4900 2635 4953 licet
2686 4900 2780 4953 hoc
2818 4916 3014 4969 semper
3058 4895 3360 4953 Christianis
3404 4898 3634 4951 omnibus
3670 4895 3796 4969 intrr-

2243 4972 2433 5025 dictum
2465 4972 2550 5036 sit,
2584 4982 2637 5023 ut
2686 4970 2771 5023 ubi
2802 4958 3130 5039 blasphemia:
3154 4981 3272 5023 sunt
3311 4986 3410 5022 non
3445 4970 3697 5022 accedant.
3736 4958 3796 5013 At

2241 5057 2362 5097 cum
2395 5041 2507 5095 haec
2529 5042 2704 5095 desint
2730 5043 2779 5094 in
2811 5042 3060 5095 omnibus
3090 5042 3283 5095 Imslris
3313 5039 3471 5094 codd.
3503 5054 3564 5093 ac
3594 5045 3793 5105 praesen

2245 5113 2339 5167 tim
2369 5114 2419 5166 in
2447 5110 2846 5167 Vindebonensi
2876 5123 2930 5164 et
2959 5112 3156 5174 Oxon.,
3194 5110 3350 5179 trujus
3375 5107 3697 5179 collectionis
3715 5114 3790 5155 ea-

2242 5184 2363 5239 dem
2386 5184 2761 5251 expunximus.
2790 5182 3077 5235 'l‘huam-us
3109 5178 3275 5235 codex
3308 5181 3446 5242 haec,
3474 5187 3531 5251 ut
3558 5178 3799 5251 alianon-

2243 5255 2410 5313 nulla.
2439 5245 2641 5323 recepit
2684 5269 2754 5307 ex
2792 5253 3029 5307 lectione
3067 5253 3278 5321 propria
3318 5245 3797 5323 synodiCarthagi-

2246 5325 2428 5381 nensis
2458 5340 2548 5379 an.
2568 5317 2697 5386 ΜΘ,
2728 5325 2779 5378 in
2801 5341 2901 5388 qna
2930 5317 3181 5394 quaedam
3208 5317 3587 5394 verbauaddita
3607 5317 3794 5394 voluim-

2246 5405 2444 5451 mntata
2478 5394 2647 5450 fuere.
2669 5385 2801 5450 Vide
2821 5385 2959 5448 'Cod.‘
2987 5393 3156 5448 Alric.
3176 5407 3225 5448 c.
3252 5394 3341 5449 15.
3364 5390 3480 5447 Non
3508 5385 3793 5445 absimililtl'

2243 5468 2383 5537 apud
2423 5467 2678 5521 lsidorum
2706 5466 2934 5537 concilio
2971 5463 3225 5537 Carthag.
3270 5479 3327 5518 nt
3358 5463 3446 5519 hic
3489 5475 3654 5517 canon
3689 5464 3795 5509 cum

2243 5535 2345 5591 hoc
2368 5538 2733 5592 additamenta
2763 5536 2972 5590 af‘fletns
3004 5535 3102 5589 fuit
3128 5549 3180 5590 c.
3202 5536 3256 5589 ἓ.

2316 5590 2493 5662 'Wllic
2545 5590 2715 5663 canun
2767 5622 2886 5661 cum
2942 5605 3265 5674 prmcedenti
3310 5604 3554 5674 jungitur
3594 5603 3647 5674 in
3684 5590 3792 5651 cod-

2239 5678 2401 5735 Barb.
2429 5680 2544 5732 Mox
2567 5686 2719 5732 etiam
2740 5671 2954 5734 deletur
2970 5678 3021 5730 in
3044 5680 3233 5732 eodem
3265 5671 3369 5730 m's.
3397 5683 3454 5729 et
3498 5676 3550 5729 in
3593 5671 3790 5732 Veron»

2237 5750 2328 5824 qui
2361 5760 2620 5824 praeterea
2647 5749 2806 5810 habet
2834 5748 2934 5822 vel,
2961 5762 3059 5811 seu
3079 5758 3169 5805 ant
3188 5746 3521 5807 schismatt'tr‘ti
