3992 6348
174 350 291 413 £25

647 344 880 404 CODEX
914 343 1246 403 CANONUM
1285 342 1562 402 ECCLES.
1602 341 1692 401 ET
1730 297 2311 401 0011511111]ΤοΙίοΜ
2348 344 2406 404 S.
2448 344 2645 404 SEDIS
2680 344 3009 404 APOSTOL.

3347 348 3456 409 826

268 472 297 500 ιι
326 458 467 519 XIII.
500 458 574 517 Ut
601 457 837 531 episcopi
866 457 951 513 vel
971 457 1153 514 clerici
1182 457 1321 514 filios
1349 472 1476 514 suos
1497 471 1528 512 a
1555 472 1650 513 sua
1678 469 1774 527 po.
1798 459 1853 522 Α
1878 455 1962 512 vel
1988 456 2178 513 Filium
2200 473 2298 529 pro
2320 459 2480 517 Patre
2504 464 2780 529 nominet;
2805 470 2861 520 et
2900 477 3022 518 cum
3047 460 3203 518 altari
3247 464 3458 521 assisti-

175 564 373 615 testate
402 570 500 627 per
522 552 1001 623 emancipationem
1028 552 1177 608 exire
1196 537 1304 606 non
1334 552 1537 617 sinant,
1567 550 1669 606 nisi
1694 550 1765 607 de

172 648 417 706 moribus
437 660 629 704 eorum
660 644 858 701 fuerim
886 641 1037 700 etde
1057 652 1215 698 aetate
1244 642 1444 713 securi,
1471 651 1528 699 ut
1556 642 1767 713 possint

172 742 241 798 ad
267 756 361 798 eos
378 741 491 809 jam
519 740 734 811 propria
757 735 1029 807 pertinere
1055 744 1297 807 peccata.

247 835 277 876 ιι
310 834 453 891 XIV.
486 833 556 889 Ut
584 828 819 903 episcopi
854 829 940 885 vel
961 828 1143 886 clerici
1165 829 1220 885 in
1246 843 1341 885 eos
1367 829 1457 901 qui
1475 828 1763 886 Christiani

171 927 423 989 catholici
454 943 565 983 non
586 934 738 991 sunt,
768 924 980 981 etiamsi
1006 922 1390 995 consanguinei
1418 922 1764 995 fuerint,-nec

171 1039 269 1094 per
290 1022 633 1086 donationes,
666 1031 766 1074 nec
794 1031 889 1087 per
916 1024 1319 1081 testamentum,
1344 1030 1524 1072 rerum
1544 1030 1763 1073 suarum

171 1114 374 1186 aliquid
397 1114 695 1169 conferant.

247 1218 270 1243 ε
308 1204 425 1260 XV.
461 1203 532 1260 Ut
556 1201 826 1274 episcopi,
868 1201 1208 1275 presbyteri,
1260 1209 1316 1257 et
1362 1200 1616 1258 diaconos
1652 1217 1762 1258 non

172 1295 283 1353 sint
309 1293 673 1351 conductores
696 1302 789 1350 aut
819 1303 1195 1365 procuratores
1215 1293 1568 1365 privatorum,
1584 1309 1761 1366 neque

172 1387 284 1445 ullo
305 1386 333 1429 ιι
354 1387 584 1459 negotio
607 1387 699 1443 tali
723 1387 921 1442 victum
945 1396 1207 1458 quierant,
1251 1401 1360 1458 quo
1390 1401 1486 1443 eos
1516 1387 1757 1459 peregri-

172 1482 287 1537 nari
342 1480 431 1538 vel
484 1480 554 1537 ab
601 1479 987 1537 ecclesiasticis
1039 1478 1238 1536 officiis
1278 1478 1494 1535 avocari
1540 1493 1763 1536 necesse

173 1570 267 1628 sit.

249 1677 276 1705 ο
299 1664 443 1722 XVI.
476 1665 545 1723 Ut
569 1680 694 1721 cum
724 1665 973 1722 omnibus
1001 1665 1223 1721 omnino
1248 1664 1462 1722 clericis
1491 1674 1763 1724 extraneae

1872 558 1979 617 tur,
2013 564 2225 620 semper
2249 550 2315 606 ad
2338 552 2553 611 Patrem
2568 555 2826 626 dirigatur
2844 556 3036 611 oratio.
3064 555 3130 612 Et
3148 556 3455 628 quicunque

1868 641 1972 697 sibi
2018 656 2209 712 preces
2238 643 2453 702 aliunde
2488 647 2786 715 describit,
2838 665 2945 704 non
2982 650 3060 705 eis
3099 658 3300 722 utatur,
3346 651 3454 709 nisi

1868 736 2021 806 prius
2048 752 2141 793 eas
2165 754 2286 795 cum
2312 741 2746 799 instructioribus
2791 743 3044 801 fratribus
3072 747 3378 804 contulerit.

1941 838 1980 867 ιη
2014 829 2180 886 XXII.
2224 831 2293 889 Ut
2343 834 2522 889 nullus
2574 836 2891 892 clericorum
2940 838 3170 908 amplius
3218 842 3446 912 recipiat

1870 941 2029 997 quam
2057 936 2085 964 ιι
2112 928 2357 999 cuiquam
2388 931 2836 1002 commodaverit,
2868 932 2983 989 sive
3009 934 3294 1005 pecuniam
3322 936 3453 1006 det,

1869 1018 1984 1074 sive
2005 1020 2298 1087 quamlibet
2327 1021 2583 1091 speciem.

1944 1119 1969 1147 °
1992 1108 2184 1171 XXIII.
2212 1111 2281 1169 Ut
2311 1112 2365 1167 in
2410 1114 2758 1169 sacramentis
2800 1116 3042 1187 corporis
3080 1126 3136 1173 et
3172 1118 3455 1190 sanguinis

1869 1201 2082 1257 Domini
2130 1203 2263 1258 nihil
2293 1202 2524 1274 amplius
2570 1204 2826 1261 oneratur
2862 1222 3020 1276 quam
3052 1208 3167 1278 ipse
3198 1210 3456 1266 Dominus

1870 1292 2107 1360 tradidit,
2139 1294 2241 1349 hoc
2268 1303 2351 1350 est
2377 1295 2530 1364 panis
2556 1305 2610 1350 et
2634 1296 2817 1351 vinum
2844 1312 2979 1368 aqua
3013 1300 3261 1356 mixtum.
3294 1302 3313 1373 (
3331 1301 3455 1358 Pri-

1869 1385 2034 1440 mitiae
2059 1401 2209 1453 vero,
2236 1401 2329 1442 seu
2355 1386 2463 1443 mel
2488 1395 2544 1443 et
2570 1387 2671 1452 Iac,
2696 1388 2838 1459 quod
2866 1404 2972 1443 uno
3001 1390 3089 1445 die
3125 1392 3457 1450 solemnissi-

1869 1492 1958 1532 mo
1974 1489 2005 1528 ι)
2029 1493 2127 1547 pro
2148 1476 2431 1534 infantium
2460 1480 2715 1551 mysterio
2737 1480 2875 1536 solet
2900 1480 3100 1548 oti'erri,
3133 1486 3373 1552 quamvis
3400 1486 3457 1542 in

1868 1568 2028 1625 altari
2053 1569 2369 1635 offerantur,
2409 1585 2564 1626 suam
2593 1581 2773 1628 tamen
2817 1571 3018 1629 habent
3057 1575 3327 1646 propriam
3358 1577 3455 1632 be~

1869 1664 2254 1729 nedictionem.
2286 1676 2344 1721 ut
2367 1682 2397 1721 a
2424 1666 2703 1737 sanguinis
2727 1678 2779 1723 et
2809 1669 3052 1739 corporis
3077 1670 3341 1727 Dominici
3370 1687 3458 1727 sa-

173 1758 389 1816 feminzc
419 1773 529 1815 non
550 1757 884 1824 cohabitent,
907 1757 1004 1814 sed
1033 1757 1165 1814 solze
1194 1767 1425 1826 matres,
1458 1760 1613 1825 aviae,
1642 1774 1760 1815 ma-
1792 1766 1841 1831 Β
1867 1766 2145 1813 cramento
2171 1757 2617 1831 distinguantur.)
2668 1759 2776 1817 Nec
2833 1761 3062 1830 amplius
3107 1761 3176 1818 de
3207 1764 3460 1833 primitiis

175 1862 413 1921 teneras,
436 1853 616 1908 amitte
631 1862 686 1908 et
709 1866 952 1921 sorores,
980 1858 1036 1907 et
1060 1850 1180 1906 filiae
1208 1850 1434 1906 fratrum
1476 1860 1568 1906 aut
1612 1865 1767 1907 soro-

174 1961 317 2015 rum,
350 1954 407 2002 et
427 1958 760 2017 quaecunque
781 1958 848 1999 ex
875 1942 1075 1998 familia
1097 1942 1393 1998 domestica
1421 1942 1763 2009 necessitate,

177 2038 339 2095 etiam
361 2046 648 2107 antequam
671 2034 1069 2100 ordinarentur,
1110 2036 1221 2104 jam
1261 2049 1382 2089 cum
1427 2033 1507 2089 eis
1554 2034 1765 2090 habita-

178 2122 328 2187 bant.
362 2128 463 2186 Vel
493 2129 539 2185 si
580 2128 673 2184 lilii
703 2142 928 2195 eorum,
967 2126 1231 2183 ordinatis
1261 2126 1372 2197 jam
1413 2127 1724 2197 parentibus
1748 2168 1764 2192 .

177 2236 377 2278 uxores
402 2220 733 2291 acceperint,
762 2229 854 2275 aut
891 2234 999 2275 non
1028 2218 1355 2276 habentibus
1390 2219 1566 2275 servis
1591 2218 1647 2273 in
1672 2218 1768 2274 do-

176 2328 286 2380 mo,
316 2328 452 2385 quas
480 2313 701 2378 ducant,
738 2310 956 2367 aliunde
980 2310 1177 2367 ducere
1205 2309 1501 2366 necessitas
1534 2307 1553 2348 τ
1586 2308 1766 2366 fuerit.

247 2414 277 2455 ι
303 2404 468 2461 XVII.
495 2403 565 2462 Ut
584 2404 844 2476 episcopi,
874 2403 1177 2476 presbyteri
1208 2411 1264 2458 et
1290 2401 1502 2458 diaconi
1532 2418 1641 2459 non
1674 2419 1767 2460 or-

180 2500 433 2557 dinentur
458 2499 772 2570 priusquam
798 2512 986 2553 omnes
1015 2495 1112 2568 qui
1145 2504 1271 2552 sunt
1300 2495 1354 2551 in
1394 2495 1557 2551 domo
1581 2510 1771 2552 eorum

180 2591 517 2649 Christianos
541 2592 837 2648 catholicos
858 2590 1107 2648 fecerint.

248 2682 278 2722 δ
308 2682 498 2739 XVIII.
519 2678 591 2739 Ut
616 2683 844 2740 lectores
874 2698 1043 2753 usque
1068 2681 1134 2738 ad
1165 2696 1336 2738 annos
1377 2682 1669 2753 pubertatis
1695 2683 1772 2739 Ie-

182 2785 346 2849 gant;
379 2775 635 2845 deinceps
654 2784 832 2831 autem
862 2774 962 2830 nisi
988 2788 1185 2831 uxores
1203 2773 1470 2830 custodita
1516 2773 1772 2845 pudicitia

183 2869 458 2936 duxerint,
488 2866 875 2924 continentiam
907 2867 1018 2938 96
1045 2866 1274 2938 professi
1322 2867 1546 2932 fuerint,
1594 2867 1774 2937 legere

188 2976 293 3020 non
322 2962 597 3017 sinantur.

260 3052 274 3091 ί
308 3052 455 3110 XIX.
490 3052 562 3108 Ut
583 3049 838 3108 clericum
867 3051 1125 3119 alienum,
1162 3050 1262 3106 nisi
1304 3049 1633 3108 concedente
1656 3048 1775 3121 ejus

1870 1848 2124 1904 offeratur
2161 1864 2321 1919 quam
2360 1850 2427 1905 de
2458 1851 2577 1905 uvis
2608 1860 2662 1907 et
2687 1852 2989 1908 frumentis.

1940 1952 1968 1993 ιι
1998 1940 2187 1996 XXIV.
2204 1942 2271 1998 Ut
2291 1941 2474 1999 clerici
2496 1943 2581 2000 vel
2598 1945 2935 2001 continentes
2952 1944 3018 2001 ad
3041 1946 3225 2004 viduas
3244 1950 3327 2006 vel
3344 1950 3457 2005 vir-

1868 2033 2051 2103 gines,
2082 2032 2183 2089 nisi
2219 2048 2285 2089 ex
2320 2034 2473 2103 jussu
2510 2035 2597 2091 vel
2639 2037 2905 2106 permissu
2954 2039 3326 2111 episcoporum
3370 2043 3458 2100 vel

1870 2123 2330 2195 presbyterorum,
2354 2140 2458 2181 non
2487 2126 2777 2192 accedant;
2804 2136 2858 2184 et
2879 2127 2981 2184 hoc
2999 2144 3106 2185 non
3121 2131 3223 2186 soli
3239 2133 3459 2199 faciant,

1869 2220 1964 2275 sed
1993 2235 2114 2275 cum
2139 2219 2376 2286 clericis,
2408 2229 2499 2275 aut
2526 2236 2647 2275 cum
2679 2220 2763 2276 his
2793 2237 2915 2278 cum
2949 2223 3144 2293 quibus
3176 2227 3462 2298 episcopus

1869 2312 1977 2383 97
2017 2320 2109 2366 aut
2170 2312 2449 2384 presbyter
2491 2312 2734 2383 jusserit.
2786 2313 2895 2371 Nec
2939 2314 3039 2385 ipsi
3083 2318 3322 2387 episcopi
3363 2328 3459 2376 aut

1870 2404 2170 2476 presbyteri
2200 2405 2301 2460 soli
2342 2405 2578 2461 habeant
2605 2421 2881 2464 accessum
2925 2408 2992 2464 ad
3042 2408 3349 2479 huiusmodi
3381 2412 3461 2470 fe-

1872 2497 2073 2561 minas,
2104 2498 2198 2552 sed
2223 2506 2315 2553 aut
2345 2498 2433 2553 ubi
2464 2497 2649 2554 clerici
2679 2509 2975 2569 prasentes
3003 2511 3161 2565 sunt,
3204 2512 3297 2558 aut
3335 2519 3461 2574 gra-

1872 2604 1965 2645 ves
1987 2590 2152 2659 aliqui
2181 2590 2495 2647 Christiani.

1948 2693 1969 2720 τ
2002 2680 2168 2738 XXV.
2200 2682 2271 2738 Ut
2300 2683 2487 2753 primm
2514 2682 2659 2738 sedis
2695 2683 2983 2755 cpiscopus
3018 2700 3123 2741 non
3151 2687 3454 2757 appelletur

1873 2776 2124 2847 princeps
2148 2776 2513 2842 sacerdotum,
2544 2785 2637 2831 aut
2667 2791 2911 2834 summus
2936 2779 3211 2847 sacerdos,
3239 2791 3328 2836 aut
3357 2782 3462 2838 ali-

1874 2868 1999 2941 quid
2042 2867 2375 2936 hujusmodi;
2404 2867 2498 2923 sed
2530 2876 2735 2924 tantum
2767 2870 2954 2940 prima:
2983 2872 3125 2927 sedis
3149 2873 3461 2944 episcopus.

1949 2968 1970 2995 ⁸
2005 2960 2195 3015 XXVI.
2236 2960 2305 3016 Ut
2344 2959 2530 3015 clerici
2562 2960 2754 3017 edendi
2796 2961 2880 3016 Vel
2917 2960 3133 3017 bibendi
3175 2977 3337 3020 causa
3377 2974 3464 3020 ta-

1876 3052 2069 3107 bernas
2096 3064 2201 3106 non
2244 3052 2635 3120 ingrediantur,
2668 3050 2769 3106 nisi
2804 3053 3245 3122 peregrinationis
3275 3070 3466 3113 neces-

186 3145 457 3217 episcopo,
490 3159 650 3201 nemo
679 3142 876 3199 audeat
904 3144 989 3201 vel
1021 3144 1259 3199 retinere
1283 3184 1298 3209 ,
1340 3143 1424 3198 vel
1456 3155 1775 3214 promovere
1799 3160 1849 3227 c
1877 3144 2053 3201 sitate.

187 3238 239 3294 in
265 3236 503 3293 Ecclesia
523 3235 626 3292 sibi
652 3234 877 3291 credita.
900 3234 1237 3291 Clericorum
1268 3242 1449 3289 autem
1500 3233 1513 3283 i
1572 3246 1767 3289 nomen

189 3330 357 3387 etiam
380 3331 607 3387 lectores
630 3330 915 3385 retineant.

268 3421 435 3479 ιιΧΧ.
468 3420 731 3480 Utnullus
758 3424 1057 3489 ordinetur,
1100 3423 1206 3479 nisi
1250 3422 1504 3493 probatus
1544 3420 1627 3477 vel
1656 3420 1771 3492 epi-

194 3530 481 3587 scoporum
508 3517 769 3581 examine,
794 3516 879 3573 vel
906 3516 1089 3588 populi
1113 3514 1441 3572 testimonio.

272 3605 291 3647 ¹
329 3606 463 3665 XXI.
498 3607 563 3665 Ut
587 3623 747 3665 nemo
773 3609 828 3665 in
852 3609 1099 3680 precibus
1120 3608 1202 3664 vel
1242 3608 1453 3663 Patrem
1482 3622 1580 3679 pro
1610 3604 1767 3671 Filio,

264 3795 290 3824 ⁸
319 3786 453 3842 ϐοά.
487 3785 646 3843 Barb.
677 3801 729 3842 c.
761 3788 849 3842 17.

260 3855 409 3929 διιε.
444 3858 605 3915 Barb.
628 3873 677 3912 c.
713 3859 802 3914 18.
827 3857 947 3913 Mox
980 3871 1078 3929 pro
1103 3858 1160 3912 in
1184 3874 1271 3913 eos
1313 3872 1446 3914 mss.
1493 3857 1693 3915 Veron.
1721 3868 1776 3916 et

191 3927 349 3985 Barb.
374 3928 579 3983 habent
597 3930 691 3983 eis.

266 4010 290 4039 ι
313 3999 449 4054 Cod.
483 3998 641 4053 Barb.
674 4014 724 4055 c.
758 3999 845 4056 19.

264 4067 294 4106 ἀ
316 4070 469 4143 ίὶοάζ
482 4070 600 4126 Vat.
632 4069 927 4143 Palatinus,
964 4072 1106 4143 turpi
1141 4072 1218 4125 vel
1258 4071 1523 4143 inhonesto
1569 4074 1776 4143 negotio

193 4141 400 4213 rictum.
430 4140 680 4196 Concinit
706 4142 957 4212 Syitodus
978 4140 1233 4198 Bonifacii
1257 4158 1345 4198 an.
1370 4142 1495 4208 525,
1516 4158 1607 4196 nec
1632 4140 1773 4213 iurpi

194 4210 335 4283 lucro
357 4213 549 4283 victum
570 4210 821 4283 quierunt.

265 4291 296 4354 ξ
324 4281 689 4354 ΜεχΒειιΰω.
716 4282 804 4338 20.
860 4281 1054 4337 -—Ed.
1097 4295 1215 4354 cap.
1261 4282 1424 4339 XVIII
1458 4282 1640 4339 Carth.
1682 4299 1774 4352 nt,

195 4365 244 4408 ε.
272 4351 375 4417 21;
409 4352 670 4408 Ferrand.
696 4369 745 4409 c.
774 4355 894 4409 122.

269 4422 291 4462 τ
328 4423 473 4478 Idem
495 4426 616 4479 cod.
649 4440 769 4480 cunt
806 4426 1026 4492 Verene,
1051 4427 1284 4480 suaserit.

266 4504 294 4542 Ι
320 4494 456 4550 Cod.
490 4494 648 4550 Barb.
673 4510 724 4567 ον.
750 4496 991 4567 21.1)εἱη
1014 4513 1185 4551 omnes
1220 4497 1308 4567 qui
1329 4511 1393 4551 ex
1431 4499 1624 4551 nostris
1644 4512 1773 4552 mss.

195 4567 539 4633 scripsimus,
560 4566 963 4622 concinentibus
990 4568 1119 4623 Cod.
1145 4566 1312 4622 Aluic.
1342 4583 1391 4621 c.
1436 4567 1528 4633 36,
1562 4578 1614 4622 et
1647 4568 1773 4623 Isid.

1953 3238 1969 3272 ί
2019 3234 2228 3291 XXVII.
2285 3234 2355 3291 Ut
2412 3235 2647 3305 episcopi
2702 3251 2806 3291 non
2862 3237 3269 3308 proficiscantur
3315 3249 3464 3298 trans

1876 3343 2044 3394 mare,
2079 3327 2181 3382 nisi
2210 3327 2453 3383 consulto
2482 3329 2668 3396 prima:
2690 3328 2832 3384 sedis
2860 3329 3114 3400 episcopo
3142 3346 3253 3387 sua:
3282 3332 3465 3402 cujus-

1873 3437 1979 3491 que
2018 3420 2340 3492 proviuciae;
2373 3428 2432 3474 ut
2473 3421 2540 3474 ab
2565 3435 2631 3475 eo
2663 3421 2929 3490 prtecipue
2959 3421 3165 3490 possint
3204 3423 3466 3479 formatas

1873 3527 2108 3568 sumere.
2136 3512 2268 3567 llinc
2290 3512 2449 3566 etiam
2472 3509 2764 3580 dirigendae
2793 3520 2919 3566 sunt
2941 3513 3131 3567 littera:
3154 3514 3369 3570 concilii
3391 3515 3463 3571 ad

1880 3604 2264 3661 transmarinos
2292 3603 2595 3672 episcopos.

1883 3795 1973 3841 aut
2004 3803 2149 3857 quent
2180 3786 2317 3859 [lege
2346 3784 2454 3859 qui]
2500 3786 2678 3859 populi
2720 3784 3007 3859 testimonio
3050 3784 3204 3854 fuerit
3228 3796 3461 3859 enectus.

1881 3855 2073 3913 Caeteri
2104 3855 2321 3914 codices
2350 3855 2467 3911 cum
2502 3855 2793 3921 Ferrando,
2818 3855 2941 3910 Isid.
2976 3864 3031 3910 et
3058 3856 3277 3927 synodo
3303 3858 3467 3917 Boni-

1880 3929 2000 3984 facii
2029 3930 2310 3984 lectionem
2341 3938 2514 3983 textus
2544 3928 2789 3997 probant.

1957 3998 1971 4038 ί
2000 3999 2133 4055 Cod.
2164 4000 2322 4055 Bari).
2343 4014 2393 4054 c.
2422 3999 2511 4052 25.

1949 4070 1985 4092 ¹¹¹
2012 4071 2069 4124 In
2098 4072 2219 4126 cod.
2250 4070 2542 4125 Barberino
2572 4078 2654 4123 est
2674 4084 2724 4124 c.
2749 4068 2840 4124 96.

1948 4151 1975 4178 η
2000 4141 2137 4197 Nota
2160 4144 2407 4195 neminem
2433 4142 2597 4211 excipi
2630 4140 3195 4208 (quenum—Mox
3222 4157 3322 4197 ms.
3341 4143 3459 4203 Vat.

1888 4211 2079 4280 Palat.,
2104 4215 2148 4267 si
2168 4212 2433 4283 pecuniam
2456 4213 2556 4279 det,
2582 4214 2936 4284 pecuniam;si
2958 4228 3075 4265 vero
3093 4215 3334 4284 speciem,
3351 4233 3469 4272 sne.

1886 4285 2037 4348 ciem,
2064 4296 2110 4337 et
2139 4296 2337 4338 tantum
2365 4292 2609 4351 quantum
2639 4284 2783 4353 debet
2811 4282 2951 4353 [lege
2979 4282 3216 4352 dederit].

1961 4364 1985 4389 °
2008 4355 2139 4409 Cod.
2173 4358 2330 4409 Barh.
2360 4369 2408 4409 c.
2434 4352 2526 4407 27.
2560 4354 2689 4406 Dein
2711 4352 3032 4407 inseruimus
3059 4355 3166 4423 ipse
3187 4369 3251 4408 ex
3270 4359 3470 4411 nostris

1886 4426 2044 4480 codd.
2082 4426 2283 4479 Inclusa
2316 4423 2620 4489 parenthesi
2646 4424 2836 4476 desunt
2865 4423 3077 4490 quidem
3115 4427 3254 4491 apud
3300 4426 3470 4480 Isido-

1888 4511 2006 4550 rum
2039 4512 2087 4550 c.
2110 4498 2212 4561 2t;
2240 4509 2291 4547 nl
2314 4496 2561 4563 leguntur
2589 4494 2640 4546 in
2665 4496 2861 4563 nostris
2888 4501 2945 4548 et
2968 4493 3239 4559 Quesnclli
3266 4496 3470 4552 codici-

1889 4567 2009 4633 bus,
2040 4583 2139 4620 nec
2167 4580 2271 4620 non
2300 4566 2353 4618 in
2374 4562 2481 4619 ms.
2504 4562 2698 4618 Crabbi
2729 4573 2782 4617 et
2830 4566 2881 4616 in
2916 4564 3049 4617 Cod.
3092 4564 3256 4619 Afric.
3292 4580 3342 4620 ο.
3374 4569 3465 4623 57.

195 4651 244 4717 οε
398 4632 553 4704 Apud
582 4638 980 4717 solquuesn.
1015 4654 1098 4717 eos
1126 4640 1235 4706 qui.
1266 4666 1336 4679 —
1502 4628 1623 4717 cap.
1661 4638 1775 4717 ΧΗ(
1806 4628 1861 4691 D
1884 4628 2131 4717 Synodus
2162 4650 2374 4717 quoque
2396 4634 2652 4689 Bonifacii
2682 4633 2922 4688 eamdem
2947 4636 3266 4692 sententiam
3291 4641 3342 4691 in
3367 4652 3467 4694 suo

200 4706 393 4779 Carth.
412 4722 489 4774 ιιι,
504 4722 553 4762 c.
578 4707 661 4770 18,
684 4707 772 4762 tibi
787 4724 881 4779 pro
897 4722 991 4763 eos
1007 4709 1105 4778 leg.
1122 4724 1333 4774 omnes,
1349 4708 1482 4763 Cod.
1496 4706 1609 4761 Afr.
1623 4724 1674 4763 c.
1690 4711 1779 4765 36.

268 4775 297 4813 δ
330 4778 390 4832 ιιι
422 4794 527 4833 ms.
554 4778 711 4832 Barb.
747 4775 831 4833 est
868 4794 917 4832 c.
971 4775 1071 4833 22.
1111 4779 1207 4834 his.
1263 4779 1379 4833 Vat.
1432 4779 1598 4835 Palat.
1659 4795 1781 4836 cum

198 4845 501 4917 Ferrando,
535 4848 753 4920 Dionys.
783 4859 838 4905 et
868 4848 1017 4917 ISid.,
1047 4848 1114 4904 Ut
1142 4851 1352 4904 lectores
1380 4866 1495 4902 cum
1523 4851 1591 4903 ad
1619 4866 1780 4905 annos

197 4919 485 4984 pubertatis
514 4919 761 4992 venerint,
805 4930 1056 4992 cogantur
1086 4930 1176 4974 aut
1216 4936 1399 4975 uxores
1443 4924 1649 4989 ducere,
1694 4930 1782 4974 aut

195 4991 571 5060 continentiam
599 4991 849 5060 proﬁteri.

277 5057 295 5096 ί
331 5059 469 5115 Cod.
500 5057 658 5114 Barb.
682 5057 732 5115 ο.
755 5061 845 5116 25.

274 5130 290 5179 i
332 5130 458 5185 alas.
476 5130 700 5194 Veron.,
719 5133 876 5187 Barb.
894 5132 1071 5189 etVat.
1090 5132 1259 5188 Palat.
1272 5173 1285 5198 ,
1299 5148 1420 5188 cum
1444 5132 1592 5197 Isid.,
1606 5132 1787 5190 delent

198 5202 324 5269 sibi,
356 5213 411 5255 et
428 5201 559 5275 dein
584 5200 782 5275 habent
810 5204 1111 5269 retinebunt,
1146 5204 1229 5260 vel
1257 5205 1492 5259 retinent.
1516 5203 1642 5259 Isid.
1667 5213 1787 5275 post

200 5287 395 5343 vocem
416 5273 631 5327 lectores
654 5272 803 5327 addit
829 5275 1183 5343 etipsalmistte
1212 5286 1259 5329 ct
1288 5275 1503 5329 ostiarii.

278 5341 305 5379 II
332 5342 434 5396 Ms.
463 5342 622 5396 Barh.
656 5357 706 5397 c.
735 5344 828 5397 24.
858 5341 989 5399 Cod.
1022 5343 1338 5401 Veronensis
1367 5345 1507 5399 hunc
1527 5358 1785 5400 canonem

200 5412 558 5484 prolixiorem
581 5412 819 5470 exhibet.
847 5413 915 5469 Ut
959 5414 1134 5470 nullus
1162 5416 1426 5470 ordinetur
1463 5417 1563 5470 nisi
1609 5416 1790 5484 proba-

201 5493 315 5569 tus,
341 5483 383 5569 si
404 5483 539 5569 duas
564 5499 749 5569 uxores
771 5501 872 5539 non
891 5485 1085 5569 habuit,
1113 5486 1168 5539 id
1192 5497 1264 5569 est
1293 5488 1526 5569 αἱρέομαι
1549 5503 1650 5541 non
1676 5496 1785 5553 est;

200 5563 297 5606 aut
318 5552 367 5607 si
380 5568 543 5630 sinant
568 5555 741 5630 {tabuit
763 5572 865 5611 non
884 5558 1088 5630 viduam
1106 5598 1122 5624 ,
1172 5558 1269 5630 sed,
1309 5552 1551 5630 virginem
1573 5574 1592 5623 ;
1629 5552 1788 5630 neque

200 5639 328 5678 eum
359 5623 497 5694 [lege
523 5623 590 5697 is]
617 5625 708 5693 qui
735 5642 891 5697 unum
918 5623 1149 5697 quidem,
1182 5628 1270 5682 sed
1291 5623 1620 5683 concubinam
1637 5668 1652 5693 ,
1684 5623 1787 5683 non

200 5702 527 5779 murenam,
554 5696 644 5779 nec
661 5712 787 5779 eum
809 5696 949 5779 [lege
968 5697 1041 5779 is]
1067 5699 1160 5779 qui
1173 5699 1407 5779 viduam,
1423 5709 1513 5754 aut
1541 5698 1787 5779 repudia-

199 5772 349 5831 tam,
370 5775 458 5819 aut
470 5767 783 5841 meretricem
800 5767 854 5823 in
872 5767 1194 5824 matrimonio
1211 5774 1421 5841 sumpsit
1441 5815 1456 5839 ,
1475 5770 1566 5826 sed
1586 5767 1674 5824 ille
1693 5770 1788 5823 eli-

201 5845 377 5910 gatur
409 5839 553 5906 cujus
593 5839 750 5892 vitam
776 5849 824 5893 et
850 5841 1137 5912 opinionem
1164 5839 1432 5913 episcopus
1459 5841 1784 5907 exantinavit,

412 5931 683 5994 Panos.
736 5933 891 5995 LVI.

1885 4709 2072 4763 codice
2099 4709 2316 4773 reperit.

1959 4790 1986 4828 ρ
2014 4778 2138 4833 Mss.
2157 4778 2352 4833 Veron.
2379 4775 2617 4849 etiBarb.
2636 4790 2759 4849 cum
2777 4775 2909 4831 Cod.
2937 4775 3468 4849 Aqfr.,inin[antium.

1887 4848 2240 4917 MOLQuesn.
2274 4862 2395 4902 cum
2423 4848 2617 4912 Oson.,
2642 4848 2693 4900 in
2709 4845 2864 4901 altari
2889 4846 3081 4900 soleant
3103 4845 3299 4916 offerri.
3326 4851 3470 4906 Prae-

1890 4920 2109 4974 tulimus
2158 4928 2336 4974 nostra
2378 4920 2708 4988 exemplare
2757 4927 2916 4987 atque
2962 4918 3173 4972 'I’Iiuan.
3226 4932 3279 4973 et
3326 4921 3463 4976 Cod.

1888 4992 2053 5046 Alric.
2097 4990 2222 5045 Post
2269 4992 2542 5054 nonnulla,
2589 4992 2642 5042 in
2707 4990 2941 5055 primitiis
3000 4990 3196 5043 habent
3243 4990 3467 5055 Verum,

1891 5062 2049 5115 Barb.
2075 5072 2128 5117 et
2150 5060 2283 5115 Cod.
2314 5061 2527 5115 Africae.
2560 5060 2616 5114 In
2649 5060 2950 5114 Vindehun.
2984 5060 3152 5127 prima
3182 5075 3374 5127 manu,
3405 5064 3469 5116 de

1894 5132 2173 5203 primitiis;
2202 5133 2432 5187 secunda
2458 5146 2606 5203 vero.
2638 5131 2689 5183 in
2715 5130 2970 5203 primitiis.
3046 5201 3053 5203 Α
3118 5192 3127 5201 ,

1967 5213 1993 5252 (ι
2025 5202 2156 5258 Cod.
2185 5203 2342 5257 Barb.
2372 5218 2421 5257 c.
2452 5202 2535 5255 28.
2562 5202 2785 5268 Quesn.,
2813 5200 2889 5254 vel
2922 5200 3229 5253 continentes
3254 5200 3321 5252 ad
3352 5217 3470 5254 mu-

1891 5272 2041 5328 lieres
2063 5284 2109 5327 et
2131 5276 2328 5340 viduas,
2356 5274 2475 5327 nisi.
2510 5273 2811 5327 Detevimus
2842 5270 2937 5333 vel,
2975 5272 3239 5337 aliamque
3282 5271 3470 5326 lcetio-

1893 5359 2015 5399 nem
2048 5344 2374 5400 restituimus
2395 5387 2409 5411 ,
2433 5358 2609 5414 quam
2646 5356 2835 5397 omnes
2869 5342 3034 5395 nostri
3076 5341 3287 5395 codices
3342 5357 3464 5398 cum

1895 5414 2051 5469 Dion.
2080 5427 2134 5470 et
2159 5415 2284 5469 Isid.
2310 5413 2616 5485 praeferunt.

1970 5496 1992 5523 τ
2024 5485 2181 5541 Barh.
2213 5500 2315 5541 ms.
2345 5501 2394 5540 e.
2427 5485 2517 5537 ‘29.

1967 5564 1990 5591 '
2021 5555 2177 5611 Idem'
2204 5572 2306 5611 ms.
2342 5570 2392 5610 ο.
2430 5554 2518 5610 50.
2554 5552 2683 5608 Dein
2720 5550 2952 5619 Qucsn.,
2993 5551 3349 5623 peregrinandi
3378 5569 3469 5605 ne-

1893 5628 2143 5683 cessitate.
2162 5626 2384 5682 Nostros
2404 5625 2617 5680 codices
2638 5623 2802 5677 secuti
2824 5621 3029 5678 smnus.
3055 5621 3287 5677 Isidorus
3307 5638 3356 5680 c.
3375 5624 3468 5691 27,

1894 5714 2015 5754 cum
2034 5696 2166 5754 Cod.
2194 5698 2361 5754 Alric.
2384 5712 2433 5751 c.
2456 5696 2547 5763 40,
2573 5692 2990 5762 peregrinationis
3015 5694 3314 5749 necessitate
3333 5709 3471 5748 com-

1897 5771 2050 5838 pulsi.

1968 5840 1987 5876 ί
2023 5837 2155 5897 Cod.
2185 5838 2339 5895 Barb.
2371 5853 2420 5891 c.
2454 5836 2539 5892 31.
2918 5924 2989 5985 ιιι
