3992 6348
2067 204 2136 214 ι..
2164 198 2202 211 ’⁷η

1509 289 1853 354 APPENDIX
1889 291 1981 350 AD
2019 291 2078 350 S.
2119 290 2364 350 LEONIS
2400 292 2616 352 MAGNI
2653 295 2903 356 OPERA.

541 296 642 356 ιδι

3669 309 3755 374 ιη

538 412 907 484 nuptias“
953 414 1297 482 constiterit,
1341 421 1433 468 aut
1459 413 1552 484 qui
1578 427 1700 469 cum
1740 411 1851 466 suis
1882 411 2126 481 plebibus
2151 411 2208 473 Α
2235 411 2329 463 siae
2360 409 2622 465 utilitati?
2647 410 2782 467 ham
2823 419 2880 470 et
2920 410 2975 468 in
3017 413 3118 470 hac
3147 415 3410 488 Ecclesia,
3436 420 3498 476 ad
3535 437 3668 500 qnam
3692 429 3756 485 di-

537 507 606 565 ad
661 505 1093 564 communionem
1159 504 1479 563 catholicam
1555 505 1788 560 transire
1847 503 2130 560 voluerint.

542 610 570 638 ι
595 599 652 655 Si
686 599 830 654 enim
870 599 1128 670 scriptum
1163 607 1285 656 est:
1324 598 1472 666 Quod
1507 597 1704 652 duobus
1731 598 1776 651 si
1807 597 2132 652 convenerint
2187 656 2194 662 _

542 693 852 750 Christianis
870 733 885 759 ,
908 691 1157 764 quidquid
1177 692 1415 764 petierint
1437 691 1779 763 impetrabunt
1801 731 1817 757 ,
1840 705 1947 744 non
1973 704 2132 760 opor-

537 793 617 840 tet
635 783 662 824 b
679 784 925 840 dubitare
943 784 1088 855 quod
1112 793 1324 840 remoto
1353 782 1610 840 seandalo
1630 783 1985 838 dissensionis
2007 781 2132 836 uni-

536 891 710 932 versa:
734 878 887 947 102
903 875 1070 945 plebis
1090 885 1138 941 ε,
1155 875 1208 930 in
1224 876 1481 932 unitatem
1505 874 1651 944 pacis
1671 875 1888 930 redacta
1904 889 2128 930 concor-

537 969 647 1036 dia,
677 969 868 1024 idonea
898 970 968 1026 sit
993 969 1283 1040 impetrare
1308 970 1379 1026 de
1408 969 1777 1026 misericordia
1806 969 2046 1034 Domini,
2072 977 2131 1024 ut

537 1060 704 1128 ipsius
723 1061 870 1131 pacis
891 1062 1326 1131 compensatione
1349 1071 1403 1118 et
1419 1061 1682 1116 sacriﬁcio
1701 1061 1980 1117 charitatis
2004 1062 2131 1116 abo-

534 1148 748 1205 leantur
789 1161 1004 1221 peccata
1029 1168 1169 1222 qum,
1194 1153 1457 1219 majorum
1488 1166 1708 1207 suorum
1752 1153 2128 1208 auctoritatem

534 1251 858 1312 sequentes,
900 1243 1226 1314 repetitione
1271 1243 1520 1314 baptismi
1570 1245 1978 1300 commiserunt.
2021 1245 2127 1302 Sed

535 1336 674 1392 hanc
696 1353 808 1392 rem
833 1338 1032 1408 placuit
1056 1355 1158 1394 non
1187 1338 1494 1394 conﬁrmari
1526 1339 1837 1410 priusquam
1869 1335 1896 1376 ἀ
1928 1338 2126 1396 exinde

535 1429 893 1484 transmarina
927 1430 1164 1486 Ecclesia
1193 1433 1526 1487 consulatur.

611 1531 635 1559 ε
675 1521 777 1592 (De
827 1523 1109 1579 Donatistis
1151 1526 1344 1595 placuit
1392 1535 1448 1579 ut
1489 1527 1812 1582 consulamus
1861 1532 2053 1603 fratres
2075 1538 2126 1586 et

533 1613 919 1668 consacerdotes
940 1623 1137 1670 nostros
1162 1615 1408 1672 Siricium
1428 1628 1475 1672 et
1493 1618 1892 1690 Simplicianum
1917 1622 1978 1676 de
1999 1622 2125 1677 solis

533 1707 820 1777 infantibus
865 1709 954 1779 qui
1001 1709 1329 1778 baptizontur
1387 1727 1538 1781 penes
1590 1703 1791 1766 eosdem
1823 1729 1843 1767 :
1873 1731 1935 1768 ne
1983 1713 2122 1782 quod

2243 509 2403 571 gnata
2431 512 2514 557 est
2545 512 2725 558 vestra
2751 505 3011 561 sanctitas
3040 509 3350 579 convenire,
3383 513 3557 570 crebro
3579 531 3632 571 ac
3653 533 3758 588 pene

2239 608 2337 665 per
2363 610 2578 652 omnem
2608 596 2750 653 diem
2775 597 3108 655 Dominicam
3138 603 3456 661 ordinandos
3481 606 3700 670 habemus
3721 617 3752 671 f.

2242 684 2617 757 Nunquidnam
2664 689 2974 761 frequenter
3008 692 3288 750 duodecim
3315 738 3328 762 ,
3381 699 3460 754 vcl
3481 701 3672 771 decem,
3695 709 3757 766 vel

2237 792 2344 832 non
2373 779 2542 834 multo
2586 782 2764 838 minus
2809 783 3074 840 advocare
3118 801 3330 858 possunt
3357 791 3756 863 episcoposlSed

2238 867 2395 924 facile
2410 880 2494 926 est
2511 870 2638 926 mihi
2656 871 2794 929 duos
2812 872 2836 911 κ
2861 874 3156 948 adjungere
3172 893 3304 935 mea:
3323 881 3555 951 parvitati
3577 886 3754 946 vicinos.

2235 961 2572 1031 Quapropter
2598 965 2770 1020 cernit
2797 982 3008 1023 mecum
3033 969 3270 1027 Charitas
3311 985 3481 1030 vestra
3508 975 3599 1033 hoc
3621 979 3755 1050 ipsum

2235 1052 2515 1110 observari
2568 1073 2673 1111 non
2701 1072 2882 1127 posse.
2920 1060 3027 1117 Sed
3065 1061 3197 1117 illud
3224 1075 3306 1120 est
3349 1069 3692 1138 statuendum,
3717 1083 3759 1129 nt

2232 1145 2452 1215 quando
2478 1147 2543 1202 ad
2571 1148 2876 1219 eligendum
2907 1153 3218 1224 episcopum
3257 1159 3693 1228 conveniremus,l
3725 1165 3756 1220 si

2231 1253 2338 1308 qua
2362 1240 2715 1297 contradictio
2727 1241 2891 1299 fuerit
2918 1244 3105 1301 oborta
3148 1250 3273 1318 quia
3299 1249 3423 1305 talia
3451 1259 3650 1308 tractata
3665 1264 3758 1310 sunt

2232 1331 2372 1401 apud
2395 1346 2515 1397 nos,
2540 1348 2648 1388 non
2673 1345 3002 1405 praesumant
3021 1339 3090 1392 ad
3118 1341 3446 1411 purgandum
3470 1347 3672 1415 eumqui
3692 1363 3757 1400 or-

2230 1423 2501 1481 dinandus
2517 1437 2601 1481 est
2616 1437 2680 1494 πι,
2700 1437 2811 1484 tres
2830 1429 2972 1501 jam;
2990 1432 3084 1486 scd
3105 1435 3511 1501 postulenturad
3530 1455 3755 1498 numerum

2230 1519 2666 1589 supradictorum
2702 1538 2840 1578 unus
2870 1525 2952 1580 vel
2989 1525 3129 1595 duo,
3157 1538 3212 1583 et
3247 1528 3302 1583 iu
3331 1530 3512 1586 eadem
3541 1532 3672 1601 plebe
3692 1535 3756 1591 cui

2229 1609 2560 1666 ordinandus
2585 1622 2703 1679 est,
2730 1613 3092 1672 discutiantur
3123 1607 3298 1688 primo
3335 1635 3569 1690 personae
3592 1636 3756 1681 contra-

2227 1701 2541 1772 dicentium,
2560 1717 2830 1775 postremo
2841 1709 3000 1764 etiam
3015 1710 3102 1766 illa
3115 1728 3234 1782 quae
3247 1714 3755 1788 objiciunturpertrac-

540 1813 635 1853 suo
685 1816 788 1854 non
839 1800 1066 1871 fecerunt
1111 1802 1351 1875 judicio,
1403 1819 1518 1856 cunt
1569 1804 1638 1856 ad
1699 1803 1984 1860 Ecclesium
2025 1805 2122 1861 Dei
2153 1808 2444 1872 Βιθηιιιτς
2475 1811 2659 1857 etcum
2680 1813 2937 1873 purgatus
2956 1807 3122 1861 fuerit
3146 1809 3248 1864 sub
3269 1820 3551 1880 conspectu
3572 1813 3758 1882 publica,

537 1890 734 1944 salubri
785 1892 1048 1961 proposito
1098 1893 1288 1964 fuerint
1346 1895 1575 1948 conversi
1599 1935 1613 1960 ,
1670 1905 1942 1964 parentum
2003 1897 2123 1952 illos

536 1996 682 2035 error
713 1982 963 2052 impediat
1018 2001 1082 2038 ne
1132 1994 1523 2055 promoveantur
1550 1987 1684 2041 sacri
1738 1988 1921 2044 altaris
1967 1990 2123 2044 mini-

539 2075 684 2144 stri.)
1232 2122 1236 2126 .

607 2163 629 2203 τ
673 2165 961 2223 XXXVIII.
1003 2168 1308 2226 Honoratus
1335 2180 1393 2228 et
1427 2171 1670 2228 Urbanus
1702 2175 1856 2245 103
1883 2175 2122 2247 episcopi

531 2257 784 2313 dixerunt
809 2277 822 2313 :
845 2259 914 2313 Et
949 2260 1079 2315 illud
1093 2261 1249 2316 nobis
1266 2263 1575 2318 mandatum
1591 2275 1674 2319 est
1691 2283 1703 2318 :
1720 2275 1777 2319 ut
1798 2267 1918 2336 quia
1947 2277 1971 2314 8
1993 2283 2124 2338 pro.

527 2351 678 2407 xime
714 2352 908 2408 fratres
951 2355 1120 2408 nostri
1155 2353 1417 2411 Numidize
1453 2357 1694 2426 episcopi
1725 2358 1830 2414 duo
1869 2360 2122 2417 ordinare

525 2455 985 2514 praesumpserunt
1005 2447 1333 2516 pontiﬁcem,
1363 2465 1471 2504 non
1499 2450 1600 2504 nisi
1629 2465 1659 2504 a
1689 2451 1972 2509 duodecim
1997 2469 2121 2510 cen-

527 2538 694 2592 scalis
723 2538 984 2592 celebrari
1007 2538 1384 2608 episcoporum
1412 2539 1843 2600 hordinationes.
1866 2547 2118 2603 Aurelius

531 2630 820 2698 episcopus
846 2629 978 2685 dixit
1006 2648 1018 2683 :
1061 2630 1256 2685 Forma
1288 2631 1508 2702 antiqua
1539 2635 1848 2692 servabitur
1875 2681 1889 2705 ,
1924 2649 1980 2691 ut
2011 2655 2116 2694 non

523 2723 706 2779 minus
733 2737 891 2790 quam
923 2731 1034 2778 tres
1071 2723 1337 2779 sufﬁciant
1383 2727 1470 2793 qui
1515 2726 1712 2783 fuerint
1757 2729 2008 2786 destinati
2048 2732 2116 2788 ad

524 2815 840 2886 episcopum
863 2815 1243 2872 ordinandum.
1275 2820 1562 2888 PrOplerea
1593 2821 1714 2892 quia
1743 2831 1796 2877 et
1827 2824 1881 2878 in
1912 2824 2113 2894 Tripoli

521 2906 663 2962 forte
691 2918 746 2963 et
772 2909 825 2960 in
855 2907 1063 2978 Arzuge
1090 2909 1408 2978 intcrjacere
1441 2911 1686 2966 ridentur
1719 2913 1959 2970 barbara:
1985 2933 2117 2988 gen-

521 3007 607 3055 tes
639 3016 652 3052 :
679 3013 803 3054 nam
847 3000 898 3054 in
925 2998 1149 3070 Tripoli,
1181 3011 1240 3054 ut
1278 3001 1558 3069 assoritur,
1589 3005 1825 3075 quinque
1852 3017 1978 3062 sunt
2000 3009 2114 3079 epi-

520 3092 671 3162 scopi
699 3092 1070 3147 tantummodo
1095 3135 1108 3157 ,
1134 3103 1187 3148 et
1220 3104 1440 3162 possunt
1462 3095 1600 3152 forte
1629 3097 1696 3152 de
1726 3099 1844 3168 ipso
1885 3117 2112 3158 numero

2223 1889 2297 1945 ita
2325 1890 2541 1948 demum
2572 1894 2872 1950 ordinetur.
2907 1895 2965 1952 Si
2997 1898 3099 1952 hoc
3148 1914 3274 1954 cum
3301 1913 3489 1958 vestra:
3513 1907 3756 1963 sanctitatis

2225 1984 2411 2038 animo
2457 1988 2770 2054 concordat,
2814 1989 3102 2046 roboretur
3129 2002 3326 2050 vestrae
3355 1996 3652 2066 dignationis
3691 2015 3754 2055 re-

2223 2081 2538 2150 sponsione.
2565 2082 2627 2137 Et
2645 2083 2712 2139 ab
2735 2085 3001 2142 universis
3021 2087 3508 2160 episcopisdictum
3522 2100 3595 2148 est
3613 2110 3626 2148 :
3650 2093 3754 2152 Satis

2222 2177 2420 2247 placet.

2295 2273 2321 2298 "
2362 2270 2606 2327 XXXIX.
2653 2273 2784 2330 item
2816 2275 3018 2344 placuit
3047 2277 3116 2334 de
3151 2277 3465 2347 infantibus,
3501 2281 3635 2353 105.
3656 2297 3754 2353 quo-

2225 2363 2327 2419 ties
2349 2366 2636 2421 certissimi
2667 2378 2831 2422 testes
2869 2385 2980 2424 non
3010 2369 3363 2428 inveniuntur
3385 2373 3472 2443 qui
3507 2388 3588 2429 eos
3620 2373 3751 2443 bapti-

2223 2466 2373 2512 zatos
2402 2471 2525 2513 esse
2551 2459 2670 2513 sine
2691 2459 3024 2530 dubitatione
3047 2471 3335 2530 testentur,
3365 2479 3529 2535 neque
3558 2464 3642 2536 ipsi
3658 2474 3750 2520 sunt

2225 2554 2403 2608 idonei
2433 2569 2529 2624 per
2563 2565 2776 2610 tntatem
2807 2565 2830 2593 ο
2862 2556 2930 2612 de
2959 2556 3168 2615 traditis
3189 2559 3294 2614 sibi
3323 2563 3644 2616 sacramentis
3668 2575 3750 2616 res-

2222 2653 2482 2718 pondere.
2506 2648 2710 2720 absque
2732 2652 2840 2707 ullo
2868 2653 3120 2724 scrupulo
3152 2655 3252 2710 hos
3273 2670 3396 2711 esse
3419 2655 3745 2726 baptizandus:

2221 2754 2290 2795 ne
2305 2741 2400 2796 ista
2418 2743 2700 2811 trepidatio
2714 2759 2809 2799 eos
2831 2743 2994 2800 faciat
3016 2757 3478 2803 sacramentorum
3496 2749 3748 2818 purgatione

2221 2831 2442 2900 privari.
2491 2833 2625 2889 llinc
2666 2835 2809 2889 enim
2861 2835 3018 2905 legati
3066 2836 3376 2893 Maurorum
3419 2838 3595 2894 fratres
3619 2839 3747 2894 nostri

2219 2923 2630 2994 consuluerunt,
2661 2927 2788 2996 quia
2813 2927 3009 2982 multos
3031 2927 3166 2982 tales
3186 2943 3213 2980 a
3237 2928 3489 2985 Barbaris
3513 2931 3745 2987 redimunt.

2219 3013 2290 3069 Et
2319 3016 2426 3070 alia
2446 3033 2621 3071 manu.

2288 3110 2539 3165 Aurelius
2567 3110 2854 3181 episcopus
2886 3112 3144 3168 Ecclesizc
3179 3111 3621 3186 Cartliaginensis,
3647 3127 3668 3165 Ρ
3686 3115 3747 3169 his

520 3185 608 3240 vel
637 3185 742 3239 duo
769 3187 1094 3242 necessitate
1112 3187 1288 3258 aliqua
1307 3191 1590 3259 occupari,
1623 3191 1842 3248 difﬁcile
1867 3207 1948 3249 est
1970 3197 2112 3252 enim
2143 3197 2189 3261 C
2222 3202 2453 3274 placitis,
2485 3218 2514 3257 a
2538 3204 2690 3259 nobis
2713 3207 2964 3261 omnibus
2987 3207 3346 3276 conﬁrmatis,
3369 3185 3590 3280 exceptis
3607 3225 3745 3266 eman-

521 3285 580 3331 ut
623 3277 692 3332 de
734 3280 976 3348 quolibet
1021 3296 1246 3335 numero
1288 3298 1478 3338 omnes
1524 3286 1727 3354 possint
1770 3303 2058 3346 occurrere
2089 3310 2122 3348 :.

520 3369 762 3440 nunquid
789 3366 950 3426 debet
976 3373 1077 3426 hoc
1105 3372 1278 3441 ipsum
1307 3374 1691 3445 impedimento
1721 3388 1841 3434 esse
1868 3379 1883 3416 ί
1921 3381 2108 3438 Eccle-

591 3521 615 3584 ἐ
659 3509 748 3566 Sic
775 3525 847 3584 ex_
870 3525 973 3584 ms.
999 3510 1179 3584 Barb..
1211 3521 1268 3566 ut
1296 3527 1526 3584 sequens
1547 3518 1855 3574 emendatio
1892 3522 2104 3578 videtur

517 3582 754 3646 exigere.
789 3582 901 3647 AL,
936 3580 1026 3636 Sic
1058 3583 1212 3637 enint.

584 3651 614 3691 ι’
655 3652 728 3706 lla
751 3653 911 3706 codd.
937 3653 1135 3707 Veron.
1167 3664 1221 3708 et
1245 3655 1400 3710 Barb.
1427 3657 1537 3720 AL,
1567 3658 1809 3713 dubitari.

590 3734 613 3764 ο
653 3723 880 3789 Quesn.,
907 3725 975 3801 in.
991 3725 1239 3801 universa}
1260 3726 1661 3801 plebisunitate,
1692 3733 1832 3801 pacis
1862 3749 2103 3800 compen-

515 3794 712 3848 satione
734 3801 781 3847 et
803 3793 1057 3855 sacrificio
1082 3794 1350 3848 charitatis
1381 3793 1702 3874 aboleantnr,
1725 3803 1810 3867 qui
1840 3793 2100 3874 majorum

515 3881 720 3944 suorum
748 3871 1101 3944 auctoritatem
1141 3875 1450 3944 sequentes__,
1480 3871 1832 3944 repetitionem
1861 3871 2100 3944 baptismi

515 3934 880 4012 commiserint.
908 3931 983 3985 ita
1007 3933 1167 4012 etiam
1193 3931 1547 4012 codd._Vind.'
1567 3950 1620 3994 et
1649 3942 1864 4003 Crahbi,
1897 3931 1986 4012 q'ni
2011 3962 2099 3999 so-

516 4006 624 4079 lum
657 4003 836 4079 delent
862 4004 913 4056 in
933 4011 1266 4079 antevocem
1284 4008 1547 4075 universce,
1578 4021 1632 4065 et
1660 4027 1755 4079 pro
1781 4003 1972 4069 unitate
2003 4018 2098 4072 ha-

513 4073 646 4156 bent
663 4075 910 4156 inuitata.
927 4074 1380 4143 Supplevimnsex
1406 4073 1590 4156 codice
1609 4073 1901 4139 Véronensi
1928 4103 2097 4156 usque

514 4145 594 4226 ad.
623 4144 919 4228 aboleantur
959 4155 1194 4228 peccata,
1219 4149 1456 4228 exceptis
1506 4151 1674 4228 tribus
1706 4155 1925 4228 vocibus
1954 4144 2094 4228 plicis

515 4216 689 4289 primo
718 4215 946 4289 loco,uet
1095 4215 1365 4272 charitntis
1389 4261 1402 4284 ,
1444 4237 1562 4289 quae
1595 4224 1646 4276 in
1677 4225 1796 4279 aliis
1821 4215 2094 4287 codicibus

512 4285 944 4366 r_et_inentu‘r.l_i'3x
971 4289 1068 4340 hac
1101 4303 1228 4342 vero
1258 4285 1474 4366 integra
1497 4293 1724 4349 lectione
1750 4285 2094 4366 cognoscitur

511 4356 782 4434 defectum
811 4357 1037 4434 aliorum
1069 4356 1457 4434 exemplarium
1485 4367 1552 4418 ab
1578 4356 1877 4434 antiquiore
1907 4373 2092 4428 codice

511 4428 769 4505 originem
815 4427 1044 4505 ducere,
1091 4430 1145 4505 in
1178 4427 1282 4505 quo
1309 4438 1653 4489 amanuensis
1687 4427 1783 4505 per
1812 4441 2007 4495 saltum
2057 4427 2088 4498 a

511 4500 682 4566 prima
711 4513 841 4580 voce
870 4501 1010 4569 pacis
1049 4501 1116 4554 ad
1159 4502 1382 4580 alteram
1431 4500 1768 4562 transcurrit.
1799 4509 2088 4580 Sequi-otia

549 4585 630 4654 ure
648 4572 1082 4654 nraioruntaetc‘.’
1114 4587 1283 4640 usque
1309 4575 1373 4628 ad
1404 4588 1781 4654 commiserunt,
1813 4572 2090 4654 exemplar

549 4585 927 4634 acerrimorum,
953 4585 1082 4632 etc.,
1114 4587 1283 4640 usque
1309 4585 1373 4628 ad
1404 4588 1781 4644 commiserunt,
1813 4586 2090 4654 exemplar

508 4585 1225 4720 zrabbi.cxhibnitLYeron.
1248 4647 1695 4720 omittit‘quwvel
1717 4654 1826 4720 qui,
1860 4664 1915 4707 et
1943 4655 2092 4710 addit

511 4709 926 4790 praépositorutn.
967 4709 1128 4766 Vind.
1167 4730 1281 4782 qua:
1319 4709 1554 4786 praefert.
1590 4709 1748 4776 Barb'.
1792 4709 1846 4778 et
1888 4709 2085 4783 Veron.

508 4789 866 4833 commiserunt
897 4790 1131 4837 tuentur.

578 4848 608 4887 ά
629 4845 1035 4930 ’ϐοὰγθι-οηη
1069 4854 1196 4930 inde
1219 4861 1582 4930 transmarina.
1617 4861 1805 4930 Barb.,
1831 4866 1893 4918 de
1919 4875 2089 4922 trans-

504 4920 731 4998 marina,
754 4919 842 4975 ubi
860 4921 925 4976 de
947 4925 1184 4998 proinde
1207 4928 1464 4998 scriptum
1492 4931 1607 4986 fuit.

581 5001 606 5066 ρ
645 4991 776 5059 Quae
803 4991 1109 5066 parenthesi
1138 4991 1341 5053 inclusa
1365 5003 1580 5057 cursivo
1607 5004 1919 5063 charactere
1942 5010 2086 5066 inse-

500 5063 711 5118 ruimus
740 5103 755 5127 ,
797 5077 862 5117 ex
909 5063 1162 5149 piunysio
1206 5080 1260 5149 et
1299 5069 1486 5149 Isidori
1512 5075 1831 5149 collectione
1870 5063 2079 5149 sumpta

499 5143 651 5215 sunt,
671 5147 840 5215 eaque
869 5137 935 5189 ad
961 5137 1226 5215 canonem
1241 5139 1488 5215 breviarii
1513 5143 1565 5198 in
1584 5161 1687 5215 quo
1702 5147 1767 5202 de
1787 5137 2079 5207 Donatistis

499 5213 677 5258 actum
719 5213 802 5260 est
848 5207 1146 5284 pertinere,
1176 5210 1528 5284 ultimumque
1550 5207 1790 5284 ejusdem
1822 5219 2076 5278 breviarii

498 5289 759 5355 canonem
783 5277 1136 5355 constituere,
1139 5296 1228 5355 _ex
1255 5277 1512 5355 Dionysio
1528 5277 1818 5343 et'lsidoria
1829 5306 1892 5344 na
1911 5277 2074 5348 colle;

497 5344 678 5426 ctione
695 5347 1039 5426 probavimus
1061 5344 1555 5426 in__Tractatu'part.
1573 5373 1628 5422 ιι,
1643 5373 1692 5412 c.
1717 5361 1772 5425 ‘5,
1790 5360 1816 5426 ᾗ
1835 5359 1886 5426 5,
1911 5344 1945 5415 n
1981 5344 2075 5420 ᾗ.

499 5414 1066 5503 gementium-ibidem
1094 5414 1466 5478 disseruimus.
1501 5427 1567 5480 Ut
1593 5414 1771 5484 autem
1790 5414 2080 5503 im'chbié

495 5498 617 5561 eum
646 5488 1088 5546 antecedentibus
1131 5509 1291 5547 unum
1331 5509 1591 5552 canonem
1623 5488 2079 5561 constituisse'vi;

493 5553 714 5642 dentur,
732 5573 966 5642 congrue
976 5562 1287 5642 jungantur,
1310 5567 1679 5642 pragmittenda
1696 5553 1932 5629 inisti;
1943 5553 2076 5642 pavr.-

492 5625 928 5712 ticulalnterim,
959 5625 1040 5712 vel
1072 5625 1488 5712 aliquid's'imile.
1513 5625 2074 5712 Simpliciani'noinen

490 5703 745 5788 ἓξὲξ-ξιξ
757 5703 982 5788 tempori
999 5720 1110 5785 quo
1132 5703 1450 5788 breviarium
1477 5703 1757 5788 scriptum,
1786 5729 1839 5788 et
1864 5703 2075 5788 synodo

490 5763 748 5834 plenariae
766 5763 1166 5842 Carthagincnsi
1193 5793 1281 5835 an.
1306 5763 1839 5844 ssr‘in's'ér'idﬁi'iinii
1860 5763 1916 5843 Ῐῆ
1932 5763 2074 5860 ’ἤιξ’ιῖ

2216 3293 2596 3366 cipationibus,
2627 3297 2694 3352 de
2716 3299 2910 3367 quibus
2935 3298 3329 3355 consulendum
3361 3303 3658 3370 censuimus,
3682 3316 3746 3356 re-

2210 3388 2364 3444 iectis
2389 3399 2443 3444 et
2473 3390 2670 3460 agnitis
2699 3393 2991 3462 subscripsi
3027 3404 3074 3445 (ι.

2209 3529 2449 3607 ponensi
2470 3545 2599 3607 vero
2627 3546 2715 3585 an.
2745 3531 2868 3596 595,
2894 3549 2992 3603 pro
3018 3535 3386 3603 Simpliciano,
3416 3539 3621 3607 quitum
3639 3551 3742 3590 non-

2207 3599 2335 3674 dum
2383 3600 2849 3674 ad_episcOpatum
2896 3599 3240 3674 pervenerat,
3292 3599 3555 3665 Ambrosii
3583 3622 3738 3663 nomen

2210 3667 2408 3741 lectum
2440 3667 2605 3727 fuisse
2635 3667 2765 3726 nihil
2795 3667 3172 3741 ambigendum
3201 3667 3308 3734 est.

2288 3738 2306 3777 ί
2326 3817 2332 3819 _
2352 3742 2464 3795 Duo
2493 3754 2780 3819 sequentes
2801 3738 3035 3819 canones
3055 3750 3120 3802 ad
3139 3749 3467 3806 breviarium
3492 3767 3586 3806 non
3606 3748 3738 3819 perti-

2209 3817 2358 3892 nent,
2386 3827 2451 3892 ac
2471 3815 2695 3892 proinde
2719 3816 2769 3868 in
2793 3817 2914 3870 cod.
2943 3817 3239 3892 Veronensi
3259 3821 3387 3890 jure
3403 3838 3502 3877 non
3520 3815 3738 3892 leguntur.

2203 3880 2259 3934 In
2289 3897 2390 3937 ms.
2417 3883 2571 3938 Barb.
2619 3901 2844 3940 numero
2875 3899 3078 3944 carent.
3115 3891 3212 3944 Hic
3238 3880 3419 3949 a'ntem
3462 3880 3616 3947 canon
3640 3905 3741 3944 con-

2199 3953 2342 4033 ditus
2360 3954 2467 4033 fuit
2496 3971 2524 4008 a
2548 3957 2778 4033 concilio
2794 3958 3047 4033 ‘plen‘a‘rio
3064 3977 3154 4015 an.
3185 3963 3321 4033 597,
3353 3975 3407 4019 et
3430 3963 3561 4033 apud
3591 3962 3740 4033 Diony-

2200 4023 2338 4076 sinm
2360 4025 2663 4104 habeturﬂin
2695 4023 2832 4104 (ξοιιέ
2862 4028 3032 4104 Afric.
3061 4047 3111 4086 ο.
3143 4031 3214 4088 49
3245 4023 3424 4093 et'so.
3451 4023 3580 4104 apud
3605 4023 3738 4089 Isido-

2199 4105 2480 4167 runts'ero
2504 4098 2555 4150 in
2585 4097 2994 4166 Carthaginiensi
3025 4118 3172 4167 nt,c.
3207 4105 3277 4160 59
3301 4116 3357 4161 et
3383 4106 3470 4161 40.

2271 4172 2297 4235 β
2337 4165 2516 4234 Dion.,
2552 4165 2805 4235 proximi."
2824 4169 2984 4226 Deest
3012 4173 3066 4226 in
3092 4165 3204 4228 'ms.
3229 4175 3393 4230 Barh.

2267 4231 2297 4269 ιι
2336 4239 2423 4310 Sic
2454 4231 2630 4304 Diom,
2654 4239 2777 4293 lsid.
2811 4250 2866 4294 et
2893 4242 3013 4296 cod.
3047 4244 3231 4310 Barb.,
3259 4248 3570 4302 concinente
3588 4245 3736 4300 Graeca

2201 4307 2478 4377 versione.
2509 4310 2736 4377 Quesn.,
2766 4314 3162 4370 ordinationem.

2286 4375 2298 4413 ί
2349 4379 2504 4458 Dion.
2525 4375 2589 4458 et
2611 4381 2736 4437 Isid.
2759 4424 2773 4447 ,
2806 4384 3181 4458 ecclesiasticaa.
3216 4387 3350 4442 Dein
3383 4390 3476 4443 hac
3510 4385 3736 4458 supplevi-

2197 4463 2317 4502 mus
2345 4465 2411 4520 cx
2440 4450 2626 4506 iisdem
2661 4454 3057 4520 exemplaribus
3086 4467 3141 4510 et
3170 4459 3290 4513 cod.
3331 4461 3486 4515 Barb.

2270 4520 2284 4567 J
2317 4519 2534 4596 ⁵(ξιιθείι.
2561 4525 2747 4596 inserit
2775 4519 3066 4596 episcopos.
3102 4528 3469 4596 Expnnximns
3497 4544 3607 4585 cum
3629 4539 3732 4582 mss.

2149 4611 2154 4615 ·
2195 4587 2447 4672 Υἰιιάθρτ,
2473 4593 2655 4672 Barb.,
2683 4587 2835 4647 Dion.
2863 4605 2916 4648 et
2944 4587 3070 4651 lsid.
3092 4587 3258 4654 Paulo
3304 4613 3424 4670 post
3449 4616 3542 4672 pro
3561 4611 3734 4670 possunt

2196 4668 2304 4736 tres
2333 4663 2507 4736 ultimi
2537 4665 2748 4720 codices
2772 4675 2970 4736 potero.

2267 4729 2295 4768 ¹ί
2327 4731 2574 4811 _Verbum
2597 4729 2880 4811 adﬁngere
2897 4751 3020 4792 cum
3051 4738 3238 4796 iisdem
3268 4742 3441 4799 tribus
3458 4737 3735 4811 exemplari-

2115 4816 2170 4879 ι)
2195 4800 2296 4879 bus
2325 4800 2813 4879 inserendumfui't.

2271 4871 2291 4910 1
2330 4874 2646 4961 ila-DIPPQS.
2673 4877 2833 4933 Solus
2853 4877 3174 4961 Quesnellus
3193 4928 3207 4950 ,
3239 4885 3509 4961 siquando.
3531 4953 3582 4961 ω
3703 4948 3729 4961 η

2263 4945 2641 5036 mlcodaA‘f‘ric.
2655 4989 2670 5014 ,
2699 4957 2801 5003 tres
2825 4947 3050 5033 episcopi
3063 4945 3214 5036 jam}
3236 4945 3332 5010 sed
3351 4957 3513 5012 editio
3531 4948 3730 5024 Dionysii

2193 5017 2331 5086 apud
2362 5016 2645 5072 Justellnm
2677 5016 2862 5074 vocem
2894 5016 3118 5094 episcopi
3146 5016 3379 5094 ignorat.
3651 5016 3666 5024 ⁷

2263 5095 2314 5168 η.
2459 5104 2629 5168 canon
2658 5098 2862 5168 spectat
2890 5091 2955 5168 ad
2993 5095 3253 5168 synodum
3286 5093 3725 5168 Cartltaginensem

2189 5156 2333 5236 anni
2347 5159 2444 5214 401
2497 5159 2674 5236 idibus
2689 5156 3068 5236 Septembris;
3110 5166 3301 5236 legitur
3326 5168 3380 5224 in
3409 5156 3536 5224 Cod.
3565 5165 3727 5230 Afric.,

2185 5241 2234 5310 ο..
2270 5229 2365 5298 72,
2411 5238 2464 5355 est
2517 5231 2658 5302 apud
2707 5232 2967 5287 lsidorunt
3020 5236 3072 5289 in
3118 5229 3345 5294 concilio
3380 5239 3729 5309 Carthaginen-

2185 5313 2308 5355 ειν.
2343 5315 2392 5354 c.
2464 5341 2478 5354 .

2181 5313 2308 5366 διν,
2343 5315 2392 5354 c.
2423 5313 2478 5355 u.

2263 5378 2288 5404 ο
2329 5371 2533 5454 Desunt
2578 5371 2631 5427 in
2681 5389 2783 5429 ms.
2816 5375 3107 5434 Oxoniensi
3147 5394 3304 5436 voces
3339 5383 3406 5438 de
3436 5381 3622 5436 traditis
3650 5375 3729 5431 sibi

2186 5453 2538 5498 sacramentis.

2258 5521 2284 5589 ιζ
2323 5512 2456 5568 Cod.
2486 5514 2686 5570 Veron.
2721 5533 3003 5589 perperam
3035 5519 3222 5577 inserit
3243 5525 3467 5579 verbum
3487 5522 3608 5576 dixit
3636 5535 3647 5571 :
3672 5529 3728 5571 ex

2187 5581 2375 5658 eodem
2407 5599 2535 5640 vero
2575 5602 2676 5658 ms.
2709 5581 2763 5644 ét
2783 5581 2847 5645 ei
2877 5591 3036 5644 Barb.
3059 5593 3357 5650 addidimus
3378 5594 3474 5648 his.
3499 5594 3606 5647 Mox
3648 5600 3728 5658 pro

2187 5654 2472 5740 censuimus
2489 5657 2610 5740 cod.
2640 5658 2849 5740 Vcro_n_._
2870 5661 3030 5718 habet
3059 5668 3381 5740 statuimus.‘
3534 5733 3572 5740 __
3698 5729 3708 5740 ,

2259 5735 2285 5773 τι
2316 5727 2703 5803 ,(ᾖοόκῩ-ετοηι
2727 5732 2876 5787 addit
2923 5742 2978 5787 et
3021 5738 3189 5790 carteri
3228 5737 3476 5792 similiter.
3526 5729 3724 5803 Erplicit

2183 5796 2455 5851 concilium
2469 5797 2844 5870 Hipponiense.
2860 5803 3044 5873 Barb.,
3068 5816 3116 5860 et
3145 5810 3310 5863 σαντενὶ
3334 5796 3724 5870 subscripserunt.
