3992 6348
201 397 300 454 ιιι

639 391 871 449 C(IDEX
910 390 1235 451 CANONUM
1276 391 1559 452 ECCLES.
1605 394 1693 453 ΕΤ
1730 395 1782 453 Ct

1891 394 2302 461 iTITUTORUM
2341 406 2401 464 S.
2444 402 2645 465 SEDIS
2679 407 3007 466 APOSTOL.

3369 406 3497 479 4ιὲ

201 511 247 565 si
275 509 348 565 ibi
377 517 541 564 etiam
566 509 863 566 seditiones
881 514 1127 569 excitare
1152 523 1178 551 η
1211 516 1509 586 probantur
1527 518 1792 590 episcOpis
1818 530 1874 589 Α
1894 521 2091 593 ciabat,
2121 528 2415 584 secundum
2439 531 2633 601 gradus
2659 532 3007 598 constitutos;
3042 534 3158 587 Inec
3202 547 3333 591 vero
3381 546 3498 594 ηιμ·

203 601 405 657 ibidem
435 602 767 671 constitutis,
796 606 1068 676 segregari
1096 621 1191 662 eos
1219 623 1442 666 necesse
1468 618 1573 679 est,
1618 620 1674 667 et
1717 612 1801 668 ni-

200 694 499 752 hilominus
528 697 845 768 presbyterii
873 698 1135 770 dignitate
1165 701 1384 772 privari.

274 789 420 846 XIX.
472 790 747 861 Quotquot
794 790 1157 862 virginitatem
1199 794 1421 865 polliciti
1467 798 1800 867 pmaricati

199 892 348 949 sunt,
378 882 406 922 δ
437 882 773 954 professione
815 895 1153 958 contempta,
1212 888 1355 945 inter
1402 888 1665 961 bigamos,
1707 892 1799 963 qui

200 980 270 1036 ad
302 981 569 1038 secundas
615 984 832 1054 nuptias
880 986 1229 1055 transierunt,
1280 988 1463 1045 haberi
1501 989 1797 1051 debebunt.

204 1073 457 1146 Virgines
480 1084 659 1133 autem
690 1077 920 1148 puellas,
947 1095 1066 1151 quae
1088 1090 1343 1152 tanquam
1376 1095 1593 1137 sorores
1621 1094 1643 1123 ε
1673 1099 1795 1141 cum

200 1169 308 1225 illis
335 1169 465 1225 viris
493 1169 740 1227 habitare
768 1171 978 1240 volunt,
1028 1172 1098 1228 ab
1139 1188 1328 1230 eorum
1368 1176 1643 1231 consortio
1674 1191 1800 1248 pro-

201 1263 475 1320 bibemus.

276 1356 398 1413 XX.
432 1356 488 1414 Si
518 1358 638 1430 quis
666 1357 989 1416 adulterium
1020 1363 1376 1429 commiserit,
1407 1372 1614 1435 septem
1643 1366 1797 1422 annis

200 1450 260 1511 in
292 1450 608 1522 paenitentia
636 1453 664 1491 ά
693 1454 995 1525 completis,
1046 1456 1366 1527 perfectioni
1412 1457 1671 1515 reddatur
1719 1475 1798 1517 se-

198 1543 438 1599 cundum
472 1544 727 1613 pristinos
753 1546 977 1617 gradus.

274 1634 421 1693 XXI.
449 1646 472 1673 ο
501 1636 754 1693 Mulieres
800 1653 927 1695 vero
966 1655 1086 1711 qua:
1112 1639 1464 1713 fornicantur,
1510 1651 1563 1698 et
1613 1652 1797 1714 partus

194 1744 329 1783 suos
357 1740 589 1797 necant,
619 1729 715 1785 sed
745 1739 801 1787 et
834 1746 928 1788 eas
955 1747 1075 1803 qua:
1112 1744 1280 1804 agunt
1319 1749 1503 1791 secum
1544 1742 1602 1790 ut
1641 1744 1795 1791 utero

193 1830 494 1889 conceptos
520 1824 813 1891 excutiant,
844 1825 1063 1897 antiqua
1096 1826 1314 1897 quidem
1354 1828 1596 1884 definitio
1626 1844 1796 1900 usque

1902 619 2113 675 manior
2137 620 2378 678 definitio
2401 624 2750 697 quinquennii
2782 635 2997 697 tempus
3026 626 3229 683 tribuit.

1973 712 2161 770 XXIV.
2202 715 2301 784 Qui
2331 718 2573 789 auguria,
2606 718 2969 791 auspiciaque,
3000 720 3115 776 sive
3140 722 3369 792 somnia,
3392 722 3483 783 vel

1899 805 2262 865 divinationes
2316 809 2579 880 quaslibet
2619 811 2917 868 secundum
2984 828 3191 869 morem
3238 816 3483 885 gentium

1900 901 2206 967 observant,
2237 911 2328 957 aut
2364 903 2418 957 in
2468 903 2658 961 domos
2698 921 2824 962 suas
2874 906 3183 977 hujusmodi
3236 907 3485 967 homines

1900 994 2284 1051 introducunt‘
2325 998 2379 1052 in
2409 998 2754 1075 exquirendis
2799 999 2975 1071 aliqua
3020 1010 3137 1057 arte
3180 1001 3483 1075 maleficiis,

1898 1099 1990 1143 aut
2033 1099 2093 1145 ut
2132 1088 2321 1147 domos
2362 1106 2487 1149 suas
2530 1092 2789 1162 lustrent;
2839 1096 3069 1151 confessi
3111 1098 3484 1169 paenitentiam

1897 1184 2263 1255 quinquennio
2292 1195 2451 1257 agant
2475 1186 2767 1245 secundum
2792 1191 3002 1261 regulas
3031 1191 3324 1263 antiquitus
3346 1207 3482 1249 con-

1898 1276 2132 1332 stitutas.

1970 1366 2137 1423 XXV.
2170 1368 2227 1425 Si
2259 1370 2377 1441 quis
2426 1386 2681 1443 sponsam
2722 1373 2929 1430 habens
2966 1375 3135 1431 sorori
3166 1375 3282 1445 ejus
3324 1376 3485 1435 forsi-

1901 1466 1990 1514 tan
2018 1459 2262 1519 intulerit
2293 1462 2307 1513 i
2344 1464 2683 1533 violentiam,
2725 1466 2882 1538 eique
2914 1466 3196 1523 inhaeserit
3232 1478 3485 1539 tanquam

1897 1566 2049 1619 suae;
2083 1552 2183 1607 hac
2202 1563 2382 1610 autem
2411 1554 2437 1593 ι
2488 1556 2733 1625 deserta,
2766 1567 2953 1629 postea
3000 1573 3226 1615 uxorem
3266 1560 3493 1617 duxerit

1898 1641 2300 1714 desponsatam,
2353 1647 2445 1702 illa
2478 1664 2608 1705 vero
2637 1665 2756 1721 qua:
2796 1650 2984 1706 vitium
3032 1665 3191 1721 passa
3240 1659 3347 1719 est,
3382 1649 3401 1694 ι
3436 1651 3486 1709 si

1898 1733 2036 1791 forte
2060 1738 2162 1793 sibi
2186 1754 2373 1795 necem
2406 1739 2691 1799 intulerit:
2733 1758 2923 1798 omnes
2953 1742 3008 1798 hi
3048 1744 3139 1813 qui
3169 1742 3294 1798 facti
3328 1742 3487 1813 hujus

1897 1829 2098 1885 conscii
2128 1840 2273 1900 sunt,
2306 1832 2492 1889 decem
2519 1834 2676 1890 annis
2698 1835 2751 1891 in
2783 1834 3156 1905 pienitentiam
3181 1834 3489 1907 redigantur

194 1915 268 1971 ad
294 1916 500 1972 exitum
522 1917 645 1973 vitae
670 1917 740 1973 ab
771 1918 1009 1974 Ecclesia
1042 1917 1061 1957 τ
1093 1922 1351 1988 removit;
1385 1920 1670 1978 humanius
1692 1937 1789 1978 au-
1814 1918 1865 1981 Β
1891 1924 2183 1981 secundum
2215 1940 2450 1984 eanones
2477 1931 2796 1985 constitutos
2824 1939 2884 1984 ιιι.

194 2016 307 2064 tem
339 2025 485 2066 nunc
510 2008 816 2077 definimus,
848 2023 907 2067 ut
942 2010 1025 2067 his
1053 2011 1240 2069 decem
1271 2028 1534 2071 annorum
1579 2026 1791 2089 tempus

192 2102 533 2172 paenitentiae
566 2102 851 2161 tribuatur.

266 2195 437 2251 XXII.
465 2196 569 2266 Qui
590 2197 892 2255 voluntarie
921 2198 1269 2257 homicidium
1298 2201 1544 2269 fecerint,
1575 2204 1642 2259 ad
1671 2217 1787 2275 poe-

196 2288 573 2347 nitentiam'se
604 2291 820 2361 quidem
845 2291 1046 2365 jugiter
1080 2295 1433 2363 submittant;
1483 2298 1623 2353 circa
1669 2297 1787 2354 exi-

196 2391 312 2436 tum
336 2392 518 2439 autem
544 2383 670 2439 vitae
695 2385 1073 2442 communione
1098 2388 1246 2458 digni
1276 2387 1595 2445 habeantur.

271 2484 295 2520 ε
317 2473 478 2548 ιιι
498 2475 683 2531 XXIII.
705 2476 812 2533 Eos
835 2493 963 2534 vero
982 2480 1072 2551 qui
1091 2495 1199 2535 non
1220 2482 1514 2550 voluntate,
1538 2482 1632 2539 sed
1654 2497 1786 2540 casu

197 2566 544 2624 homicidium
576 2566 1092 2641 lIperpetraVerunt,
1150 2572 1297 2644 prior
1342 2573 1579 2644 quidem
1602 2574 1790 2645 regula

196 2670 315 2730 post
344 2668 556 2731 septem
590 2674 853 2718 annorum
901 2663 1270 2734 paenitentiam
1292 2665 1662 2723 communioni
1693 2680 1787 2724 so-

268 2882 295 2911 ι
326 2871 531 2928 Veron.
580 2872 652 2929 55
699 2871 891 2945 melius
932 2873 1298 2945 probabuntur.
1353 2873 1487 2929 Dein
1532 2875 1782 2945 dignitate

198 2945 512 3014 scripsimus
541 2958 606 2998 ex
638 2944 889 3014 omnibus
916 2947 1113 3001 nostris
1139 2944 1324 3010 codd.,
1374 2944 1781 3002 concinentibus

198 3016 359 3072 etiam
406 3017 550 3084 vulg.
583 3013 709 3071 Isid.
740 3030 802 3071 ac
825 3032 927 3071 ms.
948 3016 1157 3073 'I‘huan.
1184 3017 1524 3084 Quesnellus,
1563 3014 1777 3074 honore.

268 3088 293 3125 δ
323 3085 459 3143 Cod.
490 3085 695 3142 Tbuan.
725 3087 925 3143 omittit
954 3103 1114 3144 voces
1164 3090 1479 3158 professione
1521 3096 1779 3145 contenta.

200 3157 299 3284 bis.
331 3159 533 3283 Varum.
587 3158 655 3214 55
685 3159 767 3214 his
810 3159 1030 3216 vocibus
1077 3159 1227 3215 addit
1252 3157 1300 3215 et
1329 3158 1397 3213 ad
1426 3160 1630 3230 nuptias
1660 3176 1781 3216 con-

200 3244 258 3284 νο
280 3246 375 3284 aru
440 3269 455 3283 .
906 3248 915 3253 ·
1284 3264 1289 3267 -

200 3238 340 3286 νοιστ
345 3238 455 3283 unt.
906 3248 915 3253 ·

277 3284 489 3385 ᾕμαξε..
511 3299 634 3357 Isid.
656 3314 781 3357 cum
810 3300 1020 3359 duobus
1042 3317 1169 3359 mss.
1194 3300 1489 3368 Veronen.,
1510 3318 1629 3357 cum
1656 3318 1785 3358 non-
1807 3284 1856 3349 ο

204 3371 363 3427 nullis
382 3371 523 3427 viris.
648 3406 653 3407 ν

278 3441 305 3480 ἀ
332 3442 423 3525 Sic
444 3457 621 3501 omnes
648 3444 820 3501 nostri
850 3443 1008 3501 codd.
1033 3453 1089 3502 et
1119 3444 1262 3517 vulg.
1287 3444 1411 3501 Isid.
1436 3444 1782 3516 Quesnellus,

202 3524 416 3570 exactis.

276 3595 300 3624 ο
335 3586 448 3641 Duo
468 3584 691 3661 Veram,
708 3586 858 3661 alius
881 3588 1081 3661 Vat.fet
1105 3588 1432 3661 vulg.glsi!d.,
1452 3586 1529 3642 De
1554 3588 1784 3644 mulieri-

199 3657 326 3725 bus;
365 3666 423 3713 et
450 3657 593 3717 dein.
627 3659 716 3712 sed
745 3668 793 3713 et
819 3660 881 3714 de
907 3657 1282 3716 Itis....eas'ab
1316 3659 1567 3715 Ecclesia.

271 3727 291 3766 τ
314 3729 453 3785 Cod.
506 3729 740 3795 Thuan.,
788 3742 1026 3787 removet.
1060 3732 1288 3787 Vindeb.
1334 3732 1566 3786 secunda
1597 3746 1779 3798 manu,

196 3802 438 3872 removeri
458 3802 637 3872 jussit.
661 3801 779 3856 Mox
801 3803 938 3872 apud
960 3803 1183 3871 Quesn.,
1214 3804 1302 3857 sed
1331 3804 1603 3857 humanius
1623 3819 1779 3857 nunc.

196 3870 422 3928 Nostros
448 3871 685 3942 codices,
717 3881 773 3927 et
802 3870 945 3943 vulg.
999 3875 1121 3929 Isid.
1174 3875 1341 3929 secuti
1393 3890 1599 3929 sumus.
1650 3874 1781 3930 Dein

196 3943 504 4012 ptenitentite
534 3943 865 4013 prmtulimus
893 3960 957 4000 ex
994 3946 1183 4001 iisdem
1230 3946 1413 4010 codd.,
1465 3946 1783 4003 concinente

195 4014 353 4085 etiam
387 4014 600 4069 Tbuan.
627 4015 950 4083 Quesnellus
979 4030 1102 4072 cum
1130 4017 1329 4085 Oxon.,
1362 4019 1413 4070 in
1446 4018 1759 4084 poenitentia.

264 4094 289 4158 β
315 4082 503 4158 Qanon
528 4087 631 4158 iste
656 4082 797 4157 apud
820 4086 945 4142 Isid.
981 4104 1103 4154 pars
1123 4097 1208 4144 est
1237 4082 1616 4158 praecedentis.

262 4152 295 4232 ἧ
322 4152 726 4232 dedLVeron.
759 4174 879 4213 cum
910 4152 1053 4231 vulg.
1078 4152 1515 4232 Isid.,'[eccrunt,
1562 4168 1616 4215 et
1654 4158 1780 4216 dein

192 4228 403 4282 sociavit
426 4243 445 4290 ;
474 4227 709 4293 Thuan.,
738 4232 918 4285 sociat.

266 4296 282 4336 ί
317 4298 486 4373 Iidem
514 4299 671 4355 codd.
700 4299 901 4373 Veron.
925 4308 981 4356 et
1008 4302 1152 4373 vulg.
1186 4301 1334 4368 lsid.,
1378 4304 1429 4358 in
1457 4302 1780 4369 exquirendis

192 4369 449 4441 aliquibus
475 4380 586 4425 arte
605 4372 869 4441 maleﬁca;
910 4380 966 4427 et
996 4369 1232 4428 secunda
1262 4390 1421 4429 manu
1452 4376 1503 4428 in
1534 4389 1636 4429 ms.
1675 4374 1780 4429 Ve-

192 4453 311 4516 ron.
336 4441 409 4516 5_5
438 4442 779 4516 emendatum
810 4462 825 4499 :
863 4443 930 4497 ad
949 4444 1261 4515 exquirenda
1284 4447 1459 4516 aliqua
1480 4455 1591 4498 arte
1613 4445 1777 4516 male-

190 4513 308 4587 fica.
349 4513 543 4587 Postea
572 4515 849 4569 secundum
876 4513 1117 4586 antiquas
1148 4515 1351 4587 regulas
1370 4513 1685 4571 constitutas
1722 4515 1775 4571 in

189 4581 398 4640 duobus
428 4585 691 4641 Veronen.
721 4602 848 4642 mss.

2291 2022 2447 2094 115
2503 2019 2902 2079 CAPITULUM
2950 2023 3041 2079 ιν.

2001 2124 2263 2166 INCIPIUNT
2293 2127 2528 2169 CANONES
2566 2128 2791 2168 CONCILII
2813 2122 2842 2149 ‘
2871 2130 3353 2181 NEOCESARIENSIS,

1897 2209 1923 2237 °
1948 2200 2096 2268 Quod
2133 2203 2382 2273 posterius
2415 2204 2511 2275 fuit
2543 2204 2880 2276 Ancyritano,
2924 2205 3013 2261 sed
3054 2206 3199 2277 prius
3244 2204 3484 2263 Nicwno.

2400 2305 2426 2345 ιι
2480 2294 2640 2351 Tituli
2669 2310 2960 2353 canonum.
2981 2359 2984 2362 ,

1966 2386 2004 2441 1.
2031 2386 2094 2444 Si
2120 2388 2377 2460 presbyter
2402 2404 2616 2443 uxorem
2644 2390 2871 2455 duxerit,
2896 2388 3223 2461 degradetur.

1965 2479 2033 2535 II.
2061 2478 2254 2535 Mulier
2280 2483 2324 2536 si
2354 2481 2551 2537 duobus
2577 2482 2826 2554 fratribus
2855 2482 3106 2553 nupserit.

1968 2572 2059 2629 Ill.
2084 2571 2163 2629 De
2183 2573 2263 2628 his
2292 2575 2382 2646 qui
2402 2574 2591 2645 “spius
2611 2574 2824 2629 nubunt.

1970 2664 2060 2723 IV.
2096 2664 2173 2721 De
2198 2668 2467 2739 concupita
2487 2666 2721 2723 muliere.

1887 2872 2349 2945 interpretationis
2405 2874 2546 2931 haud
2595 2888 2717 2931 esse
2771 2874 3116 2933 tribuendum
3171 2873 3479 2930 monuimus

1886 2954 2072 3018 annot.
2104 2946 2156 3000 I.
2186 2945 2411 3018 Nomina
2433 2946 2648 3017 quidem
2680 2946 3055 3018 episcoporum
3079 2961 3143 3003 ex
3166 2945 3481 3018 praefatione

1887 3015 2047 3084 hujus
2090 3016 2280 3087 synodi
2318 3015 2603 3087 excerpta;
2634 3026 2691 3073 at
2716 3015 3119 3086 provinciarum
3149 3015 3391 3082 nomina,
3420 3018 3479 3087 in

1887 3087 2080 3160 quibus
2104 3086 2350 3158 quaedam
2389 3086 2678 3157 provinciae
2708 3090 2973 3160 posterius
3009 3088 3267 3160 instituta
3295 3103 3359 3160 ac
3397 3086 3482 3142 di-

1888 3158 2022 3230 visa:
2067 3168 2439 3228 recensentur,
2468 3160 2538 3215 ab
2569 3158 2791 3216 auctore
2818 3160 3047 3230 catalogi
3088 3158 3269 3215 addita
3308 3159 3479 3215 fuere.

1886 3226 1946 3284 In
1979 3238 2079 3285 ms.
2130 3230 2329 3286 Veron.
2367 3226 2438 3286 55
2465 3231 2568 3286 alia
2611 3246 2773 3288 manu
2804 3226 3161 3301 subjiciuntur
3187 3231 3293 3286 duo
3320 3243 3480 3301 cano-

1887 3315 2006 3367 nes,
2033 3301 2122 3369 qui
2150 3302 2291 3358 i‘nter
2317 3304 2510 3357 statuta
2534 3304 2745 3371 antiqua
2774 3300 3114 3359 invenientur
3137 3318 3187 3358 c.
3216 3302 3289 3359 20
3307 3312 3363 3358 et
3382 3300 3476 3369 2t,

1890 3371 2162 3455 iidemque
2189 3372 2448 3455 similiter.
2469 3374 2816 3455 A_t_icyri_t_anis
2862 3374 3242 3445 appeuduntur
3286 3373 3479 3431 eadem

1887 3444 2058 3513 prima
2087 3458 2247 3499 manu
2274 3445 2326 3499 iu
2349 3444 2471 3500 eod.
2502 3444 2620 3500 Vat.
2648 3446 2808 3501 1562.
2900 3444 2907 3445 “
2938 3444 2949 3445 “

1887 3582 1904 3598 ‘
1958 3523 1985 3597 ιξ
2027 3512 2102 3569 Ita
2140 3515 2461 3598 Quesnellus
2506 3531 2779 3598 cumﬁms.
2811 3515 2997 3598 Oxon.
3026 3515 3218 3598 centeri
3259 3515 3478 3598 codices

1887 3582 2048 3655 hujus
2072 3586 2406 3642 collectionis
2449 3595 2587 3643 teste
2631 3586 2690 3642 P.
2723 3586 3035 3643 Coustantio
3064 3589 3115 3644 in
3146 3586 3353 3654 przefat.
3383 3594 3423 3641 t.
3456 3586 3477 3642 I

1887 3655 2063 3727 Epist.
2098 3659 2254 3715 Hom.
2285 3658 2501 3728 pontif.,
2546 3673 2663 3729 pag.
2707 3659 2795 3722 65,
2857 3659 3060 3715 habent
3101 3658 3475 3723 Casariensis;

1886 3737 1941 3800 et
1969 3729 2039 3784 ita
2071 3731 2229 3800 etiam
2260 3730 2431 3800 prima
2463 3744 2622 3785 manu
2653 3730 2705 3785 in
2737 3729 2988 3795 Vindeb.,
3036 3738 3093 3785 at
3116 3730 3349 3785 secunda
3380 3730 3475 3784 ad-

1886 3799 2056 3872 ditum
2095 3799 2272 3867 Neo,“
2296 3811 2349 3856 et
2388 3802 2526 3856 hanc
2570 3802 2879 3868 lectionem,
2910 3817 3031 3872 qum
3052 3817 3175 3857 vera
3207 3808 3312 3864 est,
3343 3800 3474 3872 reti-

1886 3871 2123 3927 nuimus.
2155 3872 2220 3926 Ili
2258 3886 2495 3927 canones
2529 3873 2792 3928 versionis
2821 3870 2965 3939 sunt,
3016 3876 3090 3928 uti
3137 3879 3352 3936 vocant,
3381 3870 3477 3927 Isi«

1885 3940 2155 4013 dorianze;
2184 3953 2237 3998 et
2266 3958 2332 3999 ex
2357 3944 2455 3997 hac
2485 3944 2701 4013 quidem
2727 3945 2974 3999 versione
2999 3942 3377 4000 describuntur
3416 3944 3471 3999 in

1885 4012 2008 4067 aliis
2036 4013 2468 4081 collectionibus,
2497 4012 2629 4080 uuas
2653 4015 3023 4071 recensuimus
3044 4014 3273 4070 annot.I
3302 4013 3353 4069 in
3385 4028 3476 4069 ca-

1884 4093 1980 4152 put
2009 4086 2063 4139 5.
2101 4085 2440 4141 Contulimus
2475 4096 2654 4142 autem
2698 4101 2820 4142 cum
2867 4085 2991 4142 cod.
3042 4085 3268 4141 Vindeb.
3316 4085 3474 4154 hujus

1883 4154 2241 4221 collectionis,
2279 4171 2401 4211 cum
2424 4156 2632 4212 duobus
2661 4172 2791 4212 mss.
2825 4156 3024 4213 Veron.
3056 4157 3127 4213 55
3152 4165 3207 4213 et
3228 4157 3319 4222 58,
3350 4172 3474 4211 eum

1883 4224 2179 4299 Barberino
2204 4227 2367 4289 2888.
2397 4228 2486 4299 qui
2518 4228 2583 4283 ad
2612 4227 2854 4283 diversas
2903 4229 3253 4285 collectiones
3301 4229 3470 4299 perti-

1884 4308 2045 4369 nent;
2061 4298 2257 4354 desunt
2280 4297 2459 4354 autem
2478 4299 2531 4354 in
2554 4312 2784 4368 corpore
2798 4300 3145 4369 manuscripti
3164 4300 3282 4354 Vat.
3311 4297 3469 4369 ιω,

1884 4366 1940 4423 in
1966 4368 2119 4438 cujus
2145 4371 2434 4439 praemissis
2466 4369 2606 4425 foliis
2633 4366 2797 4425 iidem
2826 4385 2965 4424 cauo
2990 4366 3344 4441 :es'leguntur
3363 4368 3470 4424 alia

1886 4455 2048 4495 manu
2078 4441 2333 4512 descripti
2362 4456 2429 4496 ex
2462 4442 2709 4496 versione
2737 4442 2992 4512 Dionysii.

1955 4520 1980 4547 ο
2011 4512 2138 4567 Ilzec
2186 4514 2494 4577 annotatio,
2554 4525 2586 4565 a
2632 4512 2920 4579 Quesnelto
2976 4521 3189 4581 recepta
3242 4527 3307 4567 ex
3361 4526 3464 4568 ms.

1881 4581 2079 4648 Oxon.,
2107 4582 2259 4639 deest
2288 4584 2338 4637 in
2372 4582 2583 4637 Thuau.
2614 4593 2668 4637 et
2692 4582 2988 4638 Vindebon.
3028 4584 3097 4639 At
3122 4598 3240 4638 eam
3270 4583 3464 4639 saltem

258 4657 273 4705 i
312 4655 548 4744 Codices
580 4656 777 4744 Veron.
815 4668 873 4740 et
898 4656 1223 4744 vulg..lsid.,
1249 4658 1461 4744 ritilum,’
1503 4666 1559 4712 at
1587 4656 1639 4712 in
1670 4656 1774 4714 Ve-
1800 4680 1856 4744 Β
1880 4655 2055 4744 quoad
2084 4653 2564 4744 substantiam‘non
2593 4654 2770 4744 minus
2787 4654 2841 4709 in
2864 4653 3050 4737 Graeco
3073 4664 3217 4709 textu
3247 4664 3463 4739 eustare

187 4739 306 4781 ron.
338 4729 412 4783 55
437 4727 691 4782 secundis
717 4727 859 4783 curis
880 4727 1221 4784 emendatum
1244 4730 1555 4783 violentiam.

256 4797 428 4871 {Duo
459 4797 659 4853 Veron.
686 4811 740 4854 et
768 4801 914 4871 vulg.
956 4799 1113 4863 'Isid.,
1145 4803 1375 4871 decepta.
1420 4800 1541 4854 Mox
1567 4815 1773 4854 uxorem

185 4868 493 4925 addidimus
522 4884 645 4925 cum
671 4870 920 4926 omnibus
948 4873 1149 4926 nostris
1181 4868 1339 4940 mss.,
1372 4872 1566 4941 quibus
1591 4871 1774 4927 conci-

185 4949 321 4995 nunt
361 4942 508 4997 enim
546 4940 761 4996 'I‘ltuan.
794 4952 847 4996 et
875 4941 1016 5009 vulg.
1045 4942 1168 4998 Isid.
1202 4943 1256 4997 Iu
1286 4940 1409 4997 cod.
1447 4941 1565 4996 Vat.
1602 4942 1772 4997 variat

184 5010 348 5083 lectio
378 5012 459 5069 sic
506 5030 518 5065 :
573 5010 727 5065 Hanc
780 5023 945 5067 autem
990 5013 1254 5083 deceptam
1289 5029 1501 5067 uxorem
1546 5013 1768 5067 duxerit.

183 5080 512 5155 Desponsata
535 5098 654 5137 vero
679 5084 772 5138 illa
797 5100 911 5155 qua:
926 5085 1023 5155 vim
1048 5080 1198 5153 passa
1227 5086 1335 5140 visa
1354 5092 1450 5151 est,
1477 5085 1521 5139 si
1550 5084 1768 5155 forsitan

182 5168 354 5222 necem
382 5153 480 5209 sibi
502 5155 769 5222 intulerit;
798 5153 968 5209 omnes
996 5154 1072 5216 hi.
1100 5165 1202 5211 etc.

256 5221 688 5298 {Supplevimus
716 5221 775 5298 si
820 5242 885 5281 ex
933 5224 1091 5281 Vind.
1143 5243 1244 5283 ms.
1294 5226 1520 5298 aliisque
1566 5226 1767 5282 nostris

178 5295 338 5351 codd.
362 5295 590 5367 et’vulg.
623 5296 750 5353 Isid.

246 5376 288 5403 ιη
320 5366 619 5436 Quesnfex
662 5382 765 5425 ms.
812 5366 985 5423 Oxon.
1028 5368 1165 5425 hanc
1209 5369 1611 5427 ann0tationem
1662 5368 1768 5425 alio

181 5436 502 5513 charactere
525 5438 722 5513 adjecit
746 5437 869 5513 7:”Et
893 5440 1299 5513 subscripserunt
1320 5436 1540 5513 episcOpi
1560 5451 1769 5509 septem-

175 5509 450 5591 decim-qui
476 5511 598 5591 huic
612 5511 827 5591 concilio
846 5510 1205 5591 interfuerunt.
1230 5509 1525 5581 Expliciunt
1548 5528 1767 5591 canones

175 5581 385 5654 concilii
408 5582 710 5654 Ancyritani
736 5598 755 5636 :
793 5581 1211 5654 eodem‘quidem
1251 5600 1404 5637 sensu
1443 5600 1543 5653 quo
1573 5586 1624 5636 in
1667 5600 1759 5636 no-

176 5650 321 5726 gellis
351 5650 743 5726 exemplaribus,
777 5654 865 5707 sed
897 5650 1182 5726 litteratura
1220 5650 1513 5726 plerumque
1542 5655 1756 5709 diversa.

176 5721 387 5778 Desunt
414 5724 529 5779 haec
554 5726 739 5796 omnia
767 5726 820 5779 in
863 5723 983 5779 aliis
1024 5721 1319 5782 codicibus.
1367 5721 1589 5780 Nomina
1638 5729 1757 5796 epi-

174 5807 349 5864 scopo

1880 4734 1936 4779 et
1962 4726 2017 4779 in
2048 4726 2383 4779 versiouibus
2414 4724 2591 4797 Prisca
2619 4740 2685 4797 ac
2714 4725 3055 4797 Dionysiana,
3100 4742 3256 4795 quam
3284 4727 3336 4780 in
3367 4742 3465 4782 no-

1877 4807 1990 4851 stra
2024 4798 2464 4868 interpretatione
2484 4796 2643 4850 fuisse
2667 4796 2863 4852 Latine
2894 4798 3181 4859 redditam,
3203 4798 3434 4868 ,proban

1876 4868 2046 4922 nostri
2077 4867 2288 4922 codices
2318 4868 2703 4939 Lucensis88,
2733 4868 3052 4939 Barberinus
3095 4867 3259 4933 2888',
3301 4880 3460 4939 atque

1875 4938 1983 4992 duo
2015 4938 2449 4995 Veronenses.1n
2486 4938 2776 4994 Barberino
2805 4942 2883 4995 sic
2934 4958 2947 4993 :
2996 4937 3093 4993 Isti
3121 4956 3336 4993 canones
3374 4937 3455 4993 se-

1875 5011 2030 5063 eundi
2059 5018 2175 5065 sunt
2199 5010 2589 5080 Ancyrensinm,
2612 5012 2768 5073 quiin
2805 5011 3130 5065 Neocwsaria
3159 5020 3273 5064 sunt
3302 5026 3459 5079 capo-

1872 5081 2000 5147 siti;
2034 5091 2079 5135 et
2104 5082 2157 5134 hi
2202 5082 2396 5151 priores
2435 5091 2554 5133 sunt
2594 5080 2840 5136 IVtctcnls.
2892 5080 3137 5136 Concinit
3182 5084 3459 5148 exemplar

1874 5151 2135 5207 Luccnse.
2168 5152 2222 5205 lu
2253 5163 2478 5222 utr.~que
2512 5151 2800 5206 Veronensi
2842 5154 2919 5206 sic
2951 5171 2964 5208 :
3010 5151 3079 5206 ‘Et
3126 5151 3457 5222 isli‘quidem

1879 5240 2101 5277 canones
2130 5224 2339 5277 secundi
2365 5218 2482 5275 sunt
2516 5238 2687 5277 eorum
2713 5224 2801 5293 qui
2835 5225 2887 5277 in
2914 5225 3115 5293 Ancyra
3139 5230 3186 5275 ct
3209 5218 3458 5293 Caesarei:

1872 5296 2092 5363 expositi
2118 5304 2268 5358 sunt;
2293 5293 2519 5348 Nica'nis
2542 5310 2656 5347 vero
2681 5290 2875 5364 priores
2912 5290 3256 5346 inveniuntur.
3285 5290 3454 5364 Addi-

1874 5374 1961 5419 tur
1990 5365 2043 5420 in
2075 5366 2271 5420 Veron.
2303 5365 2372 5419 55
2405 5381 2419 5417 :
2455 5364 2523 5418 Et
2542 5365 2664 5435 quia
2682 5363 2898 5435 cadente
2925 5364 3162 5435 ﬁdesaut
3187 5363 3403 5433 expositi
3420 5380 3455 5417 a

1870 5436 2139 5505 discipulis
2177 5432 2563 5501 discipulorum
2588 5436 2652 5493 0.
2686 5434 2759 5490 Ν.
2799 5432 2935 5499 _Jesu
2979 5432 3193 5505 Christi,
3239 5443 3287 5487 et
3322 5435 3450 5487 sicut

1870 5506 2097 5573 Nicteni,
2120 5509 2191 5561 ita
2215 5516 2263 5562 et
2287 5508 2325 5560 ii
2353 5508 2532 5561 debent
2560 5511 2623 5559 ab
2642 5506 2870 5559 omnibus
2895 5504 3159 5559 custodiri.

1937 5590 1963 5627 p
1996 5580 2101 5633 Hos
2132 5594 2396 5632 canonum
2424 5578 2604 5631 titulos
2632 5575 2925 5644 adiecimus
2964 5591 3031 5629 ex
3077 5589 3212 5630 mss.
3252 5574 3450 5633 Vinde-

1863 5649 2193 5706 bonensibus
2213 5650 2281 5705 59
2310 5658 2365 5704 et
2391 5648 2481 5712 42,
2514 5649 2567 5701 in
2588 5646 2779 5717 quibus
2794 5654 3060 5714 praeterea
3086 5646 3317 5718 singulis
3346 5662 3444 5703 ca-

1867 5722 2100 5801 nonihus
2121 5725 2252 5801 suus
2280 5718 2750 5801 cujusque_t_itulus
2775 5718 2899 5801 hinc
2928 5717 3199 5801 repetitus
3212 5719 3447 5801 [irreligi-

352 5810 467 5867 rum
508 5794 682 5867 solum
729 5795 781 5850 in
826 5797 1148 5867 praefatione
1195 5797 1458 5867 descripta
1503 5806 1646 5851 sunt.
1674 5788 1753 5852 'In
1861 5792 2155 5867 tur.lidem
2184 5788 2431 5864 leguntur
2451 5788 2506 5846 in
2527 5788 2786 5847 Thuaneo
2806 5789 3033 5864 uilisque
3063 5788 3445 5857 vetustioribus

173 5862 341 5921 editis
367 5862 728 5951 Conciliorum
758 5862 1043 5951 subjicitur
1068 5862 1439 5939 episcOporum
1479 5870 1755 5951 catalogus
1860 5864 2157 5923 codicibus.

176 5948 302 5997 cum
340 5937 641 5997 nominibus
678 5937 1292 6011 provinciarum,’quem
1337 5939 1547 6000 auctori
1593 5937 1751 6013 hujus
