3992 6348
617 436 720 498 ιιι

1559 427 1901 484 APPENDIX
1942 426 2030 482 AD
2068 425 2125 481 s.
2167 421 2408 482 LEONIS
2448 421 2661 478 MAGNI
2700 419 2952 476 OPERA.
3503 487 3508 493 ,
3729 393 3803 486 ns

686 549 770 606 III.
809 549 876 604 Ut
896 564 1067 603 servus
1094 547 1184 602 sub
1215 546 1475 618 religionis
1506 545 1732 598 habitum
1755 543 2019 597 dominum
2045 556 2191 596 suum
2221 539 2419 606 Adem
2465 539 2676 610 nuptias
2719 551 3002 602 accusare,
3054 536 3066 584 ι
3125 535 3266 604 quod
3314 536 3482 592 nullus
3527 538 3574 592 in
3597 540 3804 613 coniugali

613 659 718 701 non
747 650 1056 698 contemnat.

685 734 774 792 IV.
810 733 879 790 Ut
899 734 1078 787 domus
1105 731 1198 786 Dei
1231 729 1624 803 contemptibilis
1651 746 1754 786 non
1780 729 1868 785 sit.

686 829 753 887 V.
785 829 862 885 De
895 828 1280 883 conventiculis.

684 920 774 978 VI.
811 919 877 976 Ut
903 919 1141 989 primitias
1170 919 1379 991 frugum
1406 917 1653 974 Ecclesiae
1679 916 1985 986 o/ferantur.

683 1011 795 1067 VII.
827 1011 902 1066 De
925 1011 1112 1065 dandis
1133 1020 1178 1067 et
1192 1010 1504 1082 accipiendis
1532 1010 1784 1082 fructibus
1815 1009 1924 1062 sine
1952 1021 2202 1079 pernmsu

611 1107 862 1177 episcopi.

683 1197 821 1253 VIII.
852 1197 956 1266 Qui
973 1198 1316 1272 uirginitatem
1338 1198 1600 1270 professus
1621 1203 1717 1264 est,
1736 1194 1941 1266 nuptias
1959 1207 2060 1248 non
2085 1207 2202 1247 cono

612 1293 835 1348 demnet.

683 1385 775 1442 IX.
807 1385 875 1442 Ut
897 1387 1205 1442 continentes
1233 1403 1334 1442 non
1357 1386 1711 1457 uituperentin
1726 1382 1966 1455 conjugio
1981 1380 2200 1456 positos.

683 1478 754 1534 X.
782 1479 880 1545 Qui
907 1480 1276 1551 eleemosynam
1295 1480 1514 1552 faciunt,
1534 1495 1636 1534 non
1655 1494 1761 1534 esse
1779 1473 2198 1532 contemnendos.

686 1571 779 1628 XI.
806 1572 884 1628 De
912 1573 1071 1641 pallio
1094 1572 1304 1628 utendo.

687 1667 800 1722 XII.
835 1666 904 1722 Ut
930 1667 1115 1722 mulier
1136 1668 1271 1723 uirili
1291 1676 1424 1722 veste
1452 1683 1556 1722 non
1583 1674 1778 1722 utatur.

687 1758 829 1815 XIII.
859 1759 925 1815 Ut
953 1761 1135 1814 mulier
1157 1761 1264 1815 sine
1290 1761 1544 1829 permissu
1572 1776 1675 1814 non
1701 1759 1925 1814 dimittat
1945 1773 2126 1814 mrum.

685 1850 824 1907 XIV.
857 1851 924 1907 Ut
951 1853 1297 1924 unusquisque
1325 1851 1460 1922 filios
1491 1867 1610 1906 suos
1631 1851 1842 1905 nutriat.

684 1942 802 1999 XV.
840 1943 907 1999 Ut
939 1945 1036 2014 ﬁlii
1064 1953 1298 2016 parentes
1325 1943 1463 2016 [lege
1489 1940 1806 2015 parentibus]
1836 1941 2093 1997 obediant.

690 2035 830 2092 XVI.
862 2035 929 2092 Ut
957 2038 1140 2092 mulier
1169 2054 1366 2092 comam
1391 2053 1493 2090 non
1532 2035 1710 2090 tundat
1733 2033 1877 2110 [lege
1898 2029 2150 2104 tondeat].

685 2129 850 2186 XVII.
887 2129 954 2185 Ut
983 2129 1065 2185 die
1088 2130 1355 2185 Dominico
1384 2146 1488 2184 non
1506 2129 1730 2201 jejunet.

685 2222 872 2278 XVIII.
902 2223 976 2279 De
1004 2224 1317 2279 continentia
1343 2232 1390 2278 et
1419 2224 1638 2295 jejunio.

687 2313 829 2370 XIX.
855 2314 923 2370 Ut
946 2324 1215 2371 conventus
1236 2332 1326 2388 per
1346 2315 1458 2370 loca
1478 2323 1774 2369 sanctorum
1798 2321 2079 2385 martyrum
2100 2329 2202 2368 non

609 2417 958 2464 contemnant.

615 2501 768 2625 1a]
834 2501 1072 2556 Dominis
1138 2500 1545 2556 bonorabilibus
1607 2500 2084 2556 consacerdotibus
2147 2499 2202 2556 in

727 2572 928 2625 rmenia
973 2571 1297 2625 constitutis.
1359 2571 1639 2625 Essemus.
1693 2571 1976 2625 EULALIUS.
2025 2571 2201 2625 Euca-

727 2571 928 2626 rmenia
973 2571 1297 2638 constitutis,
1359 2571 1639 2637 Eussmus,
1693 2571 1976 2627 EULALIUS.
2025 2571 2201 2627 Ence-

681 2656 818 2707 nws,
849 2651 875 2680 ι
910 2643 1181 2709 Erremus,
1213 2641 1502 2706 OLYIPIUS,
1534 2641 1860 2710 Gnecoaws,
1894 2642 1921 2681 δ
1945 2642 2197 2710 Ειιετυε,

684 2722 718 2772 ο,
749 2713 1014 2780 ΕιιΑοιι-ςς,
1051 2714 1303 2781 ΕιιΑΝυε,
1335 2711 1364 2750 ἀ
1386 2713 1596 2778 Ριιριυε,
1631 2713 1884 2773 ΕρΑτιυε.
1935 2722 1957 2750 ο
2001 2715 2200 2768 Ριιοεεο

681 2784 1116 2856 ntus,Bttstuus,
1151 2785 1369 2850 Bassus,
1399 2784 1686 2850 EUGENIUS,
1723 2781 1743 2821 ί
1794 2785 1884 2856 qui
1927 2799 2198 2840 convene-

677 2863 805 2912 runt
830 2855 884 2910 in
911 2855 1222 2926 Gangrense
1245 2856 1558 2923 concilium,
1587 2857 1640 2910 in
1674 2856 1900 2912 Domino
1943 2857 2195 2912 salutem.

679 2971 942 3039 Quoniam
973 2971 1302 3028 conveniens
1330 2981 1518 3028 sancta
1544 2971 1784 3043 synodus
1823 2972 2197 3042 episcoporum

608 3065 663 3122 in
701 3065 1000 3137 Gangrensi
1031 3065 1280 3131 ecclesia,
1327 3075 1545 3137 propter
1571 3065 1828 3136 quasdam
1873 3067 2200 3122 ecclesiasti-

603 3171 696 3213 cas
752 3168 808 3214 et
856 3157 1184 3214 necessarias
1235 3173 1427 3214 causas
1474 3159 1842 3230 inquirendas,
1894 3168 1948 3215 et
1988 3175 2049 3214 ea
2079 3175 2197 3230 qua:

606 3257 632 3295 8
662 3248 956 3305 secundum
981 3250 1283 3306 Eustasium
1311 3259 1460 3322 gesta
1481 3259 1607 3306 sunt.
1635 3252 2020 3322 dignoscenda,
2043 3254 2195 3308 inve-

604 3338 686 3394 nit
715 3342 879 3395 multa
902 3341 1016 3396 ﬁeri
1046 3315 1356 3398 indecenter
1387 3344 1456 3398 ab
1505 3343 1586 3398 his
1620 3315 1718 3415 qui
1759 3343 1902 3400 hunc
1943 3315 2192 3401 eumdem
2221 3315 2268 3378 ϐ

603 3429 906 3488 Enstasium
948 3435 1118 3490 secuti
1165 3447 1285 3490 sunt
1324 3453 1337 3488 :
1369 3431 1396 3471 ιι
1426 3435 1733 3491 necessario
1777 3437 1981 3504 statuit,
2020 3437 2191 3506 palam

601 3522 758 3581 factis
817 3528 1067 3584 omnibus
1103 3538 1386 3600 amputare
1427 3529 1679 3584 universa
1732 3545 1850 3599 quae
1899 3530 1968 3585 ab
2001 3530 2190 3584 eodem

607 3615 626 3656 ⁸
659 3619 796 3676 mala
816 3622 1102 3678 commissa
1127 3631 1285 3688 sunt;
1317 3621 1644 3678 declaratum
1666 3630 1748 3678 est
1776 3621 1917 3677 enim
1945 3623 2042 3678 hos
2070 3637 2192 3679 e0“-

670 3815 697 3844 α
729 3805 852 3862 Ilaec
883 3806 1099 3860 nomina
1131 3805 1283 3860 vario
1309 3805 1496 3860 ordine
1540 3807 1595 3860 in
1652 3805 1877 3860 diversis
1905 3806 2182 3860 collectio-

599 3876 756 3931 nibus
781 3877 914 3939 etin
940 3877 1130 3931 Grzeco
1169 3876 1494 3930 referuntur.
1537 3877 1682 3930 Ordo
1709 3893 1838 3930 vero
1881 3877 2037 3945 hujus
2073 3878 2183 3930 col-

599 3946 849 4001 lectionis
901 3947 1281 4014 comprobatur
1325 3963 1355 4001 a
1393 3961 1494 4001 ms.
1545 3947 1666 4002 cod.
1721 3947 1923 4001 Veron.
1971 3949 2060 4012 58,
2091 3947 2179 4009 niti

599 4017 869 4085 puriorem
901 4018 1040 4070 hanc
1067 4017 1373 4072 versionem
1419 4019 1676 4074 continet.
1713 4018 1910 4072 Veron.
1943 4019 2042 4084 55,
2093 4017 2181 4075 Bi-

598 4088 836 4160 tanicus_.
875 4087 1060 4142 Melius
1098 4088 1148 4141 in
1199 4088 1390 4143 Veron.
1425 4088 1522 4154 58,
1570 4087 1904 4160 Bythinicns,‘
1943 4091 2178 4145 concinit

598 4160 740 4212 enim
774 4156 990 4213 Graccus
1027 4166 1225 4214 textus.

671 4226 944 4297 bQuesn.,
1002 4228 1216 4284 Siletus.
1257 4229 1601 4286 (lorresimus
1650 4247 1714 4286 ex
1783 4247 1882 4286 ms.
1927 4232 2086 4288 Vind.
2125 4241 2180 4288 et

597 4299 808 4356 duobus
838 4299 1062 4369 Veron.,
1095 4302 1418 4369 astipulante
1448 4300 1635 4356 Grteco
1668 4312 1834 4357 textu.

671 4382 692 4410 ε
729 4372 842 4427 Duo
881 4369 1174 4436 Veronen.,
1216 4372 1472 4426 Jeracius.
1517 4373 1669 4438 Alii.,
1703 4373 1997 4429 IIeraclius.
2037 4375 2175 4429 Cor-

595 4441 848 4506 beiensis,
878 4442 1098 4498 Eraclis.
1134 4443 1244 4498 Iloc
1274 4458 1467 4496 nomen
1500 4445 1550 4496 in
1585 4442 1773 4498 Graeco
1816 4447 2173 4500 desideratur.

666 4513 901 4588 ‘glidetn
938 4513 1133 4588 Ve_ron.
1182 4529 1302 4588 curn
1364 4511 1575 4585 Graeco,
1622 4513 1837 4587 Pappus
1891 4517 2169 4588 Hypatius.

596 4582 954 4656 Corbeiensis,
990 4584 1205 4656 Papius,
1239 4583 1460 4653 Epatus.

674 4665 696 4691 ο
727 4654 915 4734 Melius
941 4654 1089 4734 _t_nss'.
1138 4656 1334 4734 Veron.
1368 4671 1488 4734 curn
1510 4657 1708 4734 _(_3r_:eco
1737 4659 1959 4728 aliisque
1985 4659 2169 4734 codd”

598 4724 915 4780 Proeresius'.
941 4725 1143 4782 Nomen
1175 4727 1395 4781 Basilius
1426 4728 1727 4785 addidimus
1754 4746 1818 4784 ex
1848 4724 1947 4785 nis.
1987 4724 2168 4795 Vind.,

597 4795 988 4868 praeferturque
1018 4799 1070 4870 in
1097 4799 1282 4853 Graeco
1313 4807 1460 4853 textu
1498 4800 1720 4870 aliisque
1764 4801 2172 4857 collectionibus

596 4875 755 4934 atoue
797 4869 1146 4923 versionibns.

670 4937 690 4976 ί
725 4937 953 4992 Additur
995 4939 1046 4993 in
1074 4941 1213 5008 vulg.
1243 4940 1368 4995 Isid.
1401 4941 1554 4997 Osiris
1602 4943 1978 5008 Cordubensis;
2019 4943 2172 4998 abest

597 5022 726 5064 vero
764 5025 870 5063 non
914 5011 1084 5065 solum
1133 5028 1160 5064 a
1205 5027 1334 5065 mss.
1386 5014 1542 5082 hujus
1597 5016 1951 5079 collectionis,
1984 5030 2166 5068 verum

595 5082 752 5154 etiam
783 5097 811 5135 a
841 5082 1318 5154 cmterisomnibus
1345 5099 1462 5154 qua:
1495 5083 1836 5140 lsidorianam
1869 5089 2172 5154 versionem

593 5153 906 5275 Krmferunt,
943 5152 1188 5206 nimirum
1212 5169 1238 5206 a
1277 5152 1406 5210 mss.
1469 5155 1687 5218 Veron..
1721 5157 1941 5216 Lucem,
1985 5153 2170 5220 Corb.,

639 5224 858 5275 arb..el
906 5223 972 5275 ab
1010 5223 1213 5275 Isidoro
1256 5225 1500 5275 Merlini:
1557 5236 1609 5275 et
1655 5227 1795 5275 nttod
1846 5227 2170 5275 nrmcinttttm

639 5224 858 5288 arb.,et
906 5223 972 5295 ab
1010 5223 1213 5278 Isidoro
1256 5225 1500 5295 Merlini;
1557 5236 1610 5280 et
1655 5227 1795 5294 quod
1845 5227 2170 5295 praecipuum

595 5303 699 5360 est,
732 5310 760 5347 a
792 5294 1038 5349 versione
1071 5295 1246 5349 Prisca
1284 5305 1337 5349 ct
1367 5312 1396 5350 a
1427 5293 1635 5350 Grmco.
1675 5293 1862 5362 Neque
1887 5297 2081 5365 legitur
2119 5298 2172 5351 in

594 5380 724 5420 mss.
751 5365 1083 5420 collectionis
1107 5365 1442 5431 Hadrianeze,
1472 5367 1545 5421 uti
1583 5377 1665 5422 est
1699 5367 1880 5421 Vallic.
1917 5370 1976 5421 Α.
2028 5368 2081 5431 5,
2118 5370 2172 5422 itt

595 5451 728 5504 quos
781 5436 994 5491 codices
1036 5435 1150 5489 hmc
1195 5438 1447 5506 synodica
1495 5454 1560 5492 ex
1603 5438 1894 5494 Isidorinna
1924 5441 2171 5495 versione

596 5508 832 5562 traducta
859 5506 976 5571 fuit,
1012 5516 1068 5561 ut
1097 5509 1399 5562 monuimus
1439 5517 1552 5563 not.
1591 5510 1639 5564 I.

667 5587 692 5626 8
719 5580 809 5634 Sic
828 5578 965 5632 Vind
1019 5587 1073 5649 et
1099 5577 1206 5633 duo
1237 5578 1502 5634 Veronen.
1554 5595 1671 5634 cum
1709 5578 1961 5649 vulgatis.
2007 5581 2176 5648 Quo:-

595 5649 788 5722 ltcllns,
831 5651 967 5722 c_irca
1014 5648 1329 5722 Eustasium.
1356 5651 1553 5705 Veron.
1609 5666 1740 5722 mss.
1771 5648 1889 5704 cum
1927 5653 2069 5722 vulg.
2124 5662 2178 5708 et

596 5717 806 5793 gnsco,
829 5718 1173 5787 Eustathium,
1207 5730 1260 5776 et
1290 5723 1358 5776 ita
1385 5722 1664 5792 deinceps.
1705 5719 1836 5777 Post
1862 5717 2044 5793 pauca'
2068 5723 2176 5778 duo

597 5788 820 5861 Veron"
866 5794 927 5845 ab
949 5793 1028 5861 Iris
1052 5793 1175 5859 ipsis
1204 5794 1312 5861 qui.

649 5857 936 5936 “Quean
968 5857 1348 5936 Necessarium.
1390 5863 1560 5920 Codd.
1607 5864 1848 5936 Thuan.,
1900 5862 2061 5922 Vind.
2123 5874 2177 5923 et

593 5931 732 6000 duos
763 5931 959 5996 Veron.
989 5948 1051 5993 ac
1081 5933 1221 6016 vulg.
1254 5933 1375 5998 Isid.
1411 5937 1776 6000 ormtulimus.

2200 4625 2254 4685 D

2305 634 2472 706 gradu
2509 634 2711 704 positus
2739 647 2889 702 spem
2915 630 3116 686 habeat
3136 629 3274 699 apud
3302 629 3481 686 Deum.
3505 630 3638 688 Unde
3657 633 3801 693 factum

2305 741 2388 787 est
2415 738 2473 785 ut
2499 727 2682 784 multae
2713 727 2970 782 mulieres
3016 739 3113 782 eos
3157 733 3376 792 secutae,
3409 725 3594 782 relictis
3633 732 3805 799 propriis

2305 823 2456 890 viris,
2497 829 2552 877 et
2592 819 2692 875 viri
2730 817 2988 874 uxoribus
3043 816 3067 854 κ
3113 815 3403 887 destitutis,
3442 817 3675 873 vinculum
3709 835 3804 876 con-

2297 917 2478 989 jugale
2512 914 2894 981 dissolverent,
2924 910 3308 968 continentiam
3341 910 3629 982 profitentes
3653 930 3665 968 :
3688 930 3802 986 quam

2303 1024 2426 1066 cum
2474 1008 2708 1063 retinere
2751 1020 2860 1060 non
2898 1011 3142 1075 possent,
3163 1003 3423 1059 adulteria
3471 1006 3801 1065 commiserunt.

2308 1099 2328 1140 ι
2365 1101 2569 1158 Inventi
2594 1099 2739 1155 enim
2780 1105 2910 1154 sunt
2955 1097 3323 1153 dissensiones
3349 1112 3410 1153 ac
3454 1099 3799 1168 separationcss

2303 1192 2597 1250 Dominicis
2620 1192 2928 1249 constitutis
2954 1192 3008 1246 in
3039 1188 3295 1246 Ecclesiis
3325 1189 3418 1245 Dei
3443 1188 3634 1254 docere.
3661 1191 3703 1246 id
3732 1201 3798 1260 est,

2303 1299 2359 1346 et
2378 1289 2697 1346 traditiones
2734 1286 3154 1353 ecclesiasticas,
3191 1293 3247 1340 et
3289 1299 3354 1341 ea
3381 1299 3496 1354 quas
3532 1285 3579 1339 in
3613 1285 3800 1341 Ecclesia

2302 1391 2552 1454 aguntur,
2595 1381 2795 1438 debere
2843 1379 3150 1446 contemni;
3195 1377 3418 1449 privatis
3454 1386 3494 1414 ω
3531 1378 3802 1434 conventibus

2301 1476 2481 1532 taliter
2511 1474 2788 1540 institutis,
2818 1483 2981 1545 atque
3009 1472 3075 1529 ad
3125 1471 3474 1528 imitationem
3507 1474 3642 1544 122
3671 1487 3802 1530 eorum

2302 1586 2422 1642 qua:
2452 1570 2504 1624 in
2534 1567 2696 1624 domo
2738 1567 2835 1622 Dei
2865 1577 3116 1638 aguntur,
3146 1565 3328 1620 omnia
3369 1578 3664 1636 praesumere
3701 1564 3800 1622 cele-

2302 1661 2493 1727 brare;
2535 1659 2710 1716 adhuc
2755 1659 2917 1715 etiam
2959 1657 3200 1714 vestibus
3260 1657 3614 1712 communibus
3643 1657 3802 1726 spretis,

2304 1771 2474 1813 novos
2500 1765 2528 1792 ιι
2563 1764 2620 1811 et
2663 1754 2910 1809 insolitos
2936 1751 3152 1808 habitus
3193 1752 3566 1822 assumpsisse;
3607 1749 3801 1820 primitias

2303 1863 2516 1920 quoque
2554 1847 2846 1914 fructuum,
2871 1855 2926 1901 et
2953 1845 3251 1901 oblationes
3274 1858 3457 1900 earum
3484 1857 3602 1914 quas
3626 1851 3801 1900 veterum

2234 1935 2284 1998 B
2311 1943 2574 2004 institutio
2601 1951 2626 1979 ο
2652 1941 2859 2009 tribuit,
2889 1939 3106 1996 sibimet
3153 1937 3480 2006 vindicasse,
3522 1935 3569 1992 id
3595 1945 3678 2003 est,
3716 1950 3801 2006 pro-

2304 2039 2436 2110 priae
2473 2036 2884 2094 ratiocinatione
2924 2033 3208 2099 doctrinae,
3235 2042 3488 2102 tanquam
3529 2029 3697 2086 sanctis
3733 2027 3800 2087 sibi

2303 2146 2395 2187 eas
2424 2130 2604 2187 oll'erri
2630 2129 2848 2195 debere,
2873 2139 2899 2178 ιι
2917 2136 2971 2184 et
2996 2126 3138 2198 apud
3159 2139 3218 2181 se
3237 2135 3298 2182 et
3320 2125 3458 2181 inter
3482 2139 3536 2180 se
3561 2123 3801 2194 dispensan-

2304 2225 2436 2292 das;
2477 2238 2660 2280 servos
2692 2238 2722 2277 a
2756 2220 2991 2276 dominis
3019 2218 3344 2276 recedentes
3374 2230 3396 2267 τι
3429 2231 3519 2288 per
3546 2216 3665 2270 hunc
3688 2213 3800 2268 inusi-

2306 2329 2475 2375 tatum
2506 2317 2778 2387 religionis
2803 2329 3008 2370 morem
3043 2313 3300 2368 dominos
3327 2309 3703 2381 contempsisse;
3723 2322 3800 2361 ωυ-

2305 2412 2469 2468 lieres
2517 2418 2718 2480 praeter
2746 2404 3192 2463 consuetudinem
3230 2413 3290 2460 et
3337 2403 3420 2458 sui
3450 2415 3595 2458 sexus
3622 2407 3799 2455 ornatum

2307 2514 2330 2542 τ
2358 2503 2440 2559 bis
2463 2516 2522 2559 se
2543 2499 2824 2572 iustiﬁcari
2867 2497 3173 2563 credentes,
3201 2494 3421 2552 virilem
3447 2493 3656 2548 habitum
3673 2502 3799 2546 susce-

2303 2597 2468 2668 pisse,
2511 2595 2800 2666 pluresque
2843 2606 3028 2649 earum
3067 2588 3361 2648 occasione
3400 2587 3644 2658 religionis
3675 2593 3799 2638 tonsas

2302 2691 2519 2761 genuini
2549 2689 2763 2745 decoris
2804 2701 2988 2743 comas
3039 2684 3250 2757 penitus
3305 2692 3619 2755 amputasse;
3658 2677 3799 2750 jejunis

2302 2803 2424 2858 quae
2455 2787 2507 2842 in
2539 2786 2783 2841 ecclesiis
2824 2783 3185 2855 prmdicantur
3207 2791 3227 2819 ⁸
3247 2780 3652 2847 contemnendo,
3681 2772 3800 2831 ventri

2303 2878 2566 2943 servisse;
2592 2877 2878 2934 nonnullos
2910 2875 3071 2932 etiam
3113 2891 3306 2932 eorum
3335 2875 3478 2932 cibos
3503 2873 3702 2932 carnium
3717 2879 3798 2924 tan-

2303 2988 2460 3044 quam
2484 2972 2698 3027 iIlicitos
2726 2979 3038 3041 reputasse;
3097 2969 3151 3025 in
3187 2967 3445 3025 domibus
3479 2967 3797 3038 coniugatorum

2301 3080 2403 3120 nec
2427 3065 2696 3120 orationes
2726 3063 2939 3134 quidem
2969 3062 3172 3120 debere
3196 3060 3504 3118 celebrari‘
3531 3057 3797 3132 persuasisse,

2303 3161 2355 3216 in
2387 3169 2590 3214 tantum
2615 3169 2670 3214 ut
2702 3158 2916 3213 easdem
2941 3156 3056 3212 ﬁeri
3078 3166 3254 3213 vetent
3282 3173 3298 3224 ;
3328 3166 3356 3193 υ
3377 3154 3690 3213 oblationibus
3709 3162 3791 3220 quo

2301 3269 2406 3325 que
2435 3255 2485 3308 in
2517 3252 2764 3307 domibus
2789 3251 2944 3306 fac‘is
2973 3250 3192 3305 minime
3223 3248 3690 3305 communicandum
3715 3254 3797 3298 esse

2301 3347 2636 3410 decernunt;
2677 3343 3020 3415 presbyteros
3073 3343 3162 3413 qui
3205 3341 3538 3398 matrimonia
3589 3345 3795 3394 contran-

2301 3448 2446 3501 runt,
2478 3437 2659 3506 sperni
2679 3436 2898 3501 debere,
2917 3451 3017 3490 nec
3045 3444 3386 3490 sacramenta
3418 3449 3530 3505 qua:
3553 3432 3611 3487 ab
3631 3431 3692 3486 eis
3713 3441 3795 3482 coa-

2303 3531 2554 3586 liciuntur
2574 3529 2790 3600 attingi;
2825 3529 2937 3584 loca
2970 3538 3282 3583 sanctorum
3316 3535 3594 3601 martyrum
3619 3519 3792 3578 velbssi-

2300 3623 2432 3679 licas
2461 3632 2487 3660 ν
2517 3631 2884 3687 contemnere.
2931 3630 2986 3676 et
3025 3634 3214 3677 omnes
3245 3621 3338 3693 qui
3388 3620 3507 3676 illuc
3547 3613 3793 3676 conveniunt

2368 3805 2396 3929 Il
2414 3805 2528 3861 Duo
2558 3806 2829 3862 Veronen.
2861 3815 2913 3862 ot
2941 3807 3085 3878 vulg.
3111 3807 3237 3863 Isid.
3273 3809 3466 3866 melius
3497 3820 3606 3862 cum
3637 3800 3792 3861 Greco:

2368 3895 2371 3927 Γ
2398 3895 2443 3929 ι’.

2289 3893 2443 3931 mate.

2361 3950 2374 4024 _i
2414 3947 2577 4024 Iidem
2606 3949 2762 4024 codd.
2781 3957 2847 4024 _et
2875 3949 3074 4024 vulgati
3099 3950 3305 4024 addunt
3327 3960 3374 4006 et
3413 3951 3596 4024 docere.
3624 4017 3634 4024 Δ
3686 4013 3710 4024 γ’

2357 4018 2380 4098 If
2411 4019 2499 4098 Sic
2525 4036 2590 4074 ex
2611 4020 2831 4098 Vindeb.
2859 4031 2913 4075 et
2941 4009 3079 4098 vulg.
3105 4023 3227 4098 Isid.
3257 4009 3792 4098 Quosnellustdestit‘utl.

2366 4089 2382 4128 ¹
2423 4092 2533 4145 Duo
2563 4091 2718 4145 codd.
2757 4093 2982 4153 Veron.,
3016 4082 3214 4146 irruenti
3241 4082 3361 4147 sunt
3383 4095 3548 4147 etiam.
3570 4082 3682 4162 illo}
3722 4082 3791 4162 Vc:

2283 4177 2403 4217 ron.
2437 4161 2526 4222 58.
2554 4161 2882 4234 discessiones
2906 4180 2937 4216 a
2965 4162 3266 4219 Dominicis.
3306 4164 3455 4234 Vulg.
3490 4160 3622 4225 Isid.,
3643 4155 3789 4210 Inventi

2279 4243 2395 4286 sunt
2418 4235 2552 4308 enim
2573 4233 2910 4308 discessiones
2939 4251 2999 4287 ac
3024 4237 3392 4308 separationes,
3416 4233 3521 4290 etc.
3605 4302 3615 4308 _
3676 4297 3700 4308 η
3737 4293 3746 4304 ,

2339 4313 2391 4386 f“
2421 4303 2535 4386 Iluo
2572 4305 2924 4370 Veron.,Vat.
2959 4315 3012 4360 et
3035 4298 3176 4376 vulg.
3211 4298 3786 4374 Isid.,conventiculisiw

2281 4384 2495 4428 sltltttis.

2352 4455 2376 4481 "
2409 4445 2565 4500 Vind.
2597 4459 2649 4501 ct
2675 4447 2818 4512 ναι,
2850 4448 3000 4501 etiam
3032 4447 3290 4503 insolitos.

2353 4527 2378 4551 υ
2404 4517 2720 4590 Addendum
2747 4511 2865 4572 cum
2891 4535 3020 4573 mss.
3055 4519 3251 4575 Veron.
3271 4529 3327 4576 et
3346 4515 3631 4590 vulg.lsid.,
3650 4511 3789 4566 ϐτωεο

2280 4595 2425 4642 textu
2459 4588 2799 4654 sulTragan'e,
2831 4590 3071 4644 ecclesiis.

2279 4729 2297 4784 1
2408 4659 2592 4714 Melius
2612 4647 2821 4714 deletur
2849 4671 2895 4714 et
2925 4661 2977 4715 in
3008 4661 3196 4718 iisdem
3228 4677 3363 4718 mss.
3395 4661 3580 4717 Veron.
3617 4647 3786 4716 οιιιιιε-

2302 4745 2343 4783 st
2391 4769 2403 4783 .

2302 4745 2403 4783 δια.

2349 4812 2375 4850 τι
2410 4801 2609 4857 Veron.
2658 4803 2747 4870 55,
2795 4813 2841 4857 et
2870 4820 2958 4870 per
2984 4805 3117 4857 Iiunc
3137 4804 3448 4859 inusitatum
3483 4798 3790 4873 reqionis__tu¢

2277 4873 2500 4944 habitum
2525 4875 2689 4943 specie
2710 4863 2967 4944 religionis
3013 4875 3246 4930 dominos
3292 4863 3648 4944 contempsisse.
3671 4863 3788 4944 He"!

2277 4943 2470 5068 legitur
2497 4932 2564 5026 ιη’
2587 4945 2782 5000 Veron.
2804 4932 2906 5012 "58,
2955 4945 3045 5016 qui
3093 4947 3264 5002 solum
3306 4962 3401 5017 pro
3430 4932 3634 5017 regionis
3671 4932 3789 4990 habet

2277 5031 2330 5068 re
2357 5032 2554 5068 itnoms.

2276 5031 2554 5069 retiatoms.

2357 5033 2554 5069 monts.

2352 5033 2584 5151 |",Vind.,
2619 5087 2670 5141 in
2701 5103 2788 5154 se;
2817 5086 3008 5142 melius
3044 5087 3099 5142 in
3127 5087 3335 5145 duobus
3389 5086 3571 5143 Veron.
3613 5089 3659 5136 et
3679 5072 3785 5141 τινα·

2278 5157 2427 5220 Isid.,
2459 5156 2577 5210 hinc
2601 5175 2670 5213 se.

2350 5236 2371 5262 "
2407 5229 2584 5304 Vind,
2608 5229 2992 5304 contemnenda.
3011 5230 3241 5293 Tltuan..
3258 5223 3622 5304 contemnenda,
3702 5229 3787 5304 ὲξξ·

2277 5300 2343 5352 tri
2380 5291 2580 5355 servire.
2616 5300 2772 5368 Vulg.
2804 5300 2929 5355 Isid.
2982 5309 3036 5355 et
3091 5291 3320 5358 secunda
3365 5314 3519 5356 manu
3560 5295 3606 5350 in
3636 5291 3784 5343 Veron.

2278 5370 2366 5434 55',
2390 5373 2776 5435 contemnenda,
2807 5373 3100 5427 asseruisse.

2354 5443 2371 5478 ι
2401 5440 2530 5496 Cod.
2566 5441 2796 5505 'I‘Ituan.,
2840 5450 2886 5496 et
2918 5445 3246 5512 persuasisse.
3537 5509 3565 5512 __
3725 5493 3763 5512 Α,

2351 5523 2374 5547 ιι
2410 5513 2522 5568 Dno
2548 5513 2745 5569 Veron.
2771 5529 2891 5568 cum
2913 5507 3049 5584 vulg.
3076 5515 3223 5583 Isid.,
3247 5524 3291 5570 et
3311 5509 3628 5584 oblationibus
3645 5507 3786 5584 (Ικίτλκ

2279 5586 2427 5637 domo
2459 5589 2606 5653 factm
2639 5585 2847 5654 fuerint,
2890 5566 3093 5639 mini’me
3118 5566 3579 5641 communicandum
3613 5587 3700 5628 esse
3718 5566 3786 5618 dt-

2279 5666 2509 5709 cernant.
2548 5655 2700 5710 Vind.
2730 5657 2890 5709 habet
2912 5665 3118 5712 tantum
3141 5657 3456 5712 decernant..

2349 5726 2616 5791 VQttesn.,
2669 5729 2958 5798 contemni.
3004 5710 3248 5795 etndeitt,
3295 5710 3784 5798 rcpi-eltsndiudfbﬁff;

2279 5777 2618 5851 Ριαιυῆιιίιιίιιέ
2640 5777 2986 5853 suam
3009 5777 3075 5854 ’ἐι
3102 5777 3487 5860 ῨῙὶιῖἑιιζξτειιτη
3521 5786 3684 5860 quibus
3707 5777 3784 5860 «lac

2282 5867 2476 5920 Veron.
2503 5878 2556 5921 ct
2577 5870 2717 5930 vulg.
2745 5869 2868 5924 Isid.
2896 5872 3206 5925 concinunt.
3238 5857 3432 5924 Veron.
3456 5857 3554 5918 duo
3577 5857 3782 5932 p95???”

2281 5939 2481 5995 veniunt
2511 5923 2712 5997 addunt
2732 5923 2852 5998 cum
2884 5923 3072 5999 ϐιωὲο
3102 5923 3485 5998 ξιξαιέταιιιειιια
3510 5923 3757 5992 cariﬁ‘m‘t
