3992 6348
566 5386 581 5428 i

596 333 708 394 455

1536 323 1877 386 APPENDIX
1914 325 2005 382 AD
2044 323 2103 381 S.
2144 320 2390 382 LEONIS
2426 320 2642 381 MAGNI
2678 322 2931 381 OPERA.

3699 338 3783 403 ιω

599 447 843 522 quamvis
883 457 939 507 et
978 447 1044 505 ad
1074 445 1464 520 presbyterium
1494 443 1634 501 idem
1664 442 1951 500 Caelestius
1996 448 2181 509 postea
2208 439 2260 503 Α
2288 452 2401 494 ram
2428 456 2442 493 :
2480 437 2496 475 ί
2542 453 2648 495 non
2674 438 3009 495 attendentes
3036 437 3176 510 quod
3206 438 3452 511 scripturn
3472 452 3581 501 est:
3608 446 3784 519 Spit-im

605 542 916 612 pervenisse
941 542 1169 608 dicatur,
1200 539 1300 596 nisi
1331 539 1446 594 haec
1471 537 1808 607 apertissime
1835 533 2187 591 anathemati-

603 634 868 702 saverint,
925 635 1068 706 ipsos
1108 629 1554 688 anathematizari
1582 636 1831 699 oportere
1857 645 1869 681 :
1894 636 1949 681 ut
1977 628 2020 681 si
2043 627 2186 696 ipso-

606 744 725 785 rum
756 744 861 783 non
892 726 1145 799 potuerit,
1176 724 1367 781 saltem
1398 737 1584 779 eorum
1634 720 1726 791 qui
1771 720 1838 776 ab
1866 720 1947 781 eis
1976 716 2188 790 decepti

608 828 732 876 sunt
760 819 845 875 vel
872 818 1045 888 decipi
1076 826 1318 889 possunt,
1348 814 1560 886 cognita
1585 813 1849 870 sententia
1877 827 1998 883 quae
2018 812 2072 866 in
2093 823 2188 866 eos

609 911 717 967 lata
742 918 844 979 est,
876 909 1078 965 sanitas
1108 915 1443 980 procuretur.
1485 951 1490 956 .

592 1024 603 1034 '
685 1001 841 1073 130
865 999 993 1055 CAP-
1024 1000 1090 1055 ll.
1112 1028 1183 1039 —
1209 998 1324 1053 Hoc
1352 997 1531 1068 itaque
1559 1002 1790 1067 gestum,
1835 993 2052 1049 domine
2080 992 2188 1048 fra-

522 1089 532 1105 ³
607 1100 712 1160 ter,
746 1102 770 1131 ι
801 1102 1003 1149 sanctae
1032 1091 1282 1148 charitali
1327 1100 1429 1146 tuae
1456 1089 1808 1145 intimandum
1836 1087 2103 1152 duximus,
2134 1093 2196 1141 ut

607 1184 821 1241 statutis
849 1181 877 1221 ι)
903 1191 1102 1241 nostrae
1123 1181 1510 1239 mediocritatis
1532 1183 1693 1235 etiam
1720 1178 2029 1249 apostolica:
2049 1176 2194 1234 sedis

608 1276 929 1333 adhibeatur
958 1276 1272 1341 auctoritas,
1303 1289 1401 1345 pro
1429 1274 1627 1330 tuenda
1667 1273 1839 1328 salute
1880 1271 2189 1340 multorum,

608 1378 666 1423 et
694 1368 1051 1439 quorumdam
1094 1366 1445 1437 perversitate
1482 1374 1506 1404 ο
1552 1364 1714 1420 etiam
1756 1361 2091 1435 corrigenda.
2138 1361 2196 1418 Id

610 1459 754 1516 enim
793 1469 958 1532 agunt
1001 1459 1090 1521 isti
1132 1456 1526 1515 damnabilihus
1568 1454 2013 1527 disputationibus
2060 1453 2193 1525 suis,

611 1560 673 1607 ut
700 1565 809 1606 non
839 1550 1198 1619 defendendo,
1245 1551 1340 1606 sed
1382 1549 1558 1621 potius
1588 1549 1641 1604 in
1679 1548 1987 1620 superbiam
2031 1546 2198 1605 sacri-

620 1644 793 1715 legam
832 1643 1146 1700 extollendo
1174 1642 1401 1699 liberum
1446 1642 1749 1706 arbitrium,
1779 1641 1981 1697 nullum
2022 1639 2198 1695 locum

2291 533 2505 605 adjuvat
2530 532 2879 601 inﬁrmitatem
2903 541 3128 587 nostram
3153 530 3323 603 (Rom.
3348 534 3578 609 vntﬂﬁ);
3601 548 3675 597 et:
3696 541 3785 601 Nos

2289 623 2523 690 uolentis,
2555 640 2712 694 neque
2731 624 2985 677 currentis
3000 638 3019 687 ;
3056 625 3145 679 sed
3168 625 3443 681 miserentis
3469 638 3536 682 est
3561 629 3643 685 Dei
3663 632 3783 705 (Ibid.

2290 732 2367 783 rx,
2395 716 2515 787 16);
2542 715 2555 768 i
2590 725 2645 771 et
2660 733 2672 768 ε
2690 716 2831 787 quod
2855 732 3014 770 unum
3036 732 3221 784 corpus
3243 734 3406 773 sumus
3421 719 3472 773 in
3486 720 3658 779 Christo
3675 724 3783 799 less,

2291 808 2483 880 singuli
2524 816 2692 862 autent
2730 806 2859 862 alter
2901 808 3113 863 alterius
3151 809 3371 863 membra
3400 825 3420 864 :
3452 811 3657 871 habentes
3686 819 3786 874 dm

2278 898 2514 965 diuersa,
2544 899 2824 971 secundum
2852 900 3091 971 gratiam,
3122 916 3233 966 quae
3260 902 3381 956 data
3413 912 3481 956 est
3507 905 3631 961 nobis
3664 907 3786 979 (Ibid.

2291 1005 2388 1058 In,
2418 990 2506 1060 5);
2533 1002 2587 1046 et
2613 1008 2625 1044 :
2649 989 2831 1046 Gratia
2856 991 2950 1046 Dei
2969 1008 3081 1046 sum
3104 992 3159 1047 id
3178 992 3314 1063 quod
3338 1010 3480 1062 sum;
3499 1006 3542 1049 et
3559 1000 3693 1067 gratia
3709 1003 3786 1072 ejus

2293 1081 2347 1135 in
2368 1097 2447 1136 me
2465 1098 2623 1136 uacua
2658 1098 2758 1136 non
2793 1083 2929 1151 fuit;
2955 1083 3043 1137 sed
3070 1084 3186 1152 plus
3210 1085 3438 1139 omnibus
3473 1086 3566 1141 illis
3591 1087 3785 1155 laborari;

2294 1192 2399 1230 non
2419 1186 2587 1230 autem
2608 1192 2722 1247 ego,
2747 1176 2835 1230 sed
2856 1177 3022 1248 gratia
3044 1176 3139 1232 Dei
3168 1194 3360 1232 mecum
3382 1179 3423 1251 (Ι
3446 1178 3555 1235 Cor.
3592 1196 3664 1250 xv,
3701 1184 3785 1253 ill);

2295 1277 2387 1325 et:
2414 1266 2618 1324 Gratias
2646 1284 2744 1340 ago
2768 1267 3009 1336 Domino,
3032 1272 3121 1340 qui
3147 1271 3288 1324 dedit
3326 1272 3465 1326 nobis
3496 1274 3711 1331 victoriam
3726 1295 3788 1348 per

2295 1362 2471 1419 Jesum
2508 1362 2765 1419 Christum
2798 1362 3069 1417 Dominum
3109 1375 3342 1419 nostrum
3389 1366 3562 1437 (lbid.,
3589 1370 3691 1439 57);
3724 1381 3787 1428 et:

2299 1454 2423 1510 Non
2456 1455 2575 1526 quia
2608 1454 2781 1510 idonei
2813 1470 2991 1509 sumus
3022 1455 3246 1526 cogitare
3273 1456 3484 1526 aliquid,
3516 1460 3711 1528 gnosia:
3732 1477 3789 1514 tto.

2300 1546 2640 1618 bismetipsis;
2682 1548 2771 1602 sed
2810 1546 3105 1618 sufﬁcentia
3136 1557 3312 1603 nostra
3338 1565 3401 1603 ea;
3426 1549 3525 1604 Deo
3546 1560 3611 1605 est
3640 1552 3788 1623 (llCor.

2301 1657 2381 1710 In,
2404 1641 2492 1713 5);
2529 1649 2623 1699 et:
2656 1639 2919 1696 Habemus
2944 1640 3236 1696 thesaurum
3267 1643 3418 1697 istum
3454 1643 3504 1697 in
3529 1644 3641 1697 uasis
3668 1644 3790 1713 ﬁctili-

613 1735 923 1807 relinquant
942 1735 1139 1809 gratiae,
1170 1731 1289 1803 Dei,
1332 1750 1435 1807 qua
1465 1734 1762 1792 Christiani
1789 1748 1991 1801 sumus,
2017 1747 2120 1803 qua
2146 1739 2201 1787 et
2302 1734 2425 1801 bus;
2450 1743 2506 1789 ut
2534 1733 2807 1789 eminentia
2843 1735 2908 1788 sit
2928 1734 3127 1788 virtutis
3155 1733 3275 1805 Dei,
3301 1734 3327 1771 ιι
3349 1752 3448 1790 non
3467 1752 3524 1791 ea:
3548 1736 3789 1808 nobis(lbid.

611 1828 789 1901 ipsum
829 1838 1025 1886 nostra:
1059 1828 1354 1891 voluntatis
1393 1828 1674 1885 arbitrium
1710 1842 1838 1884 vere
1862 1827 1921 1883 fit
1946 1826 2195 1895 liberum,

614 1921 743 1977 dum
784 1935 816 1975 a
851 1920 1144 1977 carnalium
1190 1916 1791 1991 concupiscentiarumd
1832 1916 2193 1974 dominatione

614 2012 893 2079 liberatur,
941 2013 1154 2070 dicente
1184 2012 1448 2069 Domino:
1476 2011 1537 2068 Si
1577 2027 1664 2066 vos
1684 2009 1854 2065 Filius
1892 2009 2194 2100 liberaverit,

614 2113 737 2161 tunc
756 2121 867 2160 vere
889 2105 1034 2161 liberi
1072 2106 1257 2163 eritis:
1286 2104 1426 2176 quod
1457 2103 1716 2159 auxilium
1747 2103 1883 2159 fides
1923 2101 2193 2173 impetrat,

614 2212 737 2270 qua
757 2208 841 2254 est
868 2196 922 2253 in
951 2195 1165 2253 Christo
1202 2197 1329 2253 Jesu
1355 2196 1582 2252 Domino
1614 2202 1818 2252 nostro.
1854 2192 1945 2249 isti
1969 2202 1992 2231 °
2019 2201 2197 2250 autem

616 2298 889 2357 asserunt,
934 2289 1076 2344 sicut
1105 2302 1137 2343 a
1168 2288 1425 2345 fratribus
1453 2288 1545 2359 qui
1593 2287 1753 2343 etiam
1801 2300 1988 2343 eorum
2034 2284 2199 2341 libros

614 2382 861 2455 legerunt
887 2382 1259 2453 cognovimus,
1281 2380 1335 2434 in
1361 2380 1431 2436 eo
1454 2378 1682 2456 gratiam
1701 2378 1795 2434 Dei
1816 2376 2197 2449 deputandum,

615 2473 758 2545 quod
791 2472 997 2529 talem‘
1031 2471 1262 2528 hominis
1302 2470 1530 2526 instituit
1576 2471 1888 2541 creavitque
1931 2482 2196 2535 naturam,

616 2582 738 2639 quae
767 2582 862 2638 per
901 2565 1170 2637 propriam
1201 2563 1531 2618 voluntatem
1563 2563 1734 2634 legem
1768 2562 1861 2618 Dei
1893 2570 2074 2634 posset
2101 2560 2200 2616 im-

616 2659 791 2731 plere,
819 2658 935 2715 sive
960 2657 1277 2713 naturaliter
1302 2656 1358 2711 in
1379 2656 1542 2711 corde
1570 2655 1950 2726 conscriptam,
2000 2654 2114 2710 sive
2144 2653 2199 2709 in

614 2749 812 2806 litteris
840 2749 1053 2816 datam;
1096 2747 1339 2804 eamdem
1386 2761 1601 2819 quoque
1648 2747 1820 2814 legem
1862 2746 1928 2801 ad
1973 2746 2200 2816 gratiam

618 2842 714 2899 Dei
744 2844 1036 2914 pertinere,
1067 2842 1214 2912 quod
1245 2841 1388 2896 illam
1423 2839 1557 2896 Deus
1585 2841 1639 2896 in
1671 2840 1990 2913 adjutorium
2029 2839 2199 2893 homi-

617 2933 767 2991 nibus
787 2936 926 2991 dedit
954 2934 1111 3008 (Isai.
1134 2950 1249 3001 vm,
1272 2934 1363 3005 9.0,
1390 2951 1492 2990 sec.
1519 2930 1716 3004 LXX).
1749 2932 1895 2987 Illam
1926 2945 2054 2987 vero
2079 2945 2201 3002 gra-

619 3028 748 3086 tiam
789 3045 913 3100 qua,
969 3038 1026 3084 ut
1064 3028 1263 3084 dictum
1305 3037 1408 3095 eSt,
1459 3024 1750 3082 Christiani
1793 3038 2000 3091 sumus,
2048 3022 2201 3094 cujus

619 3124 906 3195 Apostolus
936 3121 1256 3193 praedicator
1281 3128 1386 3185 est,
1435 3119 1620 3176 dicens
1663 3119 2031 3174 :Condelector
2066 3116 2201 3171 enim

621 3216 721 3286 legi
742 3213 839 3269 Dei
866 3213 1147 3268 secundum
1187 3212 1476 3266 interiorem
1517 3211 1804 3276 hominem;
1850 3209 1992 3263 uideo
2032 3218 2202 3263 autem

620 3307 781 3361 aliam
809 3306 972 3378 legem
1000 3305 1053 3359 in
1096 3304 1330 3358 membris
1350 3304 1476 3358 meis
1501 3313 1862 3376 repugnantem
1889 3303 1988 3373 legi
2020 3304 2200 3357 mentis

622 3416 770 3469 mete,
809 3411 857 3457 et
880 3400 1221 3472 captivantem
1256 3415 1335 3453 me
1360 3407 1386 3445 8
1415 3398 1468 3452 in
1500 3399 1607 3471 lege
1647 3398 1861 3468 peccati,
1907 3412 2019 3466 qua:
2055 3397 2203 3451 estin
2251 3387 2265 3398 ’

620 3496 858 3552 membris
884 3495 1030 3551 meis.
1068 3493 1231 3549 Miser
1266 3510 1357 3565 ego
1398 3494 1568 3556 homo,
1620 3493 1731 3562 quis
1769 3509 1847 3547 me
1884 3492 2113 3547 liberabit
2139 3493 2204 3547 de

620 3606 837 3663 corpore
862 3590 1037 3643 mortis
1064 3587 1260 3659 hujus?
1298 3585 1476 3641 Gratia
1503 3585 1598 3641 Dei
1625 3602 1713 3656 per
1736 3584 1913 3639 Jesum
1943 3584 2203 3639 Christum

621 3683 904 3740 Dominum
938 3691 1174 3737 nostrum
1222 3680 1401 3749 (Rom.
1452 3695 1544 3745 vn,
1588 3678 1678 3748 22)
1709 3694 1722 3741 ;
1750 3679 1939 3733 nolunt
1984 3678 2205 3733 omnino

619 3788 967 3845 cognoscere,
1019 3787 1118 3827 nec
1149 3782 1332 3841 aperte
1370 3769 1586 3840 quidem
1633 3782 1942 3839 oppugnare
1986 3767 2203 3824 audent.

619 3863 727 3920 Sed
756 3862 884 3934 quid
913 3862 1059 3916 aliud
1097 3868 1261 3931 agunt
1297 3875 1419 3916 cum
1457 3858 1747 3912 hominibus
1774 3859 2077 3913 animalibus
2102 3875 2205 3914 non

621 3954 1015 4029 percipientibus
1059 3970 1173 4025 qua:
1211 3961 1328 4008 sunt
1374 3952 1582 4023 spiritus
1624 3949 1720 4005 Dei
1755 3950 1800 4023 (l
1825 3949 1946 4006 Cor.
1980 3965 2037 4016 tt,
2064 3950 2203 4022 {14),

622 4047 950 4119 persuadere
979 4044 1007 4084 ιι
1034 4042 1230 4117 quippe
1266 4061 1371 4101 non
1395 4054 1612 4101 cessant
1636 4044 1703 4098 ad
1734 4045 2056 4112 operandam
2087 4060 2209 4116 per-

623 4138 1012 4209 llciendamque
1038 4137 1327 4208 justitiam;
1376 4145 1433 4192 et
1471 4135 1565 4189 Dei
1598 4134 1845 4189 mandata
1890 4137 2207 4207 complenda

623 4228 791 4287 solam
840 4227 944 4285 sibi
981 4229 1272 4284 burnanam
1325 4226 1479 4299 131
1529 4224 1779 4281 suflicere
1839 4240 1997 4297 posse
2046 4238 2204 4287 natu-

691 4443 718 4472 ι
748 4433 886 4489 Edit.
914 4432 1241 4503 antiquiores
1269 4431 1453 4487 delent
1480 4440 1690 4485 sanctte.

691 4504 720 4543 ι’
744 4505 877 4561 Cod.
906 4502 1135 4569 Tlttttin.,
1169 4521 1200 4555 a
1226 4513 1400 4558 nostra
1422 4502 1782 4559 mediocritate.

661 4586 719 4701 df
741 4576 1067 4700 .Addbidimus
1088 4575 1239 4629 etiam
1256 4590 1322 4630 ex
1342 4573 1590 4629 omnibus
1616 4573 1815 4627 nostris
1846 4585 1976 4626 mss.
2006 4580 2063 4627 et
2084 4572 2204 4627 aliis

702 4657 844 4701 tttont
885 4661 965 4701 us.

625 4647 965 4705 editionibus.

692 4714 720 4755 ά
756 4735 774 4768 ι
800 4718 871 4770 Ita
896 4718 1039 4787 vulg.
1064 4714 1193 4787 edit.
1226 4722 1280 4787 et
1307 4729 1435 4769 mss.
1466 4714 1676 4787 Tltuan.
1701 4724 1756 4771 et
1774 4715 1948 4770 Oxon.
1968 4712 2128 4782 (addc
2150 4724 2207 4771 et

621 4802 811 4845 omnes
824 4785 1037 4859 nostri).
1060 4786 1218 4843 Solus
1235 4785 1424 4853 Garn.,
1439 4786 1787 4856 damnatione,
1808 4787 1983 4841 minus
1998 4795 2162 4842 recte.
2179 4805 2197 4839 ι

620 4862 993 4929 Quasneuus.

696 4942 719 4969 ε
752 4932 847 4985 bis.
882 4930 1114 4994 Tltuan.,
1145 4930 1304 4983 enim.

696 5001 715 5039 ί
744 5004 946 5066 Oxum,
976 5001 1263 5055 hominibus
1284 5000 1504 5054 instituit
1528 5008 1786 5053 naturam.
1806 4998 1935 5053 Post
1955 4998 2211 5054 nonnulla

617 5072 753 5157 edit.
785 5076 921 5196 Alug.
956 5080 1011 5126 et
1046 5074 1104 5126 l'.
1135 5070 1480 5126 Constantius
1511 5087 1634 5126 cum
1664 5082 1846 5125 nostro
1864 5068 1987 5124 Vat.
2012 5071 2069 5136 2,
2095 5087 2214 5141 pos-

621 5156 688 5196 ιιι
714 5161 817 5196 illi!)
841 5158 944 5196 ere.

621 5147 688 5199 sit
714 5147 944 5199 intulere.

689 5162 1075 5340 illiigfegion”
1128 5213 1182 5266 in
1221 5213 1400 5285 legem.
1450 5213 1595 5269 Edit.
1636 5214 1780 5283 Aug.
1813 5220 1868 5267 et
1905 5212 2210 5281 Constant,

765 5302 873 5340 eae.

622 5302 716 5342 sua
746 5302 873 5342 tene.

688 5303 716 5393 ﬁ
745 5303 888 5411 iiiii.
922 5356 1056 5425 Aug.
1089 5364 1144 5410 ct
1170 5353 1353 5411 Const.
1386 5354 1569 5411 delent
1597 5356 1820 5426 quippe:
1846 5355 2056 5426 melius.

693 5427 706 5463 ί
742 5423 1295 5492 NotavitQuesnellus
1342 5425 1395 5480 itt
1436 5423 1998 5496 marginetMendosa
2038 5427 2198 5480 inter-

615 5500 823 5570 punctio
853 5514 1053 5570 sensum
1078 5498 1159 5551 hic
1186 5498 1503 5570 peruertitin
1531 5498 1699 5570 editis.

693 5569 709 5617 ι
743 5569 1053 5621 Addidimns
1081 5577 1127 5621 et
1153 5564 1275 5622 cum
1306 5568 1489 5636 Vind.,
1523 5567 1705 5634 Barb.,
1737 5574 1793 5623 et
1816 5564 2022 5624 duobus
2050 5566 2194 5636 Vat.,

619 5638 1073 5709 consentientibus
1097 5639 1225 5694 edit.
1263 5644 1396 5709 Aug.
1429 5651 1482 5695 et
1512 5644 1699 5693 Coust.

689 5705 887 5779 Elidit.
915 5709 1044 5779 Aug.
1082 5720 1135 5764 et
1159 5705 1485 5765 (ἐουειῖρυιη
1514 5710 1637 5765 Vat.
1662 5708 1914 5765 “laddunt
1938 5717 2004 5764 et.
2037 5707 2191 5764 Barb.

522 5824 525 5827 γ
617 5786 670 5837 e'.
692 5776 814 5835 Vat.
847 5780 869 5834 l
902 5776 1148 5846 ignorant
1177 5797 1359 5837 nonem
1382 5782 1542 5838 nobis.

2224 1828 2276 1893 Β
2303 1843 2375 1894 tv,
2407 1828 2497 1898 7);
2530 1836 2587 1883 et
2605 1826 3009 1883 innumerabilia
3037 1843 3157 1899 qum
3196 1828 3264 1884 de
3292 1828 3568 1899 Scripturis
3593 1833 3790 1899 omnibus,

2301 1919 2346 1973 si
2372 1919 2622 1989 colligere
2643 1919 2892 1987 velimus,
2924 1916 2943 1955 1
2970 1927 3147 1974 tomus
3168 1935 3276 1975 non
3303 1920 3519 1989 sufficit;
3543 1931 3591 1979 et
3610 1938 3791 1977 veremur

2299 2024 2370 2067 ne
2404 2010 2543 2082 apud
2587 2018 2639 2066 te
2668 2011 2767 2065 ista
2810 2010 2922 2081 ipsa
2965 2013 3459 2081 commemorando,
3498 2029 3606 2085 quae
3640 2014 3786 2083 majore

2300 2103 2466 2173 gratia
2505 2102 2573 2159 de
2612 2102 2742 2159 sede
2778 2102 3069 2172 apostolica
3114 2104 3393 2174 praedicas,
3439 2107 3790 2163 inconvenieuter

2301 2193 2478 2250 facere
2510 2193 2805 2252 videamur.
2850 2195 2956 2251 Sed
3009 2195 3130 2252 ideo
3159 2196 3403 2263 facimus,
3434 2198 3547 2268 quia
3570 2208 3603 2235 ω
3627 2199 3791 2269 ecquod

2300 2284 2626 2345 infirmiores
2672 2302 2877 2355 sumus,
2929 2303 3335 2359 quaquaversus
3386 2292 3701 2364 unusquisque
3729 2308 3793 2348 no-

2302 2387 2474 2435 strum
2502 2380 2727 2436 verbum
2754 2380 2850 2435 Dei
2881 2381 3221 2450 praedicando
3242 2393 3452 2453 putatur
3470 2385 3699 2451 attentior,
3716 2400 3792 2440 cre-

2302 2472 2456 2529 brius
2475 2488 2571 2529 eos
2597 2474 2829 2545 patimur
2848 2476 2877 2511 ιι
2901 2475 2954 2530 in
2987 2491 3086 2531 nos
3110 2485 3165 2531 et
3191 2478 3446 2534 audacius
3469 2478 3756 2550 insurgentes.

2373 2566 2503 2621 CAP.
2532 2565 2618 2621 Ill.
2645 2596 2717 2606 —
2744 2565 2800 2622 Si
2827 2581 2957 2637 ergo
2986 2565 3231 2639 Pelagius
3259 2570 3626 2641 episcopalibus
3663 2572 3792 2642 gestis,

2303 2671 2426 2729 qua:
2455 2658 2509 2713 in
2537 2657 2757 2714 Oriente
2784 2656 3033 2715 confecta
3059 2660 3337 2728 dicuntur,
3388 2662 3541 2718 etiam
3580 2672 3664 2718 tua:
3684 2677 3794 2717 vene-

2302 2750 2495 2806 rationi
2519 2751 2663 2820 juste
2693 2750 2855 2807 fuerit
2881 2752 3027 2808 visus
3052 2752 3359 2821 absolutus,
3390 2769 3534 2811 error
3553 2765 3694 2811 tamen
3717 2754 3793 2824 ipse

2301 2853 2358 2901 et
2383 2844 2649 2915 impietas,
2700 2861 2819 2917 qua:
2847 2854 2872 2881 ο
2898 2846 3010 2916 jam
3039 2847 3237 2902 multos
3268 2858 3555 2905 assertores
3581 2848 3708 2905 habet
3732 2862 3793 2918 per

2303 2935 2517 2994 diversa
2548 2938 2844 3008 dispersos,
2866 2939 3028 3013 etiam
3060 2940 3385 2999 auctoritate
3411 2944 3680 3013 apostolica:
3697 2940 3794 2997 sedit

2303 3030 2805 3085 anathetnatizanda
2858 3040 2960 3087 est.
3017 3023 3341 3090 Cbnsideret
3370 3045 3396 3085 ν
3440 3035 3570 3091 enim
3613 3033 3797 3090 sanctitas

2301 3118 2415 3191 tua,
2466 3132 2521 3179 et
2564 3125 2925 3194 pastoralibus
2970 3126 3125 3182 nob?s
3174 3130 3522 3200 compatiatur
3559 3129 3792 3190 visceribus,

2227 3212 2274 3275 C
2305 3230 2463 3285 quam
2487 3216 2558 3270 sit
2585 3216 2899 3286 pestiferum
2927 3227 2977 3273 et
3007 3218 3283 3275 exitiabile
3309 3221 3491 3277 ovibus
3504 3220 3684 3284 Christi,
3698 3217 3795 3288 quod

2308 3307 2532 3363 istorum
2571 3309 2861 3379 sacrilegas
2905 3310 3297 3381 disputationes
3350 3317 3628 3370 necessario
3664 3326 3797 3368 conse-

2309 3403 2525 3472 quitur:
2555 3411 2612 3457 ut
2638 3419 2738 3459 nec
2758 3418 2915 3460 orare
2946 3404 3237 3461 debeamus
3276 3424 3342 3462 ne
3364 3409 3590 3463 intremus
3628 3407 3669 3460 in
3687 3412 3797 3459 teut-

2310 3496 2497 3549 tionem
2536 3494 2757 3573 ‘(Matth.
2800 3512 2883 3562 vr,
2940 3497 3067 3568 15),
3114 3480 3256 3569 quod
3307 3500 3553 3555 Dominus
3585 3494 3797 3565 discipulos

2310 3585 2535 3653 monuit,
2569 3597 2623 3641 et
2652 3587 2829 3659 posuit
2878 3588 2931 3642 in
2972 3590 3222 3645 oratione
3261 3606 3424 3662 quam
3452 3590 3636 3656 docuit;
3673 3595 3798 3642 autut

2310 3681 2515 3748 deﬁciat
2554 3682 2707 3753 132
2750 3683 2875 3749 ﬁdes
2915 3694 3088 3737 nostra
3115 3682 3269 3755 (Luc.
3305 3700 3434 3752 nu,
3460 3683 3573 3754 52),
3609 3680 3718 3753 quod
3735 3690 3799 3749 pro

2313 3773 2557 3843 apostolo
2586 3774 2743 3828 Petro
2768 3789 2827 3829 se
2848 3789 3066 3845 rogasse
3095 3776 3209 3845 ipse
3236 3786 3461 3834 testatus
3489 3788 3579 3833 est.
3625 3775 3669 3831 Si
3703 3771 3800 3828 enim

2312 3878 2339 3918 ιι
2352 3868 2702 3937 possibilitate
2720 3878 2921 3924 naturae
2938 3878 2991 3925 et
3004 3870 3226 3925 arbitrio
3251 3873 3536 3928 voluntatis
3552 3872 3596 3927 in
3609 3873 3800 3941 potestate

2316 3970 2441 4015 sunt
2465 3962 2774 4026 constituta,
2796 3961 2915 4030 quis
2942 3978 3044 4016 non
3068 3977 3129 4017 ea
3161 3962 3343 4018 videat
3372 3965 3583 4019 inaniter
3599 3976 3623 4015 a
3640 3957 3801 4015 Domino

2318 4052 2427 4122 peti
2457 4062 2510 4107 et
2557 4051 2817 4108 fallaciter
2859 4054 3024 4121 orari,
3068 4069 3188 4109 cum
3220 4055 3427 4111 orando
3455 4062 3700 4124 poscuntur
3720 4060 3802 4117 qua

2312 4152 2521 4198 natura:
2553 4145 2624 4199 ita
2666 4146 2776 4213 jam
2827 4146 3055 4201 condita:
3098 4147 3483 4203 sufficientibus
3508 4145 3680 4200 viribus
3708 4138 3803 4194 obli-

2313 4235 2547 4291 nentur?
2567 4234 2678 4292 Nec
2705 4235 2955 4293 debuisse
2981 4237 3160 4293 dicere
3190 4237 3472 4293 Dominum
3496 4238 3679 4293 Jesutn:
3706 4228 3802 4301 Vigi-

2227 4441 2284 4502 D

2384 4432 2400 4472 ι
2428 4434 2573 4510 Edit.
2602 4437 2929 4510 recentiores
2974 4440 3110 4510 Aug.
3140 4455 3261 4495 cum
3312 4454 3443 4496 mss.
3474 4439 3617 4495 Corb.
3640 4444 3685 4490 et
3709 4433 3804 4510 tier

2314 4521 2531 4580 manen.
2562 4507 2786 4564 laudatis
2817 4527 2844 4561 a
2879 4510 2938 4564 P.
2965 4505 3265 4577 Codstant.,
3297 4524 3509 4580 tempus.
3549 4514 3609 4565 At
3633 4505 3803 4573 antiquae

2314 4578 2579 4633 editiones
2627 4590 2681 4633 et
2710 4580 2768 4633 ι».
2812 4581 2994 4635 Const.
3026 4598 3091 4636 ex
3124 4582 3244 4637 aliis
3283 4578 3546 4637 codicibus
3577 4588 3803 4634 nostrorum

2317 4657 2372 4722 et
2400 4651 3082 4722 Qucsnelliexemplarium
3118 4654 3399 4708 lectionem
3426 4652 3700 4722 approbant.
3718 4644 3803 4722 δίο-ι

2312 4719 2535 4793 ραεεῃμ
2569 4721 2762 4793 sufﬁcit
2807 4719 3005 4793 capere.
3040 4724 3342 4779 Delcvintus
3382 4719 3553 4793 capere
3585 4719 3804 4793 exgnoslrii

2312 4805 2442 4844 niss.
2464 4790 2621 4844 Vind.
2639 4802 2690 4845 et
2709 4790 2890 4859 Barbﬁ,
2919 4796 3376 4851 consentientibus
3401 4790 3515 4850 aliis
3540 4790 3803 4848 editionibus.

2389 4871 2425 4897 m
2457 4862 2546 4917 Sic
2572 4863 2728 4935 codd.
2779 4862 2937 4919 Vind.
2968 4875 3021 4920 et
3051 4866 3207 4920 Barb.
3249 4868 3388 4921 Edit.
3415 4867 3542 4935 Aug.
3579 4873 3623 4918 et
3653 4859 3804 4935 Cous}.

2313 4948 2371 4987 eo
2396 4948 2516 5007 quo.
2554 4934 2779 5007 Quesn”
2805 4936 2877 5007 in
2912 4953 2971 5007 eo
3014 4939 3173 5007 quod.
3216 4937 3337 4991 Post
3384 4925 3719 5007 pauca,_eerbo
3740 4925 3805 4982 Del

2314 5005 2644 5077 pradicando
2676 5020 2773 5059 IIIS.
2803 5005 2959 5059 Barb.
2992 5005 3111 5061 eum
3142 5009 3298 5063 editis
3331 5010 3461 5077 Aug.
3491 5015 3541 5060 et
3560 5005 3711 5077 Const.

2387 5083 2415 5110 ιι
2447 5075 2601 5129 Darb.
2624 5086 2678 5130 et
2694 5077 2823 5132 edit.
2846 5078 3203 5134 Conciliorum
3228 5074 3473 5136 etCoust.
3491 5078 3647 5131 delent
3672 5074 3712 5123 in
3725 5080 3801 5120 nos.

2391 5153 2416 5181 °
2444 5146 2754 5215 Garnerius,
2788 5155 2891 5200 tam
2922 5151 3127 5205 multos.

2315 5286 2330 5341 1
2386 5225 2414 5265 P
2439 5217 2511 5271 Ita
2543 5232 2607 5270 ex
2646 5205 2774 5272 mss.
2804 5218 2960 5273 Vind.
2993 5231 3045 5275 et
3071 5220 3228 5277 Barh.
3260 5237 3381 5292 eum
3421 5219 3585 5276 editis.
3609 5205 3805 5281 Quesnel—

2337 5302 2417 5341 us.
2446 5304 2585 5341 erao.

2337 5302 2417 5349 US.
2446 5304 2585 5349 ergo.

2387 5306 2639 5414 :ﬁgﬁils
2685 5358 2909 5432 incdit.
2943 5362 3079 5432 Aug.
3125 5370 3182 5416 et
3226 5362 3408 5432 Const.
3457 5358 3680 5432 inseritur
3711 5351 3802 5432 Ιςεετ

2306 5428 2463 5484 Notat
2508 5432 2559 5483 itt
2608 5430 2845 5499 margine
2875 5422 3235 5499 Quesnelltts:
3276 5431 3463 5496 Carm,
3507 5430 3558 5486 Si
3583 5428 3701 5499 enim
3725 5422 3807 5473 Im

2307 5516 2426 5570 qua:
2468 5498 2822 5569 possibilitate
2870 5498 3072 5558 natura:
3103 5515 3156 5559 et
3184 5504 3402 5560 arbitrio
3431 5498 3686 5557 voluntatis
3707 5502 3805 5562 pral-

2305 5580 2677 5643 statttur,tetc.,
2707 5576 2911 5628 omnino
2935 5577 3091 5643 male,
3114 5585 3287 5629 contra
3317 5575 3466 5645 ﬁdem
3489 5572 3625 5645 codd.
3649 5574 3808 5645 αδμιρ-

2305 5658 2419 5695 rum
2444 5651 2492 5696 et
2515 5642 2639 5697 mss.
2666 5646 2911 5701 sermonis
2949 5656 3261 5714 contextum,
3296 5642 3345 5702 et
3374 5643 3585 5699 auctoris
3618 5642 3803 5695 ntth

2304 5728 2366 5767 ne.
2388 5714 2513 5783 quid
2535 5716 2700 5788 pejus.
