3992 6348
210 356 309 416 157

664 352 894 412 CODEX
931 351 1259 412 CANONUH
1300 352 1580 413 ECCLES.
1624 354 1712 412 ET
1749 353 2325 414 CONSTlTUTORUM
2365 355 2423 413 Β.
2464 352 2660 415 SEDIS
2698 354 3027 416 APOSTOL.

3371 360 3481 423 458

208 468 311 524 late
342 476 390 523 et
417 474 583 535 orate,
616 464 711 521 sed
740 465 1109 523 tantummodo
1138 468 1364 539 vigilate,
1409 484 1472 523 ne
1512 468 1708 523 intretis
1740 468 1793 524 in
1818 460 1875 534 λ
1897 468 2051 525 multi
2072 471 2159 537 qui
2186 485 2375 526 eorum
2408 471 2756 541 perhibentur
2774 487 2893 529 esse
2914 474 2997 529 vel
3024 473 3189 529 fuisse
3209 472 3478 548 discipuli,

207 559 569 624 tentationem;
616 573 715 615 nec
766 558 1079 615 beatissimo
1108 559 1268 615 Petro
1312 560 1486 631 primo
1528 559 1798 629 apostolo-

206 667 349 721 rum,
391 651 590 725 Rogavi
620 669 713 722 pro
743 662 812 720 te,
845 660 892 724 ﬂ
917 652 1010 708 sed
1059 652 1286 724 impero,
1339 651 1428 708 vel
1472 666 1686 718 moneo,
1734 667 1798 708 ac

206 731 497 820 pmipio,’
533 764 596 802 ne
639 746 846 817 deficiat
889 747 1018 816 [idos
1066 756 1174 802 tua.
1204 744 1604 802 Contradicitur
1638 745 1796 801 etiam

207 840 437 897 istorum
468 840 813 895 c0ntentione
858 839 1320 895 benedictionibus
1360 839 1559 895 nostris
1580 878 1597 903 ,
1628 847 1688 893 ut
1718 838 1799 893 in-

207 947 424 990 cassum
449 948 611 1003 super
639 932 892 1003 pupulum
923 932 1103 989 dicere
1132 930 1409 987 videamur
1430 930 1687 1002 quidquid
1720 929 1799 985 eis

205 1038 236 1080 a
267 1024 499 1080 Domino
544 1039 858 1094 precamur,
907 1030 966 1077 ut
1010 1020 1204 1079 recteb
1244 1037 1307 1077 ac
1335 1022 1423 1093 pie
1458 1021 1691 1076 vivendo
1720 1020 1799 1076 illi

206 1117 489 1188 placeant;
515 1117 599 1172 vel
630 1116 720 1171 illa
750 1131 869 1187 qua:
894 1130 993 1185 pro
1021 1114 1269 1171 fidelibus
1298 1113 1589 1184 Apostolus
1614 1126 1799 1183 preca-

205 1217 295 1287 ιιιοι·
332 1208 519 1264 dicens
556 1205 779 1262 :Flecto
825 1223 993 1278 genua
1041 1223 1153 1261 mea
1196 1206 1262 1259 ad
1294 1204 1505 1260 Patrem
1535 1214 1558 1243 ο
1589 1202 1800 1259 Domini

205 1301 375 1354 nostri
403 1297 533 1355 Jesu
554 1298 765 1365 Christi,
794 1315 858 1354 ea:
880 1316 981 1369 quo
1008 1299 1173 1353 omnis
1215 1299 1493 1369 puternitas
1522 1298 1577 1351 in
1604 1299 1729 1352 calo
1752 1305 1799 1351 et

205 1391 259 1445 in
288 1403 432 1446 terra
455 1392 773 1456 nominatur,
796 1400 849 1445 ut
878 1391 960 1445 det
989 1391 1126 1446 vobis
1150 1392 1432 1445 secundum
1458 1390 1663 1445 divitias
1689 1390 1801 1461 glo-

205 1479 296 1535 riae
310 1496 421 1535 sua:
435 1481 621 1536 virtute
645 1480 964 1535 corroborari
983 1498 1075 1550 per
1089 1481 1327 1550 spiritum
1340 1483 1453 1551 ejus
1480 1479 1695 1551 (Ephes.
1714 1493 1769 1533 ιιι
1780 1524 1794 1548 ,

205 1574 326 1644 ts).
357 1574 414 1629 Si
440 1590 568 1645 ergo
596 1574 921 1630 voluerimus
945 1589 1108 1645 super
1135 1574 1387 1645 populum
1433 1571 1800 1630 benedicendo

205 1667 392 1724 dicere
417 1687 429 1721 :
450 1666 566 1723 Dad
584 1667 685 1735 illi,
708 1667 945 1735 Domine,
967 1670 1204 1724 virtutem
1230 1667 1555 1723 corroborari
1583 1682 1672 1735 per
1690 1667 1802 1736 spi-

205 1758 367 1813 ritum
409 1768 584 1826 tuum,
636 1759 861 1814 istorum
902 1759 1059 1816 nobis
1106 1759 1396 1828 disputatio
1442 1757 1798 1824 contradicet,

1901 560 2018 617 haec
2046 562 2187 617 mala
2230 563 2424 633 quibus
2452 564 2574 620 fidei
2604 563 2924 621 Christianae
2950 566 3298 623 fundamenta
3332 570 3348 620 l
3384 583 3483 626 co-

1900 662 2095 707 nantur
2119 663 2384 722 evertere,
2427 670 2745 728 quacunque
2767 666 2993 728 possunt
3020 655 3045 696 ιι
3074 657 3346 717 affirmare
3374 677 3485 718 non

1900 752 2129 799 cessant.
2167 744 2317 801 Unde
2344 744 2550 801 etiamsi
2581 747 2824 819 Pelagius
2848 749 3237 822 Calestiusque
3255 755 3485 809 correcti

1899 844 2042 901 sunt,
2075 836 2155 892 vel
2184 838 2229 891 si
2261 836 2358 891 ista
2384 853 2652 909 nunquam
2682 840 2917 896 sensisse
2945 855 3005 897 se
3028 840 3231 908 dicunt,
3262 854 3315 899 et
3339 860 3487 914 qure-

1900 943 2109 998 cunque
2138 929 2334 1000 scripta
2363 940 2549 987 contra
2581 947 2675 988 eos
2705 934 2910 1003 prolata
2940 934 3154 1001 fuerint,
3186 948 3280 990 sua
3311 952 3432 993 esse
3462 936 3482 975 ι

1901 1020 2190 1090 negabunt.
2224 1037 2326 1078 nec
2352 1030 2437 1077 est
2474 1023 2922 1091 quemadmodum
2950 1025 3018 1080 de
3042 1027 3323 1084 mendacio
3352 1044 3486 1082 con-

1901 1108 2209 1177 vincantur;
2260 1111 2585 1180 generaliter
2632 1122 2808 1169 tamen
2840 1116 3141 1186 quicunque
3168 1119 3490 1187 dogmatizat

1902 1214 1957 1261 et
1984 1204 2217 1261 affirmat
2247 1206 2533 1263 humanam
2578 1208 2680 1263 sibi
2724 1206 2791 1261 ad
2841 1210 3098 1265 vincenda
3141 1221 3376 1280 peccata,
3433 1221 3492 1265 et

1902 1298 1999 1355 Dei
2028 1300 2272 1355 mandata
2298 1300 2541 1357 facienda
2582 1300 2830 1357 sufficere
2856 1316 3013 1371 posse
3039 1313 3305 1371 naturam,
3339 1314 3394 1359 et
3422 1318 3492 1358 eo

1905 1391 2068 1447 modo
2098 1393 2282 1457 gratia:
2309 1392 2428 1459 Dei,
2460 1408 2578 1463 qua:
2606 1401 2918 1447 Sanctorum
2954 1393 3253 1449 evidentius
3291 1394 3493 1450 oralio-

1904 1480 2060 1538 nibus
2089 1482 2410 1546 declaratur,
2461 1480 2806 1538 adversarius
2846 1482 3145 1548 invenitur;
3188 1494 3241 1538 et
3270 1485 3493 1554 quicun-

1905 1588 2011 1644 que
2039 1583 2198 1645 negat
2244 1573 2492 1645 parvulos
2535 1588 2633 1644 per
2677 1573 2994 1644 baptismum
3024 1573 3221 1628 Christi
3250 1589 3279 1626 a
3311 1574 3495 1644 perdi-

1906 1669 2053 1724 tione
2104 1669 2342 1735 liberari,
2390 1677 2446 1724 et
2486 1670 2714 1726 salutem
2767 1672 3044 1739 percipere
3087 1673 3495 1740 sempiternam,

1906 1761 2187 1819 anathema
2219 1764 2308 1818 sit.
2336 1762 2682 1835 Quaecunque
2709 1774 2886 1819 autent
2912 1764 2991 1819 eis
3017 1764 3119 1818 alia
3143 1763 3494 1835 objiciuntur,

206 1850 489 1906 afﬁrmans
533 1849 761 1907 liberum
806 1850 991 1923 negari
1047 1850 1350 1916 arbitrium,
1401 1850 1447 1907 si
1483 1850 1586 1906 hoc
1621 1866 1652 1906 a
1692 1850 1803 1905 Deo
1832 1854 1943 1917 Β·
1977 1872 2083 1911 non
2125 1856 2345 1912 dubium
2376 1860 2780 1913 venerationem
2814 1868 2979 1921 tuam,
3021 1871 3143 1911 cum
3189 1865 3338 1927 gesta
3377 1855 3498 1926 epi-

207 1944 473 2017 poscitur,
499 1945 640 2015 quod
667 1946 719 2001 in
748 1959 931 2003 nostra
955 1956 1038 2003 est
1060 1954 1342 2017 potestate.
1368 1956 1392 1985 ο
1416 1946 1619 2001 Virtute
1646 1947 1801 2009 enim,

207 2034 475 2108 inquiunt,
503 2037 825 2093 corroborari
861 2056 1151 2110 possumus,
1175 2042 1221 2095 si
1258 2041 1514 2108 volumus,
1546 2056 1605 2096 ea
1630 2040 1802 2112 possi-

207 2130 409 2186 bilitate
451 2140 653 2188 nature
693 2149 852 2203 quam
896 2149 1001 2187 non
1043 2149 1178 2189 nunc
1212 2134 1512 2204 accipimus,
1563 2134 1654 2189 sed
1689 2149 1805 2188 cum

208 2239 505 2279 crearemur
537 2226 841 2297 accepimus.

277 2315 412 2372 Car.
439 2315 527 2371 ιγ.
560 2347 631 2358 -
657 2316 915 2373 Parvulos
941 2317 1103 2373 etiam
1138 2327 1356 2388 propter
1383 2320 1634 2387 salutem,
1684 2334 1806 2389 quae

212 2424 311 2481 per
343 2409 679 2466 Salvatorem
698 2410 990 2482 [Christum
1016 2410 1196 2479 datur,
1218 2410 1564 2481 baptizandos
1581 2420 1806 2481 negant;

216 2500 235 2540 ί
254 2517 321 2558 ac
347 2504 428 2559 sic
449 2517 543 2560 eos
563 2503 837 2561 mortifera
856 2504 957 2559 ista
972 2503 1215 2559 doctrina
1231 2503 1283 2559 in
1299 2513 1557 2559 aeternum
1584 2512 1804 2559 necant:

210 2596 632 2667 promittentes,
647 2595 859 2653 etiamsi
891 2612 997 2651 non
1026 2596 1388 2667 baptizentur,
1430 2595 1707 2651 habituros
1731 2597 1808 2650 vi-

210 2695 320 2743 tam
354 2697 615 2745 aeternam
638 2698 702 2757 at
728 2703 828 2745 nec
874 2688 1146 2758 pertinere
1176 2688 1243 2744 ad
1290 2703 1386 2743 eos
1415 2686 1481 2742 de
1510 2688 1705 2757 quibus
1733 2687 1810 2742 ait

211 2778 481 2837 Dominus
508 2800 519 2835 :
544 2780 692 2836 Venit
718 2784 852 2837 enim
871 2779 1041 2837 Filius
1062 2782 1283 2837 hominis
1301 2797 1525 2852 querere
1544 2790 1591 2835 et
1612 2782 1809 2835 salvere

209 2874 347 2943 quod
390 2874 615 2946 perierat
661 2871 809 2938 (Luc.
841 2889 994 2940 xxix,
1039 2872 1155 2943 20).
1200 2873 1334 2942 Quia
1378 2873 1487 2940 isti,
1539 2874 1804 2944 inquiunt,

209 2979 321 3021 non
349 2966 647 3037 perierant,
672 2980 772 3021 nec
801 2966 1048 3037 estquod
1076 2964 1130 3019 in
1156 2964 1235 3020 eis
1263 2964 1520 3031 salvetur,
1542 2974 1637 3019 aut
1661 2972 1809 3018 tanto

210 3063 392 3131 pretio
430 3060 726 3116 redimatur
752 3074 768 3113 :
797 3059 920 3128 quia
942 3055 970 3094 ιι
1002 3057 1132 3113 nihil
1163 3057 1316 3129 133
1347 3056 1399 3111 in
1428 3055 1511 3112 his
1538 3056 1807 3122 vitiatum,

211 3152 351 3208 nihil
398 3161 611 3209 tenetur
649 3151 750 3206 sub
778 3150 977 3207 diaboli
1019 3159 1281 3221 potestate
1323 3149 1611 3219 captivum,
1648 3149 1663 3187 ί
1709 3163 1811 3205 nec

1906 1948 2142 2017 sc0palia
2188 1950 2525 2019 perspexerit
2564 1964 2683 2020 quas
2709 1949 2759 2003 in
2782 1948 3001 2004 Oriente
3040 1949 3093 2003 in
3120 1947 3310 2006 eadem
3335 1962 3497 2004 causa

1906 2041 2149 2098 confecta
2188 2041 2462 2111 dicuntur,
2509 2042 2559 2098 id
2604 2042 2983 2111 indicaturam,
3033 2042 3175 2098 unde
3222 2057 3412 2101 omnes
3441 2042 3497 2100 in

1908 2135 2001 2192 Dei
2034 2135 2400 2193 misericordia
2445 2134 2792 2205 gaudeamus.
2818 2145 2845 2173 ιι
2891 2136 2996 2192 Ora
3043 2150 3140 2207 pro
3182 2137 3371 2202 nobis,
3401 2135 3497 2192 do-

1908 2229 2054 2283 mine
2083 2228 2395 2283 heatissime
2418 2242 2573 2298 papa.

2330 2339 2487 2412 135
2521 2338 2922 2397 CAPITULUM
2962 2340 3074 2396 VII.

2089 2441 2114 2467 ο
2157 2431 2479 2502 Rescriptum
2507 2429 2796 2487 Innocentii
2824 2448 2975 2503 papte
3004 2434 3071 2485 ad
3098 2434 3318 2487 eosdem.

1910 2542 2261 2628 Innocentius
2294 2545 2535 2627 Annulo
2557 2586 2571 2609 ,
2602 2553 2657 2600 et
2693 2544 2945 2628 omnibus
2992 2545 3191 2628 sanctis
3234 2545 3501 2628 episcopis

1986 2626 2012 2665 P
2044 2616 2131 2670 vel
2163 2618 2375 2671 caeteris
2407 2631 2494 2685 qut
2522 2617 2573 2670 in
2603 2615 2833 2671 concilio
2859 2614 3297 2685 Carthaginensis
3318 2614 3502 2671 adfueo

1982 2696 2111 2741 runt
2140 2687 2415 2753 Ecclesiae,
2450 2685 2819 2743 dilectissimis
2856 2685 3131 2756 fratribus,
3176 2686 3230 2742 in
3274 2686 3502 2742 Domino

1989 2760 2243 2813 salutem.

1984 2867 2117 2923 Car.
2162 2868 2204 2923 l.
2222 2879 2336 2919 —q
2367 2868 2424 2924 Ιιι
2459 2869 2785 2940 requirendo
2808 2869 2877 2925 de
2906 2870 2990 2925 his
3019 2869 3180 2926 rebus
3206 2884 3340 2940 quas
3359 2871 3504 2924 omni

1913 2975 2036 3017 cum
2074 2960 2440 3018 sollicitudine
2466 2962 2623 3017 decet
2649 2978 2678 3016 a
2707 2961 3079 3018 sacerdotibus
3116 2970 3139 3000 ι·
3166 2962 3506 3031 maximeque

1914 3068 1945 3107 a
1990 3069 2118 3108 vero
2150 3053 2404 3125 justeque
2431 3064 2484 3108 et
2511 3053 2779 3109 catholico
2824 3053 3040 3109 tractari
3075 3054 3324 3120 concilio,
3369 3054 3506 3108 anti-

1916 3160 2037 3217 qua:
2076 3146 2380 3201 traditionis
2420 3146 2662 3216 exempla
2703 3158 2985 3202 servantes
3029 3156 3083 3202 et
3126 3145 3507 3201 ecclesiasticas

211 3257 320 3318 pro
347 3249 427 3302 eis
467 3246 616 3303 fusus
662 3262 784 3303 esse
834 3247 1052 3316 sanguis
1101 3246 1155 3300 in
1201 3246 1567 3301 remissionem
1618 3244 1810 3315 legitur
1837 3228 1886 3294 C
1915 3253 2187 3295 memores
2208 3238 2540 3309 disciplinas;
2567 3246 2585 3272 ³
2614 3246 2814 3293 nostrae
2841 3238 3115 3309 religionis
3140 3239 3376 3309 vigorem
3400 3252 3507 3292 non

214 3349 584 3410 peccatorum.
615 3341 931 3409 Quanquam
962 3353 1056 3409 per
1076 3337 1398 3408 baptismum
1426 3336 1622 3392 Christi
1646 3346 1807 3392 etiam

220 3430 567 3500 parvulorum
598 3429 712 3487 lieri
737 3429 1163 3499 redemptionem
1190 3428 1371 3483 libello
1402 3442 1502 3483 suo
1521 3427 1808 3484 Caelestius
1858 3492 1859 3495 η

216 3521 277 3578 in
329 3520 734 3595 Carthaginensi
781 3520 1018 3579 Ecclesia
1062 3522 1171 3591 jam
1220 3520 1500 3577 confessus
1546 3529 1650 3576 est.
1698 3519 1806 3576 Sed

290 3709 317 3738 ⁸
341 3699 462 3757 Duo
491 3700 651 3757 codd.
683 3698 926 3755 Vaticani
956 3715 1078 3756 cum
1106 3700 1262 3765 edin,
1294 3698 1382 3754 sed
1411 3714 1593 3753 moneo
1616 3708 1684 3763 te,
1733 3697 1809 3750 vel

210 3772 440 3854 impero,
463 3789 525 3853 ac
550 3772 813 3854 pracipio,
849 3772 1072 3839 Quesn.,
1099 3770 1445 3854 sednimpero,
1490 3770 1582 3854 vel
1606 3784 1808 3854 moneo,

210 3840 299 3897 vel
347 3840 615 3913 praeripio.
660 3840 965 3898 Lectionem
1012 3840 1398 3896 ms.-Vindeb.
1454 3840 1809 3910 praetulimus.

208 3913 382 3997 Dein,
432 3913 753 3997 Contradicit
796 3916 946 3969 etiam
993 3914 1209 3968 istorum
1254 3912 1510 3967 contentio
1552 3912 1605 3965 in
1650 3908 1810 3966 codd.

210 3984 383 4042 Barb.
418 3996 471 4041 et
501 3985 623 4040 Vat.
658 3985 709 4039 l.

285 4056 316 4096 δ
350 4056 488 4112 Cod.
514 4056 727 4111 Thuan.
757 4055 926 4122 addit,
971 4056 1248 4126 accipiant.
1278 4053 1465 4122 Barb.,
1504 4062 1636 4108 recte
1673 4052 1813 4105 acci-

210 4128 641 4205 piant‘vivendg,
667 4136 728 4205 ut.
745 4126 845 4205 illi,
878 4136 991 4205 etc._
1050 4195 1071 4205 _
1221 4194 1275 4205 Μ
1324 4196 1336 4205 ⁸
1391 4198 1403 4205 _
1698 4192 1730 4205 η

288 4210 314 4239 ε
346 4197 783 4282 Voces-Domini
831 4192 991 4282 nostri
1036 4195 1178 4282 Iesu.
1214 4194 1403 4251 Christi
1455 4211 1523 4253 ex
1567 4192 1817 4251 omnibus

207 4272 428 4328 metris
448 4268 724 4324 codicibus
750 4278 804 4323 et
827 4269 986 4324 editis
1010 4268 1325 4338 adjecimus.

244 4414 257 4426 .
282 4339 314 4426 «ξ
349 4339 517 4426 Vulg.
552 4342 688 4411 Aug.
720 4348 776 4396 et
803 4354 905 4395 ms.
930 4339 1130 4407 Oxou.,
1158 4339 1285 4393 illis.
1313 4337 1436 4395 Mox
1467 4337 1629 4394 iidem
1648 4336 1815 4406 vulg.,

204 4422 494 4561 furta-sd.
512 4482 698 4545 Vind..
721 4481 916 4537 Virtute
935 4480 1407 4561 enimcorroborari
1422 4481 1466 4535 si
1480 4479 1817 4561 _voluert'muf.

203 4556 489 4628 inquiunt,
542 4570 810 4622 possumus
840 4571 899 4628 ea
928 4554 1282 4628 possibilitate,
1326 4563 1432 4608 etc.
1480 4550 1635 4628 idem
1652 4557 1737 4628 est
1766 4550 1819 4628 in

203 4620 485 4698 vulgatis,
533 4620 760 4697 excepto
791 4620 957 4681 verbo
986 4625 1318 4694 voluerimus,
1364 4638 1461 4694 pro
1485 4638 1593 4692 quo
1622 4620 1825 4676 habent

201 4699 719 4835 ὀιῖἭξῨτιιωηη
748 4784 806 4823 ac
832 4769 878 4823 si
906 4784 991 4824 eos
1029 4769 1297 4839 mortifera
1346 4766 1445 4819 ista
1488 4762 1723 4818 doctrina
1769 4762 1824 4816 in

200 4851 479 4899 atansum
498 4848 661 4894 necet.

281 4923 311 4962 ι
343 4911 449 4981 Sic
478 4909 689 4965 Thuan.
728 4925 850 4966 cum
897 4911 1046 4981 vulg.
1086 4909 1364 4967 Accedunt
1409 4905 1565 4981 Vind.
1602 4912 1828 4973 uterque

1918 3330 2100 3387 minus
2127 3346 2270 3386 nunc
2293 3334 2346 3384 in
2377 3329 2732 3394 consulendo,
2756 3344 2915 3398 quam
2938 3338 3095 3385 antea
3124 3344 3245 3385 cum
3274 3344 3511 3398 pronun-

1919 3424 2160 3488 tiaretis,
2204 3438 2325 3478 vera
2357 3422 2566 3478 ratione
2592 3422 2609 3457 ί
2640 3420 2865 3475 firmatis
2890 3438 2907 3477 ς
2929 3422 3021 3490 qui
3049 3421 3114 3475 ad
3145 3429 3388 3476 nostrum
3416 3436 3507 3476 re-

1920 3517 2199 3574 ferendum
2238 3514 2576 3587 approltastis
2618 3527 2737 3569 esse
2774 3512 3057 3583 judicium.
3103 3512 3347 3569 Scientes
3379 3511 3508 3585 quid

1992 3703 2033 3732 ω
2058 3693 2237 3769 Alidem
2264 3691 2417 3769 editi,
2443 3706 2545 3744 non
2561 3689 2906 3769 linquamus.

1988 3772 2019 3801 ⁸
2058 3765 2295 3833 Uterque
2327 3756 2444 3816 Vat.
2478 3771 2533 3817 ct
2561 3761 2721 3816 Barb.
2756 3761 2841 3833 uti
2857 3767 2911 3815 et
2930 3756 3185 3833 nonnulli
3198 3756 3361 3833 codd.
3384 3756 3510 3833 βαι.

1919 3833 2081 3891 licani
2108 3851 2138 3890 a
2170 3827 2534 3891 Benedictinis
2563 3831 2844 3901 Augustini
2878 3827 3177 3884 editoribus
3198 3827 3400 3884 laudati
3422 3842 3515 3885 can

1920 3917 2046 3963 rent
2073 3906 2153 3960 itis
2180 3905 2467 3976 postremis
2497 3903 2674 3976 verbis
2706 3902 2835 3976 Ora,
2863 3909 2968 3955 etc.

1999 3986 2024 4012 θ
2068 3968 2275 4039 Exsiat,
2307 3984 2363 4031 et
2386 3974 2718 4045 recognitum
2741 3973 2841 4045 fuit
2861 3985 2986 4027 cum
3016 3968 3207 4026 iisdem
3237 3970 3515 4030 codicibus

1922 4063 2045 4104 cum
2074 4048 2268 4114 quibus
2292 4043 2599 4114 prtecedens
2621 4043 2937 4112 Capitulum.

1996 4066 2045 4104 m
2064 4066 2268 4173 amntis
2292 4066 2599 4125 przeceuens
2621 4066 2937 4112 cnpttututn.

1996 4130 2024 4170 P
2111 4133 2238 4174 oces
2257 4118 2333 4171 vel
2359 4126 2552 4170 artem
2576 4114 2873 4185 adjecimus
2904 4129 2969 4168 ex
2998 4112 3208 4168 Thuan.
3247 4122 3303 4170 et
3351 4113 3509 4185 Vind.

1924 4190 2019 4247 Sic
2056 4190 2254 4245 habent
2283 4188 2495 4242 codices
2519 4183 2718 4240 nostra:
2756 4185 3113 4250 t-ollemionis,
3146 4199 3355 4240 necnon
3388 4183 3508 4242 Vat.

1930 4262 2037 4337 let
2062 4261 2221 4337 Barh.
2247 4273 2309 4313 ac
2338 4268 2547 4313 veteres
2577 4256 2877 4337 _lsidoriani.
2915 4260 2982 4337 At
3011 4256 3514 4337 Angustiaiexem-

1926 4333 2014 4405 pla
2044 4334 2414 4405 episcoporum
2448 4330 2660 4405 numina
2692 4326 2960 4405 referunt,
2995 4325 3068 4405 uti
3102 4325 3155 4379 in
3184 4326 3514 4405 editionibus

1927 4397 2397 4458 Beneilictinorum
2430 4410 2484 4454 et
2510 4398 2829 4462 Constantii,
2858 4398 2909 4450 in
2940 4397 3135 4467 quibus
3165 4405 3286 4467 post
3311 4412 3373 4451 ea
3395 4398 3513 4467 cpi.

1929 4488 2216 4543 scoporum
2245 4474 2458 4543 nomina
2491 4469 2715 4523 habetur
2736 4477 2785 4522 et
2827 4468 3022 4521 ueteris
3050 4466 3138 4535 qui
3163 4466 3217 4520 in
3247 4464 3517 4540 Carthagi-

1931 4542 2076 4599 stensi
2102 4542 2320 4597 concilio
2348 4542 2642 4612 adfuerunt.

2005 4626 2031 4664 (ι
2072 4614 2196 4669 Haec
2215 4622 2300 4668 est
2324 4606 2519 4667 nostra:
2541 4609 2874 4665 collectionis
2894 4607 3073 4664 lectio.
3106 4606 3159 4661 In
3181 4608 3305 4663 cod.
3335 4607 3516 4675 Vind.,

1934 4687 2022 4756 qui
2055 4686 2225 4754 prima
2255 4698 2415 4738 manu
2446 4682 2607 4756 habet
2638 4680 2703 4733 In
2732 4680 2990 4756 ιέιιιιὶιιειιἶ
3023 4680 3088 4756 tle
3112 4679 3194 4732 Itis
3218 4680 3402 4756 rebus:
3432 4694 3520 4756 sea

1934 4748 2108 4812 cunda
2138 4770 2325 4809 manus
2353 4770 2418 4807 ex
2449 4755 2511 4807 de
2537 4754 2614 4806 his
2635 4748 2869 4806 correxit
2894 4750 3011 4805 Dei.
3034 4748 3150 4803 Duo
3170 4750 3329 4805 codd.
3355 4749 3517 4806 Barb.

1936 4838 1991 4883 et
2014 4828 2132 4882 Vat.
2158 4827 2183 4880 1
2212 4825 2424 4891 melius,
2457 4822 2524 4877 In
2544 4822 2864 4895 requirendis
2899 4818 2996 4874 Dei
3026 4822 3203 4895 rebus,
3236 4834 3392 4891 quam
3437 4822 3519 4876 le-

1937 4900 2169 4955 ctionem
2203 4897 2264 4952 P.
2310 4892 2652 4951 Constantius
2690 4896 2743 4947 in
2782 4893 2950 4948 tribus
2990 4892 3110 4945 aliis
3151 4906 3282 4945 mss.
3332 4899 3518 4945 nactus

201 4961 448 5060 lim-7%?
471 4961 779 5060 ιῑῦῖὲῖξίιιῖί
799 4961 1425 5060 ἕδιιέιῆίῗεὲἷιῖῐῖᾇάῖὸετ
1461 4976 1663 5044 Ουυεη·
1698 4961 1822 5031 οίιω
1858 4998 1916 5060 ιι
1940 4961 3517 5060 Prsttliiz39.9“)?.AE'QEEET'.fB‘jtSli.?.d.'§P£‘i‘l‘ifﬁ'}l

200 5054 433 5121 σπου..
462 5067 554 5108 nec
577 5053 786 5121 periisse
811 5068 928 5105 eum
959 5053 1022 5107 iis
1051 5052 1114 5105 de
1135 5051 1339 5121 quibus,
1373 5057 1480 5121 etc.

276 5124 312 5164 λ
345 5118 534 5182 codd.
576 5118 734 5177 Barb.
772 5131 827 5179 et
865 5121 987 5179 Vat.
1029 5118 1157 5178 cum
1188 5118 1358 5193 vulg.,
1400 5119 1534 5175 nihil
1562 5127 1635 5174 est
1671 5118 1725 5172 in
1753 5118 1827 5172 eis

196 5197 489 5253 vitiatum.

282 5266 305 5308 ί
358 5268 478 5324 Ms.
510 5265 697 5333 Barb.,
726 5282 815 5321 nec
843 5282 937 5336 pro
955 5266 1027 5320 eis
1054 5267 1301 5336 fususgest
1332 5262 1545 5336 sanguis
1566 5261 1621 5336 in
1645 5260 1828 5336 remis-

199 5340 448 5413 sionem,
490 5346 547 5413 ut
568 5331 1170 5413 _legitttr,__pe_ccatoruttt.
1191 5334 1321 5413 _Vat.
1352 5335 1403 5399 1,
1431 5331 1488 5387 ut
1526 5331 1825 5413 legiturnsi-

196 5400 444 5468 aniliter
459 5400 699 5464 exhibet.
718 5400 858 5463 Edit'.
886 5407 1082 5464 Bened.
1109 5416 1163 5463 et
1183 5406 1366 5462 Const.
1383 5418 1504 5459 cum
1528 5400 1825 5472 potioribus

193 5495 387 5564 mss"
426 5496 521 5564 nec
544 5494 640 5564 pro
666 5480 739 5535 eis
766 5479 909 5564 [usus
934 5489 1008 5534 est
1029 5478 1255 5552 sanguis,
1285 5478 1373 5548 qui
1398 5478 1541 5547 [usus
1566 5474 1618 5527 in
1648 5475 1826 5526 remis-

194 5553 428 5613 sionem
455 5551 642 5623 legitur
673 5560 1017 5623 peccatorum.

282 5623 302 5676 i
359 5623 455 5679 lta
489 5614 685 5679 omnes
706 5622 872 5676 nostri
903 5621 1061 5678 codd.
1093 5635 1215 5678 cum
1239 5619 1453 5677 Thuan.
1492 5625 1548 5675 et
1571 5614 1825 5687 vulgatis.

195 5692 587 5768 genusgenus1
612 5701 921 5768 evertuntur.

276 5765 314 5809 ι
362 5764 522 5823 Edit.
554 5763 709 5819 Rom.
742 5763 890 5819 addit
910 5762 1120 5820 astutia.

282 5836 315 5893 ι
363 5836 532 5901 Edit.
557 5834 756 5891 Bened.
782 5844 839 5891 et
862 5834 1075 5898 Coust..
1096 5846 1311 5898 necant.

526 5930 1009 6052 PsnosLEVI.

1944 5030 2368 5114 'papzrminserta
2392 5036 2594 5114 actioni
2629 5030 2879 5114 secundae
2903 5032 3115 5114 concilii
3145 5030 3519 5114 Laternnensis

1935 5101 2037 5168 iub
2061 5112 2121 5168 S.
2144 5110 2371 5166 Martino
2392 5109 2437 5173 Ι,
2460 5107 2586 5162 dum
2613 5105 2819 5161 exordii
2842 5102 3136 5159 sententias
3161 5101 3324 5173 sumit
3343 5115 3414 5157 ex
3438 5101 3521 5156 his

1886 5209 1892 5215 -
1936 5184 2131 5240 litteris
2159 5171 2478 5245 Innocentii,
2502 5178 2746 5233 eamdem
2768 5176 3049 5231 lectionem
3070 5171 3369 5245 confirmat.

1991 5220 2568 5323 Τᾚιιῖξῖξυῖιῖἕπέιῆονα
2594 5263 2733 5317 vero.
2764 5246 2894 5302 Post
2927 5257 3095 5315 pauca
3125 5242 3316 5311 Garn.,
3348 5256 3519 5297 serva-

1936 5335 2052 5433 ‘ms.
2078 5395 2246 5452 Garri.
2278 5393 2446 5451 Labb.
2471 5400 2526 5448 et
2544 5391 2753 5456 Coust.,
2780 5396 2975 5442 vestras.
3001 5384 3133 5456 Dein
3148 5381 3339 5456 _Vat._l,
3369 5399 3525 5456 quem

1939 5477 2209 5538 antequam
2251 5464 2643 5538 retro‘epistola
2685 5452 3103 5538 pronuntiaretis.
3141 5452 3337 5538 Simile
3362 5452 3524 5525 quip-

1936 5527 2105 5611 ρίειάι
2139 5537 2233 5621 89¢
2254 5527 2511 5621 Ψευάοέε
2538 5527 3030 5621 lenaeum
3070 5541 3224 5596 ηαυπτ
3249 5535 3367 5581 an“
3393 5541 3522 5596 ηκο-

1937 5608 2057 5665 rum
2094 5609 2361 5681 epistolam
2388 5622 2507 5660 cum
2534 5608 2953 5676 pronuntiantis.
3409 5668 3420 5679 '

2017 5683 2035 5719 τ
2080 5678 2387 5751 Legendum
2409 5692 2529 5751 eum
2561 5674 2680 5751 Vat:
2715 5671 2741 5724 1
2764 5678 2822 5727 et
2840 5670 3041 5751 _Ba_r_b.,
3071 5665 3529 5751 consentientibus

1939 5752 2089 5822 vulg.
2116 5738 2312 5808 BEned.
2334 5756 2392 5803 et
2409 5748 2617 5814 Cunst.,
2636 5743 2899 5818 firmastis.
2923 5740 3041 5799 Mox
3063 5739 3210 5801 solus
3228 5738 3418 5809 Gai-tn,
3440 5739 3530 5810 qui

1945 5824 2011 5884 ds
2039 5837 2194 5883 causa
2218 5824 2284 5881 ad
2314 5826 2565 5879 nostrum.
3166 5853 3171 5858 .

3123 5904 3201 5974 15
