3992 6348
556 303 665 365 ωδ

1480 299 1822 360 ΔΡΡΕΝΟΙΧ
1859 297 1950 358 ΑΙ)
1984 299 2042 359 8.
2083 299 2140 358 LI

2248 300 2324 361 US
2360 299 2576 360 HAGNI
2611 300 2858 362 OPERA.
3629 310 3706 370 tu

556 417 768 490 longius
795 429 827 473 a
852 430 977 474 vera
1004 414 1261 487 religione
1296 414 1561 485 fugerunt.
1600 413 1735 469 Cum
1775 413 1920 469 enim
1960 421 2130 469 totum
2158 415 2216 477 Α
2236 422 2402 481 totus,
2430 428 2498 471 ne
2523 429 2707 470 verum
2735 413 2749 464 ἱ
2778 412 3298 483 aspicerent,eorum
3317 414 3568 475 fiedabatur
3584 429 3627 476 et
3645 438 3707 478 ca-

554 510 663 567 hoc
706 509 759 564 in
790 519 974 565 nostra
1012 505 1343 579 professione
1382 504 1662 575 consistat,
1706 504 2135 576 quotidianisque

554 600 812 675 precibus
846 597 981 655 nihil
1015 612 1257 670 agamus,
1294 596 1397 653 nisi
1430 596 1881 668 quemadmodum
1910 596 2006 653 Dei
2036 596 2135 652 mi-

554 690 908 752 sericordiam
942 699 969 728 ⁸
1005 704 1437 760 consequamur;
1489 687 1938 759 quemadmodum
1996 688 2137 743 ferre

556 800 845 860 possumus
874 785 973 841 ista
990 782 1295 854 iactantes?
1322 781 1473 851 Quis,
1501 796 1653 853 rogo,
1684 792 1897 853 pectora
1923 781 2133 837 illorum

558 885 743 933 tantus
770 889 921 932 error
943 874 1201 941 obcaecat,
1241 881 1321 941 ut,
1350 872 1396 928 si
1423 872 1524 942 ipsi
1555 872 1759 927 nullam
1786 871 1880 927 Dei
1908 870 2133 942 gratiam

555 968 817 1037 sentiunt,
851 968 974 1040 quia
1016 982 1115 1023 nec
1140 966 1286 1037 digni
1315 974 1465 1033 sunt,
1493 980 1595 1023 nec
1624 976 1917 1032 merentur,
1939 980 2040 1021 nec
2068 966 2135 1020 de

555 1058 678 1116 aliis
703 1058 1069 1127 considerent,
1096 1057 1222 1131 quid
1248 1057 1487 1129 quotidie
1511 1056 1735 1125 singulis
1754 1059 1921 1127 gratia
1959 1056 2137 1112 divina

554 1147 851 1221 largiatur?
879 1150 1021 1207 Sunt
1045 1148 1260 1221 quidem
1292 1149 1382 1205 isti
1400 1147 1429 1187 δ
1456 1163 1644 1205 omnes
1672 1149 1911 1205 caecitate
1935 1148 2139 1217 dignis-

555 1242 701 1308 simi,
725 1243 815 1314 qui
846 1258 944 1299 nec
983 1243 1086 1299 hoc
1112 1243 1213 1299 sibi
1244 1243 1596 1313 reliquerunt,
1629 1250 1687 1298 ut
1712 1256 1771 1298 se
1792 1244 1995 1297 auxilio
2015 1256 2136 1298 cre-

556 1334 687 1392 dant
728 1337 970 1392 revocari
1008 1336 1077 1390 ab
1114 1334 1386 1391 erroribus
1427 1348 1585 1406 posse
1630 1334 1842 1391 divino:
1887 1344 2141 1404 negantes

558 1429 706 1486 enim
724 1441 746 1469 ε
782 1429 881 1487 Dei
910 1428 1259 1500 adjutorium,
1303 1442 1409 1483 non
1440 1428 1584 1495 aliis,
1613 1427 1708 1483 sed
1736 1427 1835 1482 sibi
1867 1427 1970 1483 hoc
1992 1425 2138 1496 peni-

557 1530 650 1578 tus
691 1520 1043 1581 abstulerunt.
1089 1520 1191 1589 Qui
1238 1519 1503 1575 avellendi
1548 1529 1672 1576 sunt
1712 1520 1940 1591 longius,
1986 1529 2040 1574 et
2075 1520 2143 1575 ab

558 1611 819 1670 Ecclesiae
859 1611 1047 1682 procul
1071 1610 1382 1667 removendi
1410 1610 1736 1666 visceribus:
1773 1606 1799 1646 ά
1832 1625 1900 1666 ne
1944 1610 2143 1665 diutius

557 1704 729 1764 multa
765 1719 1052 1776 occupans,
1085 1702 1397 1759 insanabilis
1435 1712 1558 1774 post
1586 1716 1738 1758 error
1764 1703 2047 1757 increscat.
2083 1700 2142 1757 Si

2241 507 2439 579 ligabat
2465 516 2713 578 aspectus
2728 548 2742 573 ,
2772 505 3027 562 damnent
3049 504 3167 562 haec
3192 522 3305 577 qua:
3327 508 3559 582 hucusque
3573 527 3709 571 sense

2242 609 2399 668 runt,
2443 610 2499 657 et
2543 599 2827 672 aliquando
2871 600 3106 655 animum
3153 601 3309 657 rectis
3349 601 3711 675 disputationibus

2240 693 2681 760 commodantes,
2726 693 2794 748 ab
2834 692 2934 748 hac
2988 692 3366 765 aliquantulum
3407 695 3508 752 labe
3543 700 3713 754 conecti

2241 784 2383 841 veris
2407 785 2509 840 sek
2534 783 2802 838 sanandos
2832 782 3070 838 consiliis
3101 783 3332 839 tribuant
3361 794 3501 856 atque
3530 789 3717 843 summit-

2240 886 2375 933 tant.
2414 875 2564 945 Quod
2595 875 2641 931 si
2684 874 2925 940 fecerint,
2958 876 3061 931 erit
3098 875 3152 931 in
3197 885 3442 946 potestate
3479 878 3716 945 pontiﬁcum

2240 968 2349 1026 illis
2385 969 2717 1040 aliquatenus
2752 968 3074 1033 subvenire,
3123 976 3177 1023 et
3226 967 3421 1023 talibus
3438 968 3627 1039 aliquam
3656 968 3720 1023 cué

2241 1080 2356 1121 ram
2398 1074 2653 1134 praestare
2699 1062 3044 1131 vulneribus,
3092 1076 3249 1131 quam
3283 1062 3408 1116 solet
3444 1061 3596 1130 lapsis,
3635 1076 3720 1115 cum

2242 1156 2585 1226 resipuerint,
2621 1144 2858 1211 Ecclesia
2889 1169 2995 1209 non
3020 1169 3250 1225 negare:
3283 1163 3338 1209 ut
3370 1168 3397 1208 a
3430 1154 3527 1208 suis
3548 1152 3722 1208 revocati

2243 1248 2581 1319 pratcipitiis,
2610 1246 2748 1301 intra
2770 1246 2913 1302 ovile
2933 1245 3143 1300 Domini
3170 1243 3187 1282 1
3222 1245 3509 1315 redigantur
3533 1262 3544 1297 :
3564 1259 3617 1298 ne
3633 1242 3722 1297 foris

2244 1339 2427 1410 positi,
2454 1346 2511 1395 et
2529 1348 2570 1375 ω
2596 1346 2746 1393 tanto
2774 1336 3022 1407 praesidio
3045 1336 3161 1391 aede
3187 1351 3217 1390 a
3251 1336 3349 1390 ﬁde
3374 1334 3639 1389 munitionis
3659 1348 3726 1387 cx-

2244 1431 2400 1498 clusi,
2428 1430 2680 1500 periculis
2705 1428 2956 1485 omnibus
2979 1437 3330 1500 exponentur,
3354 1426 3605 1483 devorandi
3623 1426 3726 1494 lupo-

2247 1540 2366 1580 rum
2390 1523 2642 1579 dentibus
2662 1532 2823 1592 atque
2856 1520 3083 1577 vexandi
3107 1537 3123 1586 ;
3174 1521 3363 1591 quibus
3391 1518 3613 1573 obsistere
3642 1516 3727 1581 hic,

2245 1630 2352 1688 qua
2371 1616 2492 1671 illos
2520 1615 2573 1669 in
2603 1628 2661 1669 se
2688 1613 3052 1680 irritaverant,
3065 1611 3321 1667 doctrinas
3339 1609 3640 1680 perversitate
3656 1621 3728 1660 non

2247 1719 2489 1780 possunt.
2522 1707 2627 1763 Sed
2658 1707 2788 1762 satis
2812 1706 3007 1762 vestris
3030 1706 3251 1760 monitis
3275 1714 3301 1741 ιι
3321 1714 3372 1760 et
3389 1702 3459 1758 sic
3481 1701 3591 1758 satis
3610 1699 3729 1754 abun-

561 1797 707 1854 enim
738 1796 830 1852 diu
856 1797 1052 1853 fuerint
1081 1796 1181 1852 sub
1202 1796 1302 1850 hac
1330 1794 1645 1865 impunitate
1676 1795 1897 1861 versati,
1921 1808 2143 1850 necesse
2172 1811 2222 1872 Β
2246 1800 2498 1855 dantibus
2528 1808 2724 1855 nostrae
2740 1798 2875 1867 legis
2903 1796 3161 1867 exemplis
3188 1797 3434 1867 probatur
3446 1807 3551 1849 esse
3570 1805 3731 1861 respon-

561 1898 648 1944 est
666 1897 689 1925 °
710 1888 907 1943 multos
924 1890 977 1943 in
998 1888 1133 1943 hanc
1155 1902 1267 1943 sua
1295 1887 1609 1956 pravitatem
1638 1886 1831 1941 mentis
1862 1885 2133 1953 inducant,

562 1978 939 2051 decipiantque
966 1980 1300 2048 innocentes,
1332 1979 1413 2034 vel
1446 1980 1623 2049 potius
1650 1978 2140 2048 imprudentes,qui

560 2070 725 2127 ﬁdem
768 2071 1086 2127 catholicam
1128 2069 1148 2109 ί
1192 2084 1299 2126 non
1336 2078 1652 2142 sequuntur.
1690 2070 1958 2125 Putabant
1995 2070 2138 2126 enim

560 2177 658 2221 eos
684 2174 832 2222 recte
857 2166 1079 2232 sentire,
1110 2177 1246 2235 quos
1272 2161 1448 2219 adhuc
1467 2163 1649 2219 vident
1671 2162 1725 2217 in
1758 2161 1998 2217 Ecclesia
2020 2176 2141 2232 per-

558 2258 776 2315 durare.

633 2350 759 2406 Car.
794 2349 883 2406 Vl.
914 2378 983 2391 —-
1005 2350 1299 2420 Separetur
1325 2363 1455 2419 ergo
1482 2363 1513 2402 a
1542 2361 1676 2403 sano
1697 2362 1924 2415 corpore
1951 2346 2144 2401 vulnus

558 2441 830 2507 insanum,
859 2451 1176 2511 remotoque
1205 2439 1379 2495 morbi
1408 2438 1682 2495 saevientis
1708 2437 1911 2505 afﬂatu,
1935 2437 2143 2493 cautius

559 2547 681 2604 qua:
707 2542 832 2589 sunt
860 2533 1068 2590 sincera
1099 2532 1421 2603 perdurent;
1463 2539 1519 2586 et
1556 2546 1688 2600 grex
1733 2531 1918 2601 purior
1946 2531 2013 2586 ab
2044 2532 2144 2587 hac

558 2630 687 2688 mali
718 2632 927 2703 pecoris
957 2630 1275 2700 contagione
1303 2635 1579 2697 purgetur.
1608 2625 1689 2681 Sit
1712 2634 1737 2673 8
1769 2625 1932 2681 totius
1953 2640 2145 2694 corpo-

558 2726 636 2782 ris
662 2725 860 2781 illibata
882 2723 1164 2795 perfectio,
1190 2737 1348 2793 quam
1373 2736 1470 2775 vos
1490 2719 1640 2790 sequi
1664 2727 1719 2774 et
1740 2728 1943 2784 tenere,
1967 2718 2069 2775 hac
2089 2719 2143 2773 in

558 2818 686 2876 Illos
724 2819 1157 2891 pronuntiatione
1194 2815 1575 2887 cognovimus;
1621 2822 1674 2868 et
1720 2828 1823 2868 una
1869 2812 2145 2867 vobiscum

561 2912 679 2982 pari
706 2914 1017 2967 assensione
1046 2910 1074 2948 ιι
1096 2910 1391 2966 firmamus.
1430 2909 1529 2977 Qui
1558 2909 1603 2963 si
1634 2915 1815 2962 tamen
1851 2904 2065 2976 aliquod
2091 2907 2142 2961 in

562 3018 626 3061 se
654 3001 751 3059 Dei
775 2990 1120 3072 adjuturium,
1149 3002 1307 3074 ιω
1325 3001 1467 3071 quod
1496 3002 1770 3069 hucusque
1793 3007 2141 3070 negaverunt,

564 3095 998 3163 provocaverint,
1030 3094 1045 3131 ί
1082 3095 1160 3165 (et
1183 3108 1318 3162 opus
1346 3093 1445 3148 sibi
1462 3092 1577 3161 ejus
1600 3092 1798 3146 auxilio
1813 3107 1932 3146 esse
1947 3106 2146 3159 cogno-

564 3183 764 3253 verint)
796 3193 853 3237 ut
882 3184 949 3238 de
978 3183 1078 3237 hac
1102 3184 1221 3237 labe
1251 3184 1304 3236 in
1329 3199 1431 3252 qua
1460 3184 1542 3237 sui
1569 3183 1746 3237 cordis
1776 3181 2143 3239 incurvatione
2171 3182 2217 3246 C

565 3269 905 3341 coiiuerant,
954 3275 1279 3338 liberentur;
1326 3282 1381 3327 et
1416 3274 1565 3343 quasi
1606 3276 1657 3329 in
1696 3275 1868 3329 lucem
1899 3275 1966 3329 de
1999 3274 2139 3330 fmda

570 3364 721 3423 tracti
752 3364 1001 3435 caligine,
1034 3364 1258 3419 remetis
1288 3363 1651 3436 abdicatisque
1677 3365 1925 3422 omnibus
1951 3367 2144 3436 quibus

638 3508 665 3537 ⁸
704 3500 890 3564 Garn.,
922 3502 1292 3569 consequimur.

634 3570 665 3609 ι’
701 3572 901 3627 Bened.
934 3572 1117 3626 Const.
1146 3587 1265 3626 cum
1298 3569 1485 3637 Garn.,
1520 3573 1658 3625 omni
1687 3574 1931 3628 ewcitate.

619 3652 662 3680 -ε
702 3641 863 3696 Vind.
902 3658 1001 3695 ms.
1045 3657 1166 3696 cum
1210 3642 1483 3697 Benedict.
1531 3652 1586 3697 et
1623 3643 1806 3697 Const.
1848 3645 1995 3699 delet
2028 3641 2144 3697 Dei.

565 3714 702 3771 Dein
730 3713 918 3779 Gztrn.,
955 3712 1127 3775 Quare
1152 3713 1423 3765 avellendi.

636 3782 666 3821 ιί
703 3781 890 3864 Const.
921 3796 1064 3835 cum.
1107 3781 1330 3846 Bened.,
1366 3798 1427 3864 ire
1453 3784 1764 3864 diuinultus
1804 3790 1970 3839 multa
1998 3801 2147 3841 occu-

1164 3871 1185 3904 δ

564 3869 718 3926 pana,
746 3852 957 3912 melius,
989 3860 1044 3903 ut
1071 3866 1136 3905 ex
1164 3852 1507 3920 sequentibus
1532 3854 1718 3924 liquet.

644 3932 667 3958 ο
704 3921 929 3988 Quesn.,
962 3922 1165 3993 multas
1192 3923 1243 3973 in
1272 3922 1404 3973 hanc
1441 3940 1588 3976 suam
1615 3926 1915 3993 pravitatem
1941 3929 2140 3982 mentis.

566 3994 749 4048 Secuti
806 4006 987 4045 sumus
1036 3992 1189 4044 codd.
1244 4006 1505 4059 excusas,
1556 3992 1960 4050 concinentibus
2014 4014 2141 4053 mss.

567 4063 780 4134 Tliuan.
811 4071 864 4116 et
898 4060 1057 4115 Vind.
1090 4076 1153 4134 ac
1194 4062 1377 4127 Barb.,
1413 4066 1500 4131 qui
1530 4064 1634 4119 duo
1662 4069 1918 4134 postremi
1949 4068 2145 4124 habent

567 4132 827 4190 mendose
851 4134 1034 4184 multos
1055 4136 1105 4183 in
1134 4133 1227 4185 liac
1255 4149 1347 4185 sua
1373 4135 1617 4202 pravitate
1648 4132 1848 4189 mentis.

647 4204 667 4243 τ
710 4203 866 4257 Nolat
894 4202 1248 4267 Quesnellus:
1284 4201 1444 4257 ϐαίη.
1491 4222 1650 4259 nunc.
1698 4205 1911 4261 Videtur
1937 4208 2139 4263 melius.

566 4276 767 4346 Legum
811 4281 973 4346 tamen
1022 4289 1129 4346 non
1153 4274 1305 4346 codd.
1354 4276 1495 4338 editi,
1542 4289 1586 4329 et
1638 4294 1759 4331 mss.
1809 4279 1931 4341 duo,
1979 4280 2028 4332 id
2061 4291 2144 4335 est

564 4343 776 4417 fl‘h'uan.
808 4343 1058 4417 etOxon.
1078 4345 1149 4417 ita
1169 4345 1365 4417 pariter
1394 4346 1744 4417 inVind.,qui
1776 4350 1985 4403 codices
2006 4349 2144 4405 hanc

566 4416 850 4473 lectionem
869 4414 1023 4479 hujus
1038 4414 1367 4468 collectionis
1388 4419 1654 4484 propriam
1673 4414 1982 4481 ostendunt,
2003 4426 2142 4475 unde

566 4502 599 4541 a
622 4487 775 4539 nobis
807 4499 1015 4552 quoque
1047 4485 1182 4537 hanc
1206 4486 1580 4541 collectionem
1610 4490 1837 4543 edituris
1859 4491 2139 4545 retinenda

566 4557 688 4611 fuit.
722 4554 858 4609 Nihil
891 4570 1018 4607 vero
1033 4556 1356 4626 ramﬁbigimus
1376 4572 1505 4626 qu;n
1544 4573 1671 4613 vera
1701 4561 1857 4615 lectio
1883 4560 1950 4612 sit
1981 4578 2138 4625 nunc,

566 4642 689 4694 quin
712 4627 992 4693 praefertur
1030 4625 1083 4677 in
1114 4624 1229 4676 Vat.
1267 4629 1317 4690 l,
1342 4624 1658 4683 etsecunda
1702 4645 1859 4683 manu
1893 4631 1947 4683 in
1981 4624 2137 4687 Vind.

569 4695 914 4752 Constantius
926 4694 1186 4762 ejusmodi
1203 4695 1482 4750 lcetionem
1497 4701 1745 4755 nactusin
1760 4701 1964 4756 duobus
1977 4703 2137 4756 codd.

569 4766 732 4822 Corh.
762 4776 816 4819 et
844 4762 1124 4835 Germ.uti
1152 4779 1331 4818 veram
1354 4771 1572 4835 recepit.

643 4846 668 4884 ε
700 4836 807 4889 Vox
837 4836 988 4888 totius
1012 4834 1297 4899 Qucsnello
1328 4834 1541 4893 excidit.

572 4939 578 4945 -
640 4903 668 4942 ιι
696 4903 1094 4983 Codd.__Vind.,
1138 4905 1291 4983 δέτι).
1334 4918 1385 4983 et
1432 4909 1633 4983 Vat._l,
1667 4924 1789 4964 cum
1820 4911 1938 4965 aliis
1971 4912 2139 4983 vulg.,

566 4992 844 5051 carpantur.
871 4975 991 5051 illex
1019 4976 1345 5051 pru_aliquod
1374 4979 1515 5051 vulg.
1540 4975 1747 5035 Concil.
1772 4975 2069 5051 aliquando;

550 5086 553 5091 λ
646 5046 662 5085 ί
708 5046 868 5118 Uncis
890 5045 1167 5100 incluSaiu
1193 5049 1425 5118 antiquis
1445 5046 1801 5106 Conciliorum
1824 5045 2145 5109 editionibns

565 5117 961 5175 desiderantur.

645 5193 659 5261 i
710 5186 864 5261 Vulg.
896 5186 1098 5261 Concil.
1128 5202 1249 5261 cum
1279 5188 1488 5258 Coust.,
1519 5192 1783 5261 aspiceret.

636 5257 665 5332 ll
704 5257 1020 5332 Quesnellus
1047 5258 1224 5332 omisit
1249 5257 1538 5332 sanandos,
1566 5257 1631 5315 eo
1671 5263 1810 5332 quod
1836 5262 1951 5317 haec
1978 5279 2077 5318 vox
2113 5279 2141 5318 a

564 5329 678 5386 suis
702 5328 973 5383 codicibus
997 5329 1301 5383 excidisset.
1336 5331 1659 5385 lnsernimus
1680 5328 1855 5386 autem
1884 5348 2005 5388 cum
2038 5349 2137 5388 ins.

564 5399 729 5454 Vind.
762 5398 919 5467 hujus
945 5398 1273 5453 collectionis
1295 5402 1532 5469 proprio.
1568 5404 1971 5458 concinentibus
2013 5405 2146 5458 duo-

568 5469 824 5542 bus_Vat._
837 5478 891 5522 ct
916 5469 1075 5542 Barb.
1104 5468 1327 5542 aliisque
1352 5468 1597 5539 vulgatis.
1635 5474 1763 5527 Dein
1786 5473 1891 5525 istis
1916 5488 2012 5542 pro
2040 5475 2147 5528 illis

568 5540 626 5594 in
643 5540 767 5610 _Va_t.
798 5539 835 5591 2
858 5548 910 5594 et
939 5539 1057 5610 aliis
1083 5539 1241 5594 editis
1268 5542 1684 5610 exemplaribus.

642 5606 664 5646 ι
706 5608 893 5671 Garn.,
918 5608 1245 5664 reducantur.
1429 5606 1463 5671 ⁷,

642 5676 681 5699 “
720 5679 944 5752 Queen”
977 5696 1009 5732 a
1034 5689 1189 5752 tanta
1235 5682 1473 5752 prasidio
1516 5683 1623 5737 (ede
1662 5684 1982 5751 munitionis,
2010 5694 2063 5740 et
2092 5686 2143 5742 iu

557 5751 813 5825 margine
840 5763 938 5827 pro
962 5750 1070 5807 ede
1091 5750 1245 5808 notat
1272 5753 1425 5827 Vulg.
1447 5769 1478 5808 a
1500 5753 1621 5827 ﬁde.
1648 5754 1795 5815 Hanc
1815 5750 2145 5830 vulgatorum

2167 4794 2222 4855 D

2244 1906 2394 1956 sum;
2435 1905 2536 1946 nec
2574 1889 2864 1960 quidquam
2901 1902 3187 1959 superesse
3225 1886 3463 1941 duximus
3492 1881 3610 1952 quod
3630 1880 3733 1935 dica-

2241 1998 2360 2039 mus
2389 2001 2401 2035 :
2434 1999 2558 2037 cum
2585 1980 2720 2036 nihil
2754 1980 3170 2051 praetermissum
3193 1994 3222 2033 a
3250 1976 3416 2043 vobis,
3446 1974 3561 2029 nihil
3582 1977 3734 2027 constet

2241 2091 2362 2133 esse
2402 2090 2774 2145 suppressum,
2814 2088 2922 2145 quo
2950 2074 3026 2129 illi
3065 2071 3282 2129 refutati
3320 2080 3371 2126 et
3407 2069 3590 2141 penitus
3619 2076 3735 2134 agno-

2240 2179 2457 2226 scantur
2472 2183 2590 2225 esse
2609 2167 2862 2234 convicti,
2876 2166 3103 2237 ideoque
3123 2181 3151 2220 a
3173 2164 3329 2221 nobis
3350 2159 3614 2218 testimonia
3634 2153 3733 2210 nulla

2241 2269 2542 2331 ponantur:
2570 2259 2691 2329 quia
2715 2267 2770 2313 et
2796 2257 2881 2312 his
2912 2257 3070 2326 plena
3101 2255 3293 2311 relatio
3322 2261 3422 2317 est,
3451 2260 3500 2306 et
3523 2247 3629 2304 satis
3646 2258 3735 2300 coo-

2243 2361 2370 2418 stat,
2406 2360 2431 2387 °
2465 2360 2523 2405 nt
2542 2349 2885 2407 doctissimos
2907 2347 3242 2414 sacerdotes,
3271 2354 3451 2400 cuncta
3477 2340 3657 2402 dixisse,
3670 2346 3737 2388 nec

2243 2443 2399 2499 decet
2425 2442 2647 2498 credere
2674 2456 2769 2497 vos
2791 2440 2996 2510 aliquid
3021 2439 3163 2510 quod
3186 2439 3254 2494 ad
3276 2451 3479 2494 causam
3497 2432 3634 2505 possit
3653 2440 3739 2499 pro-

2243 2533 2425 2604 ficere,
2442 2533 2787 2605 praeteriisse.
2804 2531 2872 2587 Et
2884 2531 2988 2587 alia
3000 2548 3174 2589 manu.
3194 2531 3339 2587 Bene
3355 2529 3532 2593 valete,
3547 2524 3738 2580 lntrcst.

2656 2669 2816 2742 14],
2847 2669 3243 2727 CAPITULUM
3289 2669 3415 2725 Vlll.

2246 2784 2435 2857 Incipit
2460 2798 2487 2838 «ι
2514 2788 2727 2857 epistola
2751 2786 3033 2841 Milevitani
3057 2787 3265 2841 concilii
3284 2788 3350 2839 ad
3372 2783 3583 2857 eumdem
3599 2788 3735 2847 papam

2598 2856 2754 2911 Urbis
2784 2868 2959 2910 contra
2981 2858 3178 2912 eosdem
3200 2856 3478 2912 hwreticos.

2248 2942 2475 3004 Domino
2498 2944 2824 3014 beatissimo,
2841 2950 3133 3016 meritoque
3150 2946 3437 3003 venerabili
3457 2954 3510 3018 et
3522 2944 3568 2998 in
3584 2940 3742 3018 Christo

2320 3020 2633 3073 honorando
2660 3009 2822 3087 Papae
2840 3009 3176 3083 inuocaurto,
3207 3019 3463 3075 SILVANUS
3481 3014 3648 3087 Senes.
3667 3009 3743 3062 Vt-

2319 3103 2595 3155 LENTINUS,
2627 3081 2923 3157 Audemus,
2950 3081 3215 3153 Dominus,
3250 3091 3583 3157 Bssrtruros,
3609 3081 3747 3137 Locu-

2318 3177 2434 3221 sus.
2470 3162 2709 3223 Aunus,
2761 3155 3116 3227 Aususrtnus,
3160 3161 3508 3218 PLACENTIUS,
3546 3155 3744 3227 Severus.

2321 3221 2704 3295 Fonrumrus,’
2729 3230 3014 3295 Possumus,
3050 3221 3320 3290 Neurus.
3354 3230 3619 3287 Secessus,
3643 3221 3749 3275 lliu-

2320 3317 2562 3366 RENTIUS,
2593 3300 2725 3362 Leo,
2752 3300 3160 3364 Frusrmmus,
3182 3302 3519 3361 CBESCONIUS,
3543 3297 3746 3353 Mimans.

2320 3372 2635 3437 Ltrronws,
2682 3370 3061 3437 Fonroasrus,
3119 3373 3403 3438 Dosuus,
3431 3380 3451 3407 τ
3500 3368 3746 3422 Postumus.

2253 3506 2535 3562 lectionem
2566 3507 2895 3563 restituimus
2921 3522 2989 3561 ex
3014 3505 3200 3571 Vind.,
3228 3507 3388 3562 Barb.
3416 3512 3467 3560 et
3490 3499 3657 3571 ναίει.

2318 3586 2347 3614 ιι
2386 3578 2609 3644 Quesn.,
2637 3590 2684 3632 et
2724 3576 3276 3648 superabuitdantibus.
3312 3574 3500 3648 Bened.
3526 3581 3573 3628 et
3597 3570 3748 3648 Cogit.

2246 3636 2485 3713 monitis,
2515 3636 3004 3702 sic'abundaiitibus.
3056 3648 3366 3704 Lectionem
3398 3636 3753 3718 volgatani‘llop-

2248 3704 2490 3789 ciliorum
2512 3721 2880 3789 revocavimus
2896 3734 3017 3773 cum
3033 3728 3263 3789 quatuor
3285 3704 3750 3773 nostris'niss.Vind.,

2247 3788 2408 3843 Barh.
2442 3798 2495 3844 et
2518 3788 2726 3843 duobus
2758 3788 2872 3843 Vat.

2322 3868 2345 3894 ο
2383 3858 2571 3927 Garn.,
2627 3862 2750 3914 satis
2808 3867 3004 3913 constat
3056 3869 3126 3913 tot
3176 3860 3494 3915 doctissimos
3535 3848 3758 3927 sacerdng

2247 3941 2428 3983 cuncta
2467 3910 3485 3997 dixisse:
3523 3931 3651 3979 recte.

2246 4000 2384 4055 hanc
2414 4002 2695 4055 lectionem
2728 4016 2846 4056 cum
2879 3990 3041 4055 codd.
3066 4003 3491 4057 consentientem
3514 3990 3758 4060 tecet)”.um

2248 4071 2351 4125 PP.
2374 4072 2550 4125 Beued
2576 4072 2703 4125 ctini
2730 4073 2778 4125 in
2802 4071 3084 4142 edit.Aug.
3108 4081 3160 4126 et
3190 4075 3251 4128 ι’,
3291 4059 3628 4125 Constantius,
3653 4059 3758 4142 Iden!

2246 4142 2450 4207 Quesn.
2476 4142 2741 4211 vulgatam
2772 4125 3131 4197 Conciliortlim
3149 4125 3441 4197 lectionem
3463 4143 3659 4211 agnostro
3680 4125 3758 4211 col:

2249 4202 2450 4267 lcctore
2471 4202 2811 4282 approbatam
2831 4224 3044 4267 secutus
3067 4222 3168 4268 est.
3186 4213 3378 4269 Solum
3394 4202 3761 4282 addiditrosgnlf

2245 4264 2483 4406 Ξυπεταῖ
2504 4264 2685 4353 una
2707 4264 3481 4338 sustinemus;austeritate
3518 4276 3621 4333 cod.
3646 4264 3757 4323 Vind.

2283 4356 2389 4406 eiet
2404 4353 2563 4406 imus.

2283 4356 2389 4408 elei
2404 4353 2563 4408 imus.

2318 4434 2344 4472 ρ
2383 4425 2675 4479 Garnerius
2703 4435 2845 4478 audit
2859 4442 2884 4494 ξ
2909 4439 2959 4477 νι
2985 4423 3091 4481 kal.
3121 4423 3401 4479 Februarii
3423 4428 3529 4494 post
3548 4410 3762 4494 Περιφξῆ

2245 4510 2336 4547 vui
2364 4478 2409 4548 et
2442 4478 2587 4547 Junii
2630 4495 2811 4557 Quarti
2849 4478 3088 4548 Palladii
3116 4478 3476 4559 consulatum;
3504 4490 3595 4559 vel,
3624 4492 3669 4537 υι
3688 4478 3761 4559 lla?

2247 4564 2395 4625 bent,
2423 4565 2592 4631 inquit
2615 4556 2726 4629 ille,
2750 4564 2839 4618 alii
2868 4565 3105 4632 codices,
3130 4564 3373 4619 Honorio
3397 4556 3510 4619 xt’et
3529 4556 3766 4632 Constantio

2245 4618 2444 4689 n'coés.
2469 4618 2541 4688 lla
2573 4618 2891 4702 Qucsiiellus
2918 4618 3297 4691 innotatione.
3328 4618 3561 4690 Editores
3588 4618 3763 4702 Βεριῖάίς

2246 4685 2391 4760 Eunt
2410 4685 2485 4759 ei
2501 4685 2888 4759 "cruentius;
2914 4685 2979 4759 si
3002 4685 3197 4760 iam;
3208 4685 3580 4762 ".;.'sgz‘n¢ia’..s
3601 4713 3613 4749 ς
3648 4690 3697 4767 Et
3716 4685 3767 4767 σέ

2248 4776 2380 4829 latus
2407 4793 2423 4829 :
2455 4776 2592 4830 Data
2623 4790 2675 4828 vi
2706 4774 2809 4829 kal.
2846 4773 3023 4841 Febr.,
3072 4786 3183 4843 post
3215 4778 3531 4831 consulatum
3556 4763 3766 4843 Theodosii

2249 4845 2383 4916 Aug.
2409 4862 2480 4901 vtt
2504 4858 2550 4900 et
2572 4844 2718 4899 Junii
2744 4846 2921 4911 Quarti
2956 4839 3023 4903 V.
3050 4839 3107 4902 C.
3143 4846 3267 4901 Haec
3294 4863 3419 4901 vera
3450 4839 3670 4916 chronica
3697 4842 3765 4916 titl-

2249 4903 2381 4970 tatio
2410 4927 2513 4981 est,
2545 4932 2663 4986 quas
2694 4903 2803 4969 tuin
2829 4916 2882 4970 in
2908 4918 3028 4980 hac,
3055 4925 3166 4972 tum
3196 4920 3247 4971 in
3280 4917 3384 4971 alia
3410 4910 3629 4981 ejusdem
3650 4903 3767 4986 lung-

2249 4970 2656 5051 centiiiep'ist'ola
2679 5001 2797 5054 cap.
2825 4987 2884 5041 ll
2911 4970 3241 5056 exhibenda,
3258 4970 3495 5042 melioris
3515 4989 3636 5056 uolgi:
3660 4970 3771 5056 Coflj'

2249 5037 2346 5112 es;
2358 5037 2434 5111 ἐἰ
2442 5037 2655 5113 hil—ient.
2666 5037 3068 5127 prensaret;
3080 5037 3343 5127 suam
3350 5037 3446 5111 iis;
3454 5037 3511 5110 in
3527 5050 3632 5105 aliis
3644 5037 3765 5127 aut}:

2250 5141 2311 5182 se
2354 5127 2627 5253 ingenisse
2673 5126 2834 5182 tradit
2881 5126 3198 5197 Garnerius,
3230 5115 3358 5184 vide
3403 5130 3573 5181 annot.
3615 5115 3695 5171 ult.
3733 5115 3770 5161 in

2251 5212 2371 5253 can.
2453 5237 2467 5251 .
3206 5236 3209 5237 ν

2251 5212 2371 5266 cap.
2412 5212 2467 5253 υ.
3206 5236 3209 5237 ν

2324 5265 2349 5316 η
2382 5268 2569 5323 Exstat
2596 5270 2648 5324 in
2677 5284 2807 5341 mss.
2841 5269 2999 5341 hujus
3022 5270 3381 5341 collectionis,
3425 5266 3489 5320 ad
3516 5273 3653 5341 qua“?
3677 5265 3769 5341 Pfﬁ',

2252 5322 2391 5414 tinet
2406 5322 2606 5414 locus
2622 5322 2792 5395 esse;
2814 5322 3049 5414 ιίῑίάξδξ
3066 5322 3291 5396 eam;
3313 5322 3445 5414 vero
3471 5322 3773 5414 ιπέέαςιεεειίξ

2252 5389 2810 5465 ἐιί“)”ιὲί’ὰὶ›ὶόἰιι’ἐιῖᾶιῖι
2833 5389 3403 5479 tutissimam}..ng
3420 5389 3526 5463 ms.
3544 5402 3645 5455 Vat.
3667 5389 3767 5479 .573}

2254 5479 2560 5549 relegimus,
2592 5494 2654 5536 ac
2696 5482 2747 5535 in
2779 5482 3077 5537 subsidium
3118 5467 3460 5536 adhibuimus
3499 5467 3769 5549 enim???

2252 5538 2856 5608 PP.VBenedictinorum
2888 5554 2941 5607 in
2960 5553 3089 5608 edit.
3121 5551 3178 5608 S.
3208 5548 3490 5622 Augustini
3516 5553 3565 5601 et
3589 5544 3640 5596 Ρ.
3666 5538 3771 5589 Cou-

2251 5622 2451 5674 stantii.

2324 5668 2563 5763 :‘Coust.
2594 5703 2647 5749 et
2672 5694 2897 5761 Bened.,
2927 5694 3263 5752 Ponticanus.
3297 5691 3439 5752 Pith.
3463 5696 3515 5763 et
3534 5693 3655 5755 unus
3676 5668 3773 5733 COl‘

2250 5760 2412 5831 bern,
2453 5762 2798 5820 Ponticiamts.
