3992 6348
512 325 614 385 νη

513 439 636 510 ipsi,
670 451 937 508 perversa:
970 437 1072 492 vias
1102 434 1269 492 secuti
1300 434 1592 501 tramitem,
1620 433 1880 490 deserere
1913 433 2103 488 volue-
2126 434 2184 495 Δ

472 592 473 595 η
512 546 656 592 runt.
693 530 1018 587 Abscidendi
1058 538 1181 585 sunt
1220 529 1363 584 enim
1394 530 1482 599 qui
1512 538 1537 565 ⁸
1579 544 1671 583 nos
1715 526 2015 581 conturbant
2054 536 2102 580 et

470 604 473 607 I
514 627 693 682 volunt
742 632 1018 693 pervertere
1058 620 1390 690 Evangelium
1431 617 1619 674 Christi
1673 620 1691 689 (
1714 618 1838 673 Gal.
1881 634 1933 683 ν,
1973 618 2098 687 22).

513 717 684 776 Simul
706 726 882 771 autem
911 711 1273 785 praecipimus,
1301 722 1361 767 ut
1389 712 1691 782 quicunque
1724 709 1775 765 id
1815 708 2104 773 pertinacia

515 808 680 866 simili
715 806 997 863 defensare
1031 805 1294 869 nituntur,
1333 817 1427 872 par
1463 818 1557 857 eos
1577 802 1811 856 vindicta
1839 802 2106 856 constrin-

515 909 607 971 gat
637 918 651 953 :
683 916 783 953 non
809 899 974 951 solum
1010 896 1144 949 enim
1171 895 1259 962 qui
1289 896 1513 965 faciunt,
1539 893 1567 932 ι)
1593 895 1680 948 sed
1712 904 1761 948 et
1781 895 1869 965 qui
1895 910 2104 949 consen-

517 996 653 1049 tiunt
675 991 970 1064 facientibus
999 990 1175 1061 (Rom.
1201 1005 1238 1054 ι,
1263 990 1353 1059 5‘2)
1380 1008 1393 1044 :
1416 991 1539 1060 quia
1562 1005 1670 1044 non
1695 991 1919 1045 multum
1944 990 2107 1045 inter-

517 1099 639 1143 esse
672 1084 903 1139 arbitror
932 1084 1072 1139 inter
1104 1082 1489 1139 committentis
1523 1083 1760 1137 animum
1792 1093 1844 1137 et
1880 1098 2108 1137 consen-

517 1180 699 1235 tientis
737 1177 995 1233 favorem.
1040 1176 1194 1231 Addo
1231 1177 1480 1246 amplius,
1526 1177 1840 1247 plerumque
1879 1176 2107 1234 dediscit

517 1288 721 1339 errare,
754 1273 840 1327 cui
873 1285 1033 1327 nemo
1064 1271 1354 1327 consentit.
1398 1271 1522 1325 Haec
1562 1271 1739 1339 igitur,
1766 1271 1957 1326 fratres
1981 1272 2106 1325 cha-

516 1365 739 1429 rissimi,
774 1366 825 1419 in
859 1364 1197 1433 supradictos
1227 1373 1439 1419 maneat
1464 1364 1564 1418 lixa
1590 1364 1872 1419 sententia.
1916 1364 2109 1419 Absint

516 1460 587 1515 ab
608 1460 759 1515 atriis
794 1458 1025 1514 Domini.
1068 1469 1090 1496 ε
1114 1458 1344 1513 Careant
1372 1459 1629 1513 duntaxat
1651 1457 1903 1527 pastorali
1928 1466 2106 1511 custo-

516 1552 627 1618 dia,
654 1566 723 1606 ne
758 1551 981 1605 duarum
1013 1551 1191 1604 ovium
1224 1549 1338 1604 dira
1369 1552 1612 1617 contagia
1638 1558 1856 1617 serpant
1886 1548 2106 1604 forsitan

515 1659 617 1714 per
644 1644 832 1712 vulgus
863 1644 1156 1703 incautum,
1194 1641 1479 1711 rapacique
1510 1642 1667 1710 lupus
1701 1641 1863 1695 corde
1896 1641 2107 1696 laetetur

518 1736 661 1791 intra
696 1736 839 1791 ovile
874 1734 1209 1788 Dominicum
1247 1738 1423 1789 tantas
1454 1735 1629 1791 ovium
1663 1734 1807 1789 fusas
1842 1744 2102 1800 catervas,

1441 320 1789 382 APPENDIX
1826 319 1919 378 AD
1956 318 2018 376 S.
2058 316 2303 376 LEOle
2338 316 2551 377 MAGNI
2588 317 2839 377 OPEBA.

3644 317 3733 386 illi

2738 433 3132 493 CAPITULUM
3176 436 3247 495 Χ.

2207 544 2233 600 1
2240 545 2394 616 ncipit
2416 546 2633 619 epistola
2654 544 2668 583 ί
2695 547 2966 617 familiaris
2984 549 3206 619 quinque
3218 549 3563 618 episeOporum
3575 552 3732 619 Africa

2274 624 2340 670 ad
2365 617 2599 672 eumdem
2622 635 2809 689 papam
2835 617 3013 673 contra
3039 617 3309 691 Pelagium
3335 630 3381 674 et
3400 617 3677 679 Celestiunt.

2206 730 2432 804 Domino
2463 731 2775 787 beatissimo
2801 732 3098 804 meritoque
3132 732 3586 791 houoraudissitno
3613 737 3731 793 fratri

2279 802 2590 877 lissocenrto
2613 818 2782 877 papae.
2817 802 3112 877 Auantius,
3146 806 3397 871 Aemus,
3424 808 3733 877 Avcvsrtaus,

2280 873 2512 929 Eventus
2539 883 2594 928 et
2620 875 2894 930 Possmivs
2918 874 2931 925 i
2961 877 3209 932 salutem.

2278 989 2402 1044 Car.
2431 990 2472 1043 l.
2493 1020 2563 1030 —
2591 990 2665 1045 De
2692 989 2937 1046 conciliis
2964 990 3175 1047 duobus
3204 992 3490 1061 provincia:
3510 991 3533 1030 ι
3553 992 3736 1048 Cartha-

2206 1080 2442 1150 ginensis
2482 1091 2642 1152 atque
2671 1081 2962 1151 Numidiae,
3006 1084 3072 1139 ad
3114 1093 3255 1139 tuam
3298 1085 3617 1141 sanctitatem
3652 1101 3736 1141 non

2211 1191 2373 1244 parvo
2402 1178 2774 1246 episcOporum
2800 1192 3027 1233 numero
3047 1178 3381 1248 subscriptus
3405 1178 3595 1247 litteras
3619 1179 3736 1234 misi-

2209 1284 2327 1324 mus
2355 1280 2541 1325 coutra
2582 1270 2831 1326 inimicos
2858 1272 3040 1339 gratim
3066 1269 3267 1328 Christi
3295 1272 3387 1341 qui
3414 1272 3663 1329 conﬁdunt
3692 1272 3735 1331 in

2209 1362 2406 1417 virtute
2431 1377 2547 1429 sua,
2582 1371 2636 1418 et
2663 1361 2902 1417 Creatori
2927 1372 3112 1418 nostro
3142 1364 3532 1432 quodammodo
3556 1364 3734 1422 dicunt:

2209 1453 2288 1507 Tu
2319 1469 2415 1508 nos
2443 1453 2459 1490 ι
2486 1453 2657 1509 fecisti
2698 1454 2975 1520 homines;
3014 1455 3187 1524 iustos
3222 1465 3400 1511 autem
3441 1456 3537 1527 ipsi
3574 1473 3656 1514 nos
3679 1458 3735 1516 fe‘

2209 1547 2402 1603 cimus.
2448 1548 2547 1615 Qui
2578 1561 2822 1605 naturam
2853 1548 3140 1603 humanam
3173 1547 3296 1605 ideo
3326 1548 3504 1605 dicunt
3534 1550 3734 1617 liberam,

2211 1657 2276 1696 ne
2302 1652 2542 1711 quairant
2571 1642 2947 1708 liberatorem;
2978 1642 3099 1697 ideo
3130 1642 3359 1708 salvam,
3382 1651 3441 1698 ut
3462 1642 3735 1713 superﬂuunt

2208 1735 2451 1804 judicent
2476 1737 2821 1793 salvatorem.
2856 1737 3083 1793 Tantum
3113 1739 3259 1793 enim
3288 1737 3474 1794 dicunt
3496 1739 3735 1807 valentem,

520 1827 648 1883 dum
674 1842 705 1881 a
727 1826 1038 1883 custodibus
1076 1827 1477 1881 dissimulanter
1504 1828 1729 1882 habetur
1761 1828 1951 1882 vulnus
1980 1829 2109 1883 dua-
2136 1819 2188 1880 Β
2212 1839 2271 1885 ιιι
2299 1830 2410 1885 suis
2438 1830 2643 1885 viribus
2683 1830 2849 1886 semel
2891 1832 2944 1884 in
2982 1831 3188 1900 origine
3226 1845 3341 1886 suae
3376 1831 3641 1887 creatiouis
3668 1845 3737 1888 so-

520 1932 663 1975 rum.
703 1918 1138 1990 Prospiciendum
1174 1930 1257 1977 est
1285 1936 1414 1991 ergo
1439 1936 1506 1975 ne
1534 1920 1893 1989 permittendo
1928 1921 2103 1991 lupos,

521 2014 844 2067 mercenarii
875 2014 1046 2084 magis
1075 2029 1236 2084 quam
1270 2016 1543 2069 videamur
1563 2027 1684 2068 esse
1712 2022 1976 2083 pastores.
2018 2013 2110 2088 Ju-

521 2101 713 2158 hemus
755 2102 783 2139 ά
823 2117 953 2158 sane
1013 2105 1297 2175 (quoniam
1342 2105 1588 2161 Christus
1629 2105 1886 2160 Dominus
1928 2114 2111 2161 noster

521 2193 739 2265 propria
769 2209 897 2251 voce
925 2196 1173 2265 signavit,
1198 2198 1335 2251 nolle
1364 2214 1417 2251 se
1443 2206 1654 2251 mortem
1682 2198 1964 2265 morientis,
1997 2206 2112 2251 tan-

520 2296 628 2340 tum
657 2295 711 2340 ut
744 2298 1025 2342 revertatur
1048 2297 1095 2343 et
1122 2289 1279 2358 vivat)
1312 2300 1334 2326 ι’
1372 2289 1415 2343 si
1448 2305 1679 2359 unquam
1711 2305 1924 2353 sanum,
1948 2288 2112 2357 depo-

520 2379 627 2434 sito
652 2381 799 2448 pravi
821 2380 1086 2450 dogmatis
1107 2396 1313 2445 errore,
1339 2380 1680 2450 resipuerint,
1712 2380 2111 2436 damnaverint-

521 2484 628 2540 que
647 2486 707 2527 ea
740 2487 969 2540 quorum
1000 2486 1058 2526 se
1080 2472 1182 2541 ipsi
1210 2472 1649 2542 przevaricatione
1671 2473 2009 2539 damnarunt,
2033 2474 2113 2528 eis

521 2563 843 2619 medicinam
887 2563 1121 2632 solitam,
1164 2563 1216 2618 id
1255 2573 1335 2617 est
1379 2564 1768 2633 receptaculum
1813 2581 2003 2630 suum,
2046 2566 2112 2620 ab

523 2652 770 2710 Ecclesia
814 2668 919 2709 non
961 2655 1194 2723 negari‘:
1238 2671 1306 2710 ne
1343 2655 1467 2710 dum
1508 2656 1664 2728 149
1704 2672 1797 2711 eos
1828 2658 2113 2713 redeuntes

524 2746 749 2802 forsitan
782 2747 1154 2821 prohibemus,
1196 2749 1215 2786 ί
1258 2765 1387 2806 vere
1415 2762 1564 2805 extra
1602 2751 1743 2805 ovile
1773 2762 2110 2807 remanentes

522 2842 887 2910 exspectantis
909 2840 1076 2895 hostis
1107 2842 1306 2897 rabidis
1337 2843 1572 2899 faucibus
1592 2843 1904 2911 glutiantur,
1932 2854 1956 2890 8
1978 2861 2112 2914 quos

525 2933 585 2991 in
610 2938 926 3005 semetipsos
967 2936 1188 3005 spiculis
1228 2937 1383 2991 malae
1412 2936 1786 3006 dispu'atiouis
1814 2950 2108 2994 armarunt.

525 3026 673 3083 Bene
710 3028 884 3083 valete
908 3069 922 3092 ,
965 3027 1175 3084 fratres.
1212 3028 1241 3066 h
1271 3029 1398 3084 Data
1446 3046 1498 3083 Vl
1537 3028 1791 3085 kalendas
1834 3028 2109 3086 Februarii

527 3118 763 3179 Honorio
782 3132 837 3177 et
859 3120 1172 3177 Constantio
1197 3124 1327 3178 viris
1354 3122 1672 3179 clarissimis
1693 3122 2025 3179 consulibus.

598 3469 629 3501 ⁸
649 3462 799 3537 _Alite
825 3416 1105 3537 editiones,
1133 3472 1220 3515 vos
1235 3475 1257 3526 ;
1283 3468 1338 3517 et
1355 3458 1503 3528 dein,
1526 3467 1832 3522 convertere.
1856 3472 1978 3513 cum
2005 3471 2107 3512 ms.
2138 3456 2187 3519 C

530 3525 689 3589 Vind.
768 3584 773 3587 _

595 3601 625 3642 δ
663 3595 1043 3672 cessassem
1064 3602 1223 3668 mala,
1246 3612 1302 3658 et
1328 3610 1449 3671 post
1476 3601 1775 3672 facientibus
1807 3599 1951 3672 addit
1976 3600 2118 3667 digiti

526 3680 643 3745 sunt
877 3673 1101 3745 Benedg,
1125 3674 1272 3745 digni
1297 3670 1414 3726 sunt
1445 3670 1622 3745 morte.
1666 3670 1974 3745 Delevimus
1995 3688 2115 3724 cum

527 3744 647 3813 aliis
668 3737 849 3807 editis,
871 3754 924 3798 et
944 3737 1154 3813 duobus
1182 3737 1344 3812 hujus
1377 3742 1707 3813 collectionis
1744 3755 1870 3813 mss.
1903 3741 1946 3794 Τ
1952 3747 2113 3794 huan.

526 3824 584 3870 et
616 3812 768 3868 Vlutl.
808 3812 1134 3869 Subauditur
1172 3828 1239 3867 ex
1279 3812 1718 3868 antecedentibus
1748 3812 1859 3877 pari
1901 3812 2119 3866 t'indicm

528 3886 1071 3954 eottstringmdigsunt.
1585 3952 1591 3954 Α
1876 3953 1880 3954 7
1966 3924 1969 3927 .

534 3982 537 3993 ι
609 3965 632 3992 ο
676 3952 866 4013 Carm,
897 3952 1080 4008 Caveat
1110 3954 1341 4008 custodia
1367 3952 1651 4024 pastoralis.
1685 3952 1825 4007 Edit.
1857 3953 1992 4023 Aug.
2024 3952 2118 4008 de-

529 4024 772 4080 siderant
796 4026 1069 4078 duntaxat.

532 4112 535 4113 '
600 4092 630 4132 ιι
669 4092 858 4166 Carm,
889 4104 1091 4160 tamen;
1117 4103 1171 4149 et
1198 4102 1403 4165 postea,
1436 4095 1689 4149 voluntate
1715 4095 2041 4166 signiﬁcavit.

604 4174 629 4203 ⁸
669 4164 869 4232 Quesn.
898 4168 1083 4221 inserit
1106 4176 1182 4228 ut,
1205 4178 1456 4237 contextu
1494 4164 1844 4237 repugnante.
1879 4167 2018 4232 Mox,
2046 4167 2114 4220 ad

528 4252 742 4307 unum,
775 4237 965 4292 melius
995 4237 1049 4291 in
1076 4237 1195 4290 aliis
1226 4236 1471 4307 vulgatis.

608 4306 627 4345 ί
651 4307 852 4375 Quesn.
878 4323 999 4363 cum
1023 4308 1134 4362 suis
1158 4306 1491 4368 mss..’ve!ut.
1526 4309 1776 4364 Nostrum
1807 4309 1930 4363 cod.
1951 4308 2109 4363 Vind.

529 4392 654 4449 cum
702 4378 822 4433 aliis
866 4379 1026 4435 editis
1073 4379 1498 4433 consentientem
1548 4380 1894 4449 prastulimus.
1943 4380 2108 4435 Garn.

528 4447 690 4517 hujus
714 4450 859 4504 vocis
884 4449 1003 4505 loco
1031 4449 1305 4504 substituit
1334 4467 1464 4504 oves.

601 4519 848 4591 thtesn.
887 4534 1007 4575 cum
1048 4520 1158 4591 suis
1202 4520 1382 4583 codd.,
1428 4538 1528 4591 quo
1569 4531 1776 4575 auctore
1817 4522 2109 4589 semetipsos

527 4588 830 4659 quibusdam
850 4589 1265 4662 spiculissGarn.
1277 4635 1290 4656 ,
1307 4608 1430 4660 quas
1440 4588 1499 4645 in
1515 4594 1809 4662 semetipsos
1826 4588 2057 4662 spiculis.
2069 4632 2081 4645 .
2093 4633 2107 4647 .

527 4662 767 4734 armavit.
819 4661 950 4715 Alite
977 4660 1261 4734 editiones,
1296 4679 1425 4734 quas
1461 4664 1513 4714 in
1544 4660 2105 4734 semetipsos—spiculis.

525 4728 711 4785 Secuti
743 4746 928 4785 sumus
958 4731 1112 4787 codd.
1141 4728 1353 4786 nostros
1379 4732 1537 4789 Vind.
1567 4744 1620 4785 c-t
1647 4728 1760 4788 Vat.

599 4796 630 4837 ιι
651 4800 805 4867 Apud
828 4802 1017 4866 Carm,
1042 4802 1178 4856 Data
1199 4813 1252 4857 vi
1279 4802 1382 4856 kal.
1409 4803 1535 4857 Feb.
1562 4804 1797 4858 Honorio
1821 4820 1871 4857 χι
1900 4816 1947 4859 et
1972 4804 2107 4858 Con-

2211 1923 2411 1993 ceplis,
2455 1923 2625 1992 possit
2670 1939 2765 1993 per
2791 1923 3015 1979 liberum
3042 1923 3365 1992 arbitrium,
3405 1923 3535 1980 nihil
3559 1924 3737 1981 ulterius

2212 2014 2499 2083 adjuvante
2530 2016 2674 2071 illius
2710 2016 2866 2088 15o
2889 2016 3059 2085 gratia
3090 2015 3180 2084 qui
3209 2016 3447 2081 creavit,
3485 2015 3676 2073 domare
3696 2023 3737 2073 et

2212 2103 2561 2176 exstinguere
2590 2122 2779 2162 omnes
2809 2107 3150 2176 cupiditates,
3182 2109 3594 2179 tentationesque
3617 2122 3737 2177 supe-

2213 2214 2354 2254 rare.
2378 2208 2418 2236 ω
2441 2198 2596 2254 Multi
2621 2216 2799 2255 eorum
2827 2202 3099 2272 insurgunt
3124 2201 3369 2256 adversus
3398 2218 3509 2267 nos,
3533 2210 3576 2255 et
3598 2200 3736 2255 dicunt

2213 2295 2400 2348 anima:
2428 2302 2655 2349 nostra:
2686 2292 2809 2348 Non
2848 2303 2920 2348 est
2948 2296 3087 2349 salus
3120 2296 3201 2350 illi
3238 2296 3295 2350 in
3327 2295 3433 2350 Deo
3473 2299 3574 2368 ejus
3602 2294 3737 2367 (Ρωι.

2215 2401 2295 2452 Ill,
2319 2386 2397 2457 3).
2432 2387 2655 2443 Familia
2678 2396 2704 2424 ιι
2722 2386 2942 2454 Christi,
2972 2403 3093 2457 quae
3122 2385 3254 2443 dicit
3281 2406 3294 2441 :
3326 2389 3535 2455 Quando
3556 2388 3739 2457 inﬁrmat

2215 2489 2336 2533 tunc
2363 2481 2511 2551 fortis
2540 2497 2654 2534 sum
2680 2480 2747 2553 (ll
2771 2478 2890 2535 Cor.
2920 2497 3013 2545 xu,
3040 2482 3165 2551 10):
3194 2491 3249 2536 et
3276 2482 3361 2537 cui
3390 2482 3515 2537 dicit
3534 2480 3738 2536 Dentium

2217 2571 2332 2639 ejus
2357 2589 2370 2624 :
2414 2572 2573 2627 Salus
2602 2582 2691 2626 tua
2720 2590 2813 2642 ego
2842 2589 2956 2627 sum
2985 2572 3157 2645 (Psal.
3185 2588 3371 2641 xxxtv,
3394 2574 3450 2644 3)
3477 2590 3491 2628 :
3529 2584 3739 2643 suspettso

2214 2663 2409 2729 corde,
2450 2678 2573 2719 cum
2616 2665 2808 2719 timore
2846 2673 2901 2718 et
2942 2672 3176 2718 tremore
3220 2665 3537 2732 adjutorium
3576 2661 3737 2718 Domini

2213 2756 2372 2811 etiam
2429 2771 2522 2823 per
2565 2757 2878 2812 charitatem
2928 2765 3031 2811 tute
3078 2758 3440 2812 venerationis
3484 2761 3734 2827 exspectat.

2211 2847 2528 2903 Audivimus
2555 2848 2698 2903 enim
2719 2888 2733 2912 ,
2766 2847 2820 2902 in
2846 2848 2982 2905 urbe
3010 2849 3201 2916 Roma,
3231 2850 3326 2904 ubi
3353 2858 3378 2886 ο
3401 2850 3487 2905 ille
3512 2848 3591 2903 diu
3612 2846 3736 2910 visit,

2213 2954 2336 2995 esse
2365 2940 2646 2995 nonnullos
2673 2941 2764 3011 qui
2807 2940 3032 2997 diversis
3071 2942 3251 2997 causis
3294 2941 3344 2997 ei
3382 2940 3614 2996 faveant:
3651 2934 3738 3008 qui-

2213 3033 2361 3100 dam,
2388 3034 2616 3099 scilicet,
2644 3044 2671 3082 ρ
2688 3033 2810 3105 quia
2839 3034 2966 3088 talia
2992 3034 3071 3089 eis
3091 3034 3428 3105 persuasisse
3453 3031 3737 3104 perhibetur;

2213 3125 2396 3196 plures
2430 3137 2593 3192 vero,
2636 3123 2729 3194 qui
2766 3140 2889 3181 eum
2933 3125 3339 3182 taliaqsentire
3380 3139 3482 3181 non
3516 3122 3736 3180 credunt:

2295 3457 2310 3495 ί
2341 3457 2556 3513 ltelecta
2587 3470 2706 3512 cum
2739 3456 2928 3511 iisdem
2958 3454 3115 3512 codd.
3143 3471 3266 3511 cum
3299 3456 3485 3522 quibus
3509 3452 3737 3522 duaspra-

2221 3530 2492 3584 cetlentes.
2525 3525 2823 3582 Familiaris
2846 3538 3027 3599 autem
3054 3526 3192 3582 dicta
3226 3520 3447 3599 estiuec
3466 3520 3678 3599 epistola,
3696 3525 3736 3599 tit

2222 3600 2580 3669 distinguatur
2608 3614 2635 3651 a
2668 3598 2938 3669 synodicis
2975 3599 3167 3653 litteris
3198 3614 3320 3667 qua:
3359 3598 3439 3669 ab
3464 3595 3626 3669 iisdem
3650 3595 3739 3669 cpi;

2221 3656 2417 3739 Scapis”
2444 3672 2495 3724 in
2538 3656 2765 3724 concilio
2802 3656 3228 3738 (ἷητιίιεδίηθηεῖ
3257 3681 3351 3725 ειη
3396 3656 3737 3738 Milevitana

2222 3742 2395 3809 ipsum
2426 3740 2788 3795 Innocentium
2824 3744 3040 3809 scripta:
3071 3740 3307 3795 fuerunt.
3361 3739 3483 3791 Vide
3511 3739 3735 3809 August‘m

2220 3805 2378 3879 epist.
2404 3814 2491 3876 86,
2518 3829 2571 3865 ιι.
2590 3810 2645 3864 ‘2.
2676 3805 2950 3883 Siceliam
2972 3810 3203 3865 Turribii
3226 3810 3447 3883 epistola
3472 3805 3736 3883 ad_l_.eouem

2222 3873 2488 3951 privatim-
2515 3884 2713 3949 scripta
2758 3881 3031 3948 [untiliaris
3073 3873 3292 3935 vocatur
3336 3880 3486 3951 epist.
3528 3877 3585 3951 l5
3618 3873 3737 3951 hujus

2220 3939 2486 4021 pontificis
2517 3954 2581 4007 ad
2609 3939 2856 4007 eumdem
2881 3952 3209 4015 Turribium,
3229 3967 3283 4008 c.
3306 3939 3387 4006 ΠΣ
3418 3947 3597 4005 Confer
3612 3939 3737 3999 nol.3

2222 4024 2273 4078 in
2306 4027 2525 4079 dissert.
2554 4024 2620 4087 15
2643 4023 2938 4090 Quesuelli.

2293 4098 2309 4167 _i
2347 4096 2472 4150 Mss.
2497 4095 2622 4150 Isid.
2646 4095 2939 4167 cum_vulg.
2966 4093 3169 4167 addunt
3195 4096 3245 4147 in
3270 4092 3520 4167 Domino:
3561 4158 3573 4167 _
3634 4154 3645 4167 _

2292 4164 2318 4203 ιι
2340 4167 2539 4234 Quesn.
2562 4182 2684 4220 cum
2711 4164 2828 4217 solo
2847 4158 3027 4220 Dinon.
3046 4166 3233 4229 inserit
3256 4165 3464 4233 Africis.
3492 4158 3736 4234 Delevimus

2218 4228 2569 4318 cumwno‘stris
2598 4234 2755 4318 codd.
2781 4245 2835 4289 et
2865 4237 3031 4306 vulg.,
3048 4228 3226 4291 immo
3254 4228 3417 4291 etiam
3440 4245 3551 4289 cum
3568 4228 3732 4284 'l'buan.

2216 4308 2385 4377 ipsius
2410 4308 2679 4375 Quesncll.

2298 4378 2308 4416 ¹
2345 4378 2497 4449 Vulg.
2520 4378 2710 4445 Conc.,
2740 4380 2941 4434 creasti.

2287 4460 2327 4487 ιη
2352 4448 2464 4513 AL,
2487 4448 2769 4517 Multique;
2798 4460 2851 4506 et
2879 4464 3022 4515 mox,
3051 4449 3104 4502 in
3124 4449 3367 4503 Domino.

2290 4530 2316 4558 ιι
2342 4521 2542 4595 Quesn.
2575 4515 2721 4576 addit
2750 4538 2892 4595 ergo,
2925 4535 3028 4574 non
3057 4535 3186 4575 vero
3215 4519 3384 4575 nostri
3410 4515 3622 4580 codices,
3655 4519 3731 4566 nec

2215 4591 2335 4645 alize
2364 4592 2648 4647 editiones.

2288 4670 2312 4698 ο
2337 4662 2827 4739 Pelagius__scilicet,
2846 4662 3087 4739 quamvis
3112 4661 3349 4739 nondum
3367 4661 3417 4716 in
3441 4660 3533 4739 bac
3549 4648 3731 4739 epistol}

2213 4721 2537 4787 nominatus.
2571 4736 2770 4800 Quem.
2798 4721 2913 4787 voci
2940 4736 3047 4796 ille,
3074 4749 3194 4798 quae
3223 4742 3305 4786 est
3336 4733 3388 4787 in
3416 4721 3596 4800 nostris
3617 4721 3733 4800 ροάί·

2212 4805 2364 4857 cibus
2392 4818 2445 4859 et
2472 4794 2776 4858 aliis'editie
2798 4846 2812 4869 ,
2853 4794 3133 4858 substituit
3159 4802 3435 4875 Pelagius,
3476 4796 3599 4869 quod
3625 4794 3731 4872 forte

526 4841 716 4957 iteratio
743 4888 779 4926 lt
821 4874 928 4957 vir?
971 4843 1259 4957 ciarissimo
1288 4874 1434 4957 (non.
1462 4877 1580 4928 v'ris
1621 4876 2100 4957 clarissimislfoss.
2134 4841 2189 4901 D
2215 4874 2315 4928 hoc
2342 4891 2531 4957 nomen
2560 4846 2968 4957 perspicuitatis
3005 4876 3169 4947 gratia
3212 4876 3261 4928 in
3294 4841 3593 4929 inmunis.
3623 4861 3729 4919 κτί-

525 4941 658 5015 Cum
694 4959 853 5012 porro
900 4943 1013 4999 haec
1058 4941 1358 5013 epistola'a
1401 4946 1458 4999 S.
1490 4945 1737 5015 pontllce
1781 4946 1900 4999 data
1944 4947 2104 5000 inerit

522 5014 715 5085 eodem
743 5016 828 5069 die
851 5030 959 5085 quo
982 5016 1201 5081 epistola
1232 5016 1298 5069 ad
1324 5015 1586 5085 synodum
1605 5015 2100 5081 Cartliaginewem,

524 5084 658 5158 nihil
688 5084 1062 5158 ambigendum
1094 5093 1177 5158 es_t
1202 5084 1331 5155 quin
1358 5084 1480 5139 lucc
1511 5102 1751 5158 aequeac
1783 5088 1866 5141 illa
1898 5088 2101 5158 signata

524 5151 687 5210 fuerit
718 5171 779 5210 ea
817 5151 1040 5211 formula
1071 5172 1084 5209 :
1131 5151 1257 5210 Post
1287 5151 1611 5210 consulatum
1642 5157 1913 5213 Theodosii
1945 5151 2015 5213 {-u
2057 5168 2104 5213 et

523 5222 669 5278 Junii
697 5225 898 5292 Quarti.
951 5227 1058 5282 Sed
1091 5226 1211 5291 quia
1255 5234 1376 5295 post
1417 5228 1556 5282 hunc
1593 5231 1928 5284 consulatum
1960 5230 2105 5284 ordi-

523 5298 659 5370 uarii
708 5300 958 5353 consules
999 5307 1385 5370 processerunt
1431 5298 1692 5354 Honorius
1738 5302 2005 5370 Augustus
2051 5310 2105 5357 et

523 5362 1041 5440 Constantius,satis
1059 5367 1349 5437 probabilis
1371 5370 1755 5425 estCoustantii
1774 5362 2102 5440 conjectura,

524 5438 813 5511 antiquarii
867 5437 1105 5511 alicujus
1149 5453 1309 5506 opera
1365 5440 1431 5495 ad
1488 5443 1783 5510 marginem
1838 5437 2107 5511 adjectum

524 5504 692 5562 luisse
706 5525 721 5561 :
736 5507 976 5581 Honorio
998 5504 1041 5563 et
1065 5504 1363 5565 Constantio
1384 5528 1539 5581 coss.,
1559 5504 1717 5581 atque
1741 5513 1841 5566 hoc
1862 5504 2105 5567 sébolion

523 5592 560 5634 ο
583 5578 823 5648 margine
851 5581 905 5635 in
938 5589 1142 5636 textum
1170 5596 1451 5651 perperam
1484 5578 1646 5639 fuisse
1676 5584 1999 5638 traductum.
2049 5582 2107 5639 ld

523 5654 709 5701 autem
732 5653 897 5707 multo
921 5653 980 5707 lit
999 5651 1347 5722 probabilius,
1366 5654 1411 5710 si
1432 5653 1742 5711 consideres
1762 5654 2105 5709 omissionem

520 5726 876 5852 magi-um
898 5739 950 5779 si
974 5734 1029 5780 et
1051 5739 1112 5792 ll,
1135 5738 1257 5793 quae
1285 5725 1510 5807 sincerae
1537 5725 1806 5782 chronica:
1832 5733 1973 5783 notae
1997 5739 2105 5782 non

740 5805 796 5846 ι.
1359 5804 1362 5813 λ
1614 5824 1619 5831 ν
2076 5804 2079 5807 ⁷

740 5804 796 5846 ιι.
1614 5824 1619 5831 ν

2214 4960 2359 5015 pum
2394 4946 2616 5001 invenit.
3018 4946 3021 4947 ⁷
3516 4986 3520 4991 .

2284 5029 2310 5067 ρ
2338 5018 2408 5071 Ita
2440 5033 2562 5071 cum
2593 5016 2771 5072 Oxon.
2799 5027 2980 5071 uoster
3002 5017 3123 5071 cod.
3148 5016 3303 5070 Vind.
3322 5015 3530 5083 optime.
3561 5007 3728 5085 Theon.

2213 5105 2331 5144 cum
2359 5089 2474 5141 aliis
2499 5089 2731 5158 antiquis
2753 5089 2929 5151 editis,
2957 5090 3076 5157 quia
3096 5104 3203 5155 vos,
3227 5088 3315 5158 qui
3336 5086 3454 5139 talia
3476 5086 3730 5148 persuasu“

2212 5159 2505 5231 perhibent:
2538 5170 2788 5228 corrupta
2818 5159 2995 5231 lectio,
3021 5159 3191 5226 inquit
3218 5158 3537 5231 Quesnellus,
3562 5158 3607 5204 et
3627 5158 3727 5231 νεξξξς

2213 5215 2339 5285 ίίῧεί
2376 5215 2785 5285 contumeliosa.
2836 5215 3030 5283 Noster
3061 5215 3187 5284 vcro
3227 5215 3327 5283 ius.
3357 5227 3464 5281 Vat.
3503 5234 3605 5277 cum
3636 5215 3727 5268 aliis

2217 5303 2485 5372 plerisque
2525 5301 2750 5355 laudatis
2792 5320 2820 5353 a
2846 5301 2924 5372 _P.
2957 5300 3141 5354 Const.
3189 5315 3283 5372 pro
3323 5287 3725 5372 perhibent.

2251 5360 2576 5447 erliibentur;
2600 5382 2655 5427 ct
2674 5387 2809 5427 unus
2828 5370 3038 5447 Colbert
3051 5412 3065 5425 .
3084 5360 3203 5447 cum
3225 5360 3333 5447 alio
3345 5369 3460 5447 Vat.
3473 5360 3723 5447 perhibetur;

2244 5460 2276 5498 η
2326 5444 2426 5521 hoc
2471 5444 2659 5521 ultimo
2704 5452 2961 5521 prmterea
3006 5443 3198 5521 legitur
3226 5442 3345 5521 quia
3381 5438 3552 5521 ηθὺδξί

2214 5514 2531 5587 emendetur
2542 5503 3026 5587 vobis,'conlicivtur
3040 5503 3273 5587 butectno'u
3292 5512 3557 5587 incongrua

2212 5585 2330 5651 quia
2353 5587 2487 5639 vobis
2518 5587 2644 5653 talia
2673 5574 2983 5653 persuasisse
3010 5580 3317 5653 perhibEtur.
3351 5574 3720 5647 Pelagianientm.

2211 5650 2615 5728 Romanossibi
2640 5650 2880 5712 faventes
2906 5650 3200 5728 iactabant.

2281 5736 2309 5778 ς
2336 5726 2434 5791 Ms.
2461 5726 2643 5785 Vind..
2677 5725 2918 5795 sensisse,
2943 5726 3081 5785 forte
3112 5725 3317 5782 melius.
3350 5770 3353 5775 ,
