3992 6348
183 411 293 468 8⁷5

646 401 879 462 CODBX
893 400 1243 459 .CANONUM
1280 400 1561 459 ECCLES.
1606 402 1692 459 ET
1730 401 1769 461 C

1880 406 2304 468 STITUTORUM
2342 410 2401 467 S.
2441 409 2633 470 SEDIS
2669 410 3004 472 APOSTOL.

3341 413 3452 475 ιη

184 526 487 593 ρι-ωεετιιω
515 516 638 588 quia
678 515 732 571 in
761 514 1013 581 Oriente,
1057 515 1147 571 ubi
1186 514 1358 584 degit,
1402 526 1548 584 gesta
1579 530 1756 570 eccte-
1790 522 1843 579 Α
1870 528 1997 573 nam
2027 536 2146 576 esse
2174 524 2306 593 legis
2334 534 2695 593 praeceptum;
2740 525 2871 580 nihil
2899 539 3085 581 eorum
3115 525 3264 591 dicit,
3285 526 3455 601 llqua

186 612 407 668 siastica
452 608 592 663 facta
642 620 761 664 esse
798 606 1104 677 jactantur,
1152 605 1344 675 quibus
1385 612 1605 676 putatur
1648 620 1770 661 esse

184 716 482 780 purgatus;
534 704 622 760 ubi
660 702 875 774 quidem
917 702 964 757 si
1004 701 1243 773 episcopi
1282 716 1405 757 eum
1448 700 1770 755 catholicum

183 800 622 875 pronuntiarunt,
652 812 757 852 non
789 797 859 852 ob
888 795 1033 851 aliud
1065 794 1264 851 factum
1294 809 1417 851 esse
1445 794 1769 850 credendum

183 906 300 963 est,
349 894 452 950 nisi
480 893 605 964 quia
635 906 695 947 se
720 890 853 946 dixit
881 890 1103 961 gratiam
1141 889 1236 944 Dei
1275 888 1550 955 conﬁteri,
1602 897 1656 944 et
1700 889 1770 945 ita

186 1002 355 1061 posse
384 984 660 1042 hominem
687 997 787 1038 suo
810 982 993 1038 labore
1017 996 1082 1036 ac
1106 982 1381 1036 voluntate
1402 980 1547 1050 juste
1567 980 1768 1048 vivere,

181 1088 241 1135 ut
278 1077 349 1134 ad
398 1076 695 1133 hocaeum
737 1072 977 1144 adjuvari
1020 1072 1115 1128 Dei
1163 1073 1327 1143 gratia
1378 1088 1483 1127 non
1530 1082 1767 1144 negaret.

183 1169 281 1226 His
313 1170 457 1225 enim
486 1167 683 1223 auditis
725 1166 924 1231 verbis,
968 1164 1216 1221 catholici
1257 1166 1522 1221 antistites
1568 1167 1770 1221 nullam

182 1264 350 1318 aliam
378 1261 477 1317 Dei
506 1261 732 1333 gratiam
775 1259 1077 1330 intelligere
1116 1268 1436 1329 potuerunt,
1482 1261 1585 1315 nisi
1614 1276 1771 1331 quam

184 1358 243 1413 in
281 1357 436 1413 libris
466 1356 559 1411 Dei
589 1355 797 1426 legere,
844 1363 899 1409 et
939 1353 1150 1424 populis
1180 1354 1277 1410 Dei
1300 1354 1601 1424 prtedicare
1639 1368 1772 1409 con-

185 1460 521 1518 sueverunt;
553 1464 668 1505 eam
700 1450 881 1518 utique
906 1447 974 1504 de
1004 1463 1107 1518 qua
1137 1448 1265 1504 dicit
1295 1448 1616 1519 Apostolus:
1651 1448 1771 1504 Non

181 1543 387 1598 irritant
416 1541 551 1614 facio
578 1541 795 1613 gratiam
831 1538 967 1593 Dei:
1010 1555 1128 1592 nam
1167 1540 1212 1593 si
1242 1557 1332 1607 per
1358 1541 1515 1611 legem
1544 1541 1769 1613 justitia,

180 1650 306 1708 ergo
334 1632 566 1688 Christus
612 1632 770 1704 gratis
812 1639 1040 1685 mortuus
1083 1640 1155 1685 est
1181 1630 1324 1703 (Gal.
1362 1648 1428 1696 lt,
1470 1632 1606 1702 2i):
1656 1632 1773 1687 sine

181 1726 350 1782 dubio
374 1727 601 1797 gratiam
629 1740 730 1795 qua
767 1724 1127 1793 justiﬁcamur
1154 1724 1221 1779 ab
1251 1724 1555 1794 iniquitate,
1587 1733 1642 1779 et
1667 1739 1769 1795 qua

180 1818 462 1875 salvamur
489 1816 558 1871 ab
588 1816 919 1881 inﬁrmitate,
949 1830 1057 1869 non
1084 1831 1186 1886 qua
1227 1816 1393 1871 creati
1437 1830 1621 1871 sumus
1650 1831 1770 1873 cum

1874 626 1971 680 per
1994 614 2562 672 sumministrationem
2594 608 2827 687 Spiritus
2865 617 3036 672 sancti
3075 618 3345 688 pertinent
3380 619 3454 678 ad

1872 707 2359 777 concupiscentiam
2392 710 2822 781 tentationesque
2846 712 3135 767 vincendas
3157 730 3169 765 :
3195 729 3345 784 quem
3368 714 3455 770 di-

1874 799 2061 853 tissinte
2097 800 2280 867 effudit
2309 817 2460 872 super
2485 819 2608 871 nos,
2654 804 2743 873 qui
2770 804 2995 859 ascendit
3028 806 3083 858 in
3112 805 3311 870 caelum,
3340 803 3361 844 ί
3394 812 3446 861 et

1875 895 2127 964 captivata
2154 895 2447 962 captivitate
2478 896 2615 950 dedit
2642 897 2779 951 dona
2805 898 3090 954 hominibus
3119 898 3249 971 (Tit.
3274 914 3350 965 ιιι.
3384 899 3450 967 ϐ;

1874 983 2070 1055 Ephes.
2095 1002 2167 1053 tv,
2196 986 2258 1051 8;
2300 985 2450 1040 Rom.
2476 1002 2591 1052 vtu,
2612 987 2723 1055 26).
2775 988 2910 1044 Hinc
2938 990 3078 1045 enim
3107 1004 3350 1057 oramus,
3393 998 3456 1051 ut

1875 1086 2215 1147 peccatorum
2245 1077 2588 1133 tentationem
2619 1093 2874 1148 superare
2902 1080 3198 1150 possimus;
3248 1092 3306 1136 ut
3332 1082 3453 1152 Spi-

1875 1168 2007 1223 ritus
2037 1168 2149 1235 Dei,
2183 1169 2321 1225 unde
2352 1170 2542 1240 pignus
2572 1172 2896 1239 accepimus,
2930 1172 3145 1242 adjuvet
3172 1174 3453 1231 inﬁrmita-

1875 1268 1983 1317 tem
2009 1270 2267 1317 nostram.
2299 1264 2398 1331 Qui
2428 1266 2582 1337 152
2603 1273 2782 1319 autem
2808 1273 2942 1331 orat,
2975 1274 3029 1320 et
3054 1266 3219 1321 dicit:
3254 1267 3333 1322 Ne
3359 1282 3453 1323 nos

1874 1357 2064 1425 inferas
2104 1358 2158 1411 in
2202 1359 2527 1413 tentationem
2555 1358 2767 1431 (Matth.
2790 1374 2864 1424 νι,
2890 1359 3003 1429 15),
3041 1376 3147 1415 non
3178 1361 3357 1430 utique
3400 1361 3453 1418 id

1876 1457 2023 1514 orat,
2065 1458 2122 1503 ut
2161 1448 2321 1505 homo
2348 1450 2443 1517 sit,
2486 1453 2498 1499 t
2532 1450 2782 1521 quoniam
2816 1460 2903 1505 est
2928 1459 3155 1518 natura;
3201 1467 3372 1522 neque
3400 1452 3455 1509 id

1876 1549 1995 1595 orat
2026 1548 2085 1594 ut
2113 1539 2306 1596 habeat
2332 1541 2559 1597 liberum
2591 1540 2890 1606 arbitrium,
2924 1541 3063 1611 quod
3087 1541 3196 1611 jam
3226 1544 3451 1612 accepit,

1876 1644 1998 1685 cum
2030 1642 2307 1687 crearetur
2338 1633 2451 1702 ipsa
2484 1642 2703 1697 natura;
2736 1646 2909 1702 neque
2934 1640 3053 1686 orat
3080 1632 3453 1688 remissionem

1876 1734 2215 1794 peccatorum
2244 1769 2257 1793 ,
2309 1726 2431 1795 quia
2480 1725 2583 1780 hoc
2615 1725 2911 1796 ksuperius
2961 1724 3195 1780 dicitur:
3251 1725 3457 1781 Dimitte

1875 1818 2018 1871 nobis
2041 1818 2210 1871 debita
2232 1828 2429 1885 nostra;
2452 1832 2628 1886 neque
2648 1826 2771 1874 orat
2791 1826 2851 1873 ut
2870 1818 3096 1889 accipiat
3116 1818 3455 1883 mandatum;

184 1912 405 1983 propria
436 1910 731 1965 voluntate.
774 1908 905 1964 Nam
934 1909 979 1964 si
1009 1908 1399 1965 intellexissent
1430 1910 1507 1965 illi
1534 1911 1773 1983 episcopi
1803 1903 1853 1967 B
1880 1910 1975 1966 sed
2003 1911 2160 1981 plane
2187 1922 2303 1967 orat
2340 1921 2398 1967 ut
2423 1911 2583 1967 faciat
2612 1911 2942 1968 mandatum.
2996 1911 3050 1967 Si
3080 1913 3223 1967 enim
3249 1912 3301 1967 iu
3333 1920 3455 1967 ten-

184 2021 306 2063 eam
349 2006 498 2060 illum
530 2004 711 2060 dicere
752 2006 978 2074 gratiam
1022 2020 1181 2074 quam
1224 2005 1385 2060 etiam
1429 2022 1550 2061 cum
1599 2007 1774 2077 impiis

185 2101 474 2163 habemus,
501 2113 621 2153 cum
652 2098 845 2169 quibus
876 2096 1119 2152 homines
1149 2112 1355 2163 sumus,
1395 2099 1547 2171 151
1576 2115 1773 2170 negare

181 2205 314 2247 vero
359 2190 503 2244 illam
543 2203 647 2258 qua
687 2186 976 2243 Christiani
1026 2198 1079 2243 et
1128 2189 1219 2243 ﬁlii
1250 2189 1341 2244 Dei
1386 2204 1610 2254 sumus;
1655 2194 1773 2261 quis

181 2299 309 2341 cum
344 2283 611 2354 patienter
637 2281 1025 2338 catholicorum
1056 2281 1418 2349 sacerdotum,
1454 2280 1483 2320 δ
1509 2299 1611 2337 non
1642 2283 1773 2337 dici«

181 2392 305 2433 mus
326 2375 557 2439 audiret,
585 2374 679 2430 sed
707 2382 828 2429 ante
851 2375 1035 2429 oculos
1063 2389 1188 2429 suos
1216 2373 1412 2430 ferret?
1433 2375 1773 2445 Quapropter

181 2485 291 2525 non
320 2468 569 2538 culpandi
602 2477 726 2522 sunt
744 2466 976 2537 judices,
1003 2468 1125 2537 quia
1156 2468 1515 2523 ecclesiastica
1543 2483 1773 2525 consue-

182 2562 369 2617 tudine
408 2572 431 2599 ε
460 2560 646 2630 gratia:
694 2576 889 2615 nomen
940 2559 1256 2626 audierunt,
1305 2560 1605 2617 nescientes
1644 2562 1768 2632 quid

184 2651 493 2723 huiusmodi
528 2652 769 2707 homines
793 2651 877 2706 vel
908 2650 963 2706 in
988 2666 1099 2707 sua:
1123 2652 1379 2709 doctrinae
1411 2654 1584 2719 libris,
1612 2656 1689 2709 vel
1717 2655 1768 2711 in

183 2760 404 2801 suorum
430 2744 652 2799 auribus
680 2743 855 2800 solent
881 2758 1155 2814 spargere.

250 2837 384 2894 Car.
416 2837 482 2892 ll.
513 2868 577 2877 ——
604 2836 718 2893 Non
746 2837 919 2907 agitur
952 2838 1018 2892 de
1056 2853 1162 2892 uno
1202 2838 1438 2910 Pelagio,
1466 2837 1490 2876 ἀ
1513 2841 1633 2910 quia
1657 2842 1767 2910 jam

185 2928 416 2984 fortasse
446 2935 725 2984 correctus
753 2938 870 2993 est,
914 2929 1054 2999 quod
1085 2931 1285 2985 utinam
1318 2929 1387 2984 ita
1419 2932 1520 2997 sit;
1569 2933 1665 2987 sed
1703 2934 1771 2989 de

184 3028 291 3075 tum
321 3019 511 3075 multis
535 3020 731 3090 quibus
760 3020 1056 3089 loquaciter
1083 3022 1561 3087 contendentibus,
1607 3032 1661 3077 et
1691 3024 1771 3079 in-

184 3111 368 3169 ﬁrmas
414 3122 577 3183 atque
621 3113 917 3168 ineruditas
965 3114 1171 3169 animas
1219 3115 1365 3170 velut
1402 3124 1424 3152 ο
1458 3117 1768 3173 convinctas

184 3205 540 3272 trahentibus,
582 3204 761 3261 ﬁrmas
801 3215 979 3261 autem
1031 3215 1085 3261 et
1131 3206 1185 3261 in
1235 3205 1338 3261 ﬁde
1385 3208 1605 3263 stabiles
1654 3208 1765 3277 ipsa

184 3299 533 3355 contentione
576 3299 953 3372 fatigantibus,
1007 3316 1384 3373 usquequaque
1427 3304 1534 3373 jam
1587 3275 1763 3360 omnia
1788 3275 1837 3341 θ

190 3390 350 3460 plena
371 3400 490 3445 sunt
510 3391 555 3444 ί.
590 3393 694 3446 Aut
720 3407 848 3462 ergo
875 3407 902 3446 a
932 3403 1019 3448 tua
1043 3395 1387 3450 veneratione
1413 3397 1768 3453 accersendus

188 3493 275 3542 est
300 3484 544 3551 Romam,
580 3494 636 3541 et
673 3485 957 3557 diligenter
988 3486 1405 3559 interrogandus
1436 3505 1594 3561 quam
1626 3490 1769 3545 dicat

188 3579 439 3649 gratiam,
469 3593 625 3649 quam
658 3577 916 3646 fateatur;
962 3580 1007 3634 si
1050 3590 1225 3637 tamen
1251 3590 1275 3628 δ
1300 3580 1534 3637 fateatur
1563 3583 1626 3636 ad
1660 3599 1768 3637 non

186 3670 513 3741 peccandum
557 3671 809 3741 justeque
854 3671 1144 3727 vivendum
1194 3668 1440 3729 homines
1487 3675 1766 3745 adjuvari;

185 3772 274 3817 aut
300 3762 404 3818 hoc
432 3764 607 3835 ipsiim
640 3777 760 3818 cum
791 3779 856 3819 eo
888 3780 983 3835 per
1009 3765 1214 3821 litteras
1239 3767 1521 3837 agendum.
1556 3768 1761 3823 Etcum

186 3855 432 3912 inventus
460 3855 622 3911 fuerit
656 3858 792 3911 hanc
818 3856 998 3913 dicere
1027 3872 1184 3928 quam
1216 3860 1373 3915 docet
1404 3861 1766 3916 ecclesiastica

184 3959 239 4007 et
263 3950 560 4022 apostolica
591 3951 810 4019 veritas,
846 3960 973 4006 tunc
1002 3954 1119 4009 sine
1157 3954 1266 4009 ullo
1298 3956 1551 4025 scrupulo
1581 3955 1766 4012 Eccle—

184 4042 304 4111 site,
350 4043 473 4098 sine
521 4041 744 4096 latibulo
792 4042 1153 4113 ambiguitatis
1204 4046 1364 4101 ullius
1408 4047 1769 4102 absolvendus

185 4143 296 4198 est,
334 4142 466 4190 tunc
497 4140 579 4189 est
604 4148 791 4189 revera
819 4133 886 4190 de
917 4134 1032 4207 ejus
1061 4138 1373 4208 purgatione
1400 4138 1757 4209 gaudendum.

186 4224 308 4281 Sive
335 4226 482 4281 enim
514 4224 711 4279 dixerit
754 4226 980 4296 gratiam
1017 4241 1138 4283 esse
1183 4228 1404 4284 liberum
1452 4230 1762 4294 arbitrium,

186 4316 297 4375 sive
316 4316 545 4390 gratiam
571 4329 693 4371 esse
716 4317 1093 4374 remissionem
1120 4330 1479 4390 peccatorum,
1505 4323 1617 4377 sive
1644 4335 1764 4391 gra-

263 4478 458 4552 fldem
486 4478 662 4535 codex
691 4497 813 4538 cum
837 4481 983 4552 vulg.
1011 4479 1155 4535 delet
1178 4495 1314 4535 eum.

258 4547 288 4588 δ
307 4550 537 4619 Quesn.,
568 4552 681 4606 dico
712 4547 961 4619 patienter
988 4553 1211 4604 audiret.
1242 4552 1421 4606 Secuti
1450 4566 1636 4607 sumus
1664 4568 1765 4608 no—

192 4629 359 4676 strum
391 4620 516 4676 cod.
538 4620 765 4679 Vindeb.
795 4620 1250 4679 consentientibus
1278 4622 1396 4675 aliis
1425 4621 1604 4676 editis.
1636 4623 1766 4678 Dein

191 4691 300 4747 duo
319 4705 452 4748 mss.
470 4693 731 4763 Colbert.,
750 4704 948 4749 tantum
970 4704 1086 4747 ante
1105 4694 1299 4762 oculos,
1326 4692 1514 4763 majori
1530 4693 1765 4763 quadam

189 4762 458 4831 emphasi,
476 4772 535 4817 ut
557 4762 759 4820 notavit
780 4766 841 4821 P.
865 4764 1223 4821 Constantius.
1262 4762 1479 4818 Accedit
1502 4762 1683 4827 Viud.,
1713 4766 1764 4819 in

192 4842 440 4911 quemue
460 4846 602 4889 tanto
622 4838 795 4891 oculos
817 4844 1066 4911 corrupte
1086 4835 1341 4905 scriptum
1366 4833 1485 4903 fuit,
1506 4848 1568 4889 ac
1590 4845 1769 4905 poste-

190 4904 325 4960 riori
354 4915 515 4960 manu
543 4920 642 4961 vox
671 4916 811 4961 tanto
838 4904 1035 4962 deleta.
1200 4904 1205 4905 ⁷
1292 4952 1303 4959 ,

272 4976 407 5033 °Sic
434 4974 608 5047 Vind.
649 4978 771 5033 cod.
816 4993 936 5033 cum
986 4976 1152 5047 vulg.,
1201 4977 1390 5033 melius
1430 4991 1590 5047 quam
1631 4976 1771 5047 apud

191 5045 563 5111 Oucsnellum,
592 5050 810 5130 gratiam
834 5045 1126 5104 audierunt.

273 5115 300 5153 ‘
329 5117 507 5173 Vult!“
528 5136 635 5173 aut.

372 5133 507 5188 utg.,
528 5136 635 5188 qut.

273 5194 299 5225 ⁸
322 5188 528 5263 'l‘buan.
556 5204 677 5263 cum
716 5190 891 5263 Merl.,
924 5194 1249 5263 conjunctus.
1298 5189 1474 5263 Oxon.
1518 5203 1637 5244 cum
1682 5204 1772 5244 re-

192 5259 534 5330 centioribus
561 5261 790 5330 vulgatis
819 5259 1049 5327 Concill,
1082 5262 1361 5326 convictus,
1395 5260 1571 5315 minus
1602 5270 1767 5314 recte.

190 5329 473 5396 Quesnclli
504 5329 792 5387 lectionem
825 5333 1010 5399 probat
1037 5340 1219 5386 noster
1245 5331 1465 5387 Vindeb.
1491 5340 1545 5386 et
1566 5330 1655 5385 alii
1680 5345 1771 5399 po-

190 5400 366 5455 tiores
388 5400 543 5458 oodd.
566 5416 701 5458 auos
721 5401 1061 5458 Constantius
1088 5402 1379 5458 consuluit.

277 5468 298 5507 ¹
325 5470 519 5543 Quesn.
537 5468 743 5528 addidit
763 5473 892 5527 loca.
927 5473 1295 5543 Expunximus
1316 5489 1438 5529 cum
1459 5483 1643 5530 nostro
1663 5489 1767 5529 ms.

188 5538 363 5595 Vind.
390 5552 444 5597 et
465 5544 676 5599 catt-ris
701 5543 876 5600 editis.

270 5610 421 5687 ftis.
444 5612 566 5669 Vat.
597 5613 721 5670 Isid.
748 5630 881 5687 cum,
900 5614 1039 5687 vulg.
1069 5614 1219 5687 addit
1237 5617 1368 5687 jam.

272 5678 304 5755 ξι
331 5680 507 5755 Vulg,
531 5687 848 5741 concinente
872 5678 1053 5751 Vind.,
1082 5678 1350 5755 quod
1380 5687 1612 5755 pertinet.

279 5748 298 5787 ί
323 5749 450 5827 Cod.
470 5753 652 5819 Vind.,
674 5767 720 5810 et
737 5758 1006 5825 captivaoit
1026 5748 1390 5827 captivitatem;
1410 5759 1600 5814 melius
1617 5757 1768 5827 editi,

184 5831 245 5891 ﬂ
273 5824 530 5900 Wtim
555 5828 914 5900 captivitatem-

276 5893 294 5945 i
327 5893 432 5954 AL.
456 5893 628 5955 quod.
649 5897 774 5953 Mox
798 5897 976 5969 Itayeat
1001 5898 1310 5971 scripsimus
1338 5913 1457 5977 cum
1487 5914 1586 5957 ms.
1608 5902 1765 5973 Vind.

1882 2003 2133 2059 tationem
2167 2003 2415 2059 inductus
2447 2004 2633 2069 fuerit,
2665 2004 2765 2060 hoc
2793 2013 2877 2060 est
2903 2005 2954 2059 in
2986 2005 3278 2061 tentatione
3304 2003 3458 2061 defe-

1878 2098 2032 2164 rerit,
2062 2096 2184 2152 facit
2217 2098 2397 2168 utique
2429 2107 2723 2167 peccatum,
2748 2097 2887 2168 quod
2915 2107 2999 2154 est
3025 2107 3209 2153 contra
3237 2096 3458 2152 mandas

1879 2199 2011 2245 tum.
2040 2190 2169 2246 Orat
2200 2206 2328 2261 ergo
2359 2199 2415 2245 ut
2443 2206 2547 2245 non
2578 2200 2785 2261 peccet,
2816 2190 2917 2245 hoc
2942 2199 3024 2246 est
3051 2206 3119 2245 ne
3144 2190 3267 2261 quid
3299 2190 3458 2245 faciat

1878 2283 2040 2338 mali:
2073 2283 2213 2354 quod
2262 2297 2359 2353 pro
2384 2281 2679 2338 Corinthiis
2716 2293 2833 2337 orat
2872 2284 3186 2353 Apostolus,
3228 2283 3453 2338 dicens:

1878 2374 2097 2428 Oramus
2137 2382 2303 2427 autent
2340 2376 2409 2427 ad
2436 2374 2733 2443 Dominum,
2765 2392 2826 2427 ne
2853 2375 2975 2445 quid
3002 2376 3203 2446 faciatis
3226 2375 3350 2429 mali
3377 2372 3455 2446 (Il

1875 2464 1997 2519 Cor.
2026 2481 2139 2533 xm,
2168 2466 2248 2535 7).
2292 2456 2453 2521 "Unde
2492 2466 2619 2521 satis
2657 2474 2877 2535 apparet
2914 2466 3056 2537 quod
3096 2466 3161 2521 ad
3192 2478 3295 2521 non
3326 2480 3455 2535 pec-

1873 2559 2130 2627 candum,
2185 2558 2236 2613 id
2285 2569 2368 2615 est
2413 2560 2481 2614 ad
2526 2575 2631 2615 non
2671 2561 2812 2616 male
2850 2560 3181 2624 faciendum,
3213 2560 3456 2631 quamvis

1872 2666 1993 2706 esse
2023 2665 2127 2706 non
2156 2650 2431 2705 dubitetur
2459 2649 2479 2688 ι
2499 2652 2776 2707 arbitrium
2802 2652 3113 2720 voluntatis,
3142 2662 3315 2709 tamen
3338 2652 3457 2722 ejus

1875 2752 2110 2813 potestas
2139 2759 2243 2798 non
2272 2744 2523 2813 sufﬁciat,
2553 2746 2653 2800 nisi
2681 2746 2964 2817 adjuvetur
2992 2747 3293 2802 inﬁrmitas.
3338 2748 3455 2817 Ipsa

1871 2835 2031 2904 igitur
2054 2836 2225 2890 oratio
2246 2836 2543 2893 clarissima
2573 2846 2657 2892 est
2684 2839 2869 2908 gratiae
2896 2839 3217 2894 testificatio.
3246 2848 3285 2876 ιδ
3311 2839 3457 2895 Hanc

1872 2926 1966 2981 ille
1992 2927 2329 2995 confiteatur,
2359 2937 2409 2983 et
2430 2943 2551 2983 eum
2578 2929 2929 2999 gaudebimus
2955 2931 3071 2985 sive
3096 2941 3322 2997 rectum,
3345 2932 3458 2988 sive

1872 3028 2192 3075 correctum.
2242 3020 2626 3090 Distinguenda
2657 3032 2740 3076 est
2784 3022 2870 3077 lex
2908 3032 2962 3077 et
2990 3022 3181 3092 gratia.
3230 3021 3338 3077 Lex
3365 3021 3457 3091 ju-

1873 3115 2003 3171 bere
2035 3118 2206 3183 novit,
2239 3116 2406 3188 gratia
2429 3116 2643 3187 juvare.
2686 3116 2795 3173 Nec
2822 3118 2909 3173 lex
2939 3117 3154 3187 juberet
3184 3116 3285 3171 nisi
3315 3128 3458 3174 esset

1871 3208 2149 3274 voluntas;
2198 3224 2296 3263 nec
2334 3209 2501 3277 gratia
2528 3208 2768 3279 juvaret,
2801 3208 2845 3262 si
2889 3215 2973 3262 sat
3016 3214 3159 3262 esset
3187 3206 3459 3262 voluntas;

1870 3309 2098 3365 Jubetur
2127 3319 2181 3365 ut
2209 3310 2499 3365 habeamus
2524 3310 2874 3375 intellectum,
2906 3309 2996 3364 ubi
3027 3309 3254 3364 dicitur:
3281 3306 3459 3363 Nolite

1870 3428 1976 3467 esse
2015 3413 2144 3466 sicut
2187 3429 2347 3476 equus
2391 3419 2439 3466 et
2484 3410 2687 3476 mulus,
2734 3410 2915 3481 quibus
2944 3426 3043 3464 non
3073 3418 3145 3464 est
3174 3408 3459 3463 intellectus

1871 3509 2041 3582 (Psal.
2063 3526 2208 3579 χχιι,
2232 3506 2324 3580 9):
2354 3518 2409 3565 et
2437 3519 2612 3564 tamen
2641 3524 2856 3564 oramus
2888 3518 2943 3563 ut
2974 3507 3264 3563 habeamus
3296 3507 3456 3562 intel-

1874 3613 2066 3667 lectum
2090 3612 2232 3678 :,ubi
2261 3611 2457 3666 dicitur
2483 3630 2494 3663 :
2533 3611 2613 3665 Da
2646 3612 2773 3664 milli
2801 3610 3144 3673 intellectum,
3181 3619 3236 3663 ut
3264 3611 3458 3666 discam

1872 3715 2113 3768 mandata
2142 3723 2232 3768 tua
2259 3711 2431 3783 (Psal.
2455 3728 2639 3777 cxvnt,
2663 3706 2778 3782 δι).
2824 3711 3051 3766 iubetur
3077 3720 3133 3765 ut
3160 3710 3454 3768 habeamus

1867 3815 2204 3887 sapientiam,
2238 3814 2328 3870 ubi
2358 3814 2552 3869 dicitur
2578 3832 2592 3869 :
2619 3823 2646 3850 ιι
2688 3813 2850 3869 Stutti
2880 3814 3161 3884 aliquando
3191 3815 3374 3885 sapite,
3402 3824 3459 3871 et

1869 3926 2047 3974 tamen
2076 3924 2280 3982 oratur,
2314 3924 2373 3970 ut
2405 3914 2697 3969 habeamus
2726 3913 3065 3982 sapientiam,
3095 3912 3184 3970 ubi
3215 3913 3453 3970 dicitur:

1872 4020 1934 4077 Si
1952 4021 2063 4083 quis
2085 4028 2252 4072 autem
2273 4026 2495 4072 vestrum
2516 4017 2708 4087 indiget
2729 4014 3001 4087 sapientia,
3029 4016 3247 4086 postulet
3268 4032 3300 4068 a
3322 4014 3454 4090 Deo,

1870 4123 1957 4193 qui
1987 4121 2075 4174 dat
2110 4120 2344 4174 omnibus
2373 4120 2667 4189 afﬂuenter,
2699 4126 2746 4171 et
2775 4133 2875 4170 non
2908 4118 3255 4187 improperat;
3292 4124 3339 4171 et
3365 4116 3460 4170 da—

1871 4222 2002 4276 bitur
2030 4221 2076 4275 ci
2104 4219 2307 4291 (Iacob.
2336 4236 2375 4287 ι,
2405 4216 2485 4288 5).
2518 4217 2743 4274 Jubetur
2771 4226 2828 4271 ut
2856 4216 3151 4271 habeamus
3177 4216 3458 4272 continen-

1874 4322 2023 4389 tiam,
2052 4322 2139 4376 ttbi
2170 4321 2396 4377 dicitur:
2425 4328 2449 4354 ο
2470 4317 2593 4372 Cant
2622 4318 2803 4371 scirem
2830 4319 2950 4386 quia
2979 4332 3127 4370 nemo
3158 4325 3320 4386 potest
3349 4332 3463 4372 esse

1876 4491 1932 4539 et
1958 4482 2101 4552 vulg.
2128 4481 2354 4550 Quesn.,
2382 4480 2598 4552 accipiat

1946 4552 1973 4590 ιε
1996 4545 2222 4620 Quesn.,
2250 4545 2502 4622 inferiae
2530 4547 2945 4607 Emendavimus
2974 4560 3097 4603 cum
3124 4545 3335 4605 duobus
3362 4562 3461 4606 nov

1873 4624 2003 4679 stris
2032 4623 2189 4678 codd.
2220 4632 2272 4676 et
2298 4624 2440 4690 vulg.

1949 4694 1966 4733 ι
2002 4695 2056 4749 In
2090 4710 2189 4747 ms.
2216 4693 2375 4747 Vind.
2397 4689 2595 4747 manus
2626 4692 2843 4762 antiqua
2877 4689 3024 4747 addit
3057 4690 3293 4759 liberum,
3321 4700 3378 4747 ut
3404 4690 3461 4751 in

1874 4766 2032 4822 editis
2059 4764 2418 4819 Conciliorum
2452 4763 2661 4833 legitur.

1946 4848 1983 4873 σι
2013 4837 2099 4892 Sic
2132 4837 2300 4890 nostri
2323 4836 2537 4889 codices
2559 4844 2612 4889 et
2634 4836 2751 4890 aliae
2774 4834 3055 4889 editiones.
3076 4833 3300 4901 Quesn.,
3325 4850 3458 4889 eam.

1947 4918 1972 4945 ιι
1997 4908 2285 4977 Sequentia
2328 4921 2495 4975 usque
2525 4905 2590 4959 ad
2622 4904 3115 4977 repetitionemgubi
3144 4904 3336 4977 dicitur
3366 4920 3461 4973 per

1876 4970 2307 5035 saltum'omiSSa
2355 4970 2421 5030 iu‘
2452 4992 2551 5030 ms.
2584 4970 2756 5030 Oxon.
2790 4970 3111 5043 Quesnellus
3142 4976 3192 5028 in
3226 4970 3462 5044 margine

1878 5050 2086 5105 monuit
2128 5064 2191 5103 ex
2236 5048 2354 5101 aliis
2397 5047 2722 5102 editiouibns
2774 5047 3076 5104 inserenda.
3132 5044 3461 5099 lnseruimus

1874 5137 2037 5245 lvero,
2087 5124 2208 5189 quia
2254 5118 2412 5173 etiam
2464 5117 2518 5171 in
2565 5134 2671 5173 ms.
2716 5116 2873 5172 Vind.
2928 5116 3082 5185 hujus
3129 5114 3462 5170 collectionis

1899 5200 2141 5245 cuuutur.

1899 5200 2141 5246 υαυιιιιιτ.

1944 5211 1955 5229 '
1980 5210 2013 5244 ll
2040 5210 2089 5244 ιιι
2128 5230 2141 5242 .

1930 5210 1979 5299 ἓξ
2003 5210 2075 5317 Ιὶιει
2099 5210 2301 5315 rnoster
2336 5260 2491 5315 Vind.
2523 5274 2642 5315 cum
2676 5260 2920 5323 lllerlino,
2959 5256 3192 5321 Crabbu,
3234 5264 3288 5311 et
3327 5270 3457 5309 mss.

1878 5334 2282 5404 quamplurilius
2310 5347 2443 5404 quos
2474 5330 2698 5385 contulit
2728 5330 2788 5385 P.
2819 5325 3463 5404 Constantius.__lnsiguls

1877 5395 2359 5474 hujus-annotatio
2405 5404 2506 5457 hoc
2550 5404 2670 5458 loco
2719 5398 3092 5474 appendenda.
3146 5395 3252 5474 Hic
3294 5407 3462 5474 tamen

1877 5467 2074 5547 aliquid
2095 5474 2376 5547 desiderari
2409 5474 2730 5547 manifestum
2757 5467 2849 5547 est.
2889 5470 3139 5547 Quocirca
3168 5467 3338 5547 editor
3359 5467 3463 5547 Ro-

1878 5539 2058 5600 manus
2104 5544 2242 5599 istud
2291 5545 2423 5598 inter
2471 5539 2679 5597 uncinos
2720 5544 2878 5594 altera
2918 5539 3210 5592 charactere
3248 5540 3455 5610 adjecit.

1879 5616 1999 5690 (llic
2027 5614 2225 5690 aliquid
2253 5615 2403 5670 deest
2430 5610 2732 5683 ltujusmodi
2754 5612 2921 5690 :_Sint
2947 5610 3110 5690 lumbi
3136 5610 3463 5690 vestriprze-

1878 5680 2067 5744 cincti:
2094 5680 2147 5745 εἰ
2180 5697 2356 5743 tamen
2381 5680 2597 5740 oramus
2628 5696 2744 5737 eam
2769 5681 2883 5736 dari
2916 5681 3071 5736 nobis
3101 5680 3193 5739 ubi
3220 5681 3461 5751 dicitur.)

1881 5759 2033 5831 Quod
2057 5770 2102 5814 et
2129 5768 2301 5831 postea
2322 5758 2375 5831 in
2395 5754 2695 5831 quibusdam
2721 5752 2836 5804 aliis
2859 5752 3165 5831 editionibus
3188 5762 3457 5831 retentum.

1879 5823 2221 5884 Additantenti
2252 5823 2414 5898 hujus
2431 5828 2538 5879 loco
2572 5826 2765 5887 Queen.
2794 5823 3051 5877 substituit
3077 5840 3095 5877 .'
3127 5826 3180 5898 A_
3203 5824 3455 5898 volupta-

1879 5902 2019 5979 tibus
2048 5900 2155 5977 tuis
2184 5895 2457 5983 avertere,
2509 5904 2563 5959 et
2611 5901 2790 5979 tamen
2832 5902 3015 5980 oratur
3064 5904 3122 5955 ut
3168 5895 3460 5968 habeamus
