3992 6348
576 488 681 548 075

1505 476 1850 538 APPENDIX
1888 474 1980 532 AD
2018 475 2078 531 S.
2120 474 2364 533 LEONIS
2402 475 2613 530 MAGNI
2654 475 2901 533 OPERA.

3720 474 3813 536 ιτσ

574 608 860 673 cautium,
892 604 1045 679 ιω
1069 603 1166 658 nisi
1195 602 1331 657 Deus
1357 600 1471 665 dat.
1514 608 1561 655 et
1589 602 1686 655 hoc
1709 600 1880 669 ipsum
1912 605 2026 654 erat
2068 613 2152 652 sa-
2176 599 2233 660 Α
2257 608 2361 648 non
2384 594 2737 663 improbanda
2758 596 2968 652 ratione
2992 594 3188 651 dicitur
3210 597 3378 669 gratia
3401 595 3520 664 Dei,
3549 611 3651 669 qua
3671 595 3815 656 creati

576 701 779 775 pientis
815 699 942 754 scire
975 699 1126 769 cujus
1163 702 1290 750 esset
1318 694 1414 749 hoc
1443 693 1670 760 donum;
1707 692 1819 746 adii
1847 691 2146 757 Dominum,

573 806 625 854 et
651 798 945 865 deprecatus
969 807 1082 846 sunt
1107 790 1258 843 illum
1284 786 1439 860 (Sap.
1465 801 1575 852 vttt,
1599 784 1717 857 ει).
1767 785 2045 840 Postremo
2084 796 2154 838 ne

574 891 799 947 nimium
819 888 1035 955 longum
1058 884 1128 940 sit
1152 888 1342 938 cuncta
1368 894 1704 951 percurrere,
1723 878 1943 948 iubetur
1966 884 2024 932 ut
2044 891 2150 931 non

572 981 829 1037 faciamus
857 976 1057 1033 malum
1076 1016 1090 1041 ,
1135 973 1221 1030 ubi
1250 972 1445 1029 dicitur
1470 988 1484 1025 :
1529 971 1742 1026 Declina
1769 987 1801 1023 a
1829 970 1965 1024 malo
1989 977 2049 1034 ι;
2096 976 2153 1023 et

572 1082 751 1128 tamen
785 1078 969 1125 oratur
994 1075 1054 1122 ut
1082 1082 1189 1122 non
1228 1064 1489 1120 faciamus
1516 1063 1747 1128 malum,
1794 1061 1880 1116 ubi
1911 1060 2146 1116 dicitur:

574 1164 796 1221 Ornatus
820 1170 994 1215 autem
1021 1158 1088 1213 ad
1119 1156 1307 1219 Deum.
1339 1172 1401 1210 ne
1425 1154 1552 1225 quid
1580 1154 1783 1226 faciatis
1812 1153 1955 1207 mali.
1987 1151 2151 1208 Jube-

570 1266 657 1313 tur
685 1264 743 1311 ut
770 1253 1033 1309 faciamus
1060 1250 1281 1316 bonum,
1310 1248 1399 1304 ubi
1426 1248 1621 1303 dicitur
1644 1263 1659 1299 :
1691 1246 1905 1301 Declina
1928 1261 1963 1298 a
1988 1245 2149 1311 male,

569 1356 615 1404 et
645 1349 726 1421 {ac
751 1346 941 1401 bonum
965 1342 1136 1412 (Psal.
1168 1356 1362 1407 xssvt,
1386 1339 1513 1412 27);
1559 1346 1613 1393 et
1652 1347 1829 1393 tamen
1868 1345 2052 1392 oratur
2092 1345 2151 1392 ut

570 1440 828 1496 faciamus
859 1438 1081 1501 bonum,
1126 1433 1214 1491 ubi
1241 1433 1474 1489 dicitur:
1508 1430 1631 1486 Non
1665 1444 1917 1485 cessamus
1946 1437 2151 1484 orantes

570 1544 666 1607 pro
697 1533 865 1599 nobis,
908 1538 1133 1594 orantes,
1164 1535 1210 1581 et
1237 1526 1551 1597 postulantes
1578 1523 1776 1595 (Cales.
1802 1539 1842 1589 t,
1868 1522 1954 1593 3);
1985 1532 2152 1593 atque

572 1626 711 1681 inter
733 1632 927 1679 cetera
954 1636 1074 1692 qum
1103 1620 1206 1675 illis
1232 1630 1382 1684 orat,
1416 1618 1546 1673 dicit
1570 1633 1585 1670 :
1619 1626 1673 1670 ut
1700 1615 1967 1671 ambuletis
1995 1614 2150 1685 digne

575 1718 681 1773 Deo
726 1718 783 1772 in
829 1712 973 1770 om
1016 1713 1283 1786 placitum,
1330 1712 1385 1766 in
1426 1711 1565 1765 omni
1605 1725 1775 1779 opere,
1824 1715 1871 1763 et
1916 1722 2150 1762 sermone

572 1811 721 1865 bono.
763 1808 913 1864 Sicut
951 1818 1079 1876 ergo
1112 1803 1450 1875 agnoscimus
1476 1802 1838 1866 voluntatem,
1878 1814 2000 1856 cum
2031 1798 2149 1855 haec

573 1901 988 1974 praecipiuntur;
1048 1898 1127 1954 sic
1171 1907 1230 1955 et
1284 1896 1399 1966 ipse
1442 1903 1698 1965 agnoscat
1743 1894 1969 1965 gratiam
2025 1906 2145 1947 cum

572 2002 847 2064 petuntur.

643 2086 769 2141 Car.
807 2083 894 2140 lli.
921 2082 1249 2139 —blisimus
1275 2085 1597 2140 reverentiae
1626 2091 1729 2137 tum
1765 2082 1957 2138 librum
1983 2095 2144 2149 quem

573 2177 833 2234 dederunt
864 2175 1081 2247 quidam
1122 2176 1358 2247 religiosi
1404 2184 1460 2230 et
1524 2174 1736 2230 honesti
1779 2174 2149 2230 adolescentes

573 2271 714 2327 servi
746 2270 861 2336 Dei,
887 2284 1114 2339 quorum
1143 2270 1305 2326 etiam
1344 2268 1561 2323 nomina
1601 2281 1710 2323 non
1735 2278 1994 2328 tacemus.
2025 2281 2148 2322 nam

572 2361 837 2419 Timasius
863 2372 920 2419 et
948 2361 1180 2417 lacubus
1201 2370 1478 2416 vocantur.
1504 2360 1626 2426 Qui,
1657 2361 1797 2414 sicut
1818 2360 2148 2426 audivimus,

573 2464 627 2510 et
649 2455 811 2509 etiam
838 2455 952 2522 ipse
994 2468 1154 2509 nosse
1183 2452 1444 2521 dignaris,
1478 2452 1644 2521 ipsius
1674 2452 1871 2520 Pelagii
1900 2452 2154 2507 exhorta-

576 2546 721 2601 tione
747 2559 897 2615 spem
922 2560 1082 2614 quam
1101 2543 1369 2600 habebant
1397 2543 1449 2599 in
1474 2543 1673 2599 mento
1702 2544 2053 2615 reliquerunt,
2099 2555 2153 2601 et

577 2652 719 2692 nunc
772 2638 1109 2693 continentes
1155 2636 1266 2691 Deo
1315 2638 1578 2692 serviunt.
1634 2635 1733 2705 Qui
1796 2651 1917 2692 cum
1961 2639 2152 2695 eodem

576 2744 763 2786 errore
788 2728 1000 2784 tandem
1041 2728 1326 2799 aliquando
1355 2744 1451 2798 per
1476 2728 1902 2799 qualemcunque
1934 2744 2153 2799 operam

579 2832 839 2889 nostram,
876 2822 1103 2879 Domino
1130 2823 1443 2892 inspirante,
1470 2824 1788 2891 caruissent,
1819 2824 2155 2893 protulerunt

576 2914 822 2970 eumdem
863 2914 1079 2980 librum,
1123 2913 1322 2983 Pelagii
1357 2928 1479 2971 esse
1517 2914 1775 2981 dicentes,
1817 2924 1873 2970 et
1900 2926 1959 2969 ut
1990 2916 2041 2970 ei
2071 2931 2155 2971 re-

576 3005 932 3073 sponderetur
958 3006 1228 3076 impendio
1249 3016 1592 3075 rogaverunt.
1624 3007 1845 3064 Factum
1872 3017 1976 3075 est,
2005 3018 2062 3064 et
2088 3010 2155 3065 ad

579 3096 799 3154 eosdem
828 3100 1090 3169 rescripta
1117 3110 1198 3155 est
1225 3100 1338 3169 ipsa
1364 3100 1662 3169 responsio.
1694 3102 1928 3171 Agentes
1956 3104 2157 3172 gratias

580 3190 989 3259 rescripseram;
1024 3189 1320 3259 Utrumque
1343 3192 1604 3261 misimus,
1638 3202 1696 3247 et
1722 3192 1807 3247 cui
1838 3208 2157 3263 responsum

580 3290 683 3348 est,
713 3291 767 3337 et
793 3281 937 3352 quod
980 3296 1291 3350 responsum
1321 3292 1431 3349 est;
1478 3291 1531 3339 et
1566 3299 1635 3339 ne
1662 3283 1887 3341 nimium
1916 3300 2157 3342 essemus

2258 702 2463 754 sumus,
2489 698 2547 746 ut
2575 706 2680 745 non
2703 690 2834 747 nihil
2858 705 3123 756 essemus,
3155 705 3256 746 nec
3279 690 3355 746 ita
3372 705 3617 765 essemus
3641 690 3814 761 aliquid

2256 790 2314 836 ut
2341 780 2595 847 cadaver,
2618 782 2761 852 quod
2788 798 2897 838 non
2926 783 3084 848 vivit;
3111 792 3133 821 ε
3160 791 3215 837 et
3235 782 3418 847 arbor,
3440 798 3563 853 qua:
3596 798 3695 836 non
3714 796 3817 838 sen-

2255 872 2348 939 tit;
2379 882 2471 927 aut
2501 888 2682 942 pecus,
2714 874 2855 945 quod
2886 890 2994 930 non
3024 873 3303 946 intelligit;
3344 872 3441 929 sed
3482 882 3542 928 ut
3570 872 3813 942 homines,

2254 972 2346 1041 qui
2372 978 2427 1025 et
2454 982 2720 1033 essemus,
2750 978 2805 1022 et
2842 966 3169 1033 viveremus,
3198 975 3253 1022 et
3280 968 3629 1045 sentiremus,
3660 980 3706 1023 et
3740 964 3811 1024 in-

2254 1064 2635 1135 telligeremus,
2663 1069 2718 1117 et
2744 1060 2812 1117 de
2848 1060 2953 1116 hoc
2983 1070 3133 1117 tanto
3166 1060 3426 1117 beneﬁcio
3456 1059 3702 1117 Creatori
3732 1078 3815 1117 no-

2251 1165 2368 1213 stro
2386 1156 2585 1228 gratias
2607 1168 2769 1224 agere
2791 1153 3090 1220 valeamus;
3116 1153 3258 1209 unde
3277 1154 3473 1210 merito
3503 1163 3561 1211 et
3583 1155 3681 1210 ista
3707 1170 3810 1227 gra-

2254 1250 2326 1304 tia
2374 1248 2477 1304 dici
2510 1254 2710 1318 potest,
2752 1246 2876 1318 quia
2924 1261 3032 1303 non
3068 1246 3490 1317 praecedentium
3536 1246 3814 1318 aliquorum

2252 1354 2474 1408 operum
2504 1339 2733 1407 meritis,
2747 1337 2849 1394 sed
2867 1338 3097 1409 gratuita
3120 1337 3217 1395 Dei
3247 1336 3489 1394 bonitate
3508 1336 3705 1393 donata
3725 1347 3796 1394 est

2252 1432 2354 1489 alia
2392 1442 2475 1487 est
2504 1441 2706 1497 tamen,
2733 1448 2837 1503 qua
2866 1430 3231 1503 praedestinati
3263 1446 3548 1499 vocamur,
3578 1432 3817 1500 iustiﬁca-

2253 1540 2394 1591 mur,
2423 1524 2807 1596 gloriﬁcamur,
2856 1532 2914 1578 ut
2936 1522 3118 1579 dicere
3142 1524 3412 1593 possimus
3446 1543 3457 1577 :
3484 1514 3549 1580 Si
3580 1524 3714 1579 Deus
3736 1540 3815 1595 pro

2252 1618 2419 1685 nobis,
2446 1620 2558 1687 quis
2579 1628 2759 1673 contra
2782 1619 2912 1673 nos?
2936 1618 3022 1687 qui
3047 1618 3258 1691 praprio
3289 1615 3431 1673 Filio
3453 1614 3479 1653 ά
3504 1634 3602 1673 suo
3633 1634 3727 1672 non
3744 1633 3815 1688 pe-

2252 1714 2445 1782 percit,
2498 1711 2588 1767 sed
2632 1727 2728 1773 pro
2762 1711 2904 1767 nobis
2947 1711 3181 1767 omnibus
3217 1710 3432 1766 tradidit
3473 1711 3625 1767 illum
3654 1712 3807 1782 (Rcui.

2253 1821 2364 1870 vut,
2395 1806 2510 1873 51).

2325 1896 2453 1950 Car.
2500 1893 2588 1951 ιν.
2619 1924 2691 1934 -
2718 1894 2793 1949 De
2846 1892 2950 1949 bac
2996 1893 3168 1963 gratia
3210 1893 3438 1962 quaestio
3492 1894 3815 1961 vertebatur,

2176 1985 2465 2056 Bqnando
2517 1984 2585 2039 ab
2633 1984 2740 2051 his,
2779 1997 2914 2053 quos
2968 1982 3212 2057 Pelagius
3247 1984 3487 2055 graviter
3535 1984 3818 2040 offendebat

2251 2085 2411 2146 atque
2443 2075 2707 2139 turbabat,
2732 2074 3008 2131 dicebatur
3032 2074 3105 2143 ei,
3137 2072 3276 2147 quod
3307 2091 3428 2131 eam
3462 2077 3575 2131 suis
3604 2074 3819 2147 disputa-

2253 2168 2489 2225 tionibus
2532 2175 2897 2238 oppugnaret;
2948 2166 3139 2237 quibus
3178 2178 3449 2223 assereret
3481 2179 3503 2205 ο
3548 2169 3691 2240 quod
3729 2184 3817 2224 non

2253 2260 2427 2314 solum
2455 2260 2519 2315 ad
2549 2258 2813 2323 facienda,
2842 2271 3026 2311 verum
3050 2256 3212 2312 etiam
3240 2257 3305 2312 ad
3339 2260 3665 2329 perﬁcienda
3690 2277 3820 2315 man-

2253 2350 2374 2407 data
2405 2352 2581 2408 divina
2606 2366 2701 2422 per
2729 2351 2956 2408 liberum
2984 2349 3263 2406 arbitrium
3295 2350 3396 2406 sibi
3428 2352 3659 2409 humana
3690 2351 3819 2409 solii-

2254 2454 2401 2501 ceret
2430 2454 2640 2499 natura.
2686 2442 2831 2498 lianc
2868 2442 3161 2512 apostolica
3199 2442 3444 2498 doctrina
3472 2446 3692 2513 gratiam
3737 2445 3819 2500 isto

2254 2538 2475 2595 nomine
2498 2534 2750 2607 appellat,
2776 2548 2879 2603 qua
2906 2536 3173 2591 salvantur
3193 2544 3249 2595 et
3263 2536 3623 2607 justiﬁesmur
3644 2555 3705 2593 es
3736 2537 3819 2594 tide

2252 2632 2473 2688 Christi.
2527 2630 2603 2687 De
2660 2630 2759 2685 hac
2809 2630 3072 2699 scriptum
3126 2640 3210 2685 est
3260 2630 3430 2705 :ZVon
3473 2633 3667 2687 irritam
3700 2634 3819 2704 facio

2256 2724 2475 2796 gratiam
2507 2722 2599 2775 Dei
2628 2738 2646 2786 ;
2678 2738 2793 2775 nam
2819 2725 2863 2775 si
2902 2738 2991 2793 per
3018 2724 3177 2797 legem
3188 2723 3421 2794 justitia,
3463 2740 3583 2798 ergo
3614 2723 3819 2778 Christus

2258 2816 2418 2887 gratis
2457 2823 2688 2867 mortuus
2731 2822 2804 2866 est
2830 2808 3031 2883 (Galat.
3073 2829 3134 2881 tt,
3164 2812 3277 2885 2|).
3313 2814 3387 2870 De
3436 2816 3541 2870 hac
3586 2818 3817 2885 scriptum

2259 2918 2343 2971 est
2376 2926 2389 2962 :
2420 2907 2667 2962 Evacuati
2694 2905 2812 2960 estis
2834 2923 2865 2959 a
2886 2903 3111 2973 Christo,
3138 2906 3223 2975 qui
3248 2905 3300 2959 in
3328 2907 3437 2977 lege
3454 2906 3817 2981 justiﬁcamini,

2216 2992 2219 3011 ἶ
2259 3018 2292 3056 a
2319 3004 2488 3073 gratia
2508 3002 2769 3058 cecidistis
2800 3001 2961 3073 (Ibid.
2990 3018 3040 3069 v,
3076 2998 3157 3074 4).
3192 3001 3269 3061 De
3298 3002 3401 3060 hac
3427 3005 3684 3074 scriptum
3713 3012 3815 3059 est:

2200 3101 2207 3111 '
2262 3094 2323 3152 Si
2349 3105 2522 3149 autem
2540 3096 2728 3168 gratia,
2746 3096 2862 3165 jam
2886 3111 2990 3153 non
3010 3111 3075 3151 ea:
3094 3096 3333 3165 operibus
3354 3114 3375 3163 ;
3406 3097 3635 3167 alioquin
3671 3098 3817 3171 gratis

2261 3188 2368 3254 iam
2398 3203 2502 3241 non
2532 3184 2549 3224 ί
2579 3189 2746 3258 gratia
2770 3186 2959 3259 (Rom.
2979 3204 3053 3253 at,
3086 3188 3163 3257 6).
3197 3188 3273 3245 De
3301 3188 3399 3245 hac
3431 3189 3683 3261 scriptum
3709 3194 3781 3243 est
3794 3204 3815 3261 ,ε

2262 3284 2308 3335 ei
2341 3291 2511 3336 autem
2556 3281 2639 3357 qui
2680 3290 2942 3353 cperatur,
2982 3297 3171 3338 merces
3201 3298 3305 3337 non
3348 3283 3628 3352 imputatur
3660 3298 3817 3337 secu-

578 3375 813 3441 onerosi,
844 3374 993 3445 signa
1030 3372 1251 3431 fecimus
1296 3373 1379 3428 his
1408 3375 1557 3441 locis,
1591 3374 1679 3430 ubi
1724 3377 1955 3444 petimus
1990 3377 2157 3447 inspi-
2183 3373 2231 3437 C
2262 3374 2387 3427 dum
2407 3372 2649 3442 gratiam.
2677 3374 2767 3428 sed
2796 3372 3073 3433 secundum
3099 3373 3363 3437 debitum;
3387 3374 3434 3431 ei
3454 3384 3621 3428 autem
3641 3374 3718 3445 qui
3733 3388 3815 3427 nos

577 3481 703 3522 cere
742 3481 811 3523 ne
848 3467 1109 3537 graveris,
1157 3467 1605 3537 quemadmodum
1635 3467 1737 3523 sibi
1766 3468 1976 3539 objecta
2006 3486 2152 3541 qua:-

576 3560 775 3627 stione,
807 3557 948 3630 quod
994 3560 1220 3629 gratiam
1263 3558 1355 3615 Dei
1396 3569 1635 3632 negaret,
1665 3558 1736 3615 ita
1763 3560 2066 3632 respondit,
2098 3568 2157 3617 ut

574 3665 694 3706 eam
737 3666 857 3707 esse
888 3666 993 3707 non
1025 3652 1228 3707 diceret
1259 3652 1361 3707 nisi
1408 3661 1652 3707 naturam
1686 3654 1737 3707 in
1767 3669 1869 3723 qua
1901 3670 1999 3709 nos
2025 3670 2156 3711 con-

574 3740 710 3800 didit
744 3743 907 3800 Deus.
955 3745 1013 3800 Si
1043 3754 1221 3800 autem
1252 3746 1391 3800 hunc
1420 3760 1539 3800 esse
1566 3745 1759 3799 librum
1790 3762 1941 3801 suum
1972 3758 2151 3819 negat,

574 3842 670 3889 aut
684 3834 871 3890 eadem
894 3835 949 3889 in
971 3835 1105 3890 libro
1122 3835 1261 3898 loca,
1284 3851 1387 3889 non
1408 3834 1803 3891 contendimus.
1826 3835 2154 3893 Auathema-

578 3926 707 3980 tizet
744 3938 829 3991 ea,
878 3932 933 3980 et
980 3924 1125 3980 illam
1172 3927 1394 3995 gratiam
1443 3926 1758 3983 conﬁteatur
1797 3930 2153 3999 apertissime,

575 4029 735 4086 quam
780 4016 1022 4071 doctrina
1066 4015 1373 4071 Christiana
1417 4017 1748 4072 demonstrat
1799 4028 1854 4073 et
1903 4021 2157 4089 praedicat

576 4121 700 4165 esse
726 4109 997 4181 propriam
1026 4108 1485 4171 Christianorum;
1514 4125 1638 4179 qute
1688 4125 1792 4166 non
1828 4120 1913 4169 est
1942 4123 2152 4181 natura,

576 4199 670 4257 sed
694 4198 720 4239 δ
743 4216 849 4273 qua
876 4202 1111 4258 salvetur
1141 4209 1358 4267 natura;
1391 4217 1511 4271 qua
1554 4216 1658 4258 non
1684 4203 1900 4261 auribus
1928 4216 2154 4262 sonante

573 4292 839 4363 doctrina,
863 4294 947 4351 vel
967 4292 1149 4365 aliqtio
1174 4294 1482 4363 adjumento
1509 4294 1707 4350 visibili
1735 4296 2004 4365 plantatur
2021 4312 2152 4369 quo-

573 4384 860 4440 dammodo
890 4394 943 4441 et
974 4387 1224 4455 irrigatur
1244 4387 1598 4448 extrinsecus,
1630 4385 1723 4441 sed
1755 4389 2151 4443 sumministra-

576 4475 718 4529 tione
745 4476 991 4543 Spiritus,
1022 4487 1073 4531 et
1102 4475 1307 4531 occulta
1337 4475 1726 4543 misericordia,
1751 4477 1889 4532 sicut
1913 4478 2037 4534 facit
2060 4480 2152 4536 ille

573 4567 662 4637 qui
688 4566 778 4624 dat
805 4568 1194 4625 incrementum
1226 4569 1384 4625 Deus.
1416 4568 1531 4625 Etsi
1566 4569 1710 4625 enim
1741 4570 1899 4643 ιει
1921 4572 2149 4641 quadam

2264 3474 2527 3534 operatur,
2558 3465 2778 3519 credenti
2802 3475 2972 3520 autem
3001 3466 3053 3519 in
3074 3480 3187 3518 eum
3215 3465 3301 3533 qui
3315 3466 3578 3537 justiﬁcat
3607 3466 3811 3534 impiam.

2259 3557 2528 3627 deputatur
2567 3557 2694 3625 ﬁdes
2742 3560 2853 3630 ejus
2902 3556 2967 3610 ad
3003 3556 3262 3628 justitiam
3316 3552 3487 3628 (Ibid.
3546 3573 3617 3619 tv,
3648 3556 3718 3626 4).
3761 3552 3813 3608 Et

2259 3647 2421 3701 multa
2449 3647 2573 3713 alia,
2607 3663 2723 3718 quae
2758 3646 2950 3702 melius
2985 3656 3141 3717 potes
3169 3647 3279 3716 ipse
3317 3649 3647 3714 meminisse,
3674 3658 3721 3702 et
3747 3644 3813 3699 in-

2260 3741 2502 3812 telligere
2539 3742 2888 3812 prudentius,
2929 3752 2986 3798 et
3034 3741 3294 3797 illustrius
3334 3742 3648 3813 prtedicare.
3688 3743 3812 3798 illam

2260 3847 2387 3888 vero
2422 3832 2647 3902 gratiam
2688 3847 2792 3905 qua
2819 3832 2986 3888 creati
3021 3848 3207 3888 sumus
3239 3835 3506 3900 homines,
3532 3833 3730 3890 etiamsi
3753 3833 3811 3885 ita

2260 3926 2634 3997 appellandam
2668 3940 2771 3979 non
2814 3926 3086 3981 immerito
3127 3926 3495 3997 intelligimus,
3542 3930 3719 3983 mirum
3742 3932 3810 3979 est

2262 4029 2440 4073 tamen
2485 4017 2531 4072 si
2576 4018 2647 4071 ita
2675 4017 2995 4089 appellatam
3039 4020 3090 4072 in
3137 4016 3259 4073 ullis
3288 4017 3539 4090 legitimis
3566 4015 3810 4093 propheti-

2260 4109 2356 4176 cis,
2385 4109 2738 4180 evangelicis,
2770 4108 3187 4180 aposmlicisque
3213 4108 3405 4167 litteris
3436 4112 3675 4183 legimus.
3700 4107 3809 4166 Cum

2262 4204 2446 4274 itaque
2480 4204 2546 4259 de
2576 4205 2675 4258 hac
2701 4205 2871 4275 gratia
2909 4202 3225 4260 Christianis
3262 4203 3509 4262 ﬁdelibus
3539 4198 3809 4260 catholicis-

2256 4311 2361 4368 que
2389 4296 2665 4352 notissima
2698 4304 2721 4342 Β
2760 4294 2834 4359 illi
2863 4294 3190 4365 objiceretur
3217 4297 3446 4367 quaestio
3477 4306 3536 4351 ut
3580 4312 3688 4350 eam
3729 4307 3809 4359 op-

2258 4405 2495 4459 pugnare
2518 4389 2813 4456 desineret,
2846 4389 2971 4458 quid
2995 4400 3078 4443 est
3106 4389 3246 4459 quod
3271 4404 3393 4443 cum
3428 4390 3531 4445 hoc
3559 4390 3652 4443 sibi
3683 4384 3730 4441 in
3755 4384 3808 4438 ii.

2260 4485 2358 4539 bro
2385 4498 2503 4548 suo,
2535 4482 2680 4537 velut
2708 4482 2775 4539 ab
2794 4482 3116 4545 adversante
3148 4490 3400 4553 persona,
3436 4482 3581 4540 idem
3599 4482 3711 4555 ipse
3730 4478 3810 4532 eb-

2256 4576 2500 4645 iecisset,
2559 4586 2618 4629 ut
2656 4586 2716 4631 se
2761 4575 3139 4647 respondendo
3177 4586 3461 4647 purgaret,
3504 4577 3635 4632 nihil
3674 4567 3808 4646 155

572 4796 981 4883 continentiam,
1003 4877 1013 4883 Δ
1034 4798 1123 4853 ubi
1161 4798 1354 4883 dicitur
1380 4817 1392 4852 :
1446 4794 2149 4883 lVeut‘rumLsupplementum
2180 4806 2229 4867 Ι)
2253 4803 2443 4883 loc_o_in
2475 4818 2578 4863 ms.
2804 4808 2858 4883 et
2884 4798 3001 4883 aliis
3030 4799 3176 4871 vulg.

570 4868 757 4939 placet.
793 4866 904 4934 Quo
931 4877 1095 4922 autem
1122 4880 1269 4939 pacto
1299 4870 1648 4923 resarciendus
1678 4872 1742 4924 sit
1770 4866 1851 4923 hic
1880 4875 2049 4939 locus,
2090 4890 2152 4928 ea:

569 4932 847 5011 alio‘simili
872 4932 1137 5011 Augustini
1156 4941 1415 5011 (expiscuri
1437 4942 1570 4995 licet.
1606 4940 1661 4995 Is
1686 4947 1860 4995 doctor
1881 4932 2151 5011 cpistfH'l

570 5011 636 5063 ad
670 5007 1032 5073 Hilariumfn.
1066 5010 1129 5081 9,
1147 5007 1280 5064 idem
1309 5024 1663 5081 argumentum
1694 5007 2036 5080 pertractans,
2081 5018 2150 5068 ita

570 5081 772 5152 scribit:
804 5082 935 5134 Cum
965 5081 1091 5135 dicit
1122 5080 1229 5147 lex,
1260 5080 1381 5135 Non
1398 5084 1766 5151 concupisces,
1791 5087 1913 5152 quid
1938 5085 2151 5140 videtur

569 5151 713 5225 aliud
742 5150 1036 5225 imperare,
1084 5152 1183 5205 nisi
1220 5152 1289 5205 ab
1330 5152 1531 5207 illicitis
1561 5150 1943 5225 cupiditatibus
1971 5157 2147 5211 conti-

568 5222 842 5277 nentiam?
1018 5232 1070 5276 et
1103 5232 1277 5278 tamen
1318 5233 1502 5279 oratur
1544 5234 1601 5279 ut
1634 5222 1930 5279 habeamus
1972 5229 2146 5281 cnnti-

567 5292 831 5358 nentiam,
858 5292 949 5365 ubi
980 5292 1172 5347 dicitur
1196 5293 1383 5365 :__Cum
1414 5296 1604 5351 scirem
1636 5298 1756 5365 quia
1788 5313 1944 5351 nemo
1972 5308 2147 5365 potest

569 5377 691 5439 98st:
730 5362 1040 5439 continens,
1082 5373 1173 5416 etc.
1202 5361 1430 5439 (Moxque
1467 5361 1721 5421 concludit
1767 5381 1785 5420 :
1824 5361 1984 5421 Juiiet
2019 5383 2146 5439 ergo

564 5430 710 5489 Deus
739 5434 1145 5499 continentiam,
1176 5438 1229 5489 et
1256 5430 1357 5489 dat'
1376 5439 1780 5492 continentiam.
1822 5439 1901 5491 Ad
1932 5430 2145 5493 menté’m

568 5502 725 5574 igitur
750 5503 1019 5577 Augustini
1054 5505 1243 5577 integer
1270 5508 1351 5575 ﬁct
1393 5508 1471 5560 hic
1509 5518 1673 5562 noster
1706 5509 1867 5575 locus,
1911 5510 1957 5561 si
1994 5510 2144 5561 resti-

570 5582 770 5646 luamus
802 5574 1091 5646 :__.lubetur
1143 5574 1198 5630 tit
1243 5574 1537 5634 habeamus
1586 5578 2002 5646 continentiam,
2054 5580 2143 5635 ubi

569 5642 786 5709 dicitur,
814 5643 929 5700 Non
958 5648 1332 5716 concupisces;
1366 5659 1420 5703 et
1450 5660 1625 5704 tamen
1658 5657 1839 5704 oratur
1867 5659 1923 5703 ut
1951 5642 2145 5704 habea-

569 5725 691 5785 mus
726 5718 1140 5783 continentiam,
1192 5720 1280 5774 ubi
1320 5720 1531 5783 dicitur,
1585 5719 1717 5775 Cum
1756 5722 1947 5775 scirem
1977 5763 1991 5785 ,
2044 5730 2141 5775 etc.

571 5778 819 5867 Proxima
838 5778 1322 5867 earumdemrvocutn
1336 5778 1587 5867 repetitio,
1610 5791 1825 5861 fecunda
1844 5778 2145 5846 lacunarum

572 5868 733 5926 seges,
765 5858 878 5926 huic
908 5860 1217 5913 occasionem
1248 5858 1406 5917 dedit;

645 5933 671 5964 ⁸
696 5924 894 5983 οιὴιςιι.
940 5928 1087 5985 addit
1124 5934 1280 5990 etfac
1317 5932 1545 5989 bonum:
1572 5932 1762 5991 melius
1804 5933 2014 5991 deletur
2041 5933 2143 5990 hoc

2328 4872 2357 4913 δ
2388 4872 2529 4929 Idem
2552 4862 2701 4929 addit
2725 4875 2908 4944 gratia.
2950 4862 3314 4944 Esptttt'simus
3344 4880 3470 4944 eum

2255 4946 2483 5015 aliisque
2523 4947 2699 4998 editis.
2725 4937 2864 4997 'Mox
2898 4942 3052 5015 Vind.
3084 4941 3237 5015 deiet
3258 4955 3389 5015 qua.
3428 4937 3604 5015 Locus
3636 4940 3683 4992 in
3716 4937 3805 4989 hac

2256 5010 2593 5080 collectione,
2623 5015 2845 5082 aliisque
2870 5026 2999 5067 mss.
3027 5010 3335 5082 lsidorianis
3355 5013 3801 5082 valde-eimp‘tus.

2257 5088 2501 5141 Editores
2528 5078 2727 5140 Bened.
2754 5078 2821 5140 ex
2855 5099 2955 5139 ms.
2993 5082 3133 5144 Vat.,
3163 5092 3218 5136 et
3242 5081 3585 5136 Constantius
3607 5090 3667 5133 ea
3692 5078 3804 5130 duo-

2255 5157 2353 5212 bus
2376 5158 2531 5211 codd.
2564 5156 2805 5214 Colbert.
2832 5158 2907 5209 sic
2928 5155 3310 5226 emendat-unt:
3337 5168 3455 5226 quae
3482 5163 3700 5226 naturam

2254 5229 2704 5304 auribus‘sonnnte
2726 5224 3088 5304 doctrinm-sel
3117 5225 3290 5304 aliqua
3320 5216 3617 5304 adiumento
3642 5216 3803 5304 uisibilt'

2257 5301 2409 5365 fovet,
2433 5299 2561 5352 sicut
2584 5298 2845 5371 plautator
2871 5289 3271 5366 quodammodo,
3302 5302 3350 5348 et
3377 5289 3616 5365 irrigatur
3639 5289 3806 5345 extrin-

2256 5385 2420 5433 secus,
2446 5382 2549 5424 etc.

2328 5451 2351 5511 ς
2380 5440 2511 5511 tjod.
2544 5440 2661 5494 Vat.
2686 5452 2805 5494 cum
2832 5438 3001 5507 vulg.,
3022 5444 3140 5511 aut.
3574 5502 3626 5511 _.
3664 5499 3720 5511 _.

2325 5508 2348 5546 δ
2376 5510 2698 5565 lnseruimus
2718 5525 2813 5563 suo
2831 5495 3148 5563 auctoritate
3167 5515 3476 5561 nostroer
3496 5502 3649 5560 codd.
3664 5495 3808 5554 Vind.

2253 5588 2308 5636 et
2333 5581 2453 5635 Vat.
2487 5597 2610 5636 cum
2638 5581 2846 5635 cmteris
2881 5580 3058 5635 editis.
3537 5630 3545 5636 ,

2327 5662 2350 5689 ο
2386 5652 2537 5717 Vulg.
2570 5666 2688 5707 cum
2722 5665 2823 5704 ms.
2858 5650 2978 5704 Vat.
3016 5646 3358 5717 delentquod
3382 5655 3477 5702 :et
3504 5643 3624 5701 dein
3649 5642 3811 5697 Itum-

2327 5669 2350 5689 ·
2390 5669 2481 5707 vut
2522 5693 2537 5708 .
2570 5669 2688 5707 cum
2722 5669 2823 5704 ms.
2866 5669 2907 5704 v:

2253 5739 2371 5776 nam
2400 5669 2621 5847 ﬁtfit"?
2649 5734 2907 5775 naturam.

2328 5792 2347 5831 τ
2386 5794 2462 5847 Vu
2485 5809 2535 5847 α.
2568 5807 2689 5847 cum
2717 5793 2835 5845 Vat.
2862 5792 2907 5846 ls

2328 5792 2347 5831 τ
2386 5790 2535 5863 Vulg.
2568 5807 2689 5848 cum
2717 5793 2835 5863 Vat.
2862 5790 2989 5846 lsid.
3018 5790 3222 5863 addunt
3238 5796 3333 5863 est.

2327 5875 2350 5911 κ
2384 5846 2708 5919 Ιιιεῖιίιιῖιιιιιε
2740 5862 2819 5916 illi
2847 5879 2966 5917 cum
2995 5862 3193 5915 nostris
3219 5859 3374 5915 codd.
3408 5866 3465 5915 et
3493 5856 3627 5927 vulg.
3658 5846 3803 5907 Vind.

2250 5949 2350 5999 pro
2379 5936 2641 5990 notissima
2670 5934 2829 5989 habet
2866 5932 3163 5988 novissima.

3928 4596 3929 4617 l

3926 4710 3927 4727 l

3918 4958 3921 4977 1
