3992 6348
247 463 346 521 νη

701 465 930 523 CODEX
967 463 1290 524 CANONUM
1329 461 1610 525 ποιεῖν.
1653 465 1740 523 ET
1775 461 2341 530 CDNS’HTUTORUM
2377 471 2434 530 S.
2475 469 2665 533 SEDIS
2703 475 3032 536 APOSTOL.

3384 472 3497 546 ιτθ

249 581 389 664 aliud
433 579 738 652 respondit,
773 586 882 672 nisi
920 581 1164 640 naturam
1204 569 1368 640 creati
1399 589 1424 620 ι
1463 579 1696 638 hominis
1738 597 1824 638 re-
1851 588 1901 645 Α
1930 598 2090 656 esset,
2114 587 2384 646 hominem
2417 587 2564 659 fecit,
2606 594 2910 652 et’manens
2930 595 3093 666 Deus,
3121 597 3282 656 homo
3303 597 3497 672 factus,

243 673 372 731 ist-ri
415 674 486 730 ad
515 671 740 747 gratiam
760 666 1070 744 Creatoris;
1109 689 1269 748 atque
1312 679 1381 733 ita
1423 691 1480 733 se
1519 673 1698 734 dicere
1725 677 1828 732 im-

247 759 387 841 pleri
415 777 577 840 posse
613 767 732 825 sine
753 777 975 840 peccato
1001 765 1258 840 iustitiam
1291 781 1386 840 per
1418 761 1644 824 liberum
1685 765 1829 824 arbi-

1928 679 2113 737 t‘elecit
2136 681 2248 755 ipse
2278 681 2418 755 quod
2447 682 2588 741 iecit.

1997 770 2126 828 Car.
2173 771 2258 830 Vl.
2285 803 2356 818 -
2382 771 2517 832 Puto
2541 788 2718 834 autem
2757 779 2898 849 quod
2928 775 2956 818 ιι
2984 795 3106 838 eum
3143 781 3306 840 lateat
3341 783 3496 842 (idem
3533 823 3538 828 -

247 859 416 916 trium
450 865 574 917 eum
603 857 870 950 adiutorio
913 859 1108 918 divinae
1137 861 1344 932 gratias,
1386 860 1526 932 quod
1558 853 1699 917 Deus
1729 857 1830 916 hoc
1928 859 2147 936 Christi,
2178 883 2297 938 quae
2324 879 2506 950 postea
2534 871 2587 926 in
2612 871 2989 931 revelationem
3010 875 3175 943 venit,
3206 876 3261 932 in
3288 865 3500 935 occulto

248 950 462 1011 dederit
491 949 699 1011 homini
729 957 841 1026 ipsa
871 951 1223 1026 possibilitate
1253 957 1477 1010 naturae.
1508 949 1602 1011 Coi
1637 951 1830 1010 merito

245 1041 650 1118 respondetur:
680 1041 820 1121 Ergo
850 1057 1147 1103 evacuation
1182 1051 1253 1102 est
1297 1045 1598 1102 scandalum
1625 1045 1785 1102 crucis
1810 1062 1832 1103 :

245 1143 375 1210 ergo
397 1133 634 1195 Christus
659 1140 818 1212 gratis
846 1149 1073 1196 mortuus
1094 1148 1166 1196 est
1189 1139 1385 1210 (Calai.
1409 1155 1461 1206 v,
1492 1133 1553 1195 ii
1579 1155 1593 1205 ;
1625 1153 1688 1208 tt,
1713 1133 1827 1212 2i).

1931 958 2096 1018 fuisse
2128 961 2454 1032 temporibus
2489 972 2700 1034 patrum
2743 977 3068 1035 nostrorum,
3108 983 3204 1040 per
3229 984 3387 1041 quam
3416 980 3500 1028 ta-

1932 1070 2055 1110 men
2101 1055 2261 1111 etiam
2311 1051 2410 1128 ipsi
2456 1055 2547 1111 Dei
2596 1057 2762 1127 gratia
2811 1059 3014 1116 liberati
3045 1069 3169 1115 sunt
3201 1061 3502 1132 quicunque

1932 1145 2182 1202 omnibus
2223 1145 2440 1202 humani
2469 1149 2680 1218 generis
2709 1150 3037 1219 temporibus
3069 1151 3284 1208 liberari
3311 1161 3498 1223 potue-

243 1228 562 1311 ‘Nunqui'd
605 1241 772 1308 enim,
815 1233 858 1295 si
905 1250 1008 1294 non
1058 1247 1357 1294 moreretur
1387 1245 1605 1309 prOpter
1637 1236 1831 1292 delicia

244 1337 460 1400 nostra,
483 1327 536 1386 et
557 1337 857 1402 resurgeret
877 1337 1096 1403 propter
1113 1328 1544 1401 justiiicatlonem
1564 1338 1831 1396 nostram;
1861 1379 1870 1390 .

1934 1247 2059 1294 runt
2098 1235 2307 1294 occulto
2358 1235 2451 1294 Dei
2485 1235 2710 1309 judicio,
2761 1256 2867 1296 non
2924 1254 3098 1299 tamen
3145 1235 3497 1313 vituperabili.

1935 1323 2090 1389 Unde
2127 1329 2258 1388 dicit
2285 1330 2573 1403 Apostolus
2599 1351 2610 1387 :
2642 1329 2900 1390 Habentes
2935 1346 3106 1391 autem
3135 1339 3366 1396 eumdem
3394 1341 3503 1410 spi-

247 1427 275 1460 °
299 1425 360 1476 et
386 1413 432 1476 si
463 1433 567 1476 non
593 1421 908 1478 ascenderet
934 1421 986 1477 in
1015 1419 1204 1486 altum,
1233 1429 1288 1477 et
1315 1421 1590 1492 captivaus
1613 1417 1835 1491 captivi-
1932 1421 2090 1477 ritum
2111 1421 2234 1494 ﬁdei
2257 1422 2460 1494 (utique
2486 1421 2730 1479 eumdem
2768 1423 2784 1463 ί
2817 1440 2974 1496 quem
3009 1435 3065 1483 et
3091 1427 3190 1499 illi)
3224 1432 3504 1487 secundum

245 1515 423 1568 tatem
452 1505 604 1568 daret
629 1505 765 1568 dona
790 1509 1115 1578 hominibus,
1147 1511 1246 1569 ista
1269 1519 1475 1568 natura
1504 1507 1835 1584 possibilitas
1895 1518 1904 1526 ’
1935 1513 2071 1588 quod
2092 1513 2336 1585 scriptum
2365 1526 2435 1571 est
2461 1533 2480 1572 :
2506 1514 2738 1585 Credidi,
2757 1528 2967 1590 propter
2985 1521 3121 1586 quod
3142 1522 3336 1578 locutus
3355 1540 3505 1592 sum;

242 1605 413 1676 quam
448 1597 707 1670 defendit,
836 1597 1140 1659 hominibus
1169 1615 1274 1658 non
1306 1596 1480 1659 esset?
1937 1616 1983 1661 et
2010 1626 2101 1662 nos
2130 1605 2401 1673 credimus,
2430 1615 2634 1679 propter
2669 1611 2805 1681 quod
2832 1621 2878 1664 et
2910 1611 3165 1682 loquimur
3193 1613 3261 1686 (il
3286 1612 3404 1671 Cor.
3428 1631 3505 1682 tv,

319 1690 459 1752 Car.
485 1686 550 1750 ν.
571 1709 641 1737 -‘—
662 1698 741 1750 An
763 1684 902 1751 iorte
927 1691 1025 1750 Dei
1055 1693 1362 1749 mandatum
1391 1693 1596 1761 deerat,
1618 1695 1685 1748 ἐι
1711 1685 1836 1749 ideo
1939 1695 2052 1773 l3).
2081 1695 2211 1754 inde
2240 1705 2323 1754 est
2348 1697 2488 1771 quod
2527 1699 2603 1755 ait
2636 1697 2749 1772 ipse
2779 1697 3034 1759 Mediator
3058 1721 3070 1757 :
3101 1684 3360 1762 Abraham
3385 1723 3509 1760 con-

248 1784 504 1841 Christus
541 1795 786 1841 mortuus
830 1785 952 1841 est?
980 1786 1144 1840 immo
1169 1786 1277 1854 jam
1310 1793 1364 1839 et
1414 1777 1516 1840 hoc
1560 1786 1679 1838 erat
1707 1797 1834 1839 san-
1939 1789 2128 1860 cupivit
2180 1791 2348 1844 videre
2399 1807 2564 1845 meum
2615 1789 2783 1858 diem;
2827 1804 2873 1848 et
2915 1793 3058 1864 vidit,
3107 1806 3154 1850 et
3198 1800 3396 1867 gavisus
3439 1804 3511 1853 est

244 1877 398 1933 ctum
431 1883 486 1932 et
511 1877 718 1947 justum
746 1877 800 1931 et
831 1873 1049 1931 bonum.
1093 1867 1208 1931 1am
1248 1871 1445 1930 dictum
1471 1867 1678 1930 fuerat:
1714 1867 1834 1929 Non
1939 1878 2120 1955 (Joan.
2168 1897 2280 1947 vui,
2324 1880 2438 1952 56).
2486 1881 2611 1938 inde
2648 1882 3033 1941 Melchisedech
3073 1883 3224 1959 (Gen.
3255 1904 3365 1956 xw,
3398 1887 3511 1960 l8),

245 1969 584 2040 concupisces
620 1963 818 2040 (Exod.
865 1971 956 2036 sit,
1003 1963 1091 2040 l7)
1125 1980 1137 2022 ε
1169 1967 1198 2006 α
1225 1965 1341 2024 lam
1385 1961 1585 2024 dictum
1615 1965 1790 2023 fuerat
1821 1984 1833 2021 ε
1865 1967 1916 2036 Β
1942 1973 2150 2045 prolato
2195 1982 2529 2030 sacramento
2567 1992 2768 2032 mensae
2803 1973 3125 2045 Dominicze,
3160 1981 3316 2036 'uovit
3357 1961 3514 2037 aeter-

251 2061 454 2136 Dih‘ges
477 2059 766 2135 praeconum
789 2067 932 2119 tuum
952 2075 1194 2133 tanquam
1218 2047 1264 2119 te
1285 2067 1451 2134 ipsum
1474 2053 1833 2135 (Mantum,

244 2153 346 2227 39)
377 2171 392 2211 :
423 2153 479 2211 in
507 2167 616 2228 quo
655 2165 905 2212 sermone
936 2147 1227 2228 Apostolus
1265 2169 1476 2210 omnem
1508 2153 1677 2226 legem
1705 2151 1838 2208 dicit

243 2245 491 2319 impleri.
525 2243 591 2304 Et
615 2249 866 2319 quoniam
907 2247 1009 2303 nisi
1043 2248 1230 2316 diligat
1260 2248 1448 2312 Deum,
1488 2263 1644 2302 nemo
1668 2241 1840 2318 diligit

249 2340 530 2410 seipsum;
574 2339 697 2397 ideo
725 2335 983 2395 Dominus
1027 2335 1080 2394 in
1112 2337 1193 2393 his
1216 2335 1423 2394 duobus
1446 2337 1727 2408 praeceptis
1758 2347 1836 2392 to-

246 2433 362 2487 tam
417 2431 590 2502 legem
629 2429 758 2486 dicit
800 2431 1197 2501 prophetasque
1248 2429 1526 2497 pendere:
1570 2440 1688 2499 qua!
1731 2427 1838 2483 duo

248 2533 522 2594 praerepta
549 2519 656 2592 iam
686 2531 840 2578 erant
865 2521 1174 2578 hominibus
1205 2531 1230 2560 ε
1254 2519 1510 2576 divinitus
1549 2517 1692 2574 data.
1748 2519 1828 2574 Au

245 2623 517 2672 etet-num
535 2609 754 2682 justithe
774 2613 1051 2685 praemium
1083 2613 1406 2682 promissum
1430 2610 1666 2666 nondum
1689 2610 1839 2666 erat?

247 2705 360 2766 hoc
387 2709 508 2781 ipse
536 2722 640 2766 non
677 2702 828 2775 dicit,
856 2709 944 2780 qui
975 2709 1028 2764 in
1066 2705 1175 2764 suis
1207 2705 1398 2764 litteris
1439 2703 1636 2778 posuit,
1674 2708 1837 2763 etiam

249 2807 302 2860 in
335 2803 507 2860 veteri
540 2797 885 2859 Testamento
919 2813 1140 2874 regnum
1180 2799 1438 2858 caelorum
1466 2812 1586 2857 esse
1616 2801 1841 2871 promis-

249 2909 394 2954 sum.
419 2893 477 2953 Si
499 2905 630 2966 ergo
648 2887 714 2951 ad
741 2893 1039 2952 faciendam
1067 2892 1551 2968 perﬁciendamque
1580 2891 1838 2965 juStitiam

251 2987 364 3061 iam
397 2995 517 3046 erat
554 2997 757 3046 natura:
799 2985 1126 3060 possibilitas
1157 2999 1252 3059 per
1283 2983 1505 3043 liberum
1538 2986 1837 3053 arbitrium,

251 3079 365 3154 iam
395 3089 516 3140 erat
546 3081 678 3154 legis
707 3069 799 3139 Dei
821 3092 1084 3152 sanctum,
1112 3083 1332 3151 justum,
1361 3079 1667 3150 bonumque
1692 3097 1842 3135 man-

252 3169 470 3241 datum,
498 3171 609 3243 iam
637 3179 753 3230 erat
775 3169 1097 3244 promissum
1121 3171 1396 3243 praemium
1427 3171 1839 3241 sempiternum:

1939 2083 2064 2123 num
2110 2066 2269 2135 elusi
2308 2067 2664 2123 sacerdotium
2712 2068 2956 2139 figurare.
2996 2069 3112 2126 Jam
3145 2087 3271 2127 vero
3296 2069 3416 2126 data
3463 2075 3514 2128 in

1939 2157 2129 2214 litteris
2174 2159 2310 2229 iege,
2351 2174 2509 2229 quam
2558 2153 2688 2214 dicit
2731 2159 3020 2230 Apostolus
3060 2160 3410 2229 subintrasse,
3461 2173 3516 2218 ut

1937 2249 2220 2306 abundaret
2253 2253 2493 2307 delictum
2525 2251 2700 2323 (Rom.
2748 2269 2821 2320 Ix,
2850 2249 2943 2325 90)
2974 2272 2987 2308 :
3013 2263 3065 2310 et
3107 2253 3175 2310 de
3215 2271 3317 2326 qua
3345 2255 3472 2312 dicit
3501 2273 3516 2311 .‘

1941 2341 2002 2398 Si
2029 2359 2148 2414 ergo
2192 2359 2254 2397 ea:
2292 2341 2402 2413 lege
2437 2341 2727 2408 hereditas,
2744 2341 2857 2414 jam
2888 2359 2989 2399 non
3037 2361 3101 2399 ea:
3138 2346 3474 2414 promissione
3496 2361 3516 2400 :

1939 2433 2160 2488 Abrahte
2183 2443 2354 2487 autem
2373 2451 2462 2504 per
2485 2435 2927 2502 repromissionem
2957 2437 3158 2490 donavit
3190 2433 3346 2491 Deus.
3379 2436 3518 2504 Quid

1939 2541 2056 2597 ergo
2083 2524 2204 2579 lex?
2233 2525 2652 2597 transgressionis
2691 2527 2859 2598 gratia
2885 2523 2909 2563 ι
2943 2528 3204 2596 proposita
3232 2537 3327 2597 est,
3359 2529 3520 2582 donec

1938 2615 2127 2671 veniret
2158 2623 2347 2680 semen,
2387 2613 2470 2669 cui
2502 2617 2805 2685 promissum
2841 2629 2931 2683 est,
2976 2615 3226 2689 disposita
3255 2635 3343 2689 per
3367 2635 3521 2691 ange—

1941 2705 2018 2765 los
2051 2709 2107 2762 in
2147 2725 2302 2762 manu
2349 2709 2645 2764 mediatoris
2673 2725 2692 2762 :
2719 2707 2971 2764 mediator
3007 2721 3173 2764 autem
3222 2711 3375 2765 unius
3422 2725 3521 2765 non

1943 2810 2049 2868 est;
2092 2800 2227 2855 Deus
2269 2812 2438 2856 autem
2482 2817 2614 2857 unus
2658 2811 2752 2858 est.
2805 2799 2913 2858 Lex
2954 2820 3070 2876 ergo
3122 2803 3365 2858 adversus
3405 2821 3522 2874 pro-

1943 2894 2100 2947 missa
2131 2890 2270 2948 Dei?
2307 2889 2457 2948 absit.
2493 2889 2553 2949 Si
2590 2893 2725 2950 enim
2754 2892 2874 2947 data
2915 2906 3040 2949 esset
3073 2897 3175 2962 lex,
3203 2911 3317 2966 qua:
3355 2903 3523 2966 posset

1943 2983 2216 3051 viviﬁcare,
2259 2983 2464 3038 omnino
2501 2999 2562 3038 ex
2586 2983 2694 3054 lege
2720 2996 2846 3038 esset
2868 2983 3094 3055 justitia.
3130 2981 3235 3039 Sed
3277 2983 3522 3038 conclusit

1946 3079 2217 3151 Scriptura
2239 3079 2410 3133 omnia
2429 3075 2521 3134 sub
2547 3086 2773 3145 peccato,
2809 3085 2863 3130 ut
2888 3076 3158 3148 promissio
3180 3093 3242 3131 ex
3269 3071 3368 3144 ﬁde
3395 3076 3521 3130 Jesu

1947 3169 2136 3226 Christi
2183 3169 2389 3225 daretur
2425 3169 2740 3225 credentibus
2763 3165 2960 3242 (Colat.
2987 3187 3066 3237 Ill,
3093 3167 3303 3242 18-22).
3337 3167 3522 3226 Nonne

255 3281 389 3338 ergo
409 3263 654 3321 Chri~tus
686 3266 854 3337 gratis
878 3273 1120 3321 morltms
1143 3268 1256 3329 est;
1283 3275 1409 3333 ergo
1441 3277 1612 3331 neque
1641 3273 1738 3334 per
1767 3263 1837 3316 le-
1892 3341 1895 3342 ν
1947 3263 2077 3318 satis
2101 3261 2400 3318 ostenditur
2423 3257 2523 3317 hoc
2549 3267 2726 3342 actum
2757 3278 2876 3318 esse
2900 3279 2992 3332 per
3021 3261 3216 3331 legem,
3244 3265 3301 3318 ut
3333 3277 3520 3333 pecca-

256 3361 380 3430 gem
401 3359 625 3428 iustitia,
657 3369 829 3429 neque
856 3373 950 3427 per
980 3367 1182 3414 naturae
1205 3356 1638 3427 possibilitatem,
1661 3353 1754 3411 sed
1777 3370 1844 3410 ex
1869 3341 1914 3412 C
1949 3359 2058 3410 tum
2101 3361 2498 3426 agnosceretur,
2538 3341 2591 3408 et
2617 3349 3053 3426 praevaricatione
3083 3364 3406 3424 augeretur:
3439 3353 3522 3408 ubi

263 3447 373 3504 lide
402 3459 463 3504 ac
491 3449 628 3504 dono
670 3447 761 3504 Dei
794 3463 885 3519 per
915 3441 1094 3506 lesum
1119 3445 1391 3504 Christum
1423 3446 1704 3502 Dominum
1745 3461 1842 3500 no—

259 3547 435 3596 strum
469 3552 623 3595 unum
668 3533 1014 3597 mediatorern
1046 3537 1140 3596 Dei
1191 3547 1245 3594 et
1285 3539 1590 3602 hominum;
1621 3537 1712 3608 qui
1742 3539 1840 3594 nisi

254 3622 310 3688 iit
338 3627 668 3703 plenitudine
688 3625 941 3701 temporis
972 3636 1214 3687 mortuus
1237 3637 1377 3686 esset
1402 3639 1618 3700 propter
1646 3627 1840 3686 delicta

251 3726 467 3789 noStra,
497 3717 514 3762 τ
549 3731 600 3778 et
628 3724 1012 3780 resurrexisset
1041 3732 1262 3795 propter
1284 3721 1721 3792 justiticationem
1746 3737 1840 3777 no-

252 3825 446 3881 stram,
493 3815 731 3885 profecto
769 3821 825 3871 et
858 3813 1196 3885 antiquorum
1237 3813 1367 3870 fides
1393 3821 1743 3870 evacuaretur
1789 3824 1843 3871 et

249 3915 440 3963 nostra
471 3922 486 3963 :
513 3901 618 3965 dde
660 3921 784 3965 vero
814 3915 1090 3982 evacuate,
1121 3925 1239 3982 quas
1281 3907 1482 3964 homini
1511 3907 1712 3980 iustitia
1758 3923 1842 3965 re-

249 4011 497 4065 maneat,
531 3997 846 4072 eumlusms
884 4017 950 4056 cx
991 3999 1094 4057 lide
1122 3999 1299 4057 vivat?
1337 3997 1414 4057 Ex
1443 4009 1549 4070 quo
1579 3999 1724 4056 enim
1755 4017 1844 4069 per

250 4105 418 4149 unum
447 4087 702 4148 hominem
743 4107 1004 4172 peccatum
1042 4093 1248 4150 intravit
1280 4092 1333 4149 in
1375 4095 1638 4161 mundum,
1669 4099 1716 4148 et
1754 4109 1844 4165 per

241 4197 522 4256 peccatum
547 4201 714 4252 mors;
739 4171 786 4242 el
815 4185 884 4243 ita
913 4185 966 4241 in
993 4203 1164 4242 omnes
1184 4183 1415 4241 homines
1446 4185 1764 4256 pertransiit,
1784 4185 1839 4240 in

249 4295 353 4349 quo
386 4293 562 4332 omnes
587 4289 914 4350 peccaverunt
951 4279 1129 4350 (Rom.
1162 4294 1215 4343 τ,
1248 4277 1370 4349 12);
1405 4279 1591 4347 procul
1618 4277 1784 4332 dubio
1813 4293 1843 4332 a

248 4384 492 4438 corpore
517 4372 707 4426 mortis
733 4371 908 4441 hujus,
938 4371 1025 4426 ubi
1050 4372 1151 4425 alia
1176 4371 1260 4427 lex
1287 4380 1546 4442 repugnat
1575 4370 1677 4440 legi
1701 4385 1845 4426 men-

252 4461 346 4529 tis,
394 4463 667 4519 neminem
699 4459 856 4536 156
877 4460 1125 4518 liberavit
1155 4471 1246 4517 aut
1271 4459 1464 4517 liberat
1485 4470 1510 4511 s
1537 4477 1634 4518 sua
1667 4460 1840 4531 possi-

246 4553 460 4620 bilitas,
487 4569 610 4625 quae
629 4557 834 4626 perdita
856 4557 1197 4627 redemptore
1216 4554 1439 4627 indiget,
1462 4557 1643 4610 saucia
1670 4556 1844 4610 salvs-

250 4656 408 4712 tore;
443 4648 540 4702 sed
570 4649 738 4716 gratia
774 4648 866 4703 Dei
897 4663 991 4717 per
1030 4649 1189 4703 ﬁdem
1213 4648 1372 4703 unius
1410 4645 1724 4702 mediatoris
1750 4644 1844 4701 Dei

1945 3446 2080 3500 enim
2109 3444 2190 3499 lea:
2218 3459 2320 3498 non
2367 3453 2459 3509 est,
2493 3462 2582 3499 nec
2627 3445 2978 3516 prmaaricatio
2999 3444 3173 3514 (Rom.
3206 3460 3275 3512 tv,
3312 3442 3437 3514 15);
3469 3453 3523 3500 et

1943 3539 2021 3593 sic
2055 3537 2322 3592 adversus
2356 3534 2632 3592 victoriam
2667 3533 2870 3608 peccati
2896 3535 2964 3590 ad
3005 3533 3236 3590 divinam
3275 3534 3522 3606 gratiam,

1943 3645 2062 3702 «tua;
2099 3627 2151 3684 in
2183 3625 2630 3700 promissiouibus
2671 3633 2774 3693 est,
2803 3628 3219 3698 conlugeretur;
3249 3631 3410 3697 atque
3453 3625 3522 3681 ita

1944 3724 2028 3778 lex
2057 3738 2160 3776 non
2197 3730 2341 3776 esset
2374 3719 2632 3776 adversus
2675 3719 2942 3792 promissa
2973 3719 3089 3776 Dei.
3127 3717 3257 3789 Quia
3283 3715 3405 3776 ideo
3425 3735 3522 3792 per

1944 3811 2086 3870 illum
2119 3812 2174 3868 iit
2203 3812 2439 3884 cognitio
2474 3811 2706 3886 peccati,
2745 3822 2800 3870 et
2825 3823 2892 3868 ex
2921 3813 3361 3884 praevaricatione
3389 3811 3522 3884 legis

1944 3903 2272 3963 abundantia
2320 3907 2548 3978 peccati,
2601 3917 2658 3962 ut
2697 3906 2764 3962 ad
2814 3905 3182 3964 liberationem
3221 3917 3523 3979 quaerantur

1947 3995 2334 4070 promissiones
2367 3993 2482 4064 Dei,
2520 3995 2662 4072 quod
2691 4007 2775 4055 est
2798 3997 2963 4073 gratia
2993 3997 3118 4066 Dei;
3148 4006 3203 4054 et
3230 3995 3445 4068 incipiat
3471 3997 3523 4054 in

1945 4087 2164 4145 homine
2201 4097 2320 4145 esse
2352 4087 2577 4159 justitia,
2603 4105 2707 4144 non
2734 4106 2851 4158 sua,
2891 4089 2986 4145 sed
3018 4087 3134 4156 Dei,
3169 4085 3268 4145 hoc
3289 4092 3373 4144 est
3402 4086 3524 4144 data

1946 4183 2089 4240 dono
2125 4181 2278 4256 157
2308 4179 2424 4239 Dei.
2458 4181 2627 4252 Quam
2668 4184 2828 4239 etiam
2865 4198 3008 4238 nunc
3046 4181 3283 4252 quidam,
3314 4177 3450 4237 sicut
3473 4189 3524 4238 et

1947 4284 2074 4332 tunc
2103 4276 2170 4332 de
2197 4275 2396 4332 .ludaeis
2427 4276 2626 4332 dictum
2669 4284 2771 4341 est,
2803 4277 3093 4344 ignorantes
3125 4273 3221 4328 Dei
3240 4276 3520 4346 justitiam,

1947 4378 1993 4421 et
2015 4384 2160 4421 suam
2187 4368 2410 4422 volentes
2433 4369 2756 4435 constituere,
2774 4369 2993 4438 justitite
3022 4366 3118 4420 Dei
3142 4383 3242 4420 non
3271 4374 3386 4422 sunt
3407 4365 3523 4420 sub-

1938 4461 2067 4533 jecti
2091 4460 2268 4530 (Rom.
2298 4475 2354 4530 ι,
2393 4459 2473 4530 3).
2497 4459 2600 4514 Per
2631 4461 2801 4530 legem
2829 4459 3026 4530 quippe
3048 4468 3102 4515 et
3131 4459 3208 4517 illi
3238 4473 3298 4514 se
3323 4459 3520 4528 justifi-

1947 4553 2058 4609 cari
2085 4553 2430 4618 arbitrantur,
2478 4552 2782 4608 sufﬁciente
2810 4551 2910 4607 sibi
2952 4553 3018 4607 ad
3054 4565 3172 4608 eam
3218 4553 3523 4608 custodien-

1949 4645 2070 4700 dam
2101 4644 2268 4699 libero
2303 4645 2544 4720 arbitrig,
2590 4641 2690 4699 hoc
2727 4653 2831 4712 est,
2858 4640 3061 4715 iustitia
3093 4658 3186 4699 sua
3217 4641 3418 4715 prolata
3457 4657 3524 4700 es

243 4747 309 4795 et
341 4738 630 4795 hominum
674 4740 906 4797 hominis
931 4735 1060 4799 lesu
1097 4739 1318 4811 Christi,
1361 4740 1450 4811 qui
1478 4747 1532 4796 et
1558 4737 1700 4796 Deus
1725 4753 1844 4795 cum
1871 4730 1924 4790 D
1949 4748 2137 4795 natura
2162 4737 2417 4806 humana,
2444 4751 2555 4792 non
2577 4736 2769 4792 donata
2798 4751 2862 4793 es
2885 4737 3056 4808 gratia
3075 4735 3278 4806 dirius,
3307 4747 3524 4809 propter

327 5016 359 5046 II
391 5006 514 5060 Vox
548 5005 767 5059 hominis
809 5007 1008 5060 inserta
1053 5021 1119 5061 ex
1152 5005 1340 5061 iisdem
1382 5020 1516 5062 mss.
1560 5015 1615 5062 et
1658 5008 1838 5062 editis.

244 5078 397 5140 Cod.
427 5077 640 5131 Thuan.
663 5092 782 5130 cum
808 5077 979 5147 vulg.,
1003 5077 1220 5131 hominis
1240 5077 1429 5144 referre
1445 5079 1662 5147 gratiam
1688 5079 1842 5132 Crea-

245 5152 389 5207 toris
408 5164 427 5203 :
450 5157 508 5201 at
528 5147 703 5218 (nostri
728 5146 888 5202 codd.
913 5162 1031 5201 cum
1055 5148 1226 5203 Oxon.
1256 5146 1550 5214 Quesneiii,
1575 5151 1754 5218 referri
1775 5149 1844 5202 ad

245 5222 485 5304 gratiam
507 5217 784 5304 .Crsatoris.
816 5219 1132 5304 ιξοξμιεᾳρτι
1161 5219 1356 5304 degerit
1391 5217 1645 5304 scriptum
1667 5233 1732 5275 ex
1756 5235 1845 5274 no-

245 5285 388 5350 {tris
419 5285 583 5344 codd.
609 5299 663 5342 et
699 5285 1182 5343 aliis'editionibus.
1212 5290 1438 5356 Qucum,
1465 5285 1626 5349 dedit.

322 5359 357 5402 ι
395 5355 557 5429 Vind.
582 5374 700 5414 cum
721 5360 969 5413 recentior
986 5359 1104 5415 ibus
1127 5355 1266 5429 vulgi.
1291 5360 1524 5426 Concil.,
1551 5360 1670 5414 Non
1686 5362 1840 5416 enim.

327 5442 352 5472 ε
391 5427 581 5501 Vind.,
629 5445 718 5501 nec
759 5430 1020 5494 ascendit;
1067 5427 1258 5485 ineliu's
1294 5433 1346 5483 in
1392 5431 1512 5484 aliis
1546 5432 1712 5501 vulg.,
1753 5447 1843 5486 nec

243 5499 584 5560 ascenderet.
615 5500 838 5568 Quesn.,
874 5503 924 5553 in
955 5502 1152 5554 caelum.
1181 5501 1569 5556 Substituimus
1592 5499 1657 5555 in
1681 5502 1845 5557 altum

245 5591 320 5632 ex
354 5571 614 5627 omnibus
645 5571 803 5626 editis
829 5572 1132 5640 nostrisque
1169 5572 1461 5626 codicibus.

248 5657 256 5664 ·
323 5639 356 5681 ά
389 5644 594 5707 Quesn,
623 5639 772 5696 addit
799 5655 901 5694 rem
929 5639 1147 5709 proximi
1195 5644 1289 5697 tui.
1324 5641 1689 5711 Expunximus
1720 5657 1843 5698 cum

245 5727 363 5771 ms.
400 5711 563 5767 Vind.
589 5721 644 5765 et
673 5711 789 5764 aliis
816 5713 1061 5782 vulgatis.

328 5795 357 5823 ε
384 5782 706 5840 Addidimus
731 5779 988 5850 divinitus,
1013 5793 1067 5839 et
1093 5781 1214 5838 dein
1245 5785 1398 5838 etiam
1427 5795 1492 5839 es
1530 5784 1720 5838 eodem
1753 5796 1839 5838 co.

246 5857 387 5912 dice
436 5853 666 5922 aliisque
689 5852 1029 5910 edititmibus.

331 5925 356 5963 ί
410 5923 661 5994 Quinque
697 5934 982 5995 sequentes
1021 5939 1182 5982 voces
1225 5941 1290 5981 ex
1324 5926 1523 5982 nostris
1569 5924 1840 5981 codicibus

1944 5013 1995 5062 et
2025 5007 2230 5060 cunctis
2258 5003 2415 5058 etiam
2451 5002 2774 5058 editioumus
2803 5001 3026 5071 adjectae
3056 5009 3198 5055 sunt.

2019 5085 2043 5123 Β
2069 5076 2126 5130 1η
2153 5074 2306 5129 Vind.
2339 5087 2388 5128 et
2418 5075 2537 5129 aliis
2565 5089 2719 5140 mss.,
2737 5068 3227 5145 sumi—possibilitas,
3245 5068 3519 5145 mendose.

1948 5145 2081 5202 Hinc
2106 5146 2241 5201 forte
2268 5147 2386 5200 data
2415 5147 2624 5199 occasio
2649 5141 2892 5199 addendi'
2911 5151 3128 5204 naturae,
3155 5141 3228 5195 uti
3255 5141 3432 5210 legitur
3459 5141 3518 5210 in

1947 5217 2115 5272 Oxon.
2145 5217 2267 5271 cod.
2297 5231 2359 5270 es
2391 5230 2494 5286 quo
2521 5217 2721 5282 Quesn.
2756 5213 2924 5269 edidit
2955 5223 3153 5266 naturae
3180 5225 3285 5265 sua
3312 5208 3525 5280 possibi-

1946 5289 2084 5344 litas.

2024 5356 2051 5395 ¹ι
2073 5358 2163 5414 Sic
2193 5371 2314 5413 cum
2346 5357 2491 5427 vuig.
2527 5357 2694 5410 nostri
2715 5353 2886 5427 codd,
2910 5361 2962 5406 ei
2993 5347 3520 5427 'i‘liuan..Quesneil_i,

1947 5429 2036 5499 qui
2065 5429 2298 5497 praitulit
2323 5417 2672 5499 cum'0xon._,
2707 5421 2973 5499 Pelagium
3003 5417 3266 5499 lateat.
3293 5417 3524 5499 secunda

1951 5489 2115 5570 ipsius
2145 5501 2384 5570 editione
2415 5499 2614 5552 excidit
2641 5489 2811 5550 lateat.
2836 5489 3208 5570 'Garn.,_qu_od
3242 5492 3416 5570 lateat.

2025 5568 2040 5607 ί
2079 5570 2167 5627 Sic
2193 5585 2291 5625 ms.
2321 5569 2544 5624 Vindeb.
2569 5583 2687 5620 cum
2706 5565 2916 5620 caeteris
2935 5561 3275 5618 editionibus.
3299 5563 3523 5631 Quesn.,

1945 5657 2093 5712 quem
2122 5641 2222 5708 illi,
2253 5643 2382 5694 sicut
2411 5640 2775 5712 scriptum_es_t.

2021 5711 2036 5763 i
2080 5711 2154 5766 ita
2187 5703 2324 5767 idem
2356 5709 2477 5764 cod.
2512 5703 2576 5764 'et
2609 5705 2757 5762 editi.
2800 5707 3026 5775 Quesn.,
3055 5703 3384 5774 sacrificium,
3421 5703 3524 5760 mi-

1949 5797 2048 5838 nus
2074 5782 2230 5837 bene.
3436 5831 3439 5834 _

2018 5851 2045 5890 ¹ι
2075 5853 2252 5976 “ﬁgi,
2299 5851 2464 5921 posita
2506 5858 2622 5916 est;
2670 5856 2724 5916 et
2763 5845 2891 5906 dein
2922 5846 3228 5917 dispositum
3271 5841 3432 5904 etiam
3471 5841 3524 5899 in

2018 5937 2047 5976 ι.
2147 5935 2178 5976 n
2224 5961 2238 5976 .

1948 5935 2047 5981 ms.
2084 5923 2238 5976 Vind.
