3992 6348
580 418 687 475 479

1505 411 1845 472 APPENDIX
1885 412 1977 468 AD
2015 414 2072 471 S.
2114 414 2357 472 LEONIS
2393 414 2606 473 MAGNI
2646 415 2896 475 OPERA.

3676 431 3759 490 ιω

579 531 722 604 quod
754 528 959 598 justitia
989 527 1087 584 Dei
1113 527 1307 583 dicitur
1335 545 1347 582 :
1382 527 1523 584 unde
1561 528 1688 585 item
1734 528 1990 597 scriptum
2026 538 2109 583 est
2137 547 2151 585 :
2180 534 2236 594 Α
2260 530 2548 587 rectionem
2572 530 2795 600 Christi,
2823 538 3043 602 pectora
3066 531 3244 589 ﬁdelia
3271 542 3326 589 et
3349 535 3761 607 simpliciterCltri-

580 622 686 678 Per
714 623 874 693 legem
900 621 1033 675 enim
1061 620 1279 691 cognitio
1310 622 1535 692 peccati;
1558 636 1691 675 nunc
1720 630 1887 674 autem
1917 623 2025 675 sine
2048 621 2156 692 lege

578 715 781 789 iustitia
809 713 903 767 Dei
923 713 1250 782 manifestata
1270 722 1359 778 est,
1387 713 1657 781 testificata
1680 728 1769 784 per
1791 712 1950 783 legem
1981 723 2025 766 et
2045 729 2158 783 pro-

581 807 758 878 phetas
808 804 1064 879 (Rom.v,
1102 803 1215 874 21).
1272 804 1405 859 Cum
1459 805 1622 871 dicit,
1674 805 2000 877 manifestata
2047 815 2153 873 est,

582 898 820 955 ostendit
859 898 983 968 quia
1016 905 1070 952 et
1098 906 1221 951 tunc
1246 906 1388 962 erat;
1422 898 1513 953 sed
1558 907 1809 968 tanquam
1858 898 1947 952 illa
1978 898 2157 968 pluvia

580 1006 740 1064 quam
771 987 988 1045 Gedeon
1037 989 1364 1058 impetravit,
1404 1001 1530 1045 tunc
1564 990 1710 1045 velut
1740 990 1792 1045 in
1834 989 2032 1047 vellere
2068 1006 2159 1046 oc-

579 1084 743 1149 culta,
774 1097 913 1137 nunc
934 1091 1114 1138 autem
1137 1083 1281 1137 velut
1310 1083 1362 1137 in
1391 1098 1515 1138 area
1548 1084 1846 1141 manifesta.
1878 1082 2008 1138 Cum
2031 1099 2158 1154 ergo

579 1177 664 1233 lex
687 1176 805 1232 sine
823 1174 1013 1246 gratia,
1044 1190 1152 1230 non
1194 1190 1338 1230 mors
1365 1176 1569 1245 peccati
1606 1177 1868 1246 potuisset
1896 1192 2036 1244 esse,
2064 1176 2159 1233 sed

576 1269 890 1327 virtuszsic
925 1268 1068 1323 enim
1106 1267 1307 1323 dictum
1346 1278 1464 1323 est:
1497 1268 1714 1323 Aculeus
1759 1271 1936 1323 mortis
1961 1270 2160 1338 [pecca-

586 1370 715 1428 tum,
762 1360 922 1415 virtus
966 1370 1133 1414 autem
1171 1361 1363 1429 peccati
1393 1359 1477 1415 lea:
1510 1360 1556 1430 (l
1583 1358 1703 1413 Cor.
1732 1376 1822 1427 xv,
1858 1360 1951 1432 56)
1978 1378 1991 1414 :
2023 1362 2161 1417 sicut

577 1451 889 1523 confugiunt
910 1453 1063 1508 multi
1090 1466 1119 1505 a
1148 1453 1282 1508 facie
1304 1452 1575 1523 regnantis
1604 1453 1808 1523 peccati
1838 1454 1902 1509 ad
1931 1456 2159 1525 gratiam

574 1545 719 1601 velut
743 1544 798 1600 in
820 1561 1002 1600 aream
1032 1561 1171 1601 nunc
1197 1554 1500 1617 patentem;
1532 1548 1600 1601 ita
1628 1546 1781 1616 pauci
1803 1546 1869 1602 ad
1893 1562 2009 1601 eam
2031 1563 2161 1603 con-

575 1638 847 1708 fugiebant
878 1638 1027 1693 velut
1053 1638 1105 1693 in
1138 1640 1333 1695 vellere
1380 1648 1505 1694 tunc
1543 1640 1822 1695 latentem.
1869 1640 1992 1695 Haec
2031 1657 2159 1698 vero

577 1743 875 1804 temporum
905 1734 1205 1790 distributio
1232 1735 1461 1791 refertur
1489 1736 1554 1791 ad
1584 1737 1919 1792 altitudinem
1947 1737 2159 1795 divitia-

576 1842 694 1883 rum
722 1825 1001 1896 sapientiae
1044 1836 1097 1882 et
1136 1828 1374 1882 scientiae
1419 1828 1536 1894 Dei,
1572 1828 1639 1884 de
1667 1843 1769 1897 qua
1802 1829 1999 1884 dictum
2027 1840 2156 1886 est:

2259 624 2431 678 stiana
2475 622 2731 689 turbare;
2779 623 2871 678 sed
2923 623 3098 694 potius
3132 625 3414 695 adjuvante
3459 629 3761 691 misericordia

2261 715 2376 782 Dei,
2397 715 2827 772 concertantibus
2848 716 3123 772 nobiscum
3147 716 3402 774 charitate
3422 734 3481 777 ac
3499 720 3667 790 pietate
3687 724 3762 781 lla-

2257 810 2535 881 grantibus
2554 811 2886 867 orationibus
2913 812 3036 881 tuis,
3069 826 3176 867 non
3202 814 3371 869 solum
3392 822 3449 870 ut
3471 816 3522 871 in
3554 827 3761 877 aeternum

2260 902 2427 969 beati,
2451 917 2635 958 verum
2664 901 2824 957 etiam
2854 902 2983 970 justi
3016 912 3070 958 et
3097 903 3268 959 sancti
3299 904 3405 959 sint
3433 902 3475 969 ί,
3501 906 3663 961 nonin
3692 923 3763 964 sua

2236 994 2460 1056 ,virtute
2490 1036 2505 1061 ,
2532 993 2631 1050 sed
2660 993 2715 1048 in
2738 994 2924 1049 eadem
2953 995 3123 1065 gratia
3161 994 3471 1051 contisuros.
3498 996 3632 1054 Unde
3650 1007 3695 1053 et
3713 998 3764 1056 ad

2261 1087 2435 1156 ipsum
2456 1086 2707 1156 scriptam
2732 1095 2757 1133 ε
2780 1087 2849 1141 ab
2871 1100 2977 1141 uno
3003 1097 3245 1142 nostrum
3272 1087 3627 1160 epistolam(ad
3645 1106 3765 1162 quem

2261 1193 2359 1249 per
2408 1177 2691 1249 quemdam
2729 1178 3013 1233 diaconum
3040 1178 3363 1236 Orientalem
3390 1222 3406 1249 ,
3451 1181 3605 1239 civem
3629 1195 3764 1242 autem

2262 1268 2656 1339 llipponensem
2680 1309 2695 1335 ,
2730 1278 2979 1340 tanquam
3021 1273 3345 1341 purgationis
3375 1286 3481 1326 suae
3520 1268 3549 1309 ιι
3573 1274 3764 1341 quaedam

2261 1362 2458 1432 scripta
2488 1360 2807 1430 transmisit)
2838 1370 2942 1416 tuae
2965 1361 3281 1418 beatitudini
3305 1364 3476 1434 potius
3500 1365 3763 1423 credidimus

2260 1453 2626 1524 dirigendam,
2659 1455 2850 1511 melius
2881 1454 3185 1525 judicantes
3214 1466 3268 1512 et
3296 1465 3528 1526 petentes
3563 1456 3760 1514 uteaml

2260 1549 2509 1604 emittere
2532 1550 2646 1618 ipse
2667 1548 2926 1619 digneris;
2941 1549 3019 1603 sic
3033 1549 3176 1605 enim
3199 1564 3317 1605 eam
3336 1550 3507 1620 legere
3527 1551 3763 1621 potiusnon

2260 1640 2664 1713 dedignabitur,
2692 1642 2862 1713 magis
2910 1642 2965 1696 in
2998 1641 3087 1697 illa
3116 1657 3237 1697 eum
3275 1643 3365 1714 qui
3394 1643 3531 1699 misit
3547 1658 3679 1714 quam
3698 1641 3763 1714 qui

2261 1735 2480 1803 scripsit
2503 1733 2808 1789 attendens.

2332 1826 2458 1882 ϐυ.
2478 1827 2612 1883 Vlll.
2640 1827 2857 1883 —lllud
2873 1842 2999 1883 vero
3019 1828 3163 1899 quod
3184 1828 3388 1897 dicunt,
3410 1843 3558 1899 posse
3575 1844 3676 1886 esse
3690 1830 3764 1887 lto-

578 1926 753 1994 Quam
782 1924 1131 1978 inscrutabilia
1160 1935 1274 1979 sunt
1293 1932 1319 1960 ⁸
1335 1924 1542 1996 judicia
1567 1923 1682 1990 Dei,
1712 1934 1759 1978 et
1780 1925 2152 1997 investigabiles
2182 1919 2232 1983 Β
2257 1919 2456 1974 minem
2486 1919 2603 1974 sine
2620 1928 2858 1989 peccato,
2889 1928 2947 1975 et
2972 1919 3221 1975 mandata
3252 1920 3348 1977 Dei
3377 1920 3623 1977 custodire
3647 1918 3765 1979 facile

577 2017 668 2071 via:
690 2020 797 2088 ejus
821 2015 998 2084 (Rom.
1025 2031 1099 2082 xi,
1128 2014 1250 2086 15)!
1290 2015 1627 2085 Quapropter
1655 2014 1684 2054 δ
1716 2024 1770 2070 et
1793 2026 1918 2072 ante
1950 2026 2157 2087 tempus

578 2105 733 2177 legis,
770 2116 826 2163 et
853 2116 1094 2176 tempore
1133 2106 1250 2177 ipso
1281 2107 1413 2176 legis
1438 2106 1613 2175 justos
1638 2116 1815 2176 patres
1845 2123 1914 2163 ex
1946 2108 2050 2165 llde
2079 2110 2159 2163 vi-

577 2206 760 2255 ventes
781 2213 886 2252 non
916 2197 1244 2267 possibilitas
1262 2206 1464 2253 natura:
1493 2197 1739 2263 infirmae,
1765 2207 1821 2253 et
1848 2209 1870 2238 ο
1902 2199 2154 2270 indignae,

576 2303 639 2343 ac
675 2289 895 2359 vitiatae,
929 2297 986 2343 et
1030 2288 1130 2343 sub
1157 2296 1375 2357 peccato
1402 2289 1749 2353 venundatae;
1781 2289 1875 2343 sed
1910 2290 2001 2345 Dei
2032 2307 2157 2361 gra-

575 2378 649 2433 tia
675 2393 773 2449 per
800 2378 959 2433 fidem
989 2377 1336 2448 justilicabat,
1381 2386 1437 2432 et
1457 2392 1598 2433 nunc
1627 2376 1812 2433 eadem
1838 2378 1889 2433 in
1915 2388 2158 2448 apertum

574 2468 680 2539 jam
709 2468 932 2525 veniens
961 2468 1191 2523 revelata
1211 2466 1487 2537 justiﬁcat.

643 2558 776 2616 CAP.
809 2559 1009 2615 Vll.—
1036 2558 1471 2615 Anathematizet
1507 2575 1635 2631 ergo
1685 2561 1931 2632 Pelagius
1960 2564 2157 2633 scripta

578 2669 697 2719 sua,
733 2653 823 2708 ubi
856 2664 1042 2709 contra
1070 2667 1211 2719 eam,
1242 2652 1342 2709 etsi
1374 2667 1479 2707 non
1511 2668 1607 2722 per
1635 2654 2044 2717 contumaciam,
2079 2665 2160 2711 ta—

577 2760 702 2800 men
733 2760 827 2813 per
861 2745 1211 2815 ignorantiam
1244 2744 1513 2815 disputat,
1537 2746 1942 2815 possibilitatem
1973 2747 2158 2804 delen-

580 2836 759 2892 dendo
781 2845 986 2891 natura:
1014 2837 1080 2891 ad
1108 2835 1369 2891 vincenda
1400 2846 1612 2903 peccata
1628 2847 1685 2892 et
1712 2838 1978 2908 implenda
2007 2854 2158 2893 man-

500 2922 501 2925 “
573 2926 728 2991 data;
759 2936 851 2982 aut
878 2928 923 2983 si
955 2944 1018 2984 ea
1053 2942 1173 2983 esse
1224 2941 1321 2982 sua
1358 2934 1554 2997 negat,
1587 2923 1615 2964 ἀ
1645 2938 1736 2981 aut
1785 2928 2000 2999 scriptis
2046 2933 2157 2985 suis

573 3024 640 3079 ab
663 3022 897 3079 inimicis
924 3023 1038 3078 suis
1067 3022 1197 3078 dicit
1229 3022 1466 3077 immissa
1492 3062 1507 3086 ,
1537 3036 1657 3091 quae
1686 3036 1781 3076 sua
1812 3036 1936 3078 esse
1965 3032 2152 3094 negat,

568 3114 987 3170 anathematizet
1016 3129 1077 3168 ea
1105 3123 1283 3169 tamen
1305 3121 1359 3167 et
1380 3112 1597 3168 damnet
1628 3113 1786 3185 158
1815 3123 2034 3184 paterna
2064 3130 2157 3170 ex-

572 3211 967 3281 ltortatione,et
996 3212 1313 3265 auctoritate
1331 3208 1701 3264 sanctimoniae
1727 3219 1833 3264 tuae
1857 3219 1903 3264 ο.
1926 3210 1983 3266 Si
2016 3211 2149 3274 vult,

2259 2010 2304 2066 si
2336 2011 2493 2076 velit;
2524 2011 2769 2081 quamvis
2810 2025 2929 2066 cum
2972 2010 3073 2067 hoc
3118 2027 3214 2082 per
3248 2012 3561 2082 adjutorium
3596 2014 3763 2084 gratis,

2259 2117 2378 2171 qua:
2408 2110 2584 2157 tamen
2613 2117 2705 2171 per
2727 2100 3148 2158 incarnationem
3176 2105 3431 2174 unigeniti
3457 2105 3565 2175 ejus
3588 2105 3764 2160 revelata

2258 2202 2418 2263 atque
2437 2192 2634 2247 donata
2660 2203 2741 2248 est
2765 2232 2781 2258 ,
2813 2192 3009 2249 dicitur
3027 2234 3043 2260 ,
3075 2194 3408 2251 tolerabilius
3430 2195 3531 2250 dici
3555 2195 3762 2259 videatur;

2261 2291 2440 2338 tamen
2474 2284 2487 2333 i
2525 2284 2777 2354 quoniam
2807 2297 2913 2337 non
2940 2285 3210 2341 immerito
3240 2286 3409 2357 qumri
3437 2294 3613 2356 potest,
3639 2286 3706 2340 ubi
3726 2291 3764 2339 et
3828 2282 3832 2287 ’
3922 2282 3923 2347 1

2258 2377 2474 2447 quando
2500 2393 2593 2447 per
2613 2378 2856 2433 eamdem
2882 2378 3105 2448 gratiam
3133 2379 3185 2434 id
3207 2378 3470 2435 efﬁciatur
3494 2382 3545 2434 in
3567 2378 3708 2441 nobis,
3725 2384 3765 2431 ut

2260 2470 2378 2525 sine
2409 2471 2517 2525 ullo
2545 2484 2763 2539 prorsus
2790 2479 3010 2539 peccato
3044 2469 3210 2526 simus
3244 2488 3256 2523 :
3301 2480 3475 2527 utrum
3500 2470 3551 2524 in
3585 2470 3667 2524 hac
3686 2466 3765 2522 vita

2258 2563 2474 2634 quando
2513 2580 2633 2618 caro
2662 2564 2972 2634 concupiscit
3017 2564 3261 2619 adversus
3297 2566 3561 2634 spiritum;
3594 2578 3652 2617 an
3674 2574 3766 2617 vero

2259 2656 2315 2712 in
2355 2657 2445 2712 illa
2485 2673 2606 2713 cum
2656 2658 2747 2713 liet
2785 2671 2962 2713 sermo
2997 2657 3085 2727 qui
3125 2656 3359 2727 scriptus
3384 2664 3465 2712 est
3498 2674 3511 2711 :
3547 2651 3764 2727 1591M

2259 2756 2332 2802 est
2356 2765 2513 2815 mors,
2530 2750 2741 2803 victoria
2771 2749 2980 2816 tua,ubi
2998 2760 3070 2804 est
3098 2766 3232 2803 mors
3256 2746 3286 2786 ι
3313 2748 3512 2804 aculeus
3530 2748 3659 2801 tuus?
3676 2761 3768 2799 acs-

2259 2840 2367 2894 leus
2415 2842 2547 2894 enim
2581 2842 2753 2895 mortis
2794 2850 3054 2911 peccatum
3088 2849 3160 2895 est
3208 2841 3253 2913 (Ι
3286 2840 3404 2896 Car.
3427 2856 3511 2909 xv,
3546 2837 3652 2911 55);
3676 2835 3765 2892 dili-

2256 2933 2466 3003 gentius
2488 2934 2920 3003 pertractandum
2946 2945 3029 2989 est
3058 2943 3282 3004 propter
3297 2935 3431 2989 alios
3454 2931 3679 3004 quosdam
3701 2928 3767 2999 qui

2258 3033 2541 3079 senserunt
2570 3032 2728 3094 atque
2767 3023 2823 3077 in
2860 3024 2969 3079 suis
3013 3024 3207 3080 litteris
3239 3026 3513 3081 memoriae
3544 3019 3768 3076 mandavea

2257 3126 2403 3186 runt,
2437 3117 2596 3171 etiam
2627 3118 2683 3172 in
2697 3116 2797 3172 bac
2820 3117 2931 3172 vita
2951 3130 3107 3187 posse
3131 3132 3250 3173 esse
3268 3117 3532 3173 hominem
3552 3116 3652 3171 sine
3676 3126 3768 3183 pec-

2258 3215 2399 3273 cato,
2416 3222 2521 3261 non
2546 3207 2614 3263 ab
2639 3208 2791 3263 initio
2820 3208 3111 3265 nativitatis
3136 3223 3271 3275 suae,
3304 3208 3400 3265 sed
3428 3205 3725 3264 conversione
3744 3215 3767 3255 a

573 3317 857 3359 onerosum
879 3301 982 3372 sibi
1005 3309 1060 3357 et
1082 3300 1443 3371 perniciosum
1455 3301 1625 3358 discat
1651 3300 1908 3357 Ecclesiae
1928 3300 2151 3357 scanda-
2175 3289 2223 3355 C
2257 3299 2489 3369 peccatis
2510 3298 2575 3353 ad
2588 3299 2871 3369 justitiam,
2885 3307 2941 3355 et
2957 3297 2976 3337 ι
2993 3316 3023 3356 a
3040 3300 3124 3355 via
3138 3301 3367 3370 reproba
3384 3301 3447 3356 ad
3465 3301 3634 3355 bonam
3646 3298 3767 3351 vitam

574 3392 680 3447 lum
693 3392 923 3458 auferre,
935 3392 1075 3464 quod
1089 3391 1397 3447 scandalum
1414 3392 1830 3459 auditores,ctin
1844 3406 2148 3462 perversum

572 3483 857 3541 dilectores
884 3484 1000 3555 ejus
1020 3498 1401 3555 usquequaque
1427 3499 1685 3556 spargere
1713 3498 1822 3539 non
1842 3484 2148 3554 quiescunt.

570 3576 627 3634 Si
652 3576 793 3633 enim
823 3576 1175 3646 cognoverint
1197 3575 1444 3631 eumdem
1475 3576 1864 3647 librum,quem
1898 3575 2042 3629 illius
2061 3574 2150 3631 vel

570 3676 758 3739 putant
784 3684 903 3724 esse
926 3709 942 3733 ,
972 3668 1055 3723 vel
1089 3675 1320 3731 norunt,
1347 3668 1721 3736 episcoporum
1764 3664 2150 3721 catholicorum

571 3760 884 3816 auctoritate
914 3800 928 3823 ,
960 3769 1013 3814 et
1054 3759 1286 3813 maxime
1315 3758 1611 3813 sanctitatis
1641 3765 1746 3812 tua:
1765 3798 1780 3822 ,
1823 3772 1980 3827 quam
2008 3757 2151 3827 apud

572 3868 696 3909 eum
728 3867 848 3906 esse
893 3852 1113 3920 majoris
1156 3849 1409 3919 ponderis
1459 3850 1680 3904 minime
1709 3849 2015 3903 dubitamus
2036 3889 2050 3912 ,
2084 3849 2153 3904 ab

571 3942 766 3998 eodem
796 3945 913 4012 ipso
944 3956 1064 3997 esse
1094 3940 1597 3996 anathematizatum
1627 3951 1786 4010 atque
1811 3940 2150 4007 damnatum;

572 4048 680 4089 non
703 4047 798 4088 eos
827 4033 1050 4089 ulterius
1074 4032 1400 4088 aestimamus
1411 4046 1657 4097 ausuros,
1677 4032 1944 4103 loquendo
1966 4044 2152 4088 contra

571 4124 797 4197 gratiam
824 4124 939 4191 Dei,
964 4139 1083 4194 qua:
1094 4123 1329 4179 revelata
1356 4132 1438 4179 est
1465 4138 1557 4178 per
1573 4124 1876 4193 passionem
1890 4132 1944 4180 et
1966 4139 2152 4180 resur-

640 4406 666 4468 ἒ
703 4395 833 4454 Cod.
865 4389 985 4451 Vat.
1015 4411 1136 4452 cum
1167 4376 1289 4451 aliis
1315 4394 1500 4461 editis,
1523 4396 1727 4468 judicia
1764 4398 1892 4468 ejus.

635 4466 664 4506 ι’
702 4468 806 4523 Alii
834 4468 989 4522 codd.
1019 4469 1235 4533 excusi,
1280 4468 1325 4522 si
1346 4477 1394 4522 et
1420 4466 1536 4520 ante
1559 4485 1577 4522 :
1609 4466 1798 4531 Garn.,
1825 4467 1900 4519 sic
1925 4475 1971 4520 et
2000 4474 2137 4521 ante.

643 4549 665 4576 ⁸
705 4537 847 4592 Edit.
875 4538 1101 4603 Lovan.,
1123 4548 1178 4593 et
1205 4537 1478 4594 Benedict.
1509 4552 1631 4593 cum
1659 4539 1865 4599 Coust.,
1900 4537 2091 4606 indiga:
2119 4553 2140 4590 :

567 4622 726 4679 quam
759 4607 1038 4662 lectionem
1070 4623 1253 4663 veram
1298 4608 1658 4672 contendunt,
1719 4610 1786 4662 ita
1825 4607 2141 4679 ut‘indigna:

568 4676 849 4748 perperam
879 4679 1129 4748 scriptum
1157 4679 1317 4732 fuerit
1357 4694 1421 4730 ex
1450 4679 1657 4748 indigue
1679 4694 1697 4731 :
1726 4679 1801 4732 sic
1825 4676 1967 4730 enim
1995 4676 2138 4731 anti-

566 4747 672 4819 qua
702 4747 907 4819 mitione
936 4747 1173 4803 scribere
1201 4748 1445 4803 solebant
1476 4764 1570 4819 pro
1598 4749 1789 4819 indige.

638 4816 666 4855 ἀ
695 4818 917 4884 Quesn.,
941 4830 987 4872 et
1006 4819 1228 4887 scriptis,
1259 4828 1311 4873 ct
1336 4817 1554 4880 mox,ab
1570 4816 1789 4871 inimicis
1816 4820 1960 4873 dicit.
1988 4818 2137 4874 Prae-

567 4887 785 4943 tulimus
810 4904 936 4942 mss.
973 4888 1127 4943 Vind.
1161 4904 1279 4942 cum
1307 4889 1518 4944 caneris
1541 4889 1718 4943 editis.

640 4968 664 4996 ο
694 4959 916 5026 Quesn.,
935 4961 992 5028 si
1019 4976 1120 5013 non
1147 4960 1287 5024 vult;
1329 4975 1593 5013 onerosum
1613 4959 1706 5013 sibi
1734 4969 1781 5013 et
1802 4960 2139 5028 perniciosum

567 5045 674 5085 esse
715 5029 877 5100 discat
920 5027 1162 5083 Ecclesite
1198 5028 1500 5082 scandalum
1525 5029 1739 5094 afferre,
1773 5027 1909 5100 quod
1939 5032 2140 5083 audito-

566 5115 666 5163 res.
696 5108 802 5155 etc.
832 5099 1107 5168 Vulgatam
1143 5100 1425 5154 lectionem
1455 5116 1483 5153 a
1519 5110 1702 5153 nostro
1730 5099 1913 5156 codice
1942 5100 2140 5155 Vinde-
2188 5109 2209 5130 '

569 5170 785 5225 nonensi
813 5171 1180 5224 conﬁrmatam
1211 5174 1598 5225 revocavimus.
1629 5171 1811 5226 Solum
1837 5172 1889 5225 in
1912 5172 2137 5240 vulgatis

566 5242 829 5295 habetur:
873 5240 933 5295 Si
975 5242 1079 5294 vult
1117 5257 1235 5309 ergo
1260 5279 1275 5301 ,
1322 5240 1404 5293 vel
1437 5240 1497 5295 Si
1526 5256 1643 5308 ergo
1668 5243 1807 5307 vult;
1844 5252 1897 5297 et
1928 5244 1978 5295 in
2007 5243 2133 5297 edit.

564 5310 771 5366 Concil.
792 5354 807 5377 ,
838 5311 1029 5381 inferre
1060 5327 1156 5378 pro
1186 5310 1385 5377 auferre
1408 5353 1423 5377 ,
1456 5311 1630 5367 minus
1668 5324 1833 5367 recte.
1872 5314 2132 5368 Bestitnta

563 5394 692 5436 vero
719 5381 878 5436 lectio
906 5396 1025 5436 cum
1054 5390 1311 5435 contextu
1350 5396 1578 5435 maxume
1605 5382 1858 5438 cohaeret.
1896 5383 1953 5439 Si
1992 5383 2133 5438 enim

563 5449 812 5523 Pelagius
833 5452 1026 5506 librum
1047 5451 1214 5523 ipsius
1243 5454 1462 5523 nomine
1493 5452 1757 5523 vulgatum
1781 5453 2136 5508 anathemati-

563 5536 686 5577 zare
712 5522 860 5587 velit,
891 5522 1127 5590 episc0pi
1147 5521 1454 5576 scandalum
1479 5537 1549 5575 on
1570 5521 1763 5576 :rOSum
1793 5524 1914 5588 sibi,
1943 5534 1997 5577 et
2026 5523 2128 5577 Ec-

561 5590 740 5661 clesiae
761 5593 1114 5661 perniciosum
1142 5592 1489 5648 auferendum
1510 5608 1617 5647 non
1646 5593 1910 5647 dubitant.

623 5658 660 5719 ,ί
692 5658 887 5726 Quesn.
912 5679 1030 5718 cum
1054 5664 1170 5718 solo
1194 5663 1497 5719 Oxon.cod.
1524 5664 1906 5718 additverbum
1922 5664 2129 5717 conari:

561 5730 706 5800 quod
734 5733 928 5788 rectius
950 5734 1099 5789 abest
1122 5749 1152 5787 a
1175 5748 1305 5787 mss.
1333 5734 1489 5790 Vind.
1515 5743 1569 5789 et
1597 5733 1802 5788 Tliuan.
1834 5749 1897 5789 ac
1919 5737 2127 5791 caneris

560 5800 796 5872 «ensis.
826 5803 943 5858 Mox
976 5803 1153 5867 Vind.,
1184 5805 1447 5872 conﬁsuri.

575 5870 581 5885 ‘
633 5869 955 5955 andicatur
988 5875 1211 5939 epistola
1252 5869 1527 5941 Augustini
1558 5876 1623 5932 ad
1653 5875 1822 5943 ipsum
1852 5876 2119 5955 Pelagium

2260 3388 2347 3462 (S.
2388 3388 2621 3443 Ambros.
2657 3390 2709 3442 in
2757 3404 2771 3444 ι
2820 3389 2978 3458 Luc.,
3009 3390 3088 3460 6).
3121 3389 3209 3446 Sic
3249 3391 3397 3446 enim
3453 3388 3768 3445 intellexerunt

2257 3480 2401 3551 quod
2427 3480 2495 3535 de
2531 3480 2788 3536 Zacharia
2828 3485 2882 3537 et
2906 3480 3183 3537 Elizabeth
3211 3482 3469 3552 scriptum
3509 3491 3601 3547 est,
3626 3477 3768 3533 ambu-

2258 3572 2398 3629 lasse
2419 3588 2511 3628 eos
2541 3574 2594 3627 in
2621 3574 2853 3628 omnibus
2870 3574 3335 3647 justiﬁcationibus
3364 3575 3560 3630 Domini
3581 3575 3672 3628 sine
3684 3583 3767 3637 qut-

2257 3663 2365 3718 rela
2396 3663 2549 3734 (Luc.
2583 3680 2621 3729 ι,
2654 3663 2731 3735 6).
2767 3664 2877 3721 lloc
2903 3664 3045 3735 quod
3081 3666 3282 3721 dictum
3313 3675 3429 3732 est,
3469 3667 3569 3720 sine
3591 3661 3767 3734 querela.

2257 3756 2373 3811 sine
2404 3766 2624 3826 peccato
2651 3756 2715 3823 '“,
2745 3757 2944 3812 dictum
2976 3767 3331 3827 acceperunt,
3360 3773 3465 3813 non
3488 3755 3675 3827 quidem
3698 3764 3768 3804 ne.

2256 3860 2466 3920 gantes,
2485 3849 2649 3903 immo
2668 3850 2851 3918 etiam,
2880 3849 3023 3920 quod
3046 3849 3164 3905 aliis
3184 3850 3319 3906 locis
3342 3851 3396 3905 in
3422 3839 3602 3906 litteris
3625 3856 3769 3900 eorum

2257 3942 2549 4011 invenitur,
2583 3943 2671 4013 pie
2691 3941 3009 3997 conﬁtentes
3028 3941 3356 4011 adjutorium
3394 3940 3566 4011 gratia:
3602 3929 3769 3992 Domini

2257 4035 2448 4100 nostri,
2480 4049 2589 4088 non
2616 4049 2711 4104 per
2732 4017 3032 4089 naturalem
3062 4033 3311 4103 spiritum
3344 4025 3681 4097 bominis,sed
3700 4034 3769 4094 per

2256 4125 2604 4196 principalem
2656 4125 2902 4195 spiritum
2942 4124 3059 4181 Dei.
3104 4123 3207 4193 Qui
3245 4140 3434 4196 parum
3462 4119 3770 4181 consideras“

2253 4395 2413 4451 missa
2438 4436 2452 4459 ,
2474 4411 2593 4465 qum.
2622 4395 2689 4451 ad
2722 4411 2821 4450 nos
2843 4410 2950 4450 non
2982 4397 3242 4467 pervenit.
3270 4396 3368 4452 llle
3388 4398 3527 4453 enim
3555 4388 3769 4467 unusepi-

2251 4467 2399 4521 stola:
2428 4460 2658 4541 scriptor
2677 4508 2692 4533 ,
2720 4468 2795 4541 ad
2813 4482 2969 4541 quem
2983 4460 3239 4541 "Pelagius
3270 4460 3767 4541 scripta__purga_tionis

2249 4553 2361 4592 suae
2382 4532 2551 4603 misit,
2580 4532 2904 4609 Augustinus
2931 4538 3049 4605 luit,
3075 4532 3320 4607 ut'liquet
3348 4532 3413 4594 ei
3442 4532 3529 4594 liii.
3558 4537 3616 4591 de
3629 4532 3767 4589 Gestis

2250 4607 2448 4677 Pelagii
2476 4624 2525 4662 c.
2547 4609 2636 4663 52.

2322 4698 2348 4737 ιι
2392 4699 2585 4753 Vocem
2613 4716 2766 4753 causa
2798 4700 2899 4756 hoc
2915 4700 3035 4756 loco
3063 4715 3093 4754 a
3120 4701 3409 4768 Quesn‘ello
3436 4702 3660 4755 insertam
3674 4707 3765 4750 cum

2250 4786 2353 4825 ms.
2400 4770 2554 4823 Vind.
2589 4780 2644 4825 et
2674 4771 2790 4823 aliis
2832 4773 2976 4839 vulg.
3028 4771 3347 4838 delevimus,
3374 4782 3426 4825 et
3454 4771 3647 4826 rectius.
3670 4768 3767 4839 Qum

2168 4832 2223 4893 D
2245 4845 2389 4922 enim
2424 4841 2853 4922 bicﬂpurgaﬁonis
2870 4832 2988 4922 sua:
3006 4844 3204 4922 scripta
3230 4832 3503 4922 vocantur.
3533 4844 3579 4903 in
3599 4836 3766 4922 lauda}?

2245 4913 2385 4966 libro
2406 4911 2473 4966 de
2504 4902 2680 4966 Gestis
2703 4911 2903 4981 Pelagii
2931 4928 2982 4969 c.
3005 4912 3075 4967 29
3105 4902 3419 4984 purgationis
3446 4902 3545 4967 sua:
3567 4918 3687 4982 gesta
3707 4902 3765 4958 dio

2248 4991 2460 5037 Cllllllll‘.

2323 5060 2337 5097 ί
2372 5061 2564 5115 Sanior
2584 5070 2667 5116 est
2683 5061 2911 5117 aliorum
2934 5061 3176 5117 codicum
3198 5062 3377 5126 lectio,
3393 5077 3457 5116 ex
3486 5075 3579 5130 qua
3599 5063 3765 5113 cetera

2246 5131 2509 5187 editiones
2526 5173 2541 5197 ,
2577 5135 2622 5185 ei
2652 5133 2865 5186 mittere.
3602 5150 3603 5153 ‘

2317 5213 2331 5260 i
2370 5211 2505 5290 Qad.
2523 5210 2682 5290 Vind.
2694 5253 2705 5273 ,
2725 5212 2966 5290 quoniam
2979 5212 3229 5290 immerito
3246 5210 3429 5290 debere
3438 5218 3606 5290 potest.
3618 5202 3762 5290 Crab..

2240 5282 2487 5345 quoniam
2511 5284 2689 5335 merito
2717 5280 2874 5348 quaeri
2901 5292 3082 5352 potest.
3113 5281 3333 5352 Caetera;
3367 5280 3610 5334 editiones
3629 5316 3641 5337 .
3666 5286 3764 5340 qu0°

2241 5353 2379 5404 niam
2396 5368 2495 5405 non
2530 5353 2784 5406 immerito
2813 5350 3011 5423 movere
3022 5361 3203 5423 potest.
3236 5350 3362 5405 Post
3388 5364 3567 5423 pauca,
3594 5353 3763 5417 promi!

2243 5436 2364 5476 cum
2407 5428 2606 5476 nosms
2637 5435 2767 5477 mss.
2800 5432 2854 5477 et
2882 5422 2998 5477 aliis
3023 5422 3180 5477 editis
3210 5422 3550 5493 prmtulimus.
3578 5424 3761 5484 Quesn..

2240 5493 2470 5561 proprio.
3780 5536 3786 5551 .

2313 5576 2340 5650 l‘
2370 5577 2457 5634 Sic
2484 5578 2656 5634 nostri
2682 5578 2838 5650 codd.
2867 5580 2920 5635 et
2950 5580 3094 5649 vulg.
3128 5579 3282 5635 Solus
3314 5579 3507 5646 Quesn.
3548 5568 3761 5650 stimulus.

2240 5647 2377 5704 Dein
2407 5650 2655 5718 quosdam
2686 5649 2979 5719 adjecimus
3016 5642 3083 5707 ei
3112 5651 3297 5706 iisdem
3322 5642 3449 5703 mss.
3476 5655 3526 5703 et
3551 5642 3703 5699 editis.
3778 5656 3795 5723 ε

2322 5726 2341 5767 ι
2370 5728 2531 5784 Garn.
2559 5737 2615 5784 et
2641 5729 2771 5785 edit.
2800 5730 2959 5800 Aug.,
2991 5748 3024 5783 a
3052 5734 3154 5785 vita
3179 5729 3411 5801 reproba.

2306 5817 2347 5845 πι
2380 5808 2575 5864 Vocem
2610 5809 2797 5863 dictum
2840 5793 2961 5866 cum
3004 5811 3200 5885 nostris
3235 5793 3363 5868 inse.
3389 5815 3463 5871 Let
3490 5805 3617 5864 vul'.
3639 5793 3760 5863 addit

2232 5877 2427 5955 (liuius.
