3992 6348
215 347 311 406 ιει

662 339 890 400 αουεχ
927 335 1256 398 CANONUM
1295 333 1578 396 ECCLES.
1624 333 1712 391 ΕΤ
1749 331 1809 390 Β(

1924 330 2330 392 ιπτυτοιιωί
2366 331 2426 390 S.
2467 327 2662 392 SEDlS
2699 330 3032 393 APOSTOL.

3373 332 3486 397 488

217 463 463 540 videntur
481 460 662 530 ipsum
689 456 1002 515 Zachariam
1027 455 1193 513 fuisse
1211 455 1395 526 utique
1422 449 1791 508 sacerdotem:
1819 451 1878 516 Α
1904 448 2115 505 tissima
2141 449 2380 506 suavitas
2405 449 2585 507 cordis
2612 448 2710 519 tui,
2734 451 2877 523 quod
2907 451 3258 523 prolixiorem
3283 453 3488 524 episto-

212 566 399 611 omnes
421 559 604 608 autem
629 557 656 588 ι
677 547 996 606 Sacerdotes
1025 561 1248 604 necesse
1272 543 1545 601 habebant
1573 557 1640 599 ex
1670 542 1788 612 lege

212 646 308 704 Dei
346 645 593 718 primitus
621 658 722 716 pro
767 641 1002 714 peccatis
1045 641 1157 697 suis
1202 639 1396 696 offerre
1429 635 1789 701 sacriﬁcium;

213 737 410 796 deinde
429 751 526 810 pro
541 735 744 810 populi.
759 735 908 794 Sicut
925 749 1056 806 ergo
1077 747 1217 789 nunc
1235 747 1332 804 per
1343 731 1604 788 orationis
1623 729 1792 787 sacri-

212 830 393 886 ﬁcium
422 828 798 886 convincimur
823 842 932 883 non
961 841 1081 885 esse
1111 825 1227 882 sine
1257 833 1507 893 peccato,
1540 823 1791 895 quoniam

213 923 345 994 iussi
392 937 580 979 sumus
636 919 818 978 dicere
858 937 872 974 :
915 918 1126 974 Dimitte
1181 917 1323 972 nobis
1390 917 1558 972 debita
1623 925 1795 972 nostra

215 1013 432 1088 (lauit.
453 1028 527 1080 vt,
560 1011 684 1084 1%);
717 1014 788 1068 ita
816 1023 871 1068 et
897 1023 1022 1067 tunc
1049 1027 1144 1083 per
1172 1009 1430 1067 sacriﬁcia
1455 1009 1795 1065 victimarum

213 1105 530 1161 animalium
569 1105 1023 1161 convincebantur
1072 1103 1381 1158 sacerdotes
1417 1103 1533 1158 sine
1575 1110 1797 1172 peccato

215 1217 324 1257 non
351 1214 504 1266 esse,
547 1201 637 1271 qui
681 1214 776 1270 pro
817 1199 928 1254 suis
971 1197 1202 1269 peccatis
1228 1195 1552 1268 jubebantur
1579 1194 1792 1252 oﬁ‘erre.

215 1295 367 1364 Quod
398 1296 446 1350 si
483 1283 572 1350 res
601 1294 674 1349 ita
713 1310 773 1350 se
801 1292 1000 1361 habet,
1034 1302 1090 1348 ut
1129 1307 1224 1363 per
1256 1293 1480 1364 gratiam
1506 1290 1800 1348 Salvatoris

214 1385 562 1457 proﬁciamus
583 1379 800 1457 quidem
825 1385 880 1440 in
903 1385 1004 1441 hac
1024 1385 1155 1454 vita,
1178 1383 1466 1441 deﬁciente
1480 1383 1795 1454 cupiditate,

214 1478 480 1534 cbaritate
503 1487 815 1535 crescente:
853 1477 1193 1549 perﬁciamnr
1229 1485 1412 1533 autem
1442 1477 1496 1532 in
1534 1475 1622 1531 illa
1651 1476 1796 1541 vita,

214 1570 511 1642 cupiditate
561 1570 824 1626 exstincta
849 1610 865 1635 ,
906 1568 1170 1625 charitate
1197 1569 1496 1638 completa;
1555 1552 1809 1639 profecto'

215 1664 345 1726 illud
374 1664 519 1734 quod
549 1664 804 1734 scriptum
831 1673 913 1721 est
939 1679 954 1716 :
988 1663 1088 1730 Qui
1113 1661 1142 1702 δ
1171 1672 1323 1718 natus
1342 1672 1415 1717 est
1451 1679 1516 1718 ex
1543 1660 1674 1729 Deo,
1695 1679 1800 1717 mm

215 1768 390 1830 peccat
412 1756 457 1827 (l
492 1756 648 1812 Joau.
673 1774 703 1813 v
729 1799 742 1823 ,
794 1756 883 1826 18)
912 1773 924 1811 :
957 1756 1248 1812 secundum
1279 1755 1448 1824 ipsam
1479 1755 1797 1810 cbaritatem

1895 545 2000 602 lam
2025 545 2256 604 fortasse
2279 563 2438 618 quam
2459 547 2650 616 velles,
2667 549 2909 605 misimus
2927 550 3196 606 sanctitati
3221 559 3342 606 tute.
3364 548 3487 608 Non

1896 637 2039 694 enim
2056 639 2288 694 rivulum
2313 651 2554 696 nostrum
2581 650 2672 697 tuo
2696 640 2846 712 largo
2871 640 3004 697 fonti
3025 641 3274 714 augendo
3303 641 3486 699 reluu-

1896 730 2093 798 dimus,
2143 731 2238 787 sed
2284 732 2338 786 in
2370 732 2471 788 hac
2505 749 2612 789 non
2653 747 2812 803 parva
2847 733 3142 792 tentatione
3183 735 3487 806 temporis,

1897 824 2042 880 unde
2073 838 2174 880 nos
2206 824 2422 891 liberet,
2450 825 2536 881 cui
2564 825 2830 883 dicimus:
2865 825 2949 881 Ne
2973 843 3067 883 uos
3085 827 3280 896 inferas
3303 829 3356 882 in
3377 837 3490 882 test-

1898 919 2143 972 tationent
2165 916 2378 989 (Matth.
2404 934 2486 986 vt,
2511 917 2602 988 i5)
2633 938 2644 974 :
2674 929 2852 976 utrum
2881 921 3046 977 etiam
3067 929 3252 977 noster
3281 919 3327 986 ί,
3360 920 3490 976 licet

1900 1011 2125 1082 exiguus
2151 1025 2216 1065 ex
2241 1010 2455 1075 eodem,
2479 1027 2586 1081 quo
2609 1013 2770 1067 etiam
2800 1021 2920 1068 tuus
2944 1012 3243 1082 abundans,
3275 1019 3491 1068 emanet

1899 1102 2076 1173 capite
2105 1101 2428 1158 ﬂuentorum
2445 1143 2460 1168 ,
2493 1103 2595 1158 hoc
2617 1119 2645 1156 a
2677 1115 2730 1160 te
2756 1105 2966 1174 probari
2994 1104 3263 1170 volumus,
3286 1115 3333 1170 ις,
3359 1103 3493 1158 tuis-

1899 1213 2004 1269 que
2042 1197 2322 1269 rescriptis
2344 1197 2411 1253 de
2433 1198 2704 1252 communi
2742 1197 3150 1269 participatione
3181 1200 3337 1254 unius
3365 1211 3487 1269 gra-

1902 1290 1992 1347 tim
2016 1291 2307 1348 consolari.

2435 1405 2826 1464 CAPITULUM
2866 1407 2960 1463 XI.

1976 1519 2002 1560 ιι
2023 1521 2346 1594 Rescriptum
2371 1522 2596 1594 ejusdem
2628 1539 2777 1595 papa
2795 1524 2862 1577 ad
2888 1524 3114 1594 quinque
3138 1539 3418 1596 eptscopos.

1905 1637 2260 1694 lsnocsurtus
2302 1652 2577 1711 austerae,
2622 1653 2826 1711 anno,
2891 1653 3218 1711 sucus'rmo,
3257 1638 3492 1711 Evooto,

2302 1708 2545 1765 Posstuto
2564 1710 2834 1780 episcopis
2853 1709 3103 1766 salutem.

215 1849 423 1906 dictum
467 1860 580 1918 est,
612 1866 733 1921 quas
781 1851 895 1905 sola
936 1865 1043 1906 non
1091 1859 1297 1923 peccat.
1351 1849 1431 1904 Ad
1476 1849 1804 1905 nativitatem

1982 1865 2110 1923 Car.
2143 1867 2187 1922 l.
2205 1897 2276 1908 —
2298 1866 2673 1923 Frateruitatis
2687 1876 2881 1922 vestrm
2914 1867 3121 1923 litteras
3145 1865 3332 1935 plenas
3351 1864 3496 1935 ﬁdei,

215 1943 442 2015 quippe,
471 1959 592 2015 quas
620 1960 686 1999 ex
713 1943 824 2000 Deo
845 1953 960 2010 est,
986 1944 1227 2014 augenda
1241 1953 1296 1999 et
1324 1943 1648 2014 perlicienda
1667 1943 1800 2000 cha-

215 2037 350 2093 ritas
376 2036 638 2108 pertinet;
657 2051 763 2090 non
785 2050 868 2106 ea,
902 2051 1020 2106 qua:
1040 2035 1331 2091 minuenda
1354 2046 1408 2092 et
1438 2036 1803 2092 consumenda

215 2140 320 2197 est,
350 2131 648 2203 cupiditas;
690 2147 809 2202 quae
835 2141 1044 2199 tamen,
1071 2130 1308 2202 quandiu
1344 2139 1429 2186 est
1465 2131 1518 2186 in
1547 2129 1804 2185 membris

216 2225 446 2291 nostris,
488 2223 608 2294 lege
636 2222 865 2295 quadam
896 2237 990 2278 sua
1026 2232 1286 2293 repugnat
1304 2221 1408 2293 legi
1440 2221 1659 2276 mentis.
1693 2219 1802 2277 Sed

217 2327 456 2371 natusex
484 2317 614 2384 Deo,
635 2331 743 2370 non
771 2315 1028 2370 obediens
1054 2315 1339 2371 desideriis
1363 2319 1561 2381 carnis,
1591 2329 1690 2369 nec
1715 2330 1808 2370 ex-

220 2406 418 2464 hibens
439 2408 679 2463 tnembra
705 2422 798 2462 sua
821 2422 970 2463 arma
1004 2407 1300 2478 iniquitatis
1333 2417 1552 2477 peccato
1572 2449 1586 2473 ,
1629 2417 1808 2478 potest

219 2499 400 2556 dicere
423 2518 441 2557 :
469 2499 590 2554 lam
617 2517 718 2555 non
740 2518 832 2572 ego
857 2517 1038 2573 operor
1063 2501 1235 2564 illud;
1259 2501 1350 2556 sed
1380 2511 1402 2538 ο
1423 2503 1478 2555 id
1498 2503 1633 2571 quod
1659 2501 1808 2556 habi-

219 2603 286 2648 tat
309 2595 367 2648 in
397 2611 482 2648 me
513 2605 773 2665 peccatum
798 2594 976 2666 (liam.
1011 2609 1101 2656 vu,
1128 2593 1247 2664 20).
1275 2593 1381 2670 Sed
1405 2609 1622 2666 quoquo
1649 2595 1808 2650 modo

218 2699 276 2742 se
304 2685 626 2741 habeatista
649 2687 895 2758 quaestio,
923 2686 1046 2757 quia
1077 2688 1176 2742 etsi
1201 2702 1307 2741 non
1335 2687 1605 2742 invenitur
1635 2688 1689 2741 in
1711 2687 1810 2743 hac

218 2778 323 2834 vita
355 2778 526 2834 homo
555 2779 672 2835 sine
711 2787 951 2849 peccato,
985 2779 1037 2833 id
1071 2789 1249 2834 tamen
1282 2791 1443 2850 posse
1467 2778 1584 2834 ﬁeri
1613 2779 1811 2836 dicitur

221 2887 318 2945 per
354 2872 686 2942 adiutorium
718 2873 937 2943 spiritus
984 2872 1078 2948 Dei
1118 2881 1174 2928 et
1211 2873 1424 2941 gratim:
1456 2871 1598 2944 quod
1629 2882 1684 2928 ut
1722 2873 1813 2928 ﬁat

220 2968 530 3023 conandum
561 2975 722 3035 atque
752 2966 1078 3037 poscendum
1119 2975 1234 3032 est;
1279 2967 1633 3024 tolerabiliter
1664 2967 1719 3022 in
1747 2981 1812 3023 eo

222 3064 454 3136 quisque
511 3064 667 3136 160
693 3064 923 3130 fallitur,
972 3079 1070 3120 nec
1099 3065 1363 3121 diabolica
1409 3067 1684 3136 impietas,
1717 3064 1820 3122 sed”

222 3171 377 3212 error
407 3156 675 3212 humanus
694 3167 777 3213 est
805 3157 1131 3213 elaboranda
1164 3167 1216 3212 ct
1258 3152 1487 3228 Optanda
1515 3157 1807 3230 afﬁrmare,

1908 1971 2132 2034 totoque
2159 1962 2439 2033 religionis
2467 1961 2746 2018 catholicae
2774 1961 2958 2031 vigore
2982 1960 3218 2016 ﬁrmatas
3247 1958 3265 1998 ί
3299 1974 3332 2015 a
3354 1958 3500 2015 duo-

1909 2052 2008 2108 bus
2041 2054 2231 2108 missas
2253 2053 2514 2117 conciliis,
2549 2067 2644 2122 per
2670 2053 2885 2106 fratrem
2916 2064 2966 2106 et
2993 2051 3370 2121 coepiscopum
3402 2065 3501 2106 no-

1909 2155 2079 2204 strum
2101 2146 2299 2202 Juliutn
2320 2156 2565 2216 pergratu
2579 2145 2916 2213 suscepimus
2935 2142 3136 2209 animo,
3150 2143 3292 2214 quod
3313 2157 3500 2199 earum

1912 2246 2066 2292 tenor
2116 2235 2399 2305 ontuiSque
2441 2234 2718 2290 contextio
2761 2235 2813 2289 in
2863 2233 3294 2289 consideratione
3323 2233 3500 2305 quoti-

1911 2325 2086 2382 dianae
2140 2327 2324 2396 gratim
2377 2325 2509 2394 Dei,
2557 2335 2611 2380 et
2673 2325 2728 2380 in
2784 2339 2974 2380 eorum
3025 2323 3359 2380 correctione
3405 2323 3500 2393 qui

1912 2431 2098 2478 contra
2129 2420 2366 2476 sentiunt
2414 2421 2427 2470 i
2461 2461 2476 2487 ,
2508 2419 2712 2489 integra
2758 2419 2968 2474 ratione
3023 2419 3269 2475 consistit
3311 2437 3324 2471 :
3357 2427 3416 2473 ut
3445 2427 3501 2475 et

1912 2513 2017 2570 illis
2046 2529 2258 2569 omnem
2294 2513 2483 2568 tollere
2519 2511 2666 2584 161
2704 2509 2728 2547 ἰ
2771 2511 2941 2580 possit
2973 2525 3246 2578 errorem,
3298 2519 3354 2566 et
3385 2508 3501 2566 ido-

1913 2621 2097 2672 neum,
2115 2605 2242 2660 dato
2272 2607 2462 2674 quovis
2492 2612 2689 2658 nostras
2717 2603 2852 2672 legis
2868 2602 3142 2672 exemplo,
3167 2616 3326 2673 quem
3347 2601 3502 2672 sequi

1913 2699 2165 2762 debeant,
2195 2698 2412 2768 dignum
2441 2693 2686 2766 1possint
2704 2696 2947 2766 praebere
2972 2695 3270 2752 doctorem.
3301 2692 3407 2750 Sed
3434 2691 3504 2750 de

1915 2792 1999 2847 his
2025 2792 2133 2861 jam
2158 2792 2310 2856 satis,
2343 2797 2402 2844 ut
2440 2790 2654 2859 opinor,
2685 2804 2847 2860 supra
2873 2787 3135 2854 diximus,
3160 2803 3280 2843 cum
3311 2786 3504 2843 vestris

1916 2885 2269 2941 relationibus
2299 2881 2688 2953 respondentes
2717 2881 3128 2952 rescripsimus,
3171 2878 3298 2950 quid
3325 2879 3409 2934 vel
3435 2879 3504 2936 de

1917 2991 2105 3033 eorum
2150 2975 2374 3047 perﬁdia
2395 3017 2410 3039 ,
2436 2975 2520 3030 vel
2549 2974 2617 3028 de
2643 2982 2825 3029 vestra
2855 2973 3120 3029 sententia
3151 2972 3501 3027 sentiremus.

1919 3068 2026 3127 Sed
2056 3068 2281 3124 subinde
2315 3079 2502 3124 contra
2531 3083 2626 3123 eos
2657 3067 2905 3123 subvenit
2944 3063 3000 3122 et
3023 3065 3330 3138 suppeditat
3363 3064 3504 3136 quod

1919 3161 2170 3227 dicatur;
2222 3177 2323 3218 nec
2350 3170 2528 3233 potest
2576 3159 2861 3232 aliquando
2890 3169 2929 3196 ιιι
2967 3174 3088 3216 esse
3119 3158 3260 3230 quod
3302 3157 3504 3228 vincat,

224 3247 438 3303 etiamsi
483 3248 626 3318 quod
653 3245 888 3302 afﬁrmat
921 3263 1029 3302 non
1058 3249 1227 3318 possit
1251 3249 1557 3305 ostendere.
1583 3249 1639 3304 Id
1668 3251 1814 3306 enim
1842 3232 1888 3296 Ο
1921 3272 2042 3314 ευιη
2071 3266 2179 3312 tam
2211 3232 2462 3312 miserum
2493 3256 2822 3327 impiumque
2861 3257 2932 3310 sit
2973 3253 3114 3325 quod
3156 3263 3353 3310 nostra:
3381 3252 3508 3312 ﬁdei

224 3342 404 3398 credit
417 3340 532 3396 fieri
555 3356 735 3411 posse,
767 3343 910 3412 quod
935 3351 1084 3398 certe
1109 3341 1377 3398 laudabile
1404 3352 1488 3398 est
1511 3341 1670 3397 velle.
1702 3341 1812 3397 No-

229 3431 314 3488 bis
327 3443 506 3488 autem
535 3433 734 3489 sufﬁcit
753 3433 894 3504 quod
921 3434 1163 3490 nullusin
1178 3433 1418 3490 Ecclesia
1447 3435 1540 3490 Dei
1573 3434 1813 3491 ﬁdelium

229 3529 566 3597 reperiturin
587 3529 824 3601 quolibet
845 3539 1098 3601 provectu
1121 3531 1548 3600 excellentiaque
1568 3531 1816 3598 justitiae,

221 3621 316 3690 qui
347 3619 453 3674 sibi
477 3619 862 3678 audeatdicere
880 3636 986 3677 non
1010 3622 1367 3678 necessariam
1391 3619 1418 3659 ά
1451 3621 1816 3692 precationem

219 3712 505 3769 Orationis
559 3715 845 3771 Dominiea:
907 3735 919 3769 :
973 3715 1186 3771 Dimitte
1240 3718 1380 3772 nobis
1421 3716 1591 3770 debita
1645 3726 1821 3771 nostra

220 3804 539 3876 (Matrinia,
575 3807 660 3879 l2)
688 3827 701 3863 :
733 3820 785 3866 et
816 3809 957 3865 dicat
971 3824 1032 3866 se
1062 3826 1170 3867 non
1200 3810 1397 3866 habere
1418 3818 1716 3882 peccatum,
1750 3826 1818 3866 ne

217 3900 472 3968 seipsum
512 3899 778 3970 decipiat,
822 3909 877 3957 et
906 3903 1101 3957 veritas
1132 3903 1186 3956 in
1206 3917 1272 3958 eo
1304 3918 1411 3957 non
1450 3902 1540 3970 sit,
1571 3901 1816 3972 quamvis

216 3988 327 4062 iam
376 3992 504 4047 sine
543 3994 760 4064 querela
801 3995 965 4050 vivat.
1013 3995 1130 4050 Non
1173 3995 1316 4052 enim
1353 4005 1375 4032 ε
1417 3995 1818 4066 qualescunque

215 4085 389 4142 etiam
427 4088 755 4143 tentationes
796 4087 1043 4144 humana:
1062 4129 1077 4153 ,
1109 4088 1203 4144 sed
1225 4103 1385 4159 grave
1415 4097 1691 4159 peccatum
1711 4096 1816 4153 est,

216 4176 366 4246 quod
399 4178 461 4233 in
483 4179 758 4249 querelam
772 4180 1155 4236 venit.C:etera
1178 4197 1296 4251 quae
1325 4180 1401 4236 illi
1437 4179 1645 4249 objecm
1668 4189 1816 4246 sunt,

217 4267 362 4325 sicut
388 4271 566 4341 gestis
582 4270 800 4329 defensa
829 4271 1140 4343 perviderit,
1160 4273 1229 4328 ita
1247 4272 1314 4328 de
1338 4273 1418 4328 liis
1443 4272 1628 4344 procul
1656 4271 1820 4326 dubio

217 4367 308 4416 tua
339 4362 628 4419 beatitudo
653 4364 931 4434 iudicabit.
964 4365 1122 4422 Dabit
1141 4380 1274 4421 sane
1299 4365 1455 4421 nobis
1474 4364 1686 4420 veniam
1719 4362 1820 4418 rni-

289 4579 317 4608 ⁸
349 4571 463 4626 Ms.
498 4568 615 4624 Vat.
641 4582 762 4624 cum
786 4568 928 4638 vulg.
965 4569 1113 4625 addit
1145 4579 1283 4624 tunc.

285 4639 314 4680 δ
354 4639 525 4695 Vind.
546 4656 648 4695 ms.
672 4656 792 4695 cum
821 4642 927 4694 alio
948 4639 1184 4695 Colbert.
1218 4638 1364 4693 delet
1396 4645 1568 4691 natus.

290 4723 315 4753 ι
352 4712 438 4766 Ex
473 4713 665 4767 eodem
707 4728 808 4767 nis.
838 4711 994 4766 Vind.
1049 4713 1370 4766 inseruiutus
1395 4723 1578 4764 vocem
1599 4709 1653 4762 id
1674 4749 1689 4775 ,
1725 4725 1822 4780 pro

213 4797 320 4857 qua
344 4783 480 4857 alia:
511 4782 784 4857 editiones
809 4783 1006 4857 habent
1023 4781 1179 4857 illud.

287 4852 314 4893 ⁸³
347 4854 448 4910 Sic
480 4853 650 4907 nostri
687 4853 845 4908 codd.
869 4866 924 4910 et
948 4856 1091 4923 vulg.
1132 4851 1471 4920 Quesnellus,
1506 4851 1815 4918 petitionem.

289 4935 316 4963 ο
353 4925 513 4980 Edit.
539 4923 728 4988 Conc.,
756 4928 890 4994 Aug.
922 4936 974 4979 et
1004 4924 1190 4980 Coust.
1217 4965 1233 4988 ,
1283 4925 1628 4994 qualecunque
1665 4927 1818 4978 etiam

212 4996 528 5052 nutationis
555 4993 811 5049 humanae.

292 5068 314 5106 ί
351 5071 571 5136 Quesn.
605 5066 795 5136 inserit
841 5065 1059 5120 rivulus.
1089 5064 1394 5121 Delevimns
1423 5079 1548 5136 cum
1575 5063 1731 5117 Vind.
1761 5073 1820 5118 et

211 5134 446 5195 exteris
483 5135 624 5204 vnlg.
656 5135 732 5191 Ex
765 5137 1201 5191 antecedentibus
1231 5134 1664 5203 subintelligitur.

290 5220 318 5256 κ
344 5213 453 5264 Ms.
491 5207 721 5262 Vindeb.
750 5209 1026 5270 mendose,
1056 5207 1133 5260 Itis
1157 5223 1271 5274 qua:
1292 5208 1571 5276 rescriptis.
1595 5207 1820 5260 Correo-

213 5284 434 5336 tiwnem
479 5278 825 5348 suppeditant
853 5279 936 5332 uili
965 5279 1120 5333 codd.
1151 5293 1272 5330 cum
1306 5275 1496 5346 quibus
1530 5276 1730 5331 Bencd.
1763 5288 1820 5331 et

209 5352 409 5407 Coust.
467 5353 666 5418 tuisque
699 5351 976 5414 rescriptis.
1031 5348 1163 5406 Aliae
1193 5348 1475 5412 editiones,
1509 5357 1555 5400 et
1595 5351 1694 5418 tuis
1739 5364 1816 5401 re-

207 5425 458 5489 scriptis.
499 5417 821 5487 Quesnellus
844 5423 946 5475 alia
971 5434 1190 5490 prorsus
1221 5418 1452 5474 lectione
1483 5427 1647 5471 tutam
1679 5417 1816 5474 hanc

211 5498 529 5563 periCOpen
575 5492 839 5563 expressit
869 5509 881 5544 :
913 5489 983 5544 uti
1011 5491 1229 5563 hisque:
1276 5491 1364 5563 tibi
1395 5489 1694 5563 videbuntur
1736 5505 1818 5563 re-

203 5559 355 5636 scrip
380 5559 429 5618 is
444 5562 512 5616 de
539 5559 794 5616 contumui
803 5559 1396 5636 participatiOnegratiw
1408 5575 1504 5636 nos
1520 5559 1815 5636 ettitsoleris.

284 5629 568 5689 ιίιίοωιει·
607 5649 745 5686 mss.
801 5629 956 5700 linjus
1002 5629 1336 5686 collectionis
1382 5641 1436 5685 et
1489 5629 1815 5692 Isidorianae,

205 5716 404 5763 exstat
428 5705 598 5759 etiam
628 5706 680 5756 in
703 5703 1018 5757 collectione
1048 5703 1316 5759 Avellana.
1354 5701 1665 5769 Ilelegimus
1693 5715 1816 5754 cum

203 5776 516 5856 codicibus
532 5773 927 5856 Vindebonensi
956 5773 1024 5830 59
1053 5771 1212 5846 hujus
1239 5771 1598 5848 collectionis,
1617 5779 1672 5829 et
1694 5769 1816 5828 Vat.

204 5847 361 5923 379i
390 5845 619 5906 col'ect.
649 5843 961 5906 lsidor'tamc

1922 3353 2120 3410 virtute
2157 3360 2210 3407 et
2253 3351 2364 3422 ipsa
2394 3350 2602 3422 plenius
2637 3351 2864 3404 veritate
2905 3350 3171 3404 vincatur.
3221 3346 3322 3416 Qui
3363 3347 3510 3404 enim

1925 3460 2140 3502 omnem
2170 3444 2295 3498 vita:
2324 3457 2474 3513 spem
2508 3441 2714 3512 respuit
2736 3449 2894 3511 atque
2925 3439 3269 3511 contempsit,
3295 3439 3510 3495 inimica

1926 3533 2325 3604 damnabilique
2352 3547 2446 3588 cor
2465 3547 2620 3587 suum
2635 3532 2996 3600 disputatione
3012 3529 3365 3597 confundens,
3386 3544 3512 3586 cum

1927 3626 2249 3684 creditnihil
2280 3641 2399 3682 esse
2429 3626 2568 3695 quod
2592 3642 2624 3680 a
2655 3625 2766 3681 Deo
2794 3624 3045 3693 accipiat,
3080 3637 3180 3680 nec
3199 3622 3400 3694 aliquid
3423 3637 3513 3679 su-

1927 3735 2164 3793 peresse,
2195 3720 2338 3790 quod
2371 3727 2514 3787 petat
2539 3717 2606 3773 ad
2638 3717 2934 3772 sanandum
2961 3725 2986 3754 ι’
3019 3732 3119 3783 se;
3151 3716 3243 3788 qui
3268 3714 3369 3772 sibi
3411 3714 3514 3772 hoc

1927 3811 2150 3866 abstulit
2177 3851 2193 3878 ,
2217 3810 2444 3865 ulterius
2473 3808 2597 3878 quid
2648 3808 2903 3880 reliquit?
2930 3807 2987 3864 Si
3020 3823 3147 3876 ergo
3189 3818 3312 3864 sunt
3348 3805 3515 3878 aliqui

1923 3917 2060 3974 quos
2096 3903 2151 3957 in
2172 3903 2254 3957 sui
2285 3901 2653 3957 defensionem
2676 3903 2999 3972 perversitas
3029 3909 3174 3956 tanta
3205 3909 3231 3936 ο
3253 3899 3514 3968 devinxit,

1923 3996 2013 4065 qui
2042 3995 2167 4050 huic
2210 4009 2270 4049 se
2317 3994 2552 4065 dogmati
2583 3993 2780 4048 dedant
2809 4003 2968 4063 atque
2991 3993 3343 4065 conjungant,
3393 4007 3516 4062 spe-

1924 4095 2108 4144 rantes
2138 4088 2239 4142 ltoc
2267 4086 2335 4142 ad
2375 4085 2692 4142 catholicam
2722 4086 2995 4156 pertinere
3024 4085 3348 4152 doctrinam,
3372 4084 3517 4156 quod

1924 4181 2223 4237 abhorrens
2241 4179 2472 4250 longius,
2499 4188 2555 4235 et
2580 4179 2795 4250 penitus
2812 4178 3138 4249 approbatur
3157 4179 3440 4235 adversum
3464 4188 3517 4246 ρ,

1925 4273 2106 4330 infecti
2137 4274 2351 4328 illorum
2383 4283 2440 4328 et
2473 4273 2725 4338 monitis,
2766 4282 2820 4328 et
2849 4273 3026 4327 verbis
3046 4311 3061 4338 ,
3091 4281 3151 4327 ut
3179 4271 3516 4340 laberentur,

1922 4364 2162 4432 inducti;
2192 4374 2458 4436 quatenus
2487 4364 2556 4420 ad
2590 4373 2797 4420 rectum
2837 4363 2936 4419 viae
2961 4363 3228 4420 tramitem
3271 4362 3518 4433 redeant,

1853 4567 1911 4630 Ι)
2014 4564 2028 4603 ί
2070 4563 2235 4620 Garn.
2267 4565 2414 4620 addit
2439 4575 2487 4620 et
2514 4567 2666 4621 alias.

2013 4637 2026 4687 i
2066 4637 2210 4717 idem
2233 4636 2398 4691 Garn.
2417 4679 2432 4701 ,
2466 4639 2664 4717 integra
2690 4637 2872 4692 relatio
2894 4637 3234 4717 ita_cousistit.

2001 4705 2025 4744 ιι
2066 4707 2265 4774 Quesn.
2310 4723 2431 4761 cttm
2475 4705 2795 4777 suisutss.,
2842 4711 3056 4778 possint.
3105 4709 3322 4764 Rectius
3367 4705 3523 4764 Vind.
3622 4770 3624 4772 τ

1927 4793 2048 4834 cum
2077 4777 2197 4850 aliis
2227 4793 2360 4832 mss.
2397 4789 2450 4834 et
2479 4779 2656 4844 editis,
2685 4781 2866 4850 possit,
2897 4783 2944 4833 td
2977 4791 3077 4847 est,
3110 4784 3362 4836 contextio
3400 4780 3524 4833 (itte.

1925 4867 2126 4920 rarum.
2158 4849 2312 4912 Dein,
2339 4853 2520 4904 idoneo
2549 4852 2668 4919 dato
2688 4849 2851 4906 Cuivis
2881 4851 2932 4905 in
2965 4852 3355 4908 recentioribus
3377 4853 3520 4920 Vulg.

1924 4919 2161 4987 Coneil.;
2193 4921 2242 4993 in
2276 4922 2506 4990 antiquis
2536 4937 2668 4978 vero
2691 4927 2953 4978 retinetur
2973 4924 3165 4993 quovis.
3189 4921 3379 4988 Gai-11.,
3407 4922 3522 4974 ido-

1923 5007 2078 5064 neum
2107 4991 2264 5045 cuivis
2294 4992 2416 5064 dato
2442 4993 2586 5064 tegis.

2003 5061 2018 5099 1
2055 5064 2218 5133 (iam.
2245 5075 2298 5117 et
2325 5061 2636 5130 Vittd.'ms.,
2672 5066 2852 5133 possit.

1995 5143 2033 5168 ιιι
2063 5131 2228 5187 Garri.
2268 5150 2389 5188 eum
2429 5131 2688 5201 Merlino,
2717 5135 2962 5202 Ct'abbo,
2992 5133 3188 5190 Bened.
3231 5141 3284 5187 et
3322 5131 3524 5202 aliquot

1923 5203 2080 5259 codd.
2119 5205 2232 5259 Vat.
2258 5249 2271 5272 ,
2308 5205 2494 5259 deesse.

1997 5282 2021 5309 ιι
2059 5275 2212 5328 Vind.
2234 5271 2342 5341 ,si.
2377 5275 2530 5341 Vat,
2563 5277 2671 5330 sed.
2706 5277 3056 5332 Correximus
3096 5291 3149 5329 se
3177 5289 3239 5327 ex
3271 5271 3522 5328 colenda-

1923 5346 2148 5401 tioribus
2179 5346 2328 5401 libris
2357 5349 2590 5402 excusis.
2620 5347 2822 5415 Quesn.
2856 5359 3139 5416 utrumque
3175 5344 3374 5398 omisit.

1999 5426 2023 5450 ο
2059 5418 2380 5479 Garncrtus,
2412 5413 2718 5483 devinxerit,
2753 5419 2961 5489 quique.
2994 5413 3179 5489 Postea
3217 5431 3310 5483 pro
3335 5413 3525 5468 abitura

1925 5504 2041 5541 rens
2065 5489 2281 5556 quidam
2313 5489 2441 5542 editi
2470 5489 2668 5544 habent
2691 5485 2950 5551 abirrans,
2982 5489 3064 5541 vel
3097 5485 3360 5540 oberrans.

1999 5570 2024 5608 ιι
2051 5561 2237 5613 Const.
2281 5573 2348 5613 ex
2393 5561 2557 5613 veteri
2601 5558 2722 5612 eod.
2756 5557 2906 5612 Colb.
2943 5559 3160 5626 corrigit
3201 5556 3428 5624 a/fectu;
3470 5568 3530 5613 es

1925 5639 2074 5685 recte
2106 5631 2319 5698 quidem
2349 5646 2364 5682 :
2399 5630 2514 5683 ltzec
2547 5628 2688 5684 enim
2719 5629 3044 5698 respondent
3073 5629 3136 5683 iis
3161 5630 3340 5684 verbis
3369 5629 3531 5700 quin-

1925 5717 2030 5767 que
2056 5702 2434 5769 episcoporum
2467 5701 2522 5752 in
2552 5701 2777 5769 epistola
2804 5700 3124 5769 praecedenti
3150 5718 3164 5756 :
3201 5700 3354 5768 Quod
3382 5717 3528 5755 scan-

1924 5773 2100 5826 dalum
2120 5771 2399 5835 auditores,
2420 5779 2466 5824 et
2481 5772 2531 5823 iu
2551 5786 2838 5841 perversum
2859 5786 3186 5830 mucrones
3206 5773 3318 5846 ejus
3339 5786 3530 5846 itaquev-

1922 5859 2125 5915 quoque
2145 5856 2388 5914 spargere
2415 5855 2520 5899 uoti
2548 5851 2768 5901 cessant.

3005 5967 3099 5992 νονκί·
3135 5979 3141 5984 -
3208 5971 3354 6004 sfw.”
