3992 6348
223 322 330 385 685

672 315 903 375 CODEX
937 314 1265 375 CANONUM
1301 313 1583 375 ECCLES.
1623 313 1714 377 ET
1751 312 2330 375 CONS‘I'ITUTORUM
2366 313 2426 373 S.
2466 312 2658 372 SEDIS
2694 312 3027 372 APOSTOL.

3375 311 3487 376 186

222 450 341 492 esse
371 447 477 487 non
507 431 784 496 duximus;
816 444 938 487 cum
960 434 1235 489 vobiscum
1258 438 1284 465 ι
1307 438 1469 485 totam
1495 426 1808 496 scientibus,
1836 434 1891 495 Α
1916 429 2152 500 epistolae
2186 438 2518 488 extrinsecus
2557 444 2735 489 missae
2766 433 3096 501 respondere
3129 440 3143 482 ι
3179 431 3390 505 gestivi,
3418 430 3493 490 ne

222 526 444 599 parique
487 522 764 578 nobiseum
802 521 1112 577 assensione
1140 519 1494 592 gaudentibus
1535 520 1806 590 colloqua-

220 630 341 672 mur
386 635 398 668 :
442 622 571 671 tunc
610 614 753 669 enim
803 612 995 667 melius
1045 612 1158 667 haac
1204 612 1449 682 exempla
1498 622 1805 682 ponuntur,

220 710 439 781 quando
459 723 581 762 cum
617 707 698 763 his
730 720 864 777 quos
894 705 1082 760 barum
1105 716 1316 762 constat
1338 721 1517 761 rerum
1548 702 1576 741 δ
1608 704 1809 774 impru-

188 803 192 807 ’
220 803 415 877 dentes
441 813 563 856 esse
597 809 909 854 tractamus.
939 797 1070 853 Nam
1096 797 1163 852 de
1192 808 1397 852 naturae
1434 796 1805 867 possibilitate,

220 896 287 949 de
330 892 502 948 libero
542 891 795 957 arbitrio,
834 901 887 946 et
922 890 987 946 de
1025 890 1170 944 nutni
1210 889 1301 945 Dei
1342 892 1533 961 gratia,
1572 888 1729 962 164
1756 898 1809 944 et

220 986 531 1056 quotidiana
560 986 729 1056 gratia
749 1027 763 1053 ,
804 984 889 1039 cui
919 1000 1023 1039 non
1054 985 1121 1039 sit
1145 992 1290 1039 recte
1322 984 1571 1038 sentienti
1605 982 1811 1037 uberri-

222 1093 369 1133 mum
401 1076 709 1147 disputare?
738 1076 1164 1131 Anathematlzet
1200 1091 1328 1143 ergo
1360 1083 1380 1113 ο
1411 1075 1509 1129 ista
1539 1089 1659 1145 quae
1689 1090 1812 1128 sen-

221 1169 286 1226 sit
308 1184 326 1235 ;
352 1177 414 1224 ut
447 1166 525 1223 illi
554 1167 645 1237 qui
674 1167 883 1222 inerant
915 1166 1030 1236 ejus
1062 1165 1401 1220 sermonibus
1428 1164 1811 1237 praeceptisque

222 1264 446 1333 collapsi
468 1305 484 1330 ,
524 1263 649 1334 quid
693 1262 904 1317 tandem
939 1262 1128 1318 habeat
1156 1262 1289 1319 fides
1316 1278 1438 1317 vera
1463 1270 1807 1333 cognoscant.

222 1348 460 1409 Facilius
480 1352 622 1408 enim
653 1354 895 1408 revocari
926 1362 1192 1423 poterunt,
1223 1369 1345 1409 cum
1382 1354 1478 1410 ista
1511 1369 1541 1408 a
1564 1369 1661 1409 suo
1688 1370 1809 1408 sen-

222 1445 397 1501 serint
436 1453 655 1499 auctore
688 1446 951 1499 damnari.
984 1444 1137 1512 Quod
1175 1446 1220 1499 si
1260 1444 1347 1499 ille
1388 1445 1731 1515 pertinaciter
1760 1446 1813 1500 in

222 1532 326 1591 hac
346 1535 584 1590 voluerit
601 1536 869 1605 impietate
900 1538 1207 1611 persistere,
1230 1536 1495 1607 agendum
1523 1544 1605 1591 est
1634 1531 1661 1571 ἀ
1687 1550 1812 1604 qua-

221 1636 384 1686 tenus
413 1626 493 1683 vel
523 1629 605 1683 his
635 1629 800 1697 possit
827 1628 1099 1683 subveniri
1120 1642 1255 1699 quos
1277 1642 1382 1682 non
1414 1641 1563 1696 suns,
1594 1626 1687 1682 sed
1719 1623 1811 1681 ltu-

220 1719 304 1795 jus
350 1720 525 1790 magis
563 1734 712 1775 error
748 1719 989 1789 induxit;
1033 1733 1099 1775 ne
1139 1728 1192 1775 et
1240 1719 1348 1774 illis
1388 1718 1501 1774 haec
1552 1718 1811 1773 medicina

1908 522 2047 590 apud
2068 536 2152 575 me
2177 520 2396 578 forsitan
2422 532 2723 583 remaneret
2752 523 3035 593 pecnlzaris
3059 532 3265 599 negata
3293 524 3465 585 saluta

1908 618 2071 675 tionis
2099 618 2331 686 oﬂensa,
2365 619 2530 677 frater
2558 620 2891 677 cliarissime.
2924 620 3298 691 Supradictum
3335 621 3484 692 igitur

1910 709 2130 768 fratrem
2173 723 2411 769 nostrum
2452 721 2557 769 tua:
2586 712 2854 769 dilectioni
2886 712 3107 771 restituo
3134 728 3254 773 cum
3280 725 3476 783 aposto

1909 802 2023 858 licae
2071 802 2212 859 sedis
2259 804 2324 861 ad
2363 805 2680 861 relationem
2729 804 2960 874 duplicis
2995 803 3184 878 synodi
3219 805 3489 874 indicatis.

1911 893 2185 962 Superest,
2234 894 2387 967 165
2419 902 2475 949 ut
2503 906 2685 949 oratus
2714 910 2743 950 a
2772 896 2927 951 nobis
2950 894 3207 952 Dominus
3238 905 3490 968 praestare

1909 988 2190 1057 dignetur,
2241 997 2505 1057 quatenus
2549 990 2725 1043 omnis
2773 989 3024 1045 Ecclesia:
3062 988 3091 1027 ι
3134 1003 3245 1044 ωε
3289 988 3492 1045 macula

1910 1082 2177 1136 continuis
2217 1081 2488 1137 laboribus
2526 1083 2723 1137 nostris
2759 1083 2924 1152 possit
2952 1083 3203 1153 abstergi.
3238 1081 3492 1138 Dominus

1913 1180 1963 1227 te
2004 1172 2322 1227 incilnmem
2368 1173 2669 1240 custodiat,
2707 1173 2872 1229 frater
2907 1173 3241 1231 charissime.
3274 1173 3404 1231 Data
3441 1186 3491 1228 vt

1912 1259 2167 1321 kalendas
2195 1261 2491 1319 Februarii.

2422 1375 2822 1435 CAPITULO)!
2865 1374 3001 1433 Xlli.

1922 1510 1941 1553 ι
1997 1513 2285 1568 Concilium
2338 1513 2627 1582 plenarium
2678 1512 2818 1582 apud
2854 1508 3230 1582 Carthaginem
3269 1522 3494 1569 uocatum

2268 1594 2443 1637 contra
2469 1580 2740 1653 Pelagium
2760 1590 2807 1635 et
2836 1580 3143 1636 Calatinus.

1990 1720 2226 1776 lionorio
2297 1720 2537 1790 Augusto
2601 1716 2886 1779 duodecies
2942 1717 3160 1777 consule
3190 1758 3203 1784 ,
3258 1715 3495 1775 kalendis

223 1822 435 1893 pereat,
472 1811 624 1882 cujus
662 1814 762 1867 iste
802 1813 962 1867 talem
1005 1828 1110 1868 non
1147 1811 1411 1880 admittit,
1442 1827 1540 1868 nec
1586 1814 1820 1882 postulat
1852 1809 1896 1869 Β
1922 1815 2096 1882 Maiis,
2129 1825 2166 1851 ω
2188 1812 2507 1883 Carthagine
2539 1812 2591 1866 in
2621 1810 2839 1866 basilica
2863 1809 3065 1877 Fausti,
3098 1824 3218 1869 cum
3250 1808 3495 1867 Aurelius

222 1901 437 1966 curarit.
479 1914 503 1942 ο
542 1903 679 1960 Deus
711 1919 806 1960 V08
835 1905 1131 1962 incolumes
1156 1905 1439 1974 custodiat,
1473 1905 1663 1963 lratres
1692 1906 1819 1963 cha-

225 2003 447 2060 tissimi.
477 2000 607 2057 Data
640 2018 691 2056 vt
714 2000 970 2058 kalendas
994 2001 1269 2058 Februarii
1297 1998 1341 2054 ί.

747 2138 831 2196 CA
841 2136 1142 2203 Ριτυιυκ
1181 2138 1297 2198 XII.

220 2261 254 2306 ι
292 2249 545 2325 Epistola
592 2251 861 2325 familiaris
909 2248 1196 2325 Innocentii
1247 2266 1396 2320 papa
1439 2251 1507 2307 ad
1552 2250 1815 2307 Aurelium

618 2320 1070 2394 Carthaginemem
1106 2323 1424 2391 episcopum.

347 2438 700 2494 Innocua-tus
729 2439 968 2494 Aonsuo
992 2436 1396 2508 Carthaginensi
1420 2437 1691 2508 episcopo.

293 2547 360 2603 In
399 2546 758 2604 familiaribus
804 2549 1015 2619 scriptis
1052 2546 1270 2604 dilectio
1316 2563 1439 2604 vera
1469 2545 1498 2587 δ
1555 2548 1817 2603 consistit.

229 2639 448 2698 Etenim
471 2640 561 2711 jus
582 2640 787 2696 firmius
813 2640 1091 2695 churitatis
1116 2640 1291 2695 officia
1313 2642 1506 2697 melius
1532 2640 1547 2678 ί
1575 2656 1818 2697 seorsum

231 2743 565 2791 mercantur.
592 2732 948 2803 Quamobrem
984 2747 1077 2804 per
1100 2732 1319 2789 fratrem
1351 2742 1591 2789 nostrum
1619 2734 1817 2792 iulium

299 2899 329 2934 ⁸
364 2890 570 2957 Onaso.
597 2890 652 2947 in
682 2904 876 2958 ωτι,
899 2888 1099 2962 Alludit
1118 2889 1185 2951 ad
1208 2889 1341 2944 illud
1371 2889 1535 2962 Pauli
1555 2892 1775 2962 apostoli
1798 2906 1816 2943 :

228 2963 530 3035 scientibus
578 2962 748 3035 lcgem
793 2962 999 3034 loquor.
1055 2961 1227 3030 auare
1272 2961 1404 3017 male
1447 2961 1618 3032 ναις..
1657 2972 1820 3021 totam

236 3046 369 3096 rem,
398 3042 450 3086 et
484 3029 673 3101 Cum;
702 3029 889 3085 totum:
1063 3029 1094 3030 Ὺ
1534 3029 1550 3032 ⁷

300 3101 332 3141 δ
364 3100 483 3158 Duo
524 3104 690 3157 nostri
721 3101 875 3157 codd.
906 3116 1025 3156 cum
1070 3103 1238 3156 tribus
1275 3103 1415 3172 apud
1446 3102 1819 3157 Constantium

234 3182 292 3257 let
315 3173 450 3257 odit.
486 3173 697 3257 βοηθῇ.
718 3213 734 3237 ,
773 3174 1069 3257 prudentes.
1101 3172 1210 3257 sed
1238 3173 1433 3257 melius
1452 3174 1817 3257 imprudentes,

238 3244 342 3309 hoc
368 3256 454 3301 est
480 3245 758 3315 imperitas.
785 3257 919 3311 quos
947 3245 1004 3307 8.
1035 3244 1275 3312 pontifes
1304 3261 1334 3303 a
1359 3244 1628 3304 scientibus
1664 3253 1818 3302 antea

240 3318 554 3393 memoratis
584 3316 878 3393 distinguit.

316 3394 341 3424 σ
370 3383 552 3440 Const.
564 3426 579 3451 ,
608 3386 737 3440 ista.

324 3452 543 3539 ⁸,.θὲη·
563 3495 588 3539 ν,
610 3457 864 3525 Μυκη
892 3464 947 3512 et
974 3454 1097 3517 dein
1127 3470 1248 3511 cum
1280 3456 1512 3527 antiquis
1547 3456 1679 3512 edit.
1717 3458 1827 3513 Au-

678 3540 956 3667 gratim.
996 3613 1065 3661 ex
1092 3612 1193 3665 mit.
1221 3597 1385 3665 Corb.
1416 3596 1621 3667 addunt
1652 3608 1700 3655 et
1727 3599 1832 3657 alia

248 3766 251 3767 ν
314 3737 337 3779 ί
370 3740 540 3794 Garn.
583 3738 730 3793 dddit
792 3737 1029 3793 Honorio
1080 3736 1223 3792 xr‘ﬁt
1267 3735 1567 3793 Constantio
1614 3755 1651 3795 ll
1698 3756 1828 3793 coss.

238 3809 379 3875 lui.
407 3810 601 3881 Coti)"
625 3809 758 3881 Data
786 3810 950 3881 pridie
975 3807 1084 3881 ιρι.
1117 3808 1643 3881 Fglort'osissinti
1667 3809 1833 3864 Theo-

181 3893 187 3897 ’
237 3881 398 3951 desii,
426 3878 514 3951 qui
542 3888 590 3935 et
615 3878 762 3951 Junii
786 3878 966 3947 Quarti
987 3878 1217 3935 Palladii
1242 3878 1311 3951 γέ
1336 3880 1394 3937 C.
1423 3897 1556 3937 coss.
1582 3881 1830 3951 Errorem

238 3948 601 4006 emendarunt
632 3949 959 4005 Benedictini
989 3951 1241 4005 editores.
1276 3949 1411 4003 Data
1444 3968 1495 4005 vt
1526 3951 1629 4005 kal.
1669 3948 1827 4005 Febr.

237 4022 705 4094 postAconsulatum
725 4022 1076 4094 gloriosissitni
1094 4020 1367 4094 Theodosii
1394 4024 1526 4094 Aug.
1560 4039 1627 4077 vu
1661 4032 1707 4075 et
1735 4020 1832 4076 Ju-

236 4089 313 4163 nii
336 4092 529 4157 Quarti
552 4089 776 4145 Palladii
803 4090 869 4163 if.
901 4089 959 4146 C.
994 4092 1140 4145 Hanc
1169 4089 1597 4149 emendationem
1630 4096 1833 4163 recepit

235 4162 455 4236 Cous_t_.,
489 4164 577 4232 qui
599 4172 659 4236 _et
685 4175 785 4236 ms.
819 4162 940 4221 Vat.
971 4163 1391 4236 emendatiorem
1422 4165 1688 4236 allegavit.

310 4243 340 4281 s
372 4233 570 4287 Exstat
597 4232 649 4286 in
682 4234 810 4288 solis
840 4248 969 4289 mss.
1005 4232 1163 4302 hujus
1198 4232 1564 4302 collec‘tionis',
1607 4244 1661 4291 et
1696 4236 1834 4302 apud

238 4300 538 4371 isidornm,
572 4305 659 4374 qui
695 4304 829 4359 hanc
861 4300 1173 4371 epistolam,
1220 4306 1295 4360 uti
1334 4307 1494 4365 etiam
1529 4300 1833 4364 oraceden-

238 4381 345 4439 les,
381 4390 449 4429 ex
487 4384 669 4427 nostra
697 4375 1013 4429 collectione
1047 4375 1269 4446 recepit.

305 4443 338 4483 ι
377 4444 523 4499 Cod.
548 4444 778 4499 Thuan..
803 4454 1019 4499 constat.

506 4481 523 4500 ο
548 4460 582 4498 ἰ
597 4460 756 4499 uuan.
768 4488 778 4503 .
803 4460 1019 4499 constat.

310 4516 333 4555 ί
370 4514 539 4585 Vind.
569 4530 686 4570 cum
717 4517 861 4585 vnlg.
894 4515 1129 4583 Concil.,
1162 4532 1215 4569 se
1242 4533 1377 4573 orsa.

312 4587 329 4636 t
366 4584 698 4659 Vittdngesli
719 4584 858 4659 divi:
885 4602 1003 4659 qua:
1018 4602 1125 4659 vox
1147 4601 1267 4659 cum
1292 4602 1397 4644 non
1423 4588 1827 4659 intelligeretur,

230 4656 385 4713 forte
410 4659 463 4711 in
495 4656 598 4711 alio
621 4672 722 4710 ms.
749 4657 902 4728 hujus
928 4658 1283 4728 collectionis,
1312 4674 1469 4728 quem
1493 4656 1834 4715 Constantius

228 4730 441 4797 allegat
462 4768 478 4791 ,
511 4728 761 4794 scriptum
793 4727 891 4782 fuit
919 4727 1191 4783 maluimus
1218 4744 1278 4783 ne
1304 4727 1443 4801 apud
1466 4746 1579 4785 nos.

306 4796 339 4837 ι
375 4797 698 4855 Addidimns
730 4814 835 4853 sure
880 4814 943 4854 ex
994 4802 1191 4854 nostris
1247 4816 1377 4855 mss.
1412 4799 1571 4859 Vind.
1613 4810 1669 4856 et
1713 4799 1811 4857 Vat

226 4870 377 4926 319i
396 4911 411 4933 ,
444 4869 853 4926 concinentibus
875 4867 1085 4924 caneris
1112 4869 1288 4926 editis.

311 4939 329 4979 ι
374 4943 493 4995 Hoc
539 4940 820 4994 concilium
860 4955 981 4993 cum
1019 4954 1207 4993 novem
1245 4942 1540 4995 canonibus
1578 4943 1836 4999 adversiis

228 5011 568 5082 Pelagianos
597 5024 716 5067 cum
747 5012 1007 5083 prommio
1031 5020 1085 5083 et
1106 5011 1300 5083 _ordiue
1331 5013 1415 5083 hic
1444 5012 1732 5083 propositis
1762 5031 1825 5068 ex

230 5080 429 5137 nostra
457 5092 661 5136 tantum
691 5081 1003 5136 collectione
1035 5080 1310 5137 habemus.
1330 5080 1460 5138 llinc
1477 5080 1627 5139 vetus
1653 5100 1835 5143 exem-

230 5154 359 5225 plar
383 5168 453 5225 ex
478 5167 587 5225 quo
618 5153 933 5225 prooemium
964 5160 1019 5207 et
1040 5167 1300 5207 cauonem
1334 5154 1573 5225 tertium
1600 5154 1665 5209 de
1700 5171 1834 5225 Apar-

227 5223 383 5295 iulis
414 5224 532 5277 sine
556 5224 820 5295 bapt'smo
850 5224 1230 5295 decedentibus
1266 5226 1315 5295 in
1340 5224 1460 5280 aliis
1497 5223 1834 5295 collectioni-

227 5294 338 5350 δυσι.
372 5308 519 5348 oms
552 5290 639 5346 um
663 5294 903 5347 Crabhns
950 5295 1050 5362 (ν.
1086 5304 1123 5346 1.
1173 5293 1237 5351 ill
1276 5290 1472 5349 Concil.
1521 5297 1646 5351 edit.
1705 5294 1832 5351 Ven.

230 5364 412 5418 Lubb.
438 5366 541 5421 col.
574 5362 697 5427 425,
728 5364 831 5420 522’.
860 5374 905 5418 et
934 5364 1060 5437 525)
1088 5365 1363 5433 ediderat,
1415 5368 1479 5437 ad
1526 5367 1661 5422 hanc
1692 5382 1836 5423 eam-

226 5436 364 5491 dem
392 5438 767 5491 collectionem
799 5436 1074 5503 pertinuit,
1109 5445 1179 5491 uti
1208 5446 1366 5491 etiam
1398 5436 1625 5492 vidimus
1654 5437 1708 5491 in
1745 5438 1838 5494 ad-

228 5523 370 5571 _lnnn
404 5516 552 5561 tione
580 5515 633 5561 et
664 5509 803 5559 notis
830 5507 894 5573 ad
919 5521 1037 5576 cap.
1061 5507 1124 5570 2,
1169 5508 1253 5559 tibi
1302 5507 1502 5575 aliquot
1550 5508 1838 5576 particulas

226 5576 513 5633 Brenni-ii
544 5577 902 5646 Hipponensis
947 5594 1009 5631 ex
1065 5579 1251 5632 eodem
1301 5579 1455 5644 hujus
1505 5581 1838 5635 collectiouis

224 5652 442 5704 codice
482 5648 551 5702 ab
595 5650 709 5715 ipso
754 5648 966 5702 Ciabbo
1013 5658 1293 5713 excerptas
1336 5648 1833 5705 auimadVertimus.

228 5719 427 5788 liuius
460 5734 619 5787 porro
644 5720 877 5784 concilii,
918 5735 1009 5772 seu
1042 5719 1263 5772 canonis
1315 5724 1488 5784 tertii,
1520 5719 1611 5789 qui
1641 5721 1694 5774 in
1735 5721 1837 5775 hac

224 5791 575 5846 collectione
599 5790 813 5859 legitur,
834 5790 1093 5845 vindicias
1118 5790 1361 5846 invenies
1388 5790 1444 5845 in
1487 5788 1741 5846 Tractatts
1767 5790 1838 5847 tie

1923 1911 2210 1977 episcopus
2254 1906 2411 1959 simul
2453 1919 2572 1960 cum
2622 1903 2921 1958 Donatiauo
2963 1902 3267 1975 Telepteusi
3315 1904 3495 1975 primas

1920 2000 2064 2056 sedis
2092 2000 2345 2070 episcOpo
2373 1998 2657 2067 provincia:
2686 1996 2998 2067 Byzacenaa,
3026 2004 3081 2051 et
3107 1995 3223 2053 aliis
3254 2004 3281 2032 ιι
3306 1994 3489 2053 σηοω-

1923 2093 1989 2146 tis
2014 2091 2181 2146 tribus
2201 2089 2535 2158 coepiscOpis
2558 2088 2669 2143 suis
2694 2098 2797 2145 tam
2821 2103 2885 2142 ex
2910 2086 3186 2158 provincia
3206 2086 3496 2158 Byzacena,

1918 2198 2077 2257 quam
2128 2181 2437 2237 Mauritania
2496 2179 2766 2245 Sitifensi,
2808 2178 3133 2249 Tripolitana
3162 2217 3181 2247 ,
3224 2178 3497 2244 Numidia,

1920 2274 2231 2329 Mauritania
2255 2271 2594 2339 Caesariensi,
2625 2282 2677 2325 et
2708 2279 2731 2307 °
2762 2270 3030 2340 Hispania,
3048 2268 3101 2326 in
3127 2270 3355 2327 concilio
3374 2284 3491 2345 con-

1920 2367 2166 2433 sedisset,
2200 2365 2496 2421 astantibus
2524 2363 2835 2421 diaconibns
2860 2379 2875 2422 :

1992 2460 2035 2515 l.
2059 2467 2085 2510 r
2118 2459 2324 2515 Placuit
2362 2458 2610 2514 omnibus
2652 2457 2704 2512 in
2740 2466 2923 2513 sancta
2967 2456 3175 2533 synodo
3221 2454 3501 2531 Carthagi-

1924 2552 2104 2607 nensis
2134 2550 2385 2611 Ecclesia
2407 2549 2734 2617 constitutis,
2759 2556 2820 2603 ut
2846 2548 3147 2624 quicunque
3171 2548 3366 2609 dixerit
3387 2558 3416 2601 «ι
3437 2546 3501 2605 de

1922 2642 2094 2709 Adam
2117 2640 2389 2697 h0minem
2417 2640 2697 2697 mortalem
2729 2622 2925 2696 factum
2970 2657 2982 2693 :
3016 2622 3085 2697 ita
3117 2649 3205 2709 ut,
3241 2640 3354 2695 sive
3383 2653 3499 2711 pec-

1925 2744 2090 2803 caret,
2118 2744 2140 2771 ε
2168 2738 2279 2790 sive
2316 2733 2471 2811 166
2500 2749 2605 2789 non
2636 2740 2885 2805 peccaret
2911 2773 2927 2801 ,
2975 2739 3274 2791 mereretur
3304 2731 3357 2799 in
3387 2745 3493 2797 sor-

1924 2888 2345 2945 Collectionibus
2369 2900 2507 2958 part.
2538 2906 2594 2955 tt,
2627 2904 2675 2944 c.
2703 2891 2759 2954 3,
2787 2888 2814 2960 §
2843 2891 2967 2954 7,n.
2995 2889 3030 2943 2
3049 2898 3103 2944 et
3133 2904 3283 2957 seqq.
3306 2887 3499 2944 Prastet

1926 2977 2028 3019 ms.
2085 2961 2241 3015 Vind.
2304 2960 2460 3028 hujus
2518 2961 2853 3016 collectionis
2891 2974 3127 3017 canones
3181 2960 3505 3017 contulimus

1924 3046 2046 3090 cum
2064 3030 2588 3103 editioaeDionysii,
2624 3040 2677 3103 et
2700 3030 3076 3103 cumlsidoro,
3100 3031 3189 3099 qui
3213 3033 3312 3087 hos
3345 3045 3502 3099 uno.

1925 3118 2023 3158 nes
2051 3101 2219 3157 edidit
2244 3102 2342 3157 sub
2370 3100 2586 3156 nomine
2615 3100 2839 3163 Concilii
2868 3100 3183 3161 Milevitaui.

1999 3182 2037 3210 ἰ’
2061 3173 2149 3229 Sic
2179 3187 2297 3227 cum
2326 3189 2425 3227 nts.
2461 3172 2799 3227 Gandavensi
2830 3173 2966 3239 apud
2998 3170 3285 3229 Crabbum.
3313 3170 3366 3227 in
3387 3172 3506 3227 cod.

1930 3243 2156 3301 Vindeb.
2180 3244 2374 3298 desunt
2402 3245 2560 3297 verba
2605 3241 2730 3297 Cum
2772 3242 3007 3297 Aurelius
3055 3242 3319 3314 episcopus
3359 3243 3507 3298 simul

1853 3308 1900 3371 C
1930 3314 2002 3370 ob
2026 3315 2217 3369 saltum
2251 3316 2451 3371 librarii
2472 3314 2540 3368 ab
2568 3330 2674 3370 uno
2698 3330 2812 3368 cum
2840 3314 2905 3368 ad
2927 3308 3179 3370 alterum.
3212 3308 3345 3369 Hinc
3368 3316 3507 3370 forte

1934 3388 2110 3455 minus
2141 3396 2287 3445 recta
2320 3384 2902 3456 transpositioneextra
2928 3384 3107 3456 locum
3135 3388 3393 3456 suppleta:
3416 3401 3498 3441 vo-

1933 3454 2023 3511 ces
2043 3454 2371 3521 deficientes,
2402 3454 2481 3509 uti
2508 3454 2822 3520 Quesnellus
2854 3455 3017 3509 edidit
3060 3472 3072 3508 :
3117 3454 3251 3509 Cum
3274 3457 3510 3516 Aurelius

1934 3528 2203 3596 episcopus
2228 3526 2642 3598 Carthaginensis
2671 3526 2723 3578 in
2755 3524 2967 3580 basilica
2995 3521 3178 3579 Fausti
3200 3541 3315 3580 cum
3340 3526 3509 3581 Dona-

1937 3599 2099 3663 tiano.
2131 3609 2236 3657 etc.
3462 3628 3467 3633 -

2004 3668 2139 3741 sita
2172 3667 2329 3741 hujus
2353 3666 2688 3741 collectionis
2702 3665 2943 3741 codices.
2970 3664 3122 3741 Quod
3145 3667 3190 3725 si
3211 3666 3506 3741 S.Pr_ttspet

1936 3739 1989 3793 in
2014 3736 2282 3792 Chronico
2304 3737 2369 3791 ad
2400 3752 2596 3792 annum
2622 3736 2748 3801 418,
2778 3739 2827 3791 in
2857 3736 3205 3808 responsione
3235 3737 3297 3795 ad
3315 3736 3491 3808 object

1935 3810 1973 3865 2
1995 3810 2289 3874 Gallorum,
2318 3820 2369 3863 et
2393 3808 2443 3861 iu
2479 3808 2614 3862 libro
2645 3817 2827 3861 contra
2855 3808 3075 3873 Collat.,
3110 3822 3158 3861 c.
3195 3808 3289 3875 l0,
3328 3824 3508 3869 recen-

1936 3890 2018 3939 set
2047 3882 2325 3950 episcopus
2372 3879 2499 3946 iis,
2537 3879 2651 3934 haec
2678 3878 2856 3933 omnia
2885 3877 2951 3933 ad
2981 3878 3138 3934 aliam
3188 3882 3509 3950 anteriorem

1938 3949 2097 4021 hujus
2123 3951 2245 4005 anni
2260 3949 2557 4022 synodum,
2587 3965 2743 4019 qttam
2776 3949 3108 4022 Augustinus
3146 3950 3195 4022 in
3224 3949 3380 4022 epist.
3410 3952 3513 4006 215

1938 4020 2021 4075 ad
2042 4020 2374 4077 Valentinum
2401 4037 2429 4074 a
2457 4033 2634 4076 nostra
2663 4020 2868 4090 synodo
2900 4020 3131 4089 plenaria
3161 4020 3514 4087 distinguens,

1938 4093 2244 4147 Africanam
2274 4092 2523 4160 appellat,
2558 4092 2823 4159 pertinere
2844 4090 3263 4160 ostendemusin
3291 4091 3513 4147 Observ.

1938 4163 2005 4227 ad
2026 4164 2242 4219 dissert.
2276 4159 2661 4228 iS’Quesuelli.
2688 4177 2835 4223 num.
2868 4162 2931 4216 Π
2955 4172 3008 4218 et
3034 4162 3123 4217 59.
3157 4159 3375 4217 Photius
3401 4162 3513 4231 qui-

1940 4236 2058 4288 dem
2086 4236 2137 4314 in
2172 4235 2419 4314 Bibliotlt.
2453 4233 2570 4314 cod.
2604 4233 2686 4314 5?}.
2701 4233 2767 4285 de
2791 4234 2888 4314 hac
2909 4243 3092 4314 nostra
3118 4233 3322 4301 synodo
3350 4233 3489 4314 loqui

1941 4314 2047 4369 tur,
2080 4306 2235 4373 eique
2274 4312 2468 4372 praater
2509 4303 2779 4361 Aurelium
2822 4310 2876 4358 et
2909 4302 3272 4373 [ΙιηιειιίιιιυιιιΔ
3300 4302 3515 4359 ascribit

1940 4370 2220 4446 episcopos
2277 4370 2402 4427 9'24.
2451 4373 2600 4429 Hunc
2648 4388 2778 4429 vero
2835 4373 3152 4446 scriptorem
3211 4370 3516 4429 adhibuisse

1943 4443 2314 4505 collectionem
2355 4446 2795 4501 documentorum
2831 4444 2898 4499 ad
2930 4443 3264 4511 Pelagianam
3302 4458 3516 4503 causam

1942 4518 2319 4589 pertinentium
2353 4514 2429 4589 illi
2459 4516 2623 4567 lernte
2654 4513 2905 4589 similetu,
2937 4529 3057 4589 quas
3080 4528 3112 4567 a
3142 4522 3325 4589 nostro
3351 4516 3517 4571 colle—

1942 4583 2094 4642 ctore
2120 4588 2334 4643 inventa
2374 4587 2423 4638 in
2454 4600 2601 4639 suam
2645 4587 2885 4641 traducta
2931 4583 3046 4645 fuit,
3094 4586 3435 4652 probavimus
3468 4589 3517 4642 in

1944 4656 2124 4721 Tract.
2151 4658 2218 4713 de
2243 4654 2657 4711 Cullectiouihus
2686 4666 2825 4722 part.
2860 4670 2923 4718 tt,
2948 4670 2997 4709 c.
3025 4656 3078 4717 ὃ.
3102 4653 3129 4723 §
3151 4656 3203 4709 7.
3229 4655 3363 4711 Num
3394 4674 3512 4713 vert

1861 4696 1916 4758 ’
1942 4696 2125 4789 inniti)
2151 4696 2218 4781 ‘éi'
2239 4726 2476 4781 fortassis
2500 4726 2659 4781 etiam
2680 4696 2882 4783 Crescat
2904 4696 3164 4781 iersiotiis
3187 4728 3394 4793 codice.

1942 4747 1991 4789 111
2021 4745 2125 4782 [illo
2155 4745 2208 4781 Cl.
2239 4745 2476 4781 IOI'HSSIS
2500 4745 2659 4781 (3112111
2680 4745 2882 4783 ωωςω
2904 4745 3164 4781 VOI'SKDIIIS
3187 4745 3394 4793 conice,
3450 4745 3517 4783 uo

1940 4799 2163 4878 ifhptius
2192 4806 2274 4854 est
2300 4812 2450 4878 usus,
2480 4812 2545 4877 an
2580 4800 2628 4878 in
2659 4797 2910 4878 omnibus
2938 4809 3001 4878 ac
3031 4806 3136 4852 tam
3169 4801 3391 4878 vetustis
3411 4745 3521 4854 1a-

1942 4871 2065 4927 tinis
2098 4879 2292 4927 nostra'
2316 4867 2649 4940 collectionis
2672 4867 3073 4939 exemplaribus
3103 4882 3255 4925 error
3281 4872 3352 4925 ait
3382 4886 3521 4940 prae-

1939 4941 2249 5003 snmendus,
2292 4940 2519 5009 quisque
2544 4938 2768 5005 judicet.

2016 5020 2040 5053 ο
2080 5008 2394 5069 Mauritania
2428 5008 2709 5078 Tingitana
2737 5009 2959 5080 intelligi
2991 5012 3220 5073 videtur,
3250 5026 3369 5079 qua:
3402 5012 3524 5080 licet

1940 5098 2099 5151 unam
2123 5082 2541 5139 ecclesiasticam
2568 5082 2895 5149 provinciam
2919 5079 3047 5137 cum
3072 5081 3386 5137 Mauritania
3408 5079 3523 5136 Cc-

1940 5153 2164 5209 sariensi
2197 5153 2566 5213 constitueret,
2602 5152 2653 5206 in
2686 5154 2830 5207 civili
2862 5161 3042 5207 tamen
3073 5152 3421 5222 dispositione
3452 5151 3519 5206 ad

1940 5225 2245 5294 Hispaniam
2274 5222 2594 5294 pertinebat.

2018 5291 2053 5344 ρ’
2087 5295 2239 5364 Apud
2276 5291 2424 5361 lsid.,
2458 5291 2663 5355 Placuit
2691 5293 2922 5349 omnibus
2944 5294 3193 5362 episcopis
3214 5292 3301 5361 qui
3320 5292 3527 5364 fuerunt

1941 5367 1995 5423 in
2016 5367 2111 5420 hac
2140 5373 2320 5423 sancta
2349 5364 2566 5434 synodo,
2598 5364 2902 5423 constituere
2929 5364 3036 5418 hcc
3054 5379 3167 5432 quae
3199 5367 3253 5417 in
3285 5365 3523 5433 ρεπιωεὶ

1938 5438 2153 5495 concilio
2180 5437 2391 5503 deﬁnita
2421 5443 2537 5491 sunt
2563 5450 2580 5487 :
2604 5444 2659 5487 ut
2684 5438 2986 5502 quicunque,
3016 5442 3121 5488 etc.

2017 5518 2043 5556 ει
2089 5502 2252 5561 Dion.
2271 5517 2323 5561 et
2347 5506 2470 5563 Isid.
2504 5519 2624 5561 cum
2653 5519 2753 5559 ms.
2780 5502 2975 5569 Gand.,
3003 5504 3167 5560 Mam
3191 5506 3410 5577 priurum
3432 5522 3526 5561 no-

1944 5594 2150 5635 numam.
3326 5613 3329 5617 ·
3480 5608 3481 5611 ‘

2018 5660 2046 5725 '_
2084 5650 2319 5725 tactus.
2366 5645 2523 5713 Vind.
2575 5656 2697 5725 cum
2742 5643 2899 5725 Dion.
2944 5654 3001 5701 et
3038 5646 3165 5704 laid.
3210 5648 3529 5718 Quesnellus

1941 5720 2143 5781 omittit
2164 5721 2268 5780 sive
2298 5734 2399 5775 non
2428 5721 2677 5786 peccaret.
2704 5722 2761 5787 et
2783 5720 2839 5769 iu
2858 5728 3099 5788 corpore.
3482 5754 3485 5763 ι
