  <div class='ocr_page' id='page_1' title='image "/cluster/home/n/w/nwhite01/storage/ocr_20150623/56/hvd.32044015471600/249.png"; bbox 0 0 3992 6348; ppageno 0'>
   <div class='ocr_carea' id='block_1_1' title="bbox 573 352 678 410">
    <p class='ocr_par' dir='ltr' id='par_1_1' title="bbox 573 352 678 410">
     <span class='ocr_line' id='line_1_1' title="bbox 573 352 678 410; baseline -0.048 0"><span class='ocrx_word' id='word_1_1' title='bbox 573 352 678 410; x_wconf 70' lang='grc' dir='ltr'><strong>ι87</strong></span> 
     </span>
    </p>
   </div>
   <div class='ocr_carea' id='block_1_2' title="bbox 1470 332 2855 404">
    <p class='ocr_par' dir='ltr' id='par_1_2' title="bbox 1470 332 2855 404">
     <span class='ocr_line' id='line_1_2' title="bbox 1470 332 2855 404; baseline -0.002 -5"><span class='ocrx_word' id='word_1_2' title='bbox 1470 337 1810 400; x_wconf 74' lang='lat' dir='ltr'><strong>APPENDIX</strong></span> <span class='ocrx_word' id='word_1_3' title='bbox 1848 342 1940 399; x_wconf 78' lang='grc' dir='ltr'><strong>Αι)</strong></span> <span class='ocrx_word' id='word_1_4' title='bbox 1977 341 2035 404; x_wconf 83' lang='grc'><strong>8.</strong></span> <span class='ocrx_word' id='word_1_5' title='bbox 2079 333 2321 398; x_wconf 74' lang='lat' dir='ltr'><strong>LEONIS</strong></span> <span class='ocrx_word' id='word_1_6' title='bbox 2358 333 2569 399; x_wconf 72' lang='lat' dir='ltr'><strong>MAGNI</strong></span> <span class='ocrx_word' id='word_1_7' title='bbox 2608 332 2855 396; x_wconf 76' lang='lat' dir='ltr'><strong>OPEBA.</strong></span> 
     </span>
    </p>
   </div>
   <div class='ocr_carea' id='block_1_3' title="bbox 3676 336 3756 398">
    <p class='ocr_par' dir='ltr' id='par_1_3' title="bbox 3676 336 3756 398">
     <span class='ocr_line' id='line_1_3' title="bbox 3676 336 3756 398; baseline 0.025 -2"><span class='ocrx_word' id='word_1_8' title='bbox 3676 336 3756 398; x_wconf 66' lang='grc' dir='ltr'><strong>ωε</strong></span> 
     </span>
    </p>
   </div>
   <div class='ocr_carea' id='block_1_4' title="bbox 574 446 3755 536">
    <p class='ocr_par' dir='ltr' id='par_1_4' title="bbox 574 446 3755 536">
     <span class='ocr_line' id='line_1_4' title="bbox 574 446 3755 536; baseline -0.004 -16"><span class='ocrx_word' id='word_1_9' title='bbox 574 478 729 536; x_wconf 85' lang='lat' dir='ltr'><strong>pore,</strong></span> <span class='ocrx_word' id='word_1_10' title='bbox 761 460 863 518; x_wconf 90' lang='lat' dir='ltr'><strong>hoc</strong></span> <span class='ocrx_word' id='word_1_11' title='bbox 889 469 993 524; x_wconf 88' lang='lat' dir='ltr'><strong>est.</strong></span> <span class='ocrx_word' id='word_1_12' title='bbox 1016 459 1084 516; x_wconf 88' lang='lat' dir='ltr'><strong>de</strong></span> <span class='ocrx_word' id='word_1_13' title='bbox 1111 471 1334 528; x_wconf 88' lang='lat' dir='ltr'><strong>corpore</strong></span> <span class='ocrx_word' id='word_1_14' title='bbox 1361 454 1550 523; x_wconf 83' lang='lat' dir='ltr'><strong>exiret,</strong></span> <span class='ocrx_word' id='word_1_15' title='bbox 1572 469 1677 510; x_wconf 92' lang='lat' dir='ltr'><strong>nou</strong></span> <span class='ocrx_word' id='word_1_16' title='bbox 1703 455 1906 525; x_wconf 86' lang='lat' dir='ltr'><strong>peccati</strong></span> <span class='ocrx_word' id='word_1_17' title='bbox 1937 456 2147 524; x_wconf 72' lang='lat' dir='ltr'><strong>merito,</strong></span> <span class='ocrx_word' id='word_1_18' title='bbox 2178 456 2230 520; x_wconf 75' lang='grc' dir='ltr'><strong>Α</strong></span> <span class='ocrx_word' id='word_1_19' title='bbox 2261 457 2386 510; x_wconf 89' lang='lat' dir='ltr'><strong>tiam</strong></span> <span class='ocrx_word' id='word_1_20' title='bbox 2430 455 2524 510; x_wconf 85' lang='lat' dir='ltr'><strong>Dei</strong></span> <span class='ocrx_word' id='word_1_21' title='bbox 2569 469 2666 523; x_wconf 90' lang='lat' dir='ltr'><strong>per</strong></span> <span class='ocrx_word' id='word_1_22' title='bbox 2723 453 2904 507; x_wconf 82' lang='lat' dir='ltr'><strong>Iesum</strong></span> <span class='ocrx_word' id='word_1_23' title='bbox 2953 446 3224 505; x_wconf 75' lang='lat' dir='ltr'><strong>Christum</strong></span> <span class='ocrx_word' id='word_1_24' title='bbox 3263 447 3524 506; x_wconf 89' lang='lat' dir='ltr'><strong>Dominum</strong></span> <span class='ocrx_word' id='word_1_25' title='bbox 3566 461 3755 510; x_wconf 86' lang='lat' dir='ltr'><strong>nostrum</strong></span> 
     </span>
    </p>
   </div>
   <div class='ocr_carea' id='block_1_5' title="bbox 572 547 1720 616">
    <p class='ocr_par' dir='ltr' id='par_1_5' title="bbox 572 547 1720 616">
     <span class='ocr_line' id='line_1_5' title="bbox 572 547 1720 616; baseline -0.005 -4"><span class='ocrx_word' id='word_1_26' title='bbox 572 555 671 613; x_wconf 90' lang='lat' dir='ltr'><strong>sed</strong></span> <span class='ocrx_word' id='word_1_27' title='bbox 703 553 1019 609; x_wconf 77' lang='lat' dir='ltr'><strong>necessitate</strong></span> <span class='ocrx_word' id='word_1_28' title='bbox 1043 559 1281 616; x_wconf 59' lang='lat' dir='ltr'><strong>naturae;</strong></span> <span class='ocrx_word' id='word_1_29' title='bbox 1316 547 1594 604; x_wconf 77' lang='lat' dir='ltr'><strong>anathema</strong></span> <span class='ocrx_word' id='word_1_30' title='bbox 1631 549 1720 606; x_wconf 92' lang='lat' dir='ltr'><strong>sit.</strong></span> 
     </span>
    </p>
   </div>
   <div class='ocr_carea' id='block_1_6' title="bbox 646 637 2152 716">
    <p class='ocr_par' dir='ltr' id='par_1_6' title="bbox 646 637 2152 716">
     <span class='ocr_line' id='line_1_6' title="bbox 646 637 2152 716; baseline -0.007 -13"><span class='ocrx_word' id='word_1_31' title='bbox 646 647 710 703; x_wconf 85' lang='lat' dir='ltr'><strong>II.</strong></span> <span class='ocrx_word' id='word_1_32' title='bbox 733 647 864 703; x_wconf 86' lang='lat' dir='ltr'><strong>item</strong></span> <span class='ocrx_word' id='word_1_33' title='bbox 891 643 1108 716; x_wconf 81' lang='lat' dir='ltr'><strong>placuit,</strong></span> <span class='ocrx_word' id='word_1_34' title='bbox 1134 652 1190 698; x_wconf 91' lang='lat' dir='ltr'><strong>ut</strong></span> <span class='ocrx_word' id='word_1_35' title='bbox 1214 644 1516 714; x_wconf 83' lang='lat' dir='ltr'><strong>quicunque</strong></span> <span class='ocrx_word' id='word_1_36' title='bbox 1549 639 1796 710; x_wconf 87' lang='lat' dir='ltr'><strong>parvulos</strong></span> <span class='ocrx_word' id='word_1_37' title='bbox 1817 647 2058 695; x_wconf 86' lang='lat' dir='ltr'><strong>recentes</strong></span> <span class='ocrx_word' id='word_1_38' title='bbox 2084 637 2152 693; x_wconf 90' lang='lat' dir='ltr'><strong>ab</strong></span> 
     </span>
    </p>
   </div>
   <div class='ocr_carea' id='block_1_7' title="bbox 571 730 2156 805">
    <p class='ocr_par' dir='ltr' id='par_1_7' title="bbox 571 730 2156 805">
     <span class='ocr_line' id='line_1_7' title="bbox 571 730 2156 805; baseline -0.01 -7"><span class='ocrx_word' id='word_1_39' title='bbox 571 741 741 798; x_wconf 88' lang='lat' dir='ltr'><strong>uteris</strong></span> <span class='ocrx_word' id='word_1_40' title='bbox 760 749 986 794; x_wconf 89' lang='lat' dir='ltr'><strong>matrum</strong></span> <span class='ocrx_word' id='word_1_41' title='bbox 1007 733 1351 805; x_wconf 87' lang='lat' dir='ltr'><strong>baptizandos</strong></span> <span class='ocrx_word' id='word_1_42' title='bbox 1385 740 1572 803; x_wconf 88' lang='lat' dir='ltr'><strong>negat,</strong></span> <span class='ocrx_word' id='word_1_43' title='bbox 1600 740 1688 786; x_wconf 90' lang='lat' dir='ltr'><strong>aut</strong></span> <span class='ocrx_word' id='word_1_44' title='bbox 1719 731 1847 787; x_wconf 88' lang='lat' dir='ltr'><strong>dicit</strong></span> <span class='ocrx_word' id='word_1_45' title='bbox 1885 731 1938 783; x_wconf 89' lang='lat' dir='ltr'><strong>in</strong></span> <span class='ocrx_word' id='word_1_46' title='bbox 1978 730 2156 784; x_wconf 83' lang='lat' dir='ltr'><strong>remis-</strong></span> 
     </span>
    </p>
   </div>
   <div class='ocr_carea' id='block_1_8' title="bbox 573 822 2154 900">
    <p class='ocr_par' dir='ltr' id='par_1_8' title="bbox 573 822 2154 900">
     <span class='ocr_line' id='line_1_8' title="bbox 573 822 2154 900; baseline -0.009 -12"><span class='ocrx_word' id='word_1_47' title='bbox 573 835 766 889; x_wconf 96' lang='lat' dir='ltr'><strong>sionem</strong></span> <span class='ocrx_word' id='word_1_48' title='bbox 792 830 1002 900; x_wconf 87' lang='lat' dir='ltr'><strong>quidem</strong></span> <span class='ocrx_word' id='word_1_49' title='bbox 1031 839 1351 899; x_wconf 85' lang='lat' dir='ltr'><strong>peccatorum</strong></span> <span class='ocrx_word' id='word_1_50' title='bbox 1393 841 1487 881; x_wconf 91' lang='lat' dir='ltr'><strong>eos</strong></span> <span class='ocrx_word' id='word_1_51' title='bbox 1527 825 1780 894; x_wconf 78' lang='lat' dir='ltr'><strong>baptizari</strong></span> <span class='ocrx_word' id='word_1_52' title='bbox 1809 864 1822 886; x_wconf 89' lang='lat'><strong>.</strong></span> <span class='ocrx_word' id='word_1_53' title='bbox 1877 823 1968 878; x_wconf 89' lang='lat' dir='ltr'><strong>sed</strong></span> <span class='ocrx_word' id='word_1_54' title='bbox 2023 822 2154 876; x_wconf 89' lang='lat' dir='ltr'><strong>nihil</strong></span> 
     </span>
    </p>
   </div>
   <div class='ocr_carea' id='block_1_9' title="bbox 575 916 2154 992">
    <p class='ocr_par' dir='ltr' id='par_1_9' title="bbox 575 916 2154 992">
     <span class='ocr_line' id='line_1_9' title="bbox 575 916 2154 992; baseline -0.009 -11"><span class='ocrx_word' id='word_1_55' title='bbox 575 934 602 963; x_wconf 77' lang='grc' dir='ltr'>ι</span> <span class='ocrx_word' id='word_1_56' title='bbox 632 941 696 981; x_wconf 91' lang='lat' dir='ltr'><strong>ex</strong></span> <span class='ocrx_word' id='word_1_57' title='bbox 720 925 884 980; x_wconf 79' lang='lat' dir='ltr'><strong>Adam</strong></span> <span class='ocrx_word' id='word_1_58' title='bbox 915 923 1128 978; x_wconf 81' lang='lat' dir='ltr'><strong>trahere</strong></span> <span class='ocrx_word' id='word_1_59' title='bbox 1158 919 1431 992; x_wconf 73' lang='lat' dir='ltr'><strong>originalis</strong></span> <span class='ocrx_word' id='word_1_60' title='bbox 1476 920 1674 987; x_wconf 76' lang='lat' dir='ltr'><strong>peccati</strong></span> <span class='ocrx_word' id='word_1_61' title='bbox 1704 961 1716 983; x_wconf 92' lang='lat'><strong>,</strong></span> <span class='ocrx_word' id='word_1_62' title='bbox 1760 916 1897 988; x_wconf 85' lang='lat' dir='ltr'><strong>quod</strong></span> <span class='ocrx_word' id='word_1_63' title='bbox 1941 916 2154 969; x_wconf 82' lang='lat' dir='ltr'><strong>lavacro</strong></span> 
     </span>
    </p>
   </div>
   <div class='ocr_carea' id='block_1_10' title="bbox 574 1007 2154 1087">
    <p class='ocr_par' dir='ltr' id='par_1_10' title="bbox 574 1007 2154 1087">
     <span class='ocr_line' id='line_1_10' title="bbox 574 1007 2154 1087; baseline -0.009 -13"><span class='ocrx_word' id='word_1_64' title='bbox 574 1015 992 1087; x_wconf 64' lang='lat' dir='ltr'><strong>regenerationis</strong></span> <span class='ocrx_word' id='word_1_65' title='bbox 1021 1015 1266 1083; x_wconf 80' lang='lat' dir='ltr'><strong>expietur</strong></span> <span class='ocrx_word' id='word_1_66' title='bbox 1298 1029 1311 1066; x_wconf 91' lang='lat'>:</span> <span class='ocrx_word' id='word_1_67' title='bbox 1345 1011 1484 1066; x_wconf 87' lang='lat' dir='ltr'><strong>unde</strong></span> <span class='ocrx_word' id='word_1_68' title='bbox 1517 1011 1572 1065; x_wconf 88' lang='lat' dir='ltr'><strong>lit</strong></span> <span class='ocrx_word' id='word_1_69' title='bbox 1613 1023 1973 1079; x_wconf 75' lang='lat' dir='ltr'><strong>consequens,</strong></span> <span class='ocrx_word' id='word_1_70' title='bbox 2014 1017 2070 1061; x_wconf 91' lang='lat' dir='ltr'><strong>ut</strong></span> <span class='ocrx_word' id='word_1_71' title='bbox 2101 1007 2154 1060; x_wconf 93' lang='lat' dir='ltr'><strong>in</strong></span> 
     </span>
    </p>
   </div>
   <div class='ocr_carea' id='block_1_11' title="bbox 574 1103 2152 1177">
    <p class='ocr_par' dir='ltr' id='par_1_11' title="bbox 574 1103 2152 1177">
     <span class='ocr_line' id='line_1_11' title="bbox 574 1103 2152 1177; baseline -0.008 -13"><span class='ocrx_word' id='word_1_72' title='bbox 574 1109 653 1165; x_wconf 85' lang='lat' dir='ltr'><strong>eis</strong></span> <span class='ocrx_word' id='word_1_73' title='bbox 694 1109 860 1163; x_wconf 77' lang='lat' dir='ltr'><strong>forma</strong></span> <span class='ocrx_word' id='word_1_74' title='bbox 906 1105 1260 1177; x_wconf 84' lang='lat' dir='ltr'><strong>baptismatis,</strong></span> <span class='ocrx_word' id='word_1_75' title='bbox 1307 1103 1370 1158; x_wconf 83' lang='lat' dir='ltr'><strong>In</strong></span> <span class='ocrx_word' id='word_1_76' title='bbox 1412 1104 1757 1158; x_wconf 70' lang='lat' dir='ltr'><strong>remissionem</strong></span> <span class='ocrx_word' id='word_1_77' title='bbox 1809 1109 2152 1172; x_wconf 69' lang='lat' dir='ltr'><strong>peccatorum,</strong></span> 
     </span>
    </p>
   </div>
   <div class='ocr_carea' id='block_1_12' title="bbox 574 1194 2156 1268">
    <p class='ocr_par' dir='ltr' id='par_1_12' title="bbox 574 1194 2156 1268">
     <span class='ocr_line' id='line_1_12' title="bbox 574 1194 2156 1268; baseline -0.007 -10"><span class='ocrx_word' id='word_1_78' title='bbox 574 1200 604 1241; x_wconf 70' lang='grc' dir='ltr'>δ</span> <span class='ocrx_word' id='word_1_79' title='bbox 635 1218 740 1257; x_wconf 92' lang='lat' dir='ltr'><strong>non</strong></span> <span class='ocrx_word' id='word_1_80' title='bbox 766 1217 911 1267; x_wconf 81' lang='lat' dir='ltr'><strong>vere,</strong></span> <span class='ocrx_word' id='word_1_81' title='bbox 931 1201 1022 1256; x_wconf 90' lang='lat' dir='ltr'><strong>sed</strong></span> <span class='ocrx_word' id='word_1_82' title='bbox 1053 1199 1183 1254; x_wconf 82' lang='lat' dir='ltr'><strong>false</strong></span> <span class='ocrx_word' id='word_1_83' title='bbox 1205 1199 1532 1268; x_wconf 81' lang='lat' dir='ltr'><strong>intelligatur</strong></span> <span class='ocrx_word' id='word_1_84' title='bbox 1557 1214 1572 1262; x_wconf 90' lang='lat'><strong>;</strong></span> <span class='ocrx_word' id='word_1_85' title='bbox 1598 1196 1881 1252; x_wconf 86' lang='lat' dir='ltr'><strong>anathema</strong></span> <span class='ocrx_word' id='word_1_86' title='bbox 1901 1195 1990 1249; x_wconf 90' lang='lat' dir='ltr'><strong>sit.</strong></span> <span class='ocrx_word' id='word_1_87' title='bbox 2012 1194 2156 1259; x_wconf 81' lang='lat' dir='ltr'><strong>Quo-</strong></span> 
     </span>
    </p>
   </div>
   <div class='ocr_carea' id='block_1_13' title="bbox 574 1287 2157 1360">
    <p class='ocr_par' dir='ltr' id='par_1_13' title="bbox 574 1287 2157 1360">
     <span class='ocr_line' id='line_1_13' title="bbox 574 1287 2157 1360; baseline -0.008 -9"><span class='ocrx_word' id='word_1_88' title='bbox 574 1295 718 1352; x_wconf 86' lang='lat' dir='ltr'><strong>niam</strong></span> <span class='ocrx_word' id='word_1_89' title='bbox 746 1310 851 1349; x_wconf 92' lang='lat' dir='ltr'><strong>non</strong></span> <span class='ocrx_word' id='word_1_90' title='bbox 890 1293 1045 1349; x_wconf 82' lang='lat' dir='ltr'><strong>aliter</strong></span> <span class='ocrx_word' id='word_1_91' title='bbox 1074 1291 1475 1360; x_wconf 88' lang='lat' dir='ltr'><strong>intelligendum</strong></span> <span class='ocrx_word' id='word_1_92' title='bbox 1511 1299 1593 1344; x_wconf 89' lang='lat' dir='ltr'><strong>est</strong></span> <span class='ocrx_word' id='word_1_93' title='bbox 1632 1287 1770 1359; x_wconf 90' lang='lat' dir='ltr'><strong>quod</strong></span> <span class='ocrx_word' id='word_1_94' title='bbox 1813 1287 1888 1341; x_wconf 88' lang='lat' dir='ltr'><strong>ait</strong></span> <span class='ocrx_word' id='word_1_95' title='bbox 1929 1287 2157 1353; x_wconf 84' lang='lat' dir='ltr'><strong>Aposto-</strong></span> 
     </span>
    </p>
   </div>
   <div class='ocr_carea' id='block_1_14' title="bbox 575 1377 2151 1454">
    <p class='ocr_par' dir='ltr' id='par_1_14' title="bbox 575 1377 2151 1454">
     <span class='ocr_line' id='line_1_14' title="bbox 575 1377 2151 1454; baseline -0.008 -12"><span class='ocrx_word' id='word_1_96' title='bbox 575 1385 656 1443; x_wconf 91' lang='lat' dir='ltr'><strong>lus</strong></span> <span class='ocrx_word' id='word_1_97' title='bbox 691 1403 704 1440; x_wconf 89' lang='lat'><strong>:</strong></span> <span class='ocrx_word' id='word_1_98' title='bbox 739 1385 838 1440; x_wconf 86' lang='lat' dir='ltr'><strong>Per</strong></span> <span class='ocrx_word' id='word_1_99' title='bbox 857 1402 1011 1440; x_wconf 86' lang='lat' dir='ltr'><strong>unum</strong></span> <span class='ocrx_word' id='word_1_100' title='bbox 1029 1385 1280 1438; x_wconf 79' lang='lat' dir='ltr'><strong>hominem</strong></span> <span class='ocrx_word' id='word_1_101' title='bbox 1301 1391 1562 1454; x_wconf 87' lang='lat' dir='ltr'><strong>peccatum</strong></span> <span class='ocrx_word' id='word_1_102' title='bbox 1580 1381 1786 1435; x_wconf 81' lang='lat' dir='ltr'><strong>intravit</strong></span> <span class='ocrx_word' id='word_1_103' title='bbox 1809 1380 1860 1433; x_wconf 90' lang='lat' dir='ltr'><strong>in</strong></span> <span class='ocrx_word' id='word_1_104' title='bbox 1887 1377 2151 1444; x_wconf 87' lang='lat' dir='ltr'><strong>mundum,</strong></span> 
     </span>
    </p>
   </div>
   <div class='ocr_carea' id='block_1_15' title="bbox 575 1472 2153 1550">
    <p class='ocr_par' dir='ltr' id='par_1_15' title="bbox 575 1472 2153 1550">
     <span class='ocr_line' id='line_1_15' title="bbox 575 1472 2153 1550; baseline -0.006 -16"><span class='ocrx_word' id='word_1_105' title='bbox 575 1487 621 1534; x_wconf 86' lang='lat' dir='ltr'><strong>et</strong></span> <span class='ocrx_word' id='word_1_106' title='bbox 649 1495 738 1550; x_wconf 88' lang='lat' dir='ltr'><strong>per</strong></span> <span class='ocrx_word' id='word_1_107' title='bbox 759 1485 1022 1548; x_wconf 82' lang='lat' dir='ltr'><strong>peccatum</strong></span> <span class='ocrx_word' id='word_1_108' title='bbox 1043 1493 1212 1541; x_wconf 89' lang='lat' dir='ltr'><strong>mors;</strong></span> <span class='ocrx_word' id='word_1_109' title='bbox 1233 1487 1278 1530; x_wconf 88' lang='lat' dir='ltr'><strong>et</strong></span> <span class='ocrx_word' id='word_1_110' title='bbox 1300 1475 1371 1529; x_wconf 90' lang='lat' dir='ltr'><strong>ita</strong></span> <span class='ocrx_word' id='word_1_111' title='bbox 1392 1476 1442 1528; x_wconf 92' lang='lat' dir='ltr'><strong>in</strong></span> <span class='ocrx_word' id='word_1_112' title='bbox 1465 1490 1633 1529; x_wconf 87' lang='lat' dir='ltr'><strong>omnes</strong></span> <span class='ocrx_word' id='word_1_113' title='bbox 1645 1472 1872 1525; x_wconf 85' lang='lat' dir='ltr'><strong>homines</strong></span> <span class='ocrx_word' id='word_1_114' title='bbox 1889 1483 2153 1541; x_wconf 86' lang='lat' dir='ltr'><strong>pertrans-</strong></span> 
     </span>
    </p>
   </div>
   <div class='ocr_carea' id='block_1_16' title="bbox 575 1565 2156 1642">
    <p class='ocr_par' dir='ltr' id='par_1_16' title="bbox 575 1565 2156 1642">
     <span class='ocr_line' id='line_1_16' title="bbox 575 1565 2156 1642; baseline -0.006 -16"><span class='ocrx_word' id='word_1_115' title='bbox 575 1574 654 1640; x_wconf 90' lang='lat' dir='ltr'><strong>iit,</strong></span> <span class='ocrx_word' id='word_1_116' title='bbox 679 1576 732 1626; x_wconf 72' lang='lat' dir='ltr'><strong>in</strong></span> <span class='ocrx_word' id='word_1_117' title='bbox 753 1587 854 1642; x_wconf 91' lang='lat' dir='ltr'><strong>quo</strong></span> <span class='ocrx_word' id='word_1_118' title='bbox 880 1586 1052 1625; x_wconf 90' lang='lat' dir='ltr'><strong>omnes</strong></span> <span class='ocrx_word' id='word_1_119' title='bbox 1072 1579 1396 1638; x_wconf 81' lang='lat' dir='ltr'><strong>peccaverunt</strong></span> <span class='ocrx_word' id='word_1_120' title='bbox 1413 1566 1591 1637; x_wconf 84' lang='lat' dir='ltr'><strong>(Rom.</strong></span> <span class='ocrx_word' id='word_1_121' title='bbox 1618 1582 1668 1631; x_wconf 77' lang='grc' dir='ltr'><strong>ν,</strong></span> <span class='ocrx_word' id='word_1_122' title='bbox 1694 1565 1778 1632; x_wconf 73' lang='lat'><strong>12)</strong></span> <span class='ocrx_word' id='word_1_123' title='bbox 1805 1580 1819 1618; x_wconf 86' lang='lat'>:</span> <span class='ocrx_word' id='word_1_124' title='bbox 1849 1565 1946 1618; x_wconf 72' lang='lat' dir='ltr'><strong>nisi</strong></span> <span class='ocrx_word' id='word_1_125' title='bbox 1969 1577 2156 1633; x_wconf 85' lang='lat' dir='ltr'><strong>quem-</strong></span> 
     </span>
    </p>
   </div>
   <div class='ocr_carea' id='block_1_17' title="bbox 577 1656 2156 1727">
    <p class='ocr_par' dir='ltr' id='par_1_17' title="bbox 577 1656 2156 1727">
     <span class='ocr_line' id='line_1_17' title="bbox 577 1656 2156 1727; baseline -0.006 -10"><span class='ocrx_word' id='word_1_126' title='bbox 577 1661 862 1717; x_wconf 85' lang='lat' dir='ltr'><strong>admodum</strong></span> <span class='ocrx_word' id='word_1_127' title='bbox 894 1659 1130 1716; x_wconf 85' lang='lat' dir='ltr'><strong>Ecclesia</strong></span> <span class='ocrx_word' id='word_1_128' title='bbox 1180 1659 1439 1714; x_wconf 89' lang='lat' dir='ltr'><strong>catholica</strong></span> <span class='ocrx_word' id='word_1_129' title='bbox 1477 1657 1672 1727; x_wconf 88' lang='lat' dir='ltr'><strong>ubique</strong></span> <span class='ocrx_word' id='word_1_130' title='bbox 1707 1656 1895 1709; x_wconf 82' lang='lat' dir='ltr'><strong>dill&#39;usa</strong></span> <span class='ocrx_word' id='word_1_131' title='bbox 1943 1669 2156 1724; x_wconf 77' lang='lat' dir='ltr'><strong>semper</strong></span> 
     </span>
    </p>
   </div>
   <div class='ocr_carea' id='block_1_18' title="bbox 579 1746 2155 1821">
    <p class='ocr_par' dir='ltr' id='par_1_18' title="bbox 579 1746 2155 1821">
     <span class='ocr_line' id='line_1_18' title="bbox 579 1746 2155 1821; baseline -0.006 -10"><span class='ocrx_word' id='word_1_132' title='bbox 579 1754 866 1811; x_wconf 77' lang='lat' dir='ltr'><strong>intellexit.</strong></span> <span class='ocrx_word' id='word_1_133' title='bbox 911 1752 1136 1821; x_wconf 81' lang='lat' dir='ltr'><strong>PrOpter</strong></span> <span class='ocrx_word' id='word_1_134' title='bbox 1175 1751 1310 1805; x_wconf 90' lang='lat' dir='ltr'><strong>hanc</strong></span> <span class='ocrx_word' id='word_1_135' title='bbox 1359 1750 1500 1804; x_wconf 88' lang='lat' dir='ltr'><strong>enim</strong></span> <span class='ocrx_word' id='word_1_136' title='bbox 1551 1749 1789 1820; x_wconf 83' lang='lat' dir='ltr'><strong>regulam</strong></span> <span class='ocrx_word' id='word_1_137' title='bbox 1841 1746 1964 1802; x_wconf 88' lang='lat' dir='ltr'><strong>lidei</strong></span> <span class='ocrx_word' id='word_1_138' title='bbox 1995 1747 2155 1802; x_wconf 88' lang='lat' dir='ltr'><strong>etiam</strong></span> 
     </span>
    </p>
   </div>
   <div class='ocr_carea' id='block_1_19' title="bbox 2259 542 3756 622">
    <p class='ocr_par' dir='ltr' id='par_1_19' title="bbox 2259 542 3756 622">
     <span class='ocr_line' id='line_1_19' title="bbox 2259 542 3756 622; baseline -0.002 -18"><span class='ocrx_word' id='word_1_139' title='bbox 2259 560 2478 622; x_wconf 89' lang='lat' dir='ltr'><strong>propter</strong></span> <span class='ocrx_word' id='word_1_140' title='bbox 2508 549 2610 604; x_wconf 93' lang='lat' dir='ltr'><strong>hoc</strong></span> <span class='ocrx_word' id='word_1_141' title='bbox 2641 555 2848 603; x_wconf 88' lang='lat' dir='ltr'><strong>tantum</strong></span> <span class='ocrx_word' id='word_1_142' title='bbox 2871 554 2897 593; x_wconf 73' lang='lat'><strong><em>8</em></strong></span> <span class='ocrx_word' id='word_1_143' title='bbox 2925 542 3181 615; x_wconf 86' lang='lat' dir='ltr'><strong>adjuvare</strong></span> <span class='ocrx_word' id='word_1_144' title='bbox 3209 543 3274 599; x_wconf 91' lang='lat' dir='ltr'><strong>ad</strong></span> <span class='ocrx_word' id='word_1_145' title='bbox 3313 558 3414 600; x_wconf 92' lang='lat' dir='ltr'><strong>non</strong></span> <span class='ocrx_word' id='word_1_146' title='bbox 3453 544 3756 616; x_wconf 85' lang='lat' dir='ltr'><strong>peccandum,</strong></span> 
     </span>
    </p>
   </div>
   <div class='ocr_carea' id='block_1_20' title="bbox 2209 637 3758 718">
    <p class='ocr_par' dir='ltr' id='par_1_20' title="bbox 2209 637 3758 718">
     <span class='ocr_line' id='line_1_20' title="bbox 2209 637 3758 718; baseline -0.003 -18"><span class='ocrx_word' id='word_1_147' title='bbox 2209 639 2214 646; x_wconf 86' lang='grc'><em>’</em></span> <span class='ocrx_word' id='word_1_148' title='bbox 2255 648 2377 718; x_wconf 88' lang='lat' dir='ltr'><strong>quia</strong></span> <span class='ocrx_word' id='word_1_149' title='bbox 2401 662 2494 717; x_wconf 89' lang='lat' dir='ltr'><strong>per</strong></span> <span class='ocrx_word' id='word_1_150' title='bbox 2524 647 2689 714; x_wconf 81' lang='lat' dir='ltr'><strong>ipsum</strong></span> <span class='ocrx_word' id='word_1_151' title='bbox 2717 643 2872 698; x_wconf 89' lang='lat' dir='ltr'><strong>nobis</strong></span> <span class='ocrx_word' id='word_1_152' title='bbox 2897 641 3135 712; x_wconf 90' lang='lat' dir='ltr'><strong>aperitur</strong></span> <span class='ocrx_word' id='word_1_153' title='bbox 3159 649 3215 697; x_wconf 92' lang='lat' dir='ltr'><strong>et</strong></span> <span class='ocrx_word' id='word_1_154' title='bbox 3241 637 3494 696; x_wconf 87' lang='lat' dir='ltr'><strong>revelatur</strong></span> <span class='ocrx_word' id='word_1_155' title='bbox 3520 638 3758 710; x_wconf 82' lang='lat' dir='ltr'><strong>intelligen-</strong></span> 
     </span>
    </p>
   </div>
   <div class='ocr_carea' id='block_1_21' title="bbox 2259 730 3756 804">
    <p class='ocr_par' dir='ltr' id='par_1_21' title="bbox 2259 730 3756 804">
     <span class='ocr_line' id='line_1_21' title="bbox 2259 730 3756 804; baseline -0.005 -10"><span class='ocrx_word' id='word_1_156' title='bbox 2259 739 2329 794; x_wconf 92' lang='lat' dir='ltr'><strong>tia</strong></span> <span class='ocrx_word' id='word_1_157' title='bbox 2357 736 2756 803; x_wconf 89' lang='lat' dir='ltr'><strong>mandatorum,</strong></span> <span class='ocrx_word' id='word_1_158' title='bbox 2777 743 2836 790; x_wconf 92' lang='lat' dir='ltr'><strong>ut</strong></span> <span class='ocrx_word' id='word_1_159' title='bbox 2850 734 3082 791; x_wconf 87' lang='lat' dir='ltr'><strong>sciamus</strong></span> <span class='ocrx_word' id='word_1_160' title='bbox 3104 731 3232 804; x_wconf 92' lang='lat' dir='ltr'><strong>quid</strong></span> <span class='ocrx_word' id='word_1_161' title='bbox 3257 730 3636 802; x_wconf 85' lang='lat' dir='ltr'><strong>appetere,quid</strong></span> <span class='ocrx_word' id='word_1_162' title='bbox 3654 733 3756 787; x_wconf 83' lang='lat' dir='ltr'><strong>vita-</strong></span> 
     </span>
    </p>
   </div>
   <div class='ocr_carea' id='block_1_22' title="bbox 2257 823 3759 896">
    <p class='ocr_par' dir='ltr' id='par_1_22' title="bbox 2257 823 3759 896">
     <span class='ocr_line' id='line_1_22' title="bbox 2257 823 3759 896; baseline -0.005 -10"><span class='ocrx_word' id='word_1_163' title='bbox 2257 847 2317 886; x_wconf 90' lang='lat' dir='ltr'><strong>re</strong></span> <span class='ocrx_word' id='word_1_164' title='bbox 2347 831 2665 896; x_wconf 83' lang='lat' dir='ltr'><strong>debeamus;</strong></span> <span class='ocrx_word' id='word_1_165' title='bbox 2698 842 2804 882; x_wconf 93' lang='lat' dir='ltr'><strong>non</strong></span> <span class='ocrx_word' id='word_1_166' title='bbox 2837 836 3010 882; x_wconf 92' lang='lat' dir='ltr'><strong>autem</strong></span> <span class='ocrx_word' id='word_1_167' title='bbox 3036 842 3130 896; x_wconf 89' lang='lat' dir='ltr'><strong>per</strong></span> <span class='ocrx_word' id='word_1_168' title='bbox 3157 825 3302 880; x_wconf 88' lang='lat' dir='ltr'><strong>illam</strong></span> <span class='ocrx_word' id='word_1_169' title='bbox 3323 823 3471 879; x_wconf 90' lang='lat' dir='ltr'><strong>nobis</strong></span> <span class='ocrx_word' id='word_1_170' title='bbox 3497 823 3698 894; x_wconf 65' lang='lat' dir='ltr'><strong>praestari</strong></span> <span class='ocrx_word' id='word_1_171' title='bbox 3716 832 3759 879; x_wconf 88' lang='lat' dir='ltr'><strong>ut</strong></span> 
     </span>
    </p>
   </div>
   <div class='ocr_carea' id='block_1_23' title="bbox 2257 913 3756 995">
    <p class='ocr_par' dir='ltr' id='par_1_23' title="bbox 2257 913 3756 995">
     <span class='ocr_line' id='line_1_23' title="bbox 2257 913 3756 995; baseline -0.006 -18"><span class='ocrx_word' id='word_1_172' title='bbox 2257 925 2395 995; x_wconf 83' lang='lat' dir='ltr'><strong>quod</strong></span> <span class='ocrx_word' id='word_1_173' title='bbox 2423 921 2722 977; x_wconf 80' lang='lat' dir='ltr'><strong>iaciendum</strong></span> <span class='ocrx_word' id='word_1_174' title='bbox 2749 917 3196 991; x_wconf 80' lang='lat' dir='ltr'><strong>cognoverimus,</strong></span> <span class='ocrx_word' id='word_1_175' title='bbox 3228 917 3384 972; x_wconf 89' lang='lat' dir='ltr'><strong>etiam</strong></span> <span class='ocrx_word' id='word_1_176' title='bbox 3426 913 3584 970; x_wconf 76' lang='lat' dir='ltr'><strong>facere</strong></span> <span class='ocrx_word' id='word_1_177' title='bbox 3615 915 3756 986; x_wconf 81' lang='lat' dir='ltr'><strong>diliga-</strong></span> 
     </span>
    </p>
   </div>
   <div class='ocr_carea' id='block_1_24' title="bbox 2257 1009 3762 1087">
    <p class='ocr_par' dir='ltr' id='par_1_24' title="bbox 2257 1009 3762 1087">
     <span class='ocr_line' id='line_1_24' title="bbox 2257 1009 3762 1087; baseline -0.009 -13"><span class='ocrx_word' id='word_1_178' title='bbox 2257 1032 2374 1074; x_wconf 90' lang='lat' dir='ltr'><strong>mus</strong></span> <span class='ocrx_word' id='word_1_179' title='bbox 2403 1025 2563 1087; x_wconf 86' lang='lat' dir='ltr'><strong>atque</strong></span> <span class='ocrx_word' id='word_1_180' title='bbox 2591 1015 2894 1080; x_wconf 87' lang='lat' dir='ltr'><strong>valeamus;</strong></span> <span class='ocrx_word' id='word_1_181' title='bbox 2920 1012 3202 1069; x_wconf 88' lang='lat' dir='ltr'><strong>anathema</strong></span> <span class='ocrx_word' id='word_1_182' title='bbox 3241 1011 3328 1066; x_wconf 91' lang='lat' dir='ltr'><strong>sit.</strong></span> <span class='ocrx_word' id='word_1_183' title='bbox 3361 1009 3486 1066; x_wconf 91' lang='lat' dir='ltr'><strong>Cum</strong></span> <span class='ocrx_word' id='word_1_184' title='bbox 3511 1011 3633 1064; x_wconf 88' lang='lat' dir='ltr'><strong>enim</strong></span> <span class='ocrx_word' id='word_1_185' title='bbox 3658 1010 3762 1063; x_wconf 85' lang='lat' dir='ltr'><strong>dicat</strong></span> 
     </span>
    </p>
   </div>
   <div class='ocr_carea' id='block_1_25' title="bbox 2258 1100 3807 1179">
    <p class='ocr_par' dir='ltr' id='par_1_25' title="bbox 2258 1100 3807 1179">
     <span class='ocr_line' id='line_1_25' title="bbox 2258 1100 3807 1179; baseline -0.006 -14"><span class='ocrx_word' id='word_1_186' title='bbox 2258 1108 2546 1179; x_wconf 79' lang='lat' dir='ltr'><strong>Apostolus</strong></span> <span class='ocrx_word' id='word_1_187' title='bbox 2573 1126 2585 1162; x_wconf 91' lang='lat'>:</span> <span class='ocrx_word' id='word_1_188' title='bbox 2621 1107 2850 1164; x_wconf 87' lang='lat' dir='ltr'><strong>Scientia</strong></span> <span class='ocrx_word' id='word_1_189' title='bbox 2879 1106 3054 1178; x_wconf 82' lang='lat' dir='ltr'><strong>inflat,</strong></span> <span class='ocrx_word' id='word_1_190' title='bbox 3085 1103 3308 1158; x_wconf 88' lang='lat' dir='ltr'><strong>charitas</strong></span> <span class='ocrx_word' id='word_1_191' title='bbox 3351 1119 3462 1158; x_wconf 79' lang='lat' dir='ltr'><strong>vero</strong></span> <span class='ocrx_word' id='word_1_192' title='bbox 3495 1101 3681 1170; x_wconf 71' lang='lat' dir='ltr'><strong>aadiﬁeat</strong></span> <span class='ocrx_word' id='word_1_193' title='bbox 3711 1100 3760 1172; x_wconf 90' lang='lat' dir='ltr'><strong>(l</strong></span> <span class='ocrx_word' id='word_1_194' title='bbox 3796 1102 3807 1117; x_wconf 86' lang='lat'>&#39;</span> 
     </span>
    </p>
   </div>
   <div class='ocr_carea' id='block_1_26' title="bbox 2257 1195 3762 1270">
    <p class='ocr_par' dir='ltr' id='par_1_26' title="bbox 2257 1195 3762 1270">
     <span class='ocr_line' id='line_1_26' title="bbox 2257 1195 3762 1270; baseline -0.007 -10"><span class='ocrx_word' id='word_1_195' title='bbox 2257 1203 2378 1260; x_wconf 89' lang='lat' dir='ltr'><strong>Cor.</strong></span> <span class='ocrx_word' id='word_1_196' title='bbox 2405 1219 2518 1269; x_wconf 84' lang='lat' dir='ltr'><strong>vnt,</strong></span> <span class='ocrx_word' id='word_1_197' title='bbox 2547 1201 2626 1270; x_wconf 76' lang='lat' dir='ltr'><strong>i),</strong></span> <span class='ocrx_word' id='word_1_198' title='bbox 2655 1200 2810 1257; x_wconf 88' lang='lat' dir='ltr'><strong>valde</strong></span> <span class='ocrx_word' id='word_1_199' title='bbox 2839 1200 3062 1266; x_wconf 90' lang='lat' dir='ltr'><strong>impium</strong></span> <span class='ocrx_word' id='word_1_200' title='bbox 3087 1208 3170 1255; x_wconf 92' lang='lat' dir='ltr'><strong>est</strong></span> <span class='ocrx_word' id='word_1_201' title='bbox 3195 1206 3254 1253; x_wconf 90' lang='lat' dir='ltr'><strong>ut</strong></span> <span class='ocrx_word' id='word_1_202' title='bbox 3297 1195 3563 1252; x_wconf 88' lang='lat' dir='ltr'><strong>credamus</strong></span> <span class='ocrx_word' id='word_1_203' title='bbox 3593 1195 3648 1248; x_wconf 87' lang='lat' dir='ltr'><strong>ad</strong></span> <span class='ocrx_word' id='word_1_204' title='bbox 3678 1208 3762 1249; x_wconf 67' lang='grc' dir='ltr'><strong>(πίω</strong></span> 
     </span>
    </p>
   </div>
   <div class='ocr_carea' id='block_1_27' title="bbox 2259 1286 3762 1368">
    <p class='ocr_par' dir='ltr' id='par_1_27' title="bbox 2259 1286 3762 1368">
     <span class='ocr_line' id='line_1_27' title="bbox 2259 1286 3762 1368; baseline -0.009 -15"><span class='ocrx_word' id='word_1_205' title='bbox 2259 1313 2378 1368; x_wconf 74' lang='lat' dir='ltr'><strong>qua:</strong></span> <span class='ocrx_word' id='word_1_206' title='bbox 2424 1295 2573 1351; x_wconf 77' lang='lat' dir='ltr'><strong>inflat</strong></span> <span class='ocrx_word' id='word_1_207' title='bbox 2604 1309 2704 1350; x_wconf 90' lang='lat' dir='ltr'><strong>nos</strong></span> <span class='ocrx_word' id='word_1_208' title='bbox 2732 1293 2934 1350; x_wconf 87' lang='lat' dir='ltr'><strong>habere</strong></span> <span class='ocrx_word' id='word_1_209' title='bbox 2976 1292 3202 1364; x_wconf 82' lang='lat' dir='ltr'><strong>gratiam</strong></span> <span class='ocrx_word' id='word_1_210' title='bbox 3245 1288 3469 1355; x_wconf 88' lang='lat' dir='ltr'><strong>Christi,</strong></span> <span class='ocrx_word' id='word_1_211' title='bbox 3504 1302 3552 1344; x_wconf 84' lang='lat' dir='ltr'><strong>et</strong></span> <span class='ocrx_word' id='word_1_212' title='bbox 3589 1286 3644 1342; x_wconf 88' lang='lat' dir='ltr'><strong>sd</strong></span> <span class='ocrx_word' id='word_1_213' title='bbox 3678 1300 3762 1341; x_wconf 83' lang='lat' dir='ltr'><strong>eam</strong></span> 
     </span>
    </p>
   </div>
   <div class='ocr_carea' id='block_1_28' title="bbox 2258 1379 3764 1460">
    <p class='ocr_par' dir='ltr' id='par_1_28' title="bbox 2258 1379 3764 1460">
     <span class='ocr_line' id='line_1_28' title="bbox 2258 1379 3764 1460; baseline -0.006 -18"><span class='ocrx_word' id='word_1_214' title='bbox 2258 1405 2376 1460; x_wconf 79' lang='lat' dir='ltr'><strong>qua:</strong></span> <span class='ocrx_word' id='word_1_215' title='bbox 2405 1388 2633 1444; x_wconf 79' lang='lat' dir='ltr'><strong>:edilicat</strong></span> <span class='ocrx_word' id='word_1_216' title='bbox 2657 1401 2762 1442; x_wconf 91' lang='lat' dir='ltr'><strong>non</strong></span> <span class='ocrx_word' id='word_1_217' title='bbox 2792 1385 3020 1451; x_wconf 88' lang='lat' dir='ltr'><strong>habere;</strong></span> <span class='ocrx_word' id='word_1_218' title='bbox 3039 1399 3160 1440; x_wconf 93' lang='lat' dir='ltr'><strong>cum</strong></span> <span class='ocrx_word' id='word_1_219' title='bbox 3185 1387 3256 1439; x_wconf 90' lang='lat' dir='ltr'><strong>sit</strong></span> <span class='ocrx_word' id='word_1_220' title='bbox 3283 1379 3313 1421; x_wconf 78' lang='grc' dir='ltr'><strong>ιι</strong></span> <span class='ocrx_word' id='word_1_221' title='bbox 3333 1391 3598 1452; x_wconf 88' lang='lat' dir='ltr'><strong>utrumque</strong></span> <span class='ocrx_word' id='word_1_222' title='bbox 3617 1379 3764 1435; x_wconf 84' lang='lat' dir='ltr'><strong>donum</strong></span> 
     </span>
    </p>
   </div>
   <div class='ocr_carea' id='block_1_29' title="bbox 2260 1473 3766 1550">
    <p class='ocr_par' dir='ltr' id='par_1_29' title="bbox 2260 1473 3766 1550">
     <span class='ocr_line' id='line_1_29' title="bbox 2260 1473 3766 1550; baseline -0.007 -14"><span class='ocrx_word' id='word_1_223' title='bbox 2260 1480 2377 1544; x_wconf 90' lang='lat' dir='ltr'><strong>Dei,</strong></span> <span class='ocrx_word' id='word_1_224' title='bbox 2410 1489 2462 1535; x_wconf 91' lang='lat' dir='ltr'><strong>et</strong></span> <span class='ocrx_word' id='word_1_225' title='bbox 2484 1479 2621 1535; x_wconf 90' lang='lat' dir='ltr'><strong>scire</strong></span> <span class='ocrx_word' id='word_1_226' title='bbox 2651 1477 2778 1550; x_wconf 89' lang='lat' dir='ltr'><strong>quid</strong></span> <span class='ocrx_word' id='word_1_227' title='bbox 2804 1477 2982 1533; x_wconf 80' lang='lat' dir='ltr'><strong>facere</strong></span> <span class='ocrx_word' id='word_1_228' title='bbox 3006 1475 3320 1540; x_wconf 86' lang='lat' dir='ltr'><strong>debeamus,</strong></span> <span class='ocrx_word' id='word_1_229' title='bbox 3352 1482 3404 1530; x_wconf 91' lang='lat' dir='ltr'><strong>et</strong></span> <span class='ocrx_word' id='word_1_230' title='bbox 3430 1473 3626 1543; x_wconf 88' lang='lat' dir='ltr'><strong>diligere</strong></span> <span class='ocrx_word' id='word_1_231' title='bbox 3649 1473 3766 1526; x_wconf 87' lang='lat' dir='ltr'><strong>utla-</strong></span> 
     </span>
    </p>
   </div>
   <div class='ocr_carea' id='block_1_30' title="bbox 2261 1568 3766 1639">
    <p class='ocr_par' dir='ltr' id='par_1_30' title="bbox 2261 1568 3766 1639">
     <span class='ocr_line' id='line_1_30' title="bbox 2261 1568 3766 1639; baseline -0.007 -9"><span class='ocrx_word' id='word_1_232' title='bbox 2261 1576 2497 1639; x_wconf 90' lang='lat' dir='ltr'><strong>ciamus;</strong></span> <span class='ocrx_word' id='word_1_233' title='bbox 2540 1583 2596 1628; x_wconf 92' lang='lat' dir='ltr'><strong>ut</strong></span> <span class='ocrx_word' id='word_1_234' title='bbox 2635 1571 2936 1628; x_wconf 60' lang='lat' dir='ltr'><strong>aediﬁcante</strong></span> <span class='ocrx_word' id='word_1_235' title='bbox 2982 1570 3282 1635; x_wconf 89' lang='lat' dir='ltr'><strong>charitate,</strong></span> <span class='ocrx_word' id='word_1_236' title='bbox 3332 1568 3540 1625; x_wconf 88' lang='lat' dir='ltr'><strong>scientia</strong></span> <span class='ocrx_word' id='word_1_237' title='bbox 3575 1581 3656 1621; x_wconf 90' lang='lat' dir='ltr'><strong>nos</strong></span> <span class='ocrx_word' id='word_1_238' title='bbox 3690 1579 3766 1620; x_wconf 85' lang='lat' dir='ltr'><strong>non</strong></span> 
     </span>
    </p>
   </div>
   <div class='ocr_carea' id='block_1_31' title="bbox 2260 1659 3762 1737">
    <p class='ocr_par' dir='ltr' id='par_1_31' title="bbox 2260 1659 3762 1737">
     <span class='ocr_line' id='line_1_31' title="bbox 2260 1659 3762 1737; baseline -0.007 -17"><span class='ocrx_word' id='word_1_239' title='bbox 2260 1667 2429 1737; x_wconf 85' lang='lat' dir='ltr'><strong>possit</strong></span> <span class='ocrx_word' id='word_1_240' title='bbox 2473 1664 2678 1719; x_wconf 86' lang='lat' dir='ltr'><strong>inﬂare.</strong></span> <span class='ocrx_word' id='word_1_241' title='bbox 2725 1663 2876 1718; x_wconf 89' lang='lat' dir='ltr'><strong>Sicut</strong></span> <span class='ocrx_word' id='word_1_242' title='bbox 2923 1671 3103 1716; x_wconf 89' lang='lat' dir='ltr'><strong>autem</strong></span> <span class='ocrx_word' id='word_1_243' title='bbox 3153 1659 3222 1716; x_wconf 90' lang='lat' dir='ltr'><strong>de</strong></span> <span class='ocrx_word' id='word_1_244' title='bbox 3267 1659 3379 1716; x_wconf 91' lang='lat' dir='ltr'><strong>Deo</strong></span> <span class='ocrx_word' id='word_1_245' title='bbox 3415 1659 3644 1728; x_wconf 87' lang='lat' dir='ltr'><strong>scripturn</strong></span> <span class='ocrx_word' id='word_1_246' title='bbox 3671 1664 3762 1711; x_wconf 84' lang='lat' dir='ltr'><strong>est:</strong></span> 
     </span>
    </p>
   </div>
   <div class='ocr_carea' id='block_1_32' title="bbox 2263 1747 3766 1822">
    <p class='ocr_par' dir='ltr' id='par_1_32' title="bbox 2263 1747 3766 1822">
     <span class='ocr_line' id='line_1_32' title="bbox 2263 1747 3766 1822; baseline -0.006 -12"><span class='ocrx_word' id='word_1_247' title='bbox 2263 1757 2362 1822; x_wconf 80' lang='lat' dir='ltr'><strong>Qui</strong></span> <span class='ocrx_word' id='word_1_248' title='bbox 2409 1755 2550 1810; x_wconf 84' lang='lat' dir='ltr'><strong>docet</strong></span> <span class='ocrx_word' id='word_1_249' title='bbox 2599 1753 2853 1808; x_wconf 73' lang='lat' dir='ltr'><strong>hominem</strong></span> <span class='ocrx_word' id='word_1_250' title='bbox 2881 1753 3146 1808; x_wconf 76' lang='lat' dir='ltr'><strong>scientiam</strong></span> <span class='ocrx_word' id='word_1_251' title='bbox 3193 1750 3385 1822; x_wconf 89' lang='lat' dir='ltr'><strong>(Psal.</strong></span> <span class='ocrx_word' id='word_1_252' title='bbox 3417 1748 3652 1819; x_wconf 73' lang='lat' dir='ltr'><strong>xcut,10)</strong></span> <span class='ocrx_word' id='word_1_253' title='bbox 3677 1763 3690 1800; x_wconf 85' lang='lat'><strong>:</strong></span> <span class='ocrx_word' id='word_1_254' title='bbox 3713 1747 3766 1802; x_wconf 89' lang='lat' dir='ltr'><strong>sic</strong></span> 
     </span>
    </p>
   </div>
   <div class='ocr_carea' id='block_1_33' title="bbox 581 1837 2165 1918">
    <p class='ocr_par' dir='ltr' id='par_1_33' title="bbox 581 1837 2157 1918">
     <span class='ocr_line' id='line_1_33' title="bbox 581 1837 2157 1918; baseline -0.006 -18"><span class='ocrx_word' id='word_1_255' title='bbox 581 1843 807 1918; x_wconf 86' lang='lat' dir='ltr'><strong>parvuli,</strong></span> <span class='ocrx_word' id='word_1_256' title='bbox 830 1843 920 1914; x_wconf 89' lang='lat' dir='ltr'><strong>qui</strong></span> <span class='ocrx_word' id='word_1_257' title='bbox 942 1842 1073 1898; x_wconf 88' lang='lat' dir='ltr'><strong>nihil</strong></span> <span class='ocrx_word' id='word_1_258' title='bbox 1105 1851 1441 1914; x_wconf 88' lang='lat' dir='ltr'><strong>peccatorum</strong></span> <span class='ocrx_word' id='word_1_259' title='bbox 1475 1843 1526 1894; x_wconf 92' lang='lat' dir='ltr'><strong>iu</strong></span> <span class='ocrx_word' id='word_1_260' title='bbox 1572 1840 1764 1909; x_wconf 90' lang='lat' dir='ltr'><strong>seipsis</strong></span> <span class='ocrx_word' id='word_1_261' title='bbox 1796 1837 1969 1892; x_wconf 88' lang='lat' dir='ltr'><strong>adhuc</strong></span> <span class='ocrx_word' id='word_1_262' title='bbox 2011 1853 2157 1892; x_wconf 86' lang='lat' dir='ltr'><strong>com-</strong></span> 
     </span>
    </p>
   </div>
   <div class='ocr_carea' id='block_1_34' title="bbox 2268 1837 3765 1918">
    <p class='ocr_par' dir='ltr' id='par_1_34' title="bbox 2268 1839 3765 1916">
     <span class='ocr_line' id='line_1_34' title="bbox 2268 1839 3765 1916; baseline -0.007 -14"><span class='ocrx_word' id='word_1_263' title='bbox 2268 1848 2418 1902; x_wconf 86' lang='lat' dir='ltr'><strong>etiam</strong></span> <span class='ocrx_word' id='word_1_264' title='bbox 2443 1847 2701 1916; x_wconf 90' lang='lat' dir='ltr'><strong>scriptum</strong></span> <span class='ocrx_word' id='word_1_265' title='bbox 2733 1853 2815 1900; x_wconf 87' lang='lat' dir='ltr'><strong>est</strong></span> <span class='ocrx_word' id='word_1_266' title='bbox 2845 1843 3114 1898; x_wconf 85' lang='lat' dir='ltr'><strong>:Charitas</strong></span> <span class='ocrx_word' id='word_1_267' title='bbox 3143 1859 3207 1898; x_wconf 79' lang='lat' dir='ltr'><strong>ea:</strong></span> <span class='ocrx_word' id='word_1_268' title='bbox 3233 1841 3340 1896; x_wconf 86' lang='lat' dir='ltr'><strong>Deo</strong></span> <span class='ocrx_word' id='word_1_269' title='bbox 3360 1839 3765 1914; x_wconf 81' lang='lat' dir='ltr'><strong>est(|.loan.tv,&#39;l).</strong></span> 
     </span>
    </p>
   </div>
   <div class='ocr_carea' id='block_1_35' title="bbox 580 1935 2156 2009">
    <p class='ocr_par' dir='ltr' id='par_1_35' title="bbox 580 1935 2156 2009">
     <span class='ocr_line' id='line_1_35' title="bbox 580 1935 2156 2009; baseline -0.007 -14"><span class='ocrx_word' id='word_1_270' title='bbox 580 1941 794 1996; x_wconf 86' lang='lat' dir='ltr'><strong>mittere</strong></span> <span class='ocrx_word' id='word_1_271' title='bbox 825 1947 1142 2009; x_wconf 87' lang='lat' dir='ltr'><strong>potuerunt,</strong></span> <span class='ocrx_word' id='word_1_272' title='bbox 1194 1937 1314 1991; x_wconf 88' lang='lat' dir='ltr'><strong>ideo</strong></span> <span class='ocrx_word' id='word_1_273' title='bbox 1356 1937 1407 1989; x_wconf 91' lang='lat' dir='ltr'><strong>in</strong></span> <span class='ocrx_word' id='word_1_274' title='bbox 1454 1935 1796 1989; x_wconf 81' lang='lat' dir='ltr'><strong>remissionem</strong></span> <span class='ocrx_word' id='word_1_275' title='bbox 1836 1941 2156 2002; x_wconf 83' lang='lat' dir='ltr'><strong>peccatorum</strong></span> 
     </span>
    </p>
   </div>
   <div class='ocr_carea' id='block_1_36' title="bbox 581 2025 2160 2105">
    <p class='ocr_par' dir='ltr' id='par_1_36' title="bbox 581 2025 2160 2105">
     <span class='ocr_line' id='line_1_36' title="bbox 581 2025 2160 2105; baseline -0.006 -19"><span class='ocrx_word' id='word_1_276' title='bbox 581 2031 850 2088; x_wconf 84' lang='lat' dir='ltr'><strong>veraciter</strong></span> <span class='ocrx_word' id='word_1_277' title='bbox 877 2031 1231 2100; x_wconf 79' lang='lat' dir='ltr'><strong>beptizantur,</strong></span> <span class='ocrx_word' id='word_1_278' title='bbox 1271 2039 1329 2083; x_wconf 91' lang='lat' dir='ltr'><strong>ttt</strong></span> <span class='ocrx_word' id='word_1_279' title='bbox 1357 2029 1408 2082; x_wconf 89' lang='lat' dir='ltr'><strong>in</strong></span> <span class='ocrx_word' id='word_1_280' title='bbox 1440 2027 1517 2082; x_wconf 90' lang='lat' dir='ltr'><strong>eis</strong></span> <span class='ocrx_word' id='word_1_281' title='bbox 1565 2025 1966 2098; x_wconf 86' lang='lat' dir='ltr'><strong>regeneratione</strong></span> <span class='ocrx_word' id='word_1_282' title='bbox 2004 2039 2160 2105; x_wconf 84' lang='lat' dir='ltr'><strong>mun-</strong></span> 
     </span>
    </p>
   </div>
   <div class='ocr_carea' id='block_1_37' title="bbox 581 2121 1587 2193">
    <p class='ocr_par' dir='ltr' id='par_1_37' title="bbox 581 2121 1587 2193">
     <span class='ocr_line' id='line_1_37' title="bbox 581 2121 1587 2193; baseline -0.008 -14"><span class='ocrx_word' id='word_1_283' title='bbox 581 2121 738 2179; x_wconf 83' lang='lat' dir='ltr'><strong>detur</strong></span> <span class='ocrx_word' id='word_1_284' title='bbox 764 2121 902 2193; x_wconf 89' lang='lat' dir='ltr'><strong>quod</strong></span> <span class='ocrx_word' id='word_1_285' title='bbox 927 2124 1268 2191; x_wconf 83' lang='lat' dir='ltr'><strong>generatione</strong></span> <span class='ocrx_word' id='word_1_286' title='bbox 1289 2126 1587 2174; x_wconf 91' lang='lat' dir='ltr'><strong>traxerunt.</strong></span> 
     </span>
    </p>
   </div>
   <div class='ocr_carea' id='block_1_38' title="bbox 652 2209 2160 2285">
    <p class='ocr_par' dir='ltr' id='par_1_38' title="bbox 652 2209 2160 2285">
     <span class='ocr_line' id='line_1_38' title="bbox 652 2209 2160 2285; baseline -0.008 -13"><span class='ocrx_word' id='word_1_287' title='bbox 652 2216 741 2272; x_wconf 90' lang='lat' dir='ltr'><strong>Ill.</strong></span> <span class='ocrx_word' id='word_1_288' title='bbox 774 2225 796 2255; x_wconf 73' lang='grc' dir='ltr'><strong>ε</strong></span> <span class='ocrx_word' id='word_1_289' title='bbox 831 2215 958 2271; x_wconf 92' lang='lat' dir='ltr'><strong>Item</strong></span> <span class='ocrx_word' id='word_1_290' title='bbox 988 2214 1207 2285; x_wconf 85' lang='lat' dir='ltr'><strong>placuit,</strong></span> <span class='ocrx_word' id='word_1_291' title='bbox 1237 2223 1293 2268; x_wconf 92' lang='lat' dir='ltr'><strong>ut</strong></span> <span class='ocrx_word' id='word_1_292' title='bbox 1319 2216 1360 2268; x_wconf 88' lang='lat' dir='ltr'><strong>si</strong></span> <span class='ocrx_word' id='word_1_293' title='bbox 1385 2214 1503 2283; x_wconf 84' lang='lat' dir='ltr'><strong>quis</strong></span> <span class='ocrx_word' id='word_1_294' title='bbox 1527 2212 1658 2267; x_wconf 91' lang='lat' dir='ltr'><strong>dicit</strong></span> <span class='ocrx_word' id='word_1_295' title='bbox 1680 2211 1798 2266; x_wconf 91' lang='lat' dir='ltr'><strong>ideo</strong></span> <span class='ocrx_word' id='word_1_296' title='bbox 1829 2209 2028 2265; x_wconf 76' lang='lat' dir='ltr'><strong>dixisse</strong></span> <span class='ocrx_word' id='word_1_297' title='bbox 2053 2209 2160 2262; x_wconf 92' lang='lat' dir='ltr'><strong>Du-</strong></span> 
     </span>
    </p>
   </div>
   <div class='ocr_carea' id='block_1_39' title="bbox 579 2305 2160 2367">
    <p class='ocr_par' dir='ltr' id='par_1_39' title="bbox 579 2305 2160 2367">
     <span class='ocr_line' id='line_1_39' title="bbox 579 2305 2160 2367; baseline -0.007 -2"><span class='ocrx_word' id='word_1_298' title='bbox 579 2310 784 2365; x_wconf 86' lang='lat' dir='ltr'><strong>minum</strong></span> <span class='ocrx_word' id='word_1_299' title='bbox 817 2326 831 2362; x_wconf 89' lang='lat'><strong>:</strong></span> <span class='ocrx_word' id='word_1_300' title='bbox 871 2308 935 2362; x_wconf 83' lang='lat' dir='ltr'><strong>In</strong></span> <span class='ocrx_word' id='word_1_301' title='bbox 967 2309 1118 2362; x_wconf 89' lang='lat' dir='ltr'><strong>domo</strong></span> <span class='ocrx_word' id='word_1_302' title='bbox 1143 2307 1314 2361; x_wconf 83' lang='lat' dir='ltr'><strong>Patris</strong></span> <span class='ocrx_word' id='word_1_303' title='bbox 1352 2308 1453 2360; x_wconf 87' lang='lat' dir='ltr'><strong>mei</strong></span> <span class='ocrx_word' id='word_1_304' title='bbox 1487 2307 1774 2360; x_wconf 82' lang='lat' dir='ltr'><strong>mansiOnes</strong></span> <span class='ocrx_word' id='word_1_305' title='bbox 1814 2305 1984 2358; x_wconf 75' lang='lat' dir='ltr'><strong>multa‘</strong></span> <span class='ocrx_word' id='word_1_306' title='bbox 2014 2311 2160 2367; x_wconf 79' lang='lat' dir='ltr'><strong>sunt,</strong></span> 
     </span>
    </p>
   </div>
   <div class='ocr_carea' id='block_1_40' title="bbox 579 2396 2163 2472">
    <p class='ocr_par' dir='ltr' id='par_1_40' title="bbox 579 2396 2163 2472">
     <span class='ocr_line' id='line_1_40' title="bbox 579 2396 2163 2472; baseline -0.005 -16"><span class='ocrx_word' id='word_1_307' title='bbox 579 2411 683 2456; x_wconf 86' lang='lat' dir='ltr'><strong>etc.</strong></span> <span class='ocrx_word' id='word_1_308' title='bbox 703 2398 882 2472; x_wconf 81' lang='lat' dir='ltr'><strong>(Joan.</strong></span> <span class='ocrx_word' id='word_1_309' title='bbox 917 2415 1026 2462; x_wconf 89' lang='lat' dir='ltr'><strong>xtv,</strong></span> <span class='ocrx_word' id='word_1_310' title='bbox 1055 2398 1139 2468; x_wconf 76' lang='grc'><strong>2),</strong></span> <span class='ocrx_word' id='word_1_311' title='bbox 1172 2407 1231 2451; x_wconf 89' lang='lat' dir='ltr'><strong>ut</strong></span> <span class='ocrx_word' id='word_1_312' title='bbox 1261 2397 1585 2467; x_wconf 85' lang='lat' dir='ltr'><strong>intelligatur</strong></span> <span class='ocrx_word' id='word_1_313' title='bbox 1621 2398 1744 2466; x_wconf 91' lang='lat' dir='ltr'><strong>quia</strong></span> <span class='ocrx_word' id='word_1_314' title='bbox 1777 2396 1827 2450; x_wconf 94' lang='lat' dir='ltr'><strong>in</strong></span> <span class='ocrx_word' id='word_1_315' title='bbox 1860 2409 2026 2464; x_wconf 84' lang='lat' dir='ltr'><strong>regno</strong></span> <span class='ocrx_word' id='word_1_316' title='bbox 2052 2407 2163 2448; x_wconf 75' lang='lat' dir='ltr'><strong>cm-</strong></span> 
     </span>
    </p>
   </div>
   <div class='ocr_carea' id='block_1_41' title="bbox 579 2487 2158 2560">
    <p class='ocr_par' dir='ltr' id='par_1_41' title="bbox 579 2487 2158 2560">
     <span class='ocr_line' id='line_1_41' title="bbox 579 2487 2158 2560; baseline -0.004 -12"><span class='ocrx_word' id='word_1_317' title='bbox 579 2489 754 2548; x_wconf 90' lang='lat' dir='ltr'><strong>Iorum</strong></span> <span class='ocrx_word' id='word_1_318' title='bbox 786 2492 890 2546; x_wconf 89' lang='lat' dir='ltr'><strong>erit</strong></span> <span class='ocrx_word' id='word_1_319' title='bbox 922 2490 1114 2560; x_wconf 88' lang='lat' dir='ltr'><strong>aliquis</strong></span> <span class='ocrx_word' id='word_1_320' title='bbox 1139 2489 1344 2544; x_wconf 90' lang='lat' dir='ltr'><strong>medius</strong></span> <span class='ocrx_word' id='word_1_321' title='bbox 1368 2531 1382 2554; x_wconf 97' lang='lat'><strong>,</strong></span> <span class='ocrx_word' id='word_1_322' title='bbox 1429 2497 1521 2542; x_wconf 91' lang='lat' dir='ltr'><strong>aut</strong></span> <span class='ocrx_word' id='word_1_323' title='bbox 1560 2489 1702 2543; x_wconf 92' lang='lat' dir='ltr'><strong>ullus</strong></span> <span class='ocrx_word' id='word_1_324' title='bbox 1741 2488 1934 2543; x_wconf 84' lang='lat' dir='ltr'><strong>alicubi</strong></span> <span class='ocrx_word' id='word_1_325' title='bbox 1978 2487 2158 2553; x_wconf 88' lang='lat' dir='ltr'><strong>Iocus,</strong></span> 
     </span>
    </p>
   </div>
   <div class='ocr_carea' id='block_1_42' title="bbox 581 2579 2162 2652">
    <p class='ocr_par' dir='ltr' id='par_1_42' title="bbox 581 2579 2162 2652">
     <span class='ocr_line' id='line_1_42' title="bbox 581 2579 2162 2652; baseline -0.001 -16"><span class='ocrx_word' id='word_1_326' title='bbox 581 2583 674 2636; x_wconf 86' lang='lat' dir='ltr'><strong>ubi</strong></span> <span class='ocrx_word' id='word_1_327' title='bbox 704 2582 858 2636; x_wconf 88' lang='lat' dir='ltr'><strong>beate</strong></span> <span class='ocrx_word' id='word_1_328' title='bbox 882 2581 1057 2636; x_wconf 86' lang='lat' dir='ltr'><strong>vivant</strong></span> <span class='ocrx_word' id='word_1_329' title='bbox 1085 2582 1238 2652; x_wconf 74' lang='lat'><strong>167</strong></span> <span class='ocrx_word' id='word_1_330' title='bbox 1277 2580 1478 2650; x_wconf 84' lang='lat' dir='ltr'><strong>parvuli</strong></span> <span class='ocrx_word' id='word_1_331' title='bbox 1521 2580 1612 2650; x_wconf 89' lang='lat' dir='ltr'><strong>qui</strong></span> <span class='ocrx_word' id='word_1_332' title='bbox 1649 2579 1764 2635; x_wconf 86' lang='lat' dir='ltr'><strong>sine</strong></span> <span class='ocrx_word' id='word_1_333' title='bbox 1805 2580 2069 2650; x_wconf 86' lang='lat' dir='ltr'><strong>baptismo</strong></span> <span class='ocrx_word' id='word_1_334' title='bbox 2097 2594 2162 2634; x_wconf 87' lang='lat' dir='ltr'><strong>ex</strong></span> 
     </span>
    </p>
   </div>
   <div class='ocr_carea' id='block_1_43' title="bbox 583 2670 2160 2744">
    <p class='ocr_par' dir='ltr' id='par_1_43' title="bbox 583 2670 2160 2744">
     <span class='ocr_line' id='line_1_43' title="bbox 583 2670 2160 2744; baseline -0.003 -15"><span class='ocrx_word' id='word_1_335' title='bbox 583 2670 686 2730; x_wconf 85' lang='lat' dir='ltr'><strong>hac</strong></span> <span class='ocrx_word' id='word_1_336' title='bbox 711 2675 813 2728; x_wconf 80' lang='lat' dir='ltr'><strong>vita</strong></span> <span class='ocrx_word' id='word_1_337' title='bbox 839 2675 1154 2744; x_wconf 87' lang='lat' dir='ltr'><strong>migrarunt,</strong></span> <span class='ocrx_word' id='word_1_338' title='bbox 1191 2672 1306 2728; x_wconf 91' lang='lat' dir='ltr'><strong>sine</strong></span> <span class='ocrx_word' id='word_1_339' title='bbox 1335 2688 1440 2743; x_wconf 92' lang='lat' dir='ltr'><strong>quo</strong></span> <span class='ocrx_word' id='word_1_340' title='bbox 1487 2673 1543 2728; x_wconf 89' lang='lat' dir='ltr'><strong>in</strong></span> <span class='ocrx_word' id='word_1_341' title='bbox 1589 2687 1808 2742; x_wconf 85' lang='lat' dir='ltr'><strong>regnum</strong></span> <span class='ocrx_word' id='word_1_342' title='bbox 1859 2671 2119 2726; x_wconf 79' lang='lat' dir='ltr'><strong>caelorum</strong></span> <span class='ocrx_word' id='word_1_343' title='bbox 2145 2710 2160 2736; x_wconf 94' lang='lat'><strong>,</strong></span> 
     </span>
    </p>
   </div>
   <div class='ocr_carea' id='block_1_44' title="bbox 587 2765 2162 2838">
    <p class='ocr_par' dir='ltr' id='par_1_44' title="bbox 587 2765 2162 2838">
     <span class='ocr_line' id='line_1_44' title="bbox 587 2765 2162 2838; baseline -0.003 -16"><span class='ocrx_word' id='word_1_344' title='bbox 587 2765 729 2838; x_wconf 87' lang='lat' dir='ltr'><strong>quod</strong></span> <span class='ocrx_word' id='word_1_345' title='bbox 748 2775 831 2823; x_wconf 89' lang='lat' dir='ltr'><strong>est</strong></span> <span class='ocrx_word' id='word_1_346' title='bbox 851 2767 955 2821; x_wconf 91' lang='lat' dir='ltr'><strong>vita</strong></span> <span class='ocrx_word' id='word_1_347' title='bbox 987 2777 1208 2832; x_wconf 81' lang='lat' dir='ltr'><strong>:eterna,</strong></span> <span class='ocrx_word' id='word_1_348' title='bbox 1239 2767 1438 2821; x_wconf 90' lang='lat' dir='ltr'><strong>intrare</strong></span> <span class='ocrx_word' id='word_1_349' title='bbox 1462 2781 1568 2821; x_wconf 89' lang='lat' dir='ltr'><strong>non</strong></span> <span class='ocrx_word' id='word_1_350' title='bbox 1597 2775 1853 2836; x_wconf 91' lang='lat' dir='ltr'><strong>possunt;</strong></span> <span class='ocrx_word' id='word_1_351' title='bbox 1883 2765 2162 2820; x_wconf 86' lang='lat' dir='ltr'><strong>anathema</strong></span> 
     </span>
    </p>
   </div>
   <div class='ocr_carea' id='block_1_45' title="bbox 583 2858 2166 2929">
    <p class='ocr_par' dir='ltr' id='par_1_45' title="bbox 583 2858 2166 2929">
     <span class='ocr_line' id='line_1_45' title="bbox 583 2858 2166 2929; baseline -0.003 -13"><span class='ocrx_word' id='word_1_352' title='bbox 583 2859 678 2916; x_wconf 84' lang='lat' dir='ltr'><strong>sit.</strong></span> <span class='ocrx_word' id='word_1_353' title='bbox 707 2858 840 2914; x_wconf 84' lang='lat' dir='ltr'><strong>Nam</strong></span> <span class='ocrx_word' id='word_1_354' title='bbox 869 2874 990 2914; x_wconf 92' lang='lat' dir='ltr'><strong>cum</strong></span> <span class='ocrx_word' id='word_1_355' title='bbox 1023 2859 1276 2915; x_wconf 89' lang='lat' dir='ltr'><strong>Dominus</strong></span> <span class='ocrx_word' id='word_1_356' title='bbox 1303 2859 1446 2914; x_wconf 87' lang='lat' dir='ltr'><strong>dicat</strong></span> <span class='ocrx_word' id='word_1_357' title='bbox 1480 2877 1491 2912; x_wconf 93' lang='lat'>:</span> <span class='ocrx_word' id='word_1_358' title='bbox 1525 2858 1640 2913; x_wconf 77' lang='lat' dir='ltr'><strong>Nisi</strong></span> <span class='ocrx_word' id='word_1_359' title='bbox 1679 2859 1790 2924; x_wconf 85' lang='lat' dir='ltr'><strong>quis</strong></span> <span class='ocrx_word' id='word_1_360' title='bbox 1822 2866 2027 2912; x_wconf 84' lang='lat' dir='ltr'><strong>renatus</strong></span> <span class='ocrx_word' id='word_1_361' title='bbox 2055 2858 2166 2929; x_wconf 79' lang='lat' dir='ltr'><strong>[ue-</strong></span> 
     </span>
    </p>
   </div>
   <div class='ocr_carea' id='block_1_46' title="bbox 585 2949 2164 3023">
    <p class='ocr_par' dir='ltr' id='par_1_46' title="bbox 585 2949 2164 3023">
     <span class='ocr_line' id='line_1_46' title="bbox 585 2949 2164 3023; baseline -0.001 -18"><span class='ocrx_word' id='word_1_362' title='bbox 585 2951 654 3006; x_wconf 82' lang='lat' dir='ltr'><strong>rit</strong></span> <span class='ocrx_word' id='word_1_363' title='bbox 677 2966 894 3022; x_wconf 70' lang='lat' dir='ltr'><strong>exaqtta</strong></span> <span class='ocrx_word' id='word_1_364' title='bbox 914 2960 964 3005; x_wconf 89' lang='lat' dir='ltr'><strong>et</strong></span> <span class='ocrx_word' id='word_1_365' title='bbox 993 2949 1193 3022; x_wconf 82' lang='lat' dir='ltr'><strong>Spiritu</strong></span> <span class='ocrx_word' id='word_1_366' title='bbox 1217 2960 1428 3015; x_wconf 89' lang='lat' dir='ltr'><strong>sancto,</strong></span> <span class='ocrx_word' id='word_1_367' title='bbox 1475 2967 1576 3004; x_wconf 88' lang='lat' dir='ltr'><strong>non</strong></span> <span class='ocrx_word' id='word_1_368' title='bbox 1623 2951 1829 3004; x_wconf 86' lang='lat' dir='ltr'><strong>intrabit</strong></span> <span class='ocrx_word' id='word_1_369' title='bbox 1860 2951 1914 3004; x_wconf 89' lang='lat' dir='ltr'><strong>in</strong></span> <span class='ocrx_word' id='word_1_370' title='bbox 1953 2965 2164 3023; x_wconf 85' lang='lat' dir='ltr'><strong>regnum</strong></span> 
     </span>
    </p>
   </div>
   <div class='ocr_carea' id='block_1_47' title="bbox 583 3041 2167 3115">
    <p class='ocr_par' dir='ltr' id='par_1_47' title="bbox 583 3041 2167 3115">
     <span class='ocr_line' id='line_1_47' title="bbox 583 3041 2167 3115; baseline 0 -17"><span class='ocrx_word' id='word_1_371' title='bbox 583 3041 1016 3115; x_wconf 68' lang='lat' dir='ltr'><strong>mlorumann.</strong></span> <span class='ocrx_word' id='word_1_372' title='bbox 1051 3059 1128 3110; x_wconf 85' lang='grc' dir='ltr'><strong>ιιι,</strong></span> <span class='ocrx_word' id='word_1_373' title='bbox 1159 3042 1214 3115; x_wconf 85' lang='grc'><strong>5)</strong></span> <span class='ocrx_word' id='word_1_374' title='bbox 1247 3059 1261 3098; x_wconf 93' lang='lat'><strong>:</strong></span> <span class='ocrx_word' id='word_1_375' title='bbox 1297 3043 1416 3114; x_wconf 90' lang='lat' dir='ltr'><strong>quis</strong></span> <span class='ocrx_word' id='word_1_376' title='bbox 1445 3043 1738 3099; x_wconf 88' lang='lat' dir='ltr'><strong>catholicus</strong></span> <span class='ocrx_word' id='word_1_377' title='bbox 1763 3043 1970 3098; x_wconf 87' lang='lat' dir='ltr'><strong>dubitet</strong></span> <span class='ocrx_word' id='word_1_378' title='bbox 2002 3043 2167 3113; x_wconf 85' lang='lat' dir='ltr'><strong>parti-</strong></span> 
     </span>
    </p>
   </div>
   <div class='ocr_carea' id='block_1_48' title="bbox 585 3133 2166 3204">
    <p class='ocr_par' dir='ltr' id='par_1_48' title="bbox 585 3133 2166 3204">
     <span class='ocr_line' id='line_1_48' title="bbox 585 3133 2166 3204; baseline -0.001 -14"><span class='ocrx_word' id='word_1_379' title='bbox 585 3133 759 3204; x_wconf 86' lang='lat' dir='ltr'><strong>cipem</strong></span> <span class='ocrx_word' id='word_1_380' title='bbox 784 3133 980 3190; x_wconf 88' lang='lat' dir='ltr'><strong>diaboli</strong></span> <span class='ocrx_word' id='word_1_381' title='bbox 1025 3133 1140 3190; x_wconf 77' lang='lat' dir='ltr'><strong>fore</strong></span> <span class='ocrx_word' id='word_1_382' title='bbox 1178 3149 1300 3190; x_wconf 90' lang='lat' dir='ltr'><strong>eum</strong></span> <span class='ocrx_word' id='word_1_383' title='bbox 1343 3135 1434 3204; x_wconf 90' lang='lat' dir='ltr'><strong>qui</strong></span> <span class='ocrx_word' id='word_1_384' title='bbox 1477 3136 1716 3190; x_wconf 71' lang='lat' dir='ltr'><strong>cohaeres</strong></span> <span class='ocrx_word' id='word_1_385' title='bbox 1756 3151 1860 3190; x_wconf 92' lang='lat' dir='ltr'><strong>non</strong></span> <span class='ocrx_word' id='word_1_386' title='bbox 1908 3133 2166 3190; x_wconf 88' lang='lat' dir='ltr'><strong>meruerit</strong></span> 
     </span>
    </p>
   </div>
   <div class='ocr_carea' id='block_1_49' title="bbox 2319 1931 3770 2010">
    <p class='ocr_par' dir='ltr' id='par_1_49' title="bbox 2319 1931 3770 2010">
     <span class='ocr_line' id='line_1_49' title="bbox 2319 1931 3770 2010; baseline -0.006 -16"><span class='ocrx_word' id='word_1_387' title='bbox 2319 1940 2426 1996; x_wconf 73' lang='lat' dir='ltr'><strong>‘Vl.</strong></span> <span class='ocrx_word' id='word_1_388' title='bbox 2460 1939 2588 1996; x_wconf 88' lang='lat' dir='ltr'><strong>Item</strong></span> <span class='ocrx_word' id='word_1_389' title='bbox 2621 1939 2843 2010; x_wconf 88' lang='lat' dir='ltr'><strong>placuit,</strong></span> <span class='ocrx_word' id='word_1_390' title='bbox 2877 1947 2933 1993; x_wconf 89' lang='lat' dir='ltr'><strong>ut</strong></span> <span class='ocrx_word' id='word_1_391' title='bbox 2955 1938 3261 2009; x_wconf 89' lang='lat' dir='ltr'><strong>quicunque</strong></span> <span class='ocrx_word' id='word_1_392' title='bbox 3300 1935 3491 1992; x_wconf 78' lang='lat' dir='ltr'><strong>dixerit</strong></span> <span class='ocrx_word' id='word_1_393' title='bbox 3522 1934 3625 1989; x_wconf 91' lang='lat' dir='ltr'><strong>ideo</strong></span> <span class='ocrx_word' id='word_1_394' title='bbox 3656 1931 3668 1970; x_wconf 70' lang='grc' dir='ltr'><strong>ί</strong></span> <span class='ocrx_word' id='word_1_395' title='bbox 3699 1945 3770 1986; x_wconf 83' lang='lat' dir='ltr'><strong>no-</strong></span> 
     </span>
    </p>
   </div>
   <div class='ocr_carea' id='block_1_50' title="bbox 2263 2025 3772 2102">
    <p class='ocr_par' dir='ltr' id='par_1_50' title="bbox 2263 2025 3772 2102">
     <span class='ocr_line' id='line_1_50' title="bbox 2263 2025 3772 2102; baseline -0.005 -15"><span class='ocrx_word' id='word_1_396' title='bbox 2263 2032 2347 2087; x_wconf 87' lang='lat' dir='ltr'><strong>bis</strong></span> <span class='ocrx_word' id='word_1_397' title='bbox 2376 2031 2599 2102; x_wconf 80' lang='lat' dir='ltr'><strong>gratiam</strong></span> <span class='ocrx_word' id='word_1_398' title='bbox 2625 2029 3022 2100; x_wconf 86' lang='lat' dir='ltr'><strong>justilicationis</strong></span> <span class='ocrx_word' id='word_1_399' title='bbox 3070 2029 3223 2098; x_wconf 88' lang='lat' dir='ltr'><strong>dari,</strong></span> <span class='ocrx_word' id='word_1_400' title='bbox 3255 2037 3316 2083; x_wconf 90' lang='lat' dir='ltr'><strong>ut</strong></span> <span class='ocrx_word' id='word_1_401' title='bbox 3355 2026 3492 2098; x_wconf 90' lang='lat' dir='ltr'><strong>quod</strong></span> <span class='ocrx_word' id='word_1_402' title='bbox 3530 2025 3677 2080; x_wconf 89' lang='lat' dir='ltr'><strong>lacere</strong></span> <span class='ocrx_word' id='word_1_403' title='bbox 3708 2037 3772 2094; x_wconf 84' lang='lat' dir='ltr'><strong>pet</strong></span> 
     </span>
    </p>
   </div>
   <div class='ocr_carea' id='block_1_51' title="bbox 2263 2118 3772 2196">
    <p class='ocr_par' dir='ltr' id='par_1_51' title="bbox 2263 2118 3772 2196">
     <span class='ocr_line' id='line_1_51' title="bbox 2263 2118 3772 2196; baseline -0.007 -15"><span class='ocrx_word' id='word_1_404' title='bbox 2263 2125 2489 2182; x_wconf 91' lang='lat' dir='ltr'><strong>liberum</strong></span> <span class='ocrx_word' id='word_1_405' title='bbox 2513 2125 2792 2180; x_wconf 89' lang='lat' dir='ltr'><strong>arbitrium</strong></span> <span class='ocrx_word' id='word_1_406' title='bbox 2827 2124 2844 2175; x_wconf 85' lang='lat' dir='ltr'><strong>i</strong></span> <span class='ocrx_word' id='word_1_407' title='bbox 2885 2137 3192 2196; x_wconf 88' lang='lat' dir='ltr'><strong>possumus,</strong></span> <span class='ocrx_word' id='word_1_408' title='bbox 3223 2122 3433 2178; x_wconf 82' lang='lat' dir='ltr'><strong>facilius</strong></span> <span class='ocrx_word' id='word_1_409' title='bbox 3458 2120 3686 2192; x_wconf 86' lang='lat' dir='ltr'><strong>possimus</strong></span> <span class='ocrx_word' id='word_1_410' title='bbox 3705 2118 3772 2172; x_wconf 59' lang='lat' dir='ltr'><strong>ita.</strong></span> 
     </span>
    </p>
   </div>
   <div class='ocr_carea' id='block_1_52' title="bbox 2265 2208 3772 2288">
    <p class='ocr_par' dir='ltr' id='par_1_52' title="bbox 2265 2208 3772 2288">
     <span class='ocr_line' id='line_1_52' title="bbox 2265 2208 3772 2288; baseline -0.005 -19"><span class='ocrx_word' id='word_1_411' title='bbox 2265 2216 2413 2287; x_wconf 90' lang='lat' dir='ltr'><strong>plere</strong></span> <span class='ocrx_word' id='word_1_412' title='bbox 2444 2232 2538 2288; x_wconf 91' lang='lat' dir='ltr'><strong>per</strong></span> <span class='ocrx_word' id='word_1_413' title='bbox 2565 2217 2789 2286; x_wconf 90' lang='lat' dir='ltr'><strong>gratiam</strong></span> <span class='ocrx_word' id='word_1_414' title='bbox 2814 2233 2828 2283; x_wconf 93' lang='lat'><strong>;</strong></span> <span class='ocrx_word' id='word_1_415' title='bbox 2867 2226 3118 2286; x_wconf 87' lang='lat' dir='ltr'><strong>tanquam</strong></span> <span class='ocrx_word' id='word_1_416' title='bbox 3146 2213 3359 2269; x_wconf 88' lang='lat' dir='ltr'><strong>etiamsi</strong></span> <span class='ocrx_word' id='word_1_417' title='bbox 3387 2213 3551 2284; x_wconf 89' lang='lat' dir='ltr'><strong>gratia</strong></span> <span class='ocrx_word' id='word_1_418' title='bbox 3587 2226 3672 2266; x_wconf 89' lang='lat' dir='ltr'><strong>non</strong></span> <span class='ocrx_word' id='word_1_419' title='bbox 3703 2208 3772 2262; x_wconf 82' lang='lat' dir='ltr'><strong>du-</strong></span> 
     </span>
    </p>
   </div>
   <div class='ocr_carea' id='block_1_53' title="bbox 2265 2300 3777 2379">
    <p class='ocr_par' dir='ltr' id='par_1_53' title="bbox 2265 2300 3777 2379">
     <span class='ocr_line' id='line_1_53' title="bbox 2265 2300 3777 2379; baseline -0.005 -14"><span class='ocrx_word' id='word_1_420' title='bbox 2265 2319 2431 2374; x_wconf 88' lang='lat' dir='ltr'><strong>retur,</strong></span> <span class='ocrx_word' id='word_1_421' title='bbox 2467 2325 2571 2364; x_wconf 93' lang='lat' dir='ltr'><strong>non</strong></span> <span class='ocrx_word' id='word_1_422' title='bbox 2603 2309 2816 2379; x_wconf 93' lang='lat' dir='ltr'><strong>quidem</strong></span> <span class='ocrx_word' id='word_1_423' title='bbox 2850 2308 3026 2373; x_wconf 75' lang='lat' dir='ltr'><strong>facile,</strong></span> <span class='ocrx_word' id='word_1_424' title='bbox 3057 2307 3151 2363; x_wconf 91' lang='lat' dir='ltr'><strong>sed</strong></span> <span class='ocrx_word' id='word_1_425' title='bbox 3175 2315 3359 2363; x_wconf 87' lang='lat' dir='ltr'><strong>tamen</strong></span> <span class='ocrx_word' id='word_1_426' title='bbox 3388 2319 3641 2378; x_wconf 88' lang='lat' dir='ltr'><strong>possemus</strong></span> <span class='ocrx_word' id='word_1_427' title='bbox 3663 2300 3777 2374; x_wconf 74' lang='lat'><strong>168</strong></span> 
     </span>
    </p>
   </div>
   <div class='ocr_carea' id='block_1_54' title="bbox 2266 2392 3777 2470">
    <p class='ocr_par' dir='ltr' id='par_1_54' title="bbox 2266 2392 3777 2470">
     <span class='ocr_line' id='line_1_54' title="bbox 2266 2392 3777 2470; baseline -0.007 -14"><span class='ocrx_word' id='word_1_428' title='bbox 2266 2402 2384 2456; x_wconf 86' lang='lat' dir='ltr'><strong>sine</strong></span> <span class='ocrx_word' id='word_1_429' title='bbox 2411 2402 2497 2456; x_wconf 92' lang='lat' dir='ltr'><strong>illa</strong></span> <span class='ocrx_word' id='word_1_430' title='bbox 2531 2401 2758 2470; x_wconf 87' lang='lat' dir='ltr'><strong>implere</strong></span> <span class='ocrx_word' id='word_1_431' title='bbox 2787 2399 2966 2455; x_wconf 90' lang='lat' dir='ltr'><strong>divina</strong></span> <span class='ocrx_word' id='word_1_432' title='bbox 2995 2399 3248 2455; x_wconf 87' lang='lat' dir='ltr'><strong>mandata</strong></span> <span class='ocrx_word' id='word_1_433' title='bbox 3274 2415 3292 2465; x_wconf 89' lang='lat'><strong>;</strong></span> <span class='ocrx_word' id='word_1_434' title='bbox 3343 2396 3610 2454; x_wconf 83' lang='lat' dir='ltr'><strong>anathema</strong></span> <span class='ocrx_word' id='word_1_435' title='bbox 3631 2396 3702 2448; x_wconf 86' lang='lat' dir='ltr'><strong>sit.</strong></span> <span class='ocrx_word' id='word_1_436' title='bbox 3723 2392 3777 2446; x_wconf 86' lang='lat' dir='ltr'><strong>De</strong></span> 
     </span>
    </p>
   </div>
   <div class='ocr_carea' id='block_1_55' title="bbox 2265 2486 3775 2560">
    <p class='ocr_par' dir='ltr' id='par_1_55' title="bbox 2265 2486 3775 2560">
     <span class='ocr_line' id='line_1_55' title="bbox 2265 2486 3775 2560; baseline -0.007 -11"><span class='ocrx_word' id='word_1_437' title='bbox 2265 2494 2526 2551; x_wconf 76' lang='lat' dir='ltr'><strong>fructibus</strong></span> <span class='ocrx_word' id='word_1_438' title='bbox 2564 2497 2708 2549; x_wconf 89' lang='lat' dir='ltr'><strong>enim</strong></span> <span class='ocrx_word' id='word_1_439' title='bbox 2767 2493 3139 2548; x_wconf 87' lang='lat' dir='ltr'><strong>mandatorum</strong></span> <span class='ocrx_word' id='word_1_440' title='bbox 3184 2492 3447 2548; x_wconf 88' lang='lat' dir='ltr'><strong>Dominus</strong></span> <span class='ocrx_word' id='word_1_441' title='bbox 3488 2486 3775 2560; x_wconf 83' lang='lat' dir='ltr'><strong>loquebatur,</strong></span> 
     </span>
    </p>
   </div>
   <div class='ocr_carea' id='block_1_56' title="bbox 2266 2574 3776 2656">
    <p class='ocr_par' dir='ltr' id='par_1_56' title="bbox 2266 2574 3776 2656">
     <span class='ocr_line' id='line_1_56' title="bbox 2266 2574 3776 2656; baseline -0.008 -12"><span class='ocrx_word' id='word_1_442' title='bbox 2266 2589 2354 2645; x_wconf 90' lang='lat' dir='ltr'><strong>ubi</strong></span> <span class='ocrx_word' id='word_1_443' title='bbox 2383 2603 2488 2643; x_wconf 90' lang='lat' dir='ltr'><strong>non</strong></span> <span class='ocrx_word' id='word_1_444' title='bbox 2519 2587 2593 2642; x_wconf 89' lang='lat' dir='ltr'><strong>ait</strong></span> <span class='ocrx_word' id='word_1_445' title='bbox 2636 2605 2647 2639; x_wconf 93' lang='lat'>:</span> <span class='ocrx_word' id='word_1_446' title='bbox 2689 2586 2816 2642; x_wconf 88' lang='lat' dir='ltr'><strong>Sine</strong></span> <span class='ocrx_word' id='word_1_447' title='bbox 2846 2603 2925 2640; x_wconf 88' lang='lat' dir='ltr'><strong>me</strong></span> <span class='ocrx_word' id='word_1_448' title='bbox 2954 2587 3207 2656; x_wconf 69' lang='lat' dir='ltr'><strong>diﬁicilius</strong></span> <span class='ocrx_word' id='word_1_449' title='bbox 3257 2585 3464 2654; x_wconf 85' lang='lat' dir='ltr'><strong>potestis</strong></span> <span class='ocrx_word' id='word_1_450' title='bbox 3506 2587 3675 2655; x_wconf 73' lang='lat' dir='ltr'><strong>facere;</strong></span> <span class='ocrx_word' id='word_1_451' title='bbox 3709 2574 3776 2632; x_wconf 83' lang='lat' dir='ltr'><strong>sed</strong></span> 
     </span>
    </p>
   </div>
   <div class='ocr_carea' id='block_1_57' title="bbox 2268 2671 3651 2749">
    <p class='ocr_par' dir='ltr' id='par_1_57' title="bbox 2268 2671 3651 2749">
     <span class='ocr_line' id='line_1_57' title="bbox 2268 2671 3651 2749; baseline -0.007 -14"><span class='ocrx_word' id='word_1_452' title='bbox 2268 2681 2345 2736; x_wconf 89' lang='lat' dir='ltr'><strong>ait</strong></span> <span class='ocrx_word' id='word_1_453' title='bbox 2377 2697 2389 2734; x_wconf 95' lang='lat'>:</span> <span class='ocrx_word' id='word_1_454' title='bbox 2426 2680 2553 2736; x_wconf 86' lang='lat' dir='ltr'><strong>Sine</strong></span> <span class='ocrx_word' id='word_1_455' title='bbox 2579 2695 2657 2732; x_wconf 88' lang='lat' dir='ltr'><strong>me</strong></span> <span class='ocrx_word' id='word_1_456' title='bbox 2686 2679 2818 2733; x_wconf 86' lang='lat' dir='ltr'><strong>nihil</strong></span> <span class='ocrx_word' id='word_1_457' title='bbox 2843 2679 3050 2749; x_wconf 86' lang='lat' dir='ltr'><strong>potestis</strong></span> <span class='ocrx_word' id='word_1_458' title='bbox 3072 2677 3240 2746; x_wconf 76' lang='lat' dir='ltr'><strong>facere</strong></span> <span class='ocrx_word' id='word_1_459' title='bbox 3271 2674 3454 2748; x_wconf 80' lang='lat' dir='ltr'><strong>(Joan.</strong></span> <span class='ocrx_word' id='word_1_460' title='bbox 3483 2689 3564 2740; x_wconf 85' lang='lat' dir='ltr'><strong>xv,</strong></span> <span class='ocrx_word' id='word_1_461' title='bbox 3585 2671 3651 2742; x_wconf 87' lang='lat'><strong>5).</strong></span> 
     </span>
    </p>
   </div>
   <div class='ocr_carea' id='block_1_58' title="bbox 2341 2766 3760 2842">
    <p class='ocr_par' dir='ltr' id='par_1_58' title="bbox 2341 2766 3760 2842">
     <span class='ocr_line' id='line_1_58' title="bbox 2341 2766 3760 2842; baseline -0.008 -15"><span class='ocrx_word' id='word_1_462' title='bbox 2341 2771 2452 2828; x_wconf 90' lang='lat' dir='ltr'><strong>VII.</strong></span> <span class='ocrx_word' id='word_1_463' title='bbox 2487 2772 2617 2827; x_wconf 90' lang='lat' dir='ltr'><strong>Item</strong></span> <span class='ocrx_word' id='word_1_464' title='bbox 2651 2772 2867 2842; x_wconf 88' lang='lat' dir='ltr'><strong>placuit,</strong></span> <span class='ocrx_word' id='word_1_465' title='bbox 2909 2769 3050 2841; x_wconf 92' lang='lat' dir='ltr'><strong>quod</strong></span> <span class='ocrx_word' id='word_1_466' title='bbox 3083 2770 3160 2824; x_wconf 89' lang='lat' dir='ltr'><strong>ait</strong></span> <span class='ocrx_word' id='word_1_467' title='bbox 3201 2778 3422 2824; x_wconf 89' lang='lat' dir='ltr'><strong>sanctus</strong></span> <span class='ocrx_word' id='word_1_468' title='bbox 3445 2766 3651 2822; x_wconf 79' lang='lat' dir='ltr'><strong>Ioannes</strong></span> <span class='ocrx_word' id='word_1_469' title='bbox 3685 2775 3760 2832; x_wconf 87' lang='lat' dir='ltr'><strong>apo</strong></span> 
     </span>
    </p>
   </div>
   <div class='ocr_carea' id='block_1_59' title="bbox 2267 2849 3781 2932">
    <p class='ocr_par' dir='ltr' id='par_1_59' title="bbox 2267 2849 3781 2932">
     <span class='ocr_line' id='line_1_59' title="bbox 2267 2849 3781 2932; baseline -0.012 -10"><span class='ocrx_word' id='word_1_470' title='bbox 2267 2864 2464 2922; x_wconf 82' lang='lat' dir='ltr'><strong>stolus:</strong></span> <span class='ocrx_word' id='word_1_471' title='bbox 2489 2863 2553 2920; x_wconf 84' lang='lat' dir='ltr'><strong>Si</strong></span> <span class='ocrx_word' id='word_1_472' title='bbox 2573 2863 2853 2916; x_wconf 76' lang='lat' dir='ltr'><strong>dixerimus</strong></span> <span class='ocrx_word' id='word_1_473' title='bbox 2875 2863 2996 2932; x_wconf 82' lang='lat' dir='ltr'><strong>quia</strong></span> <span class='ocrx_word' id='word_1_474' title='bbox 3020 2869 3280 2932; x_wconf 87' lang='lat' dir='ltr'><strong>peccatum</strong></span> <span class='ocrx_word' id='word_1_475' title='bbox 3308 2875 3412 2914; x_wconf 87' lang='lat' dir='ltr'><strong>non</strong></span> <span class='ocrx_word' id='word_1_476' title='bbox 3439 2849 3781 2920; x_wconf 42' lang='lat' dir='ltr'><strong>habemusﬁm</strong></span> 
     </span>
    </p>
   </div>
   <div class='ocr_carea' id='block_1_60' title="bbox 2266 2944 3783 3027">
    <p class='ocr_par' dir='ltr' id='par_1_60' title="bbox 2266 2944 3783 3027">
     <span class='ocr_line' id='line_1_60' title="bbox 2266 2944 3783 3027; baseline -0.007 -16"><span class='ocrx_word' id='word_1_477' title='bbox 2266 2957 2404 3027; x_wconf 88' lang='lat' dir='ltr'><strong>ipsos</strong></span> <span class='ocrx_word' id='word_1_478' title='bbox 2427 2955 2738 3023; x_wconf 81' lang='lat' dir='ltr'><strong>seducimus,</strong></span> <span class='ocrx_word' id='word_1_479' title='bbox 2771 2962 2818 3008; x_wconf 90' lang='lat' dir='ltr'><strong>et</strong></span> <span class='ocrx_word' id='word_1_480' title='bbox 2842 2953 3027 3008; x_wconf 83' lang='lat' dir='ltr'><strong>veritas</strong></span> <span class='ocrx_word' id='word_1_481' title='bbox 3056 2953 3108 3006; x_wconf 87' lang='lat' dir='ltr'><strong>in</strong></span> <span class='ocrx_word' id='word_1_482' title='bbox 3139 2951 3283 3006; x_wconf 88' lang='lat' dir='ltr'><strong>nobis</strong></span> <span class='ocrx_word' id='word_1_483' title='bbox 3313 2967 3416 3005; x_wconf 86' lang='lat' dir='ltr'><strong>non</strong></span> <span class='ocrx_word' id='word_1_484' title='bbox 3436 2960 3505 3003; x_wconf 88' lang='lat' dir='ltr'><strong>est</strong></span> <span class='ocrx_word' id='word_1_485' title='bbox 3532 2946 3586 3017; x_wconf 89' lang='lat' dir='ltr'><strong>(I</strong></span> <span class='ocrx_word' id='word_1_486' title='bbox 3605 2944 3730 2998; x_wconf 79' lang='lat' dir='ltr'><strong>Ioan.</strong></span> <span class='ocrx_word' id='word_1_487' title='bbox 3750 2955 3783 3001; x_wconf 83' lang='grc' dir='ltr'><strong>ι.</strong></span> 
     </span>
    </p>
   </div>
   <div class='ocr_carea' id='block_1_61' title="bbox 2266 3031 3785 3116">
    <p class='ocr_par' dir='ltr' id='par_1_61' title="bbox 2266 3031 3785 3116">
     <span class='ocr_line' id='line_1_61' title="bbox 2266 3031 3785 3116; baseline -0.011 -15"><span class='ocrx_word' id='word_1_488' title='bbox 2266 3045 2325 3116; x_wconf 88' lang='grc'><strong>8)</strong></span> <span class='ocrx_word' id='word_1_489' title='bbox 2370 3064 2382 3098; x_wconf 92' lang='lat'>:</span> <span class='ocrx_word' id='word_1_490' title='bbox 2427 3045 2670 3116; x_wconf 88' lang='lat' dir='ltr'><strong>quisquis</strong></span> <span class='ocrx_word' id='word_1_491' title='bbox 2721 3043 2800 3098; x_wconf 91' lang='lat' dir='ltr'><strong>sic</strong></span> <span class='ocrx_word' id='word_1_492' title='bbox 2848 3040 3219 3114; x_wconf 88' lang='lat' dir='ltr'><strong>accipiendum</strong></span> <span class='ocrx_word' id='word_1_493' title='bbox 3275 3039 3562 3110; x_wconf 88' lang='lat' dir='ltr'><strong>putaverit;</strong></span> <span class='ocrx_word' id='word_1_494' title='bbox 3604 3045 3652 3090; x_wconf 94' lang='lat' dir='ltr'><strong>ut</strong></span> <span class='ocrx_word' id='word_1_495' title='bbox 3685 3031 3785 3088; x_wconf 70' lang='lat' dir='ltr'><strong>dicat</strong></span> 
     </span>
    </p>
   </div>
   <div class='ocr_carea' id='block_1_62' title="bbox 2269 3125 3786 3210">
    <p class='ocr_par' dir='ltr' id='par_1_62' title="bbox 2269 3125 3786 3210">
     <span class='ocr_line' id='line_1_62' title="bbox 2269 3125 3786 3210; baseline -0.008 -17"><span class='ocrx_word' id='word_1_496' title='bbox 2269 3146 2488 3210; x_wconf 74' lang='lat' dir='ltr'><strong>promer</strong></span> <span class='ocrx_word' id='word_1_497' title='bbox 2517 3137 2876 3192; x_wconf 86' lang='lat' dir='ltr'><strong>humilitatem</strong></span> <span class='ocrx_word' id='word_1_498' title='bbox 2914 3133 2932 3174; x_wconf 76' lang='grc' dir='ltr'>ι</span> <span class='ocrx_word' id='word_1_499' title='bbox 2965 3151 3071 3191; x_wconf 93' lang='lat' dir='ltr'><strong>non</strong></span> <span class='ocrx_word' id='word_1_500' title='bbox 3098 3143 3355 3205; x_wconf 77' lang='lat' dir='ltr'><strong>oportere</strong></span> <span class='ocrx_word' id='word_1_501' title='bbox 3383 3133 3484 3190; x_wconf 91' lang='lat' dir='ltr'><strong>dici</strong></span> <span class='ocrx_word' id='word_1_502' title='bbox 3511 3144 3599 3188; x_wconf 91' lang='lat' dir='ltr'><strong>nos</strong></span> <span class='ocrx_word' id='word_1_503' title='bbox 3615 3143 3700 3184; x_wconf 90' lang='lat' dir='ltr'><strong>non</strong></span> <span class='ocrx_word' id='word_1_504' title='bbox 3721 3125 3786 3179; x_wconf 65' lang='grc' dir='ltr'><strong>Ιηι</strong></span> 
     </span>
    </p>
   </div>
   <div class='ocr_carea' id='block_1_63' title="bbox 586 3215 3785 3300">
    <p class='ocr_par' dir='ltr' id='par_1_63' title="bbox 586 3215 3785 3300">
     <span class='ocr_line' id='line_1_63' title="bbox 586 3215 3785 3300; baseline 0 -20"><span class='ocrx_word' id='word_1_505' title='bbox 586 3237 706 3280; x_wconf 84' lang='lat' dir='ltr'><strong>esse</strong></span> <span class='ocrx_word' id='word_1_506' title='bbox 732 3222 969 3279; x_wconf 79' lang='lat' dir='ltr'><strong>Christi?</strong></span> <span class='ocrx_word' id='word_1_507' title='bbox 995 3224 1094 3292; x_wconf 85' lang='lat' dir='ltr'><strong>Qui</strong></span> <span class='ocrx_word' id='word_1_508' title='bbox 1125 3225 1265 3279; x_wconf 87' lang='lat' dir='ltr'><strong>enim</strong></span> <span class='ocrx_word' id='word_1_509' title='bbox 1291 3225 1510 3279; x_wconf 87' lang='lat' dir='ltr'><strong>dextera</strong></span> <span class='ocrx_word' id='word_1_510' title='bbox 1550 3236 1718 3291; x_wconf 89' lang='lat' dir='ltr'><strong>caret,</strong></span> <span class='ocrx_word' id='word_1_511' title='bbox 1751 3224 2023 3280; x_wconf 86' lang='lat' dir='ltr'><strong>sinistram</strong></span> <span class='ocrx_word' id='word_1_512' title='bbox 2046 3240 2168 3294; x_wconf 64' lang='lat' dir='ltr'><strong>pro«</strong></span> <span class='ocrx_word' id='word_1_513' title='bbox 2193 3223 2243 3289; x_wconf 76' lang='grc' dir='ltr'>Ο</span> <span class='ocrx_word' id='word_1_514' title='bbox 2271 3229 2402 3286; x_wconf 87' lang='lat' dir='ltr'><strong>bere</strong></span> <span class='ocrx_word' id='word_1_515' title='bbox 2431 3237 2733 3300; x_wconf 89' lang='lat' dir='ltr'><strong>peccatum,</strong></span> <span class='ocrx_word' id='word_1_516' title='bbox 2763 3243 2869 3284; x_wconf 93' lang='lat' dir='ltr'><strong>non</strong></span> <span class='ocrx_word' id='word_1_517' title='bbox 2899 3228 3023 3299; x_wconf 89' lang='lat' dir='ltr'><strong>quia</strong></span> <span class='ocrx_word' id='word_1_518' title='bbox 3052 3227 3122 3282; x_wconf 88' lang='lat' dir='ltr'><strong>ita</strong></span> <span class='ocrx_word' id='word_1_519' title='bbox 3143 3241 3273 3282; x_wconf 91' lang='lat' dir='ltr'><strong>vere</strong></span> <span class='ocrx_word' id='word_1_520' title='bbox 3302 3236 3422 3293; x_wconf 88' lang='lat' dir='ltr'><strong>est;</strong></span> <span class='ocrx_word' id='word_1_521' title='bbox 3454 3225 3699 3280; x_wconf 71' lang='lat' dir='ltr'><strong>anathema</strong></span> <span class='ocrx_word' id='word_1_522' title='bbox 3720 3215 3785 3272; x_wconf 70' lang='grc' dir='ltr'><strong>δίι-</strong></span> 
     </span>
    </p>
   </div>
   <div class='ocr_carea' id='block_1_64' title="bbox 588 3313 1458 3386">
    <p class='ocr_par' dir='ltr' id='par_1_64' title="bbox 588 3313 1458 3386">
     <span class='ocr_line' id='line_1_64' title="bbox 588 3313 1458 3386; baseline 0.002 -16"><span class='ocrx_word' id='word_1_523' title='bbox 588 3314 675 3370; x_wconf 86' lang='lat' dir='ltr'><strong>cul</strong></span> <span class='ocrx_word' id='word_1_524' title='bbox 712 3313 878 3370; x_wconf 87' lang='lat' dir='ltr'><strong>dubio</strong></span> <span class='ocrx_word' id='word_1_525' title='bbox 902 3313 930 3352; x_wconf 70' lang='grc' dir='ltr'><strong>ά</strong></span> <span class='ocrx_word' id='word_1_526' title='bbox 965 3325 1168 3386; x_wconf 91' lang='lat' dir='ltr'><strong>partem</strong></span> <span class='ocrx_word' id='word_1_527' title='bbox 1198 3315 1458 3372; x_wconf 87' lang='lat' dir='ltr'><strong>incurret.</strong></span> 
     </span>
    </p>
   </div>
   <div class='ocr_carea' id='block_1_65' title="bbox 660 3405 2164 3480">
    <p class='ocr_par' dir='ltr' id='par_1_65' title="bbox 660 3405 2164 3480">
     <span class='ocr_line' id='line_1_65' title="bbox 660 3405 2164 3480; baseline 0.001 -18"><span class='ocrx_word' id='word_1_528' title='bbox 660 3405 750 3462; x_wconf 95' lang='lat' dir='ltr'><strong>IV.</strong></span> <span class='ocrx_word' id='word_1_529' title='bbox 782 3405 910 3462; x_wconf 90' lang='lat' dir='ltr'><strong>Item</strong></span> <span class='ocrx_word' id='word_1_530' title='bbox 942 3407 1239 3478; x_wconf 83' lang='lat' dir='ltr'><strong>plaeuit,ut</strong></span> <span class='ocrx_word' id='word_1_531' title='bbox 1269 3408 1570 3479; x_wconf 86' lang='lat' dir='ltr'><strong>quicunque</strong></span> <span class='ocrx_word' id='word_1_532' title='bbox 1591 3409 1785 3465; x_wconf 89' lang='lat' dir='ltr'><strong>dixerit</strong></span> <span class='ocrx_word' id='word_1_533' title='bbox 1805 3409 2029 3480; x_wconf 89' lang='lat' dir='ltr'><strong>gratiam</strong></span> <span class='ocrx_word' id='word_1_534' title='bbox 2046 3409 2164 3478; x_wconf 89' lang='lat' dir='ltr'><strong>Dei,</strong></span> 
     </span>
    </p>
   </div>
   <div class='ocr_carea' id='block_1_66' title="bbox 589 3500 2168 3573">
    <p class='ocr_par' dir='ltr' id='par_1_66' title="bbox 589 3500 2168 3573">
     <span class='ocr_line' id='line_1_66' title="bbox 589 3500 2168 3573; baseline 0.002 -18"><span class='ocrx_word' id='word_1_535' title='bbox 589 3514 694 3572; x_wconf 86' lang='lat' dir='ltr'><strong>qua</strong></span> <span class='ocrx_word' id='word_1_536' title='bbox 728 3511 751 3538; x_wconf 77' lang='grc' dir='ltr'>θ</span> <span class='ocrx_word' id='word_1_537' title='bbox 795 3500 1151 3572; x_wconf 85' lang='lat' dir='ltr'><strong>justilicamur</strong></span> <span class='ocrx_word' id='word_1_538' title='bbox 1206 3518 1302 3573; x_wconf 86' lang='lat' dir='ltr'><strong>per</strong></span> <span class='ocrx_word' id='word_1_539' title='bbox 1352 3503 1534 3559; x_wconf 80' lang='lat' dir='ltr'><strong>Jesum</strong></span> <span class='ocrx_word' id='word_1_540' title='bbox 1578 3503 1844 3560; x_wconf 79' lang='lat' dir='ltr'><strong>Christum</strong></span> <span class='ocrx_word' id='word_1_541' title='bbox 1888 3505 2168 3561; x_wconf 92' lang='lat' dir='ltr'><strong>Dominum</strong></span> 
     </span>
    </p>
   </div>
   <div class='ocr_carea' id='block_1_67' title="bbox 589 3593 2171 3666">
    <p class='ocr_par' dir='ltr' id='par_1_67' title="bbox 589 3593 2171 3666">
     <span class='ocr_line' id='line_1_67' title="bbox 589 3593 2171 3666; baseline 0.001 -18"><span class='ocrx_word' id='word_1_542' title='bbox 589 3600 848 3660; x_wconf 88' lang='lat' dir='ltr'><strong>nostrum,</strong></span> <span class='ocrx_word' id='word_1_543' title='bbox 881 3593 946 3647; x_wconf 88' lang='lat' dir='ltr'><strong>ad</strong></span> <span class='ocrx_word' id='word_1_544' title='bbox 972 3594 1138 3649; x_wconf 87' lang='lat' dir='ltr'><strong>solam</strong></span> <span class='ocrx_word' id='word_1_545' title='bbox 1179 3595 1552 3650; x_wconf 89' lang='lat' dir='ltr'><strong>remissionem</strong></span> <span class='ocrx_word' id='word_1_546' title='bbox 1602 3605 1940 3666; x_wconf 79' lang='lat' dir='ltr'><strong>peucatorum</strong></span> <span class='ocrx_word' id='word_1_547' title='bbox 1992 3595 2171 3651; x_wconf 87' lang='lat' dir='ltr'><strong>valere</strong></span> 
     </span>
    </p>
   </div>
   <div class='ocr_carea' id='block_1_68' title="bbox 590 3684 2165 3757">
    <p class='ocr_par' dir='ltr' id='par_1_68' title="bbox 590 3684 2165 3757">
     <span class='ocr_line' id='line_1_68' title="bbox 590 3684 2165 3757; baseline 0.003 -19"><span class='ocrx_word' id='word_1_548' title='bbox 590 3697 710 3754; x_wconf 70' lang='lat' dir='ltr'><strong>qua:</strong></span> <span class='ocrx_word' id='word_1_549' title='bbox 732 3684 842 3753; x_wconf 88' lang='lat' dir='ltr'><strong>jam</strong></span> <span class='ocrx_word' id='word_1_550' title='bbox 870 3685 1158 3740; x_wconf 88' lang='lat' dir='ltr'><strong>commissa</strong></span> <span class='ocrx_word' id='word_1_551' title='bbox 1187 3695 1328 3752; x_wconf 92' lang='lat' dir='ltr'><strong>sunt,</strong></span> <span class='ocrx_word' id='word_1_552' title='bbox 1378 3701 1484 3741; x_wconf 92' lang='lat' dir='ltr'><strong>non</strong></span> <span class='ocrx_word' id='word_1_553' title='bbox 1515 3687 1674 3742; x_wconf 89' lang='lat' dir='ltr'><strong>etiam</strong></span> <span class='ocrx_word' id='word_1_554' title='bbox 1703 3687 1770 3742; x_wconf 92' lang='lat' dir='ltr'><strong>ad</strong></span> <span class='ocrx_word' id='word_1_555' title='bbox 1801 3687 2123 3757; x_wconf 88' lang='lat' dir='ltr'><strong>adjutorium</strong></span> <span class='ocrx_word' id='word_1_556' title='bbox 2146 3728 2165 3755; x_wconf 88' lang='lat'><strong>,</strong></span> 
     </span>
    </p>
   </div>
   <div class='ocr_carea' id='block_1_69' title="bbox 593 3781 1682 3847">
    <p class='ocr_par' dir='ltr' id='par_1_69' title="bbox 593 3781 1682 3847">
     <span class='ocr_line' id='line_1_69' title="bbox 593 3781 1682 3847; baseline 0.004 -13"><span class='ocrx_word' id='word_1_557' title='bbox 593 3787 651 3834; x_wconf 87' lang='lat' dir='ltr'><strong>ut</strong></span> <span class='ocrx_word' id='word_1_558' title='bbox 679 3794 784 3834; x_wconf 92' lang='lat' dir='ltr'><strong>non</strong></span> <span class='ocrx_word' id='word_1_559' title='bbox 812 3781 1251 3847; x_wconf 90' lang='lat' dir='ltr'><strong>committantur;</strong></span> <span class='ocrx_word' id='word_1_560' title='bbox 1282 3783 1564 3838; x_wconf 87' lang='lat' dir='ltr'><strong>anathema</strong></span> <span class='ocrx_word' id='word_1_561' title='bbox 1594 3784 1682 3838; x_wconf 85' lang='lat' dir='ltr'><strong>sit.</strong></span> 
     </span>
    </p>
   </div>
   <div class='ocr_carea' id='block_1_70' title="bbox 669 3869 2168 3949">
    <p class='ocr_par' dir='ltr' id='par_1_70' title="bbox 669 3869 2168 3949">
     <span class='ocr_line' id='line_1_70' title="bbox 669 3869 2168 3949; baseline 0.005 -23"><span class='ocrx_word' id='word_1_562' title='bbox 669 3869 730 3927; x_wconf 89' lang='lat' dir='ltr'><strong>V.</strong></span> <span class='ocrx_word' id='word_1_563' title='bbox 766 3869 786 3909; x_wconf 73' lang='grc' dir='ltr'>ί</span> <span class='ocrx_word' id='word_1_564' title='bbox 819 3870 948 3928; x_wconf 91' lang='lat' dir='ltr'><strong>Item</strong></span> <span class='ocrx_word' id='word_1_565' title='bbox 976 3873 1191 3943; x_wconf 87' lang='lat' dir='ltr'><strong>placuit,</strong></span> <span class='ocrx_word' id='word_1_566' title='bbox 1220 3884 1278 3930; x_wconf 94' lang='lat' dir='ltr'><strong>ut</strong></span> <span class='ocrx_word' id='word_1_567' title='bbox 1307 3876 1350 3930; x_wconf 90' lang='lat' dir='ltr'><strong>si</strong></span> <span class='ocrx_word' id='word_1_568' title='bbox 1375 3876 1493 3947; x_wconf 89' lang='lat' dir='ltr'><strong>quis</strong></span> <span class='ocrx_word' id='word_1_569' title='bbox 1531 3876 1725 3933; x_wconf 83' lang='lat' dir='ltr'><strong>dixerit</strong></span> <span class='ocrx_word' id='word_1_570' title='bbox 1764 3876 2008 3934; x_wconf 90' lang='lat' dir='ltr'><strong>eamdem</strong></span> <span class='ocrx_word' id='word_1_571' title='bbox 2045 3892 2168 3949; x_wconf 82' lang='lat' dir='ltr'><strong>gra-</strong></span> 
     </span>
    </p>
   </div>
   <div class='ocr_carea' id='block_1_71' title="bbox 671 4164 2168 4237">
    <p class='ocr_par' dir='ltr' id='par_1_71' title="bbox 671 4164 2168 4237">
     <span class='ocr_line' id='line_1_71' title="bbox 671 4164 2168 4237; baseline 0 -15"><span class='ocrx_word' id='word_1_572' title='bbox 671 4177 698 4206; x_wconf 75' lang='grc' dir='ltr'>ι</span> <span class='ocrx_word' id='word_1_573' title='bbox 735 4167 937 4236; x_wconf 77' lang='lat' dir='ltr'><strong>Queen.</strong></span> <span class='ocrx_word' id='word_1_574' title='bbox 974 4164 1163 4222; x_wconf 86' lang='lat' dir='ltr'><strong>inserit</strong></span> <span class='ocrx_word' id='word_1_575' title='bbox 1197 4183 1282 4222; x_wconf 87' lang='lat' dir='ltr'><strong>eos</strong></span> <span class='ocrx_word' id='word_1_576' title='bbox 1311 4182 1331 4223; x_wconf 91' lang='lat'><strong><em>:</em></strong></span> <span class='ocrx_word' id='word_1_577' title='bbox 1355 4166 1650 4226; x_wconf 87' lang='lat' dir='ltr'><strong>delevimus</strong></span> <span class='ocrx_word' id='word_1_578' title='bbox 1691 4181 1813 4224; x_wconf 89' lang='lat' dir='ltr'><strong>cum</strong></span> <span class='ocrx_word' id='word_1_579' title='bbox 1844 4180 1948 4223; x_wconf 89' lang='lat' dir='ltr'><strong>ms.</strong></span> <span class='ocrx_word' id='word_1_580' title='bbox 1984 4167 2168 4237; x_wconf 88' lang='lat' dir='ltr'><strong>Vind.,</strong></span> 
     </span>
    </p>
   </div>
   <div class='ocr_carea' id='block_1_72' title="bbox 595 4238 1400 4296">
    <p class='ocr_par' dir='ltr' id='par_1_72' title="bbox 595 4238 1400 4296">
     <span class='ocr_line' id='line_1_72' title="bbox 595 4238 1400 4296; baseline -0.004 -1"><span class='ocrx_word' id='word_1_581' title='bbox 595 4239 681 4296; x_wconf 87' lang='lat' dir='ltr'><strong>cui</strong></span> <span class='ocrx_word' id='word_1_582' title='bbox 707 4238 994 4294; x_wconf 91' lang='lat' dir='ltr'><strong>concinunt</strong></span> <span class='ocrx_word' id='word_1_583' title='bbox 1015 4238 1169 4292; x_wconf 91' lang='lat' dir='ltr'><strong>Dion.</strong></span> <span class='ocrx_word' id='word_1_584' title='bbox 1197 4249 1251 4293; x_wconf 90' lang='lat' dir='ltr'><strong>et</strong></span> <span class='ocrx_word' id='word_1_585' title='bbox 1277 4238 1400 4292; x_wconf 89' lang='lat' dir='ltr'><strong>Isid.</strong></span> 
     </span>
    </p>
   </div>
   <div class='ocr_carea' id='block_1_73' title="bbox 669 4309 1503 4376">
    <p class='ocr_par' dir='ltr' id='par_1_73' title="bbox 669 4309 1503 4376">
     <span class='ocr_line' id='line_1_73' title="bbox 669 4309 1503 4376; baseline 0 -12"><span class='ocrx_word' id='word_1_586' title='bbox 669 4309 696 4350; x_wconf 72' lang='grc' dir='ltr'>δ</span> <span class='ocrx_word' id='word_1_587' title='bbox 732 4309 914 4376; x_wconf 72' lang='lat' dir='ltr'><strong>Diom,</strong></span> <span class='ocrx_word' id='word_1_588' title='bbox 941 4325 1043 4364; x_wconf 84' lang='lat' dir='ltr'><strong>non</strong></span> <span class='ocrx_word' id='word_1_589' title='bbox 1069 4325 1206 4372; x_wconf 82' lang='lat' dir='ltr'><strong>uera,</strong></span> <span class='ocrx_word' id='word_1_590' title='bbox 1239 4312 1328 4364; x_wconf 86' lang='lat' dir='ltr'><strong>sed</strong></span> <span class='ocrx_word' id='word_1_591' title='bbox 1350 4309 1503 4374; x_wconf 84' lang='lat' dir='ltr'><strong>falsa.</strong></span> 
     </span>
    </p>
   </div>
   <div class='ocr_carea' id='block_1_74' title="bbox 671 4379 2171 4448">
    <p class='ocr_par' dir='ltr' id='par_1_74' title="bbox 671 4379 2171 4448">
     <span class='ocr_line' id='line_1_74' title="bbox 671 4379 2171 4448; baseline 0.001 -14"><span class='ocrx_word' id='word_1_592' title='bbox 671 4393 694 4421; x_wconf 73' lang='grc' dir='ltr'><strong><em>ο</em></strong></span> <span class='ocrx_word' id='word_1_593' title='bbox 732 4381 1048 4448; x_wconf 86' lang='lat' dir='ltr'><strong>Quesnellus</strong></span> <span class='ocrx_word' id='word_1_594' title='bbox 1074 4379 1213 4434; x_wconf 84' lang='lat' dir='ltr'><strong>hanc</strong></span> <span class='ocrx_word' id='word_1_595' title='bbox 1240 4381 1502 4448; x_wconf 88' lang='lat' dir='ltr'><strong>postillam</strong></span> <span class='ocrx_word' id='word_1_596' title='bbox 1533 4379 1703 4435; x_wconf 84' lang='lat' dir='ltr'><strong>amxit</strong></span> <span class='ocrx_word' id='word_1_597' title='bbox 1731 4399 1742 4434; x_wconf 88' lang='lat'><strong>:</strong></span> <span class='ocrx_word' id='word_1_598' title='bbox 1775 4381 1890 4436; x_wconf 80' lang='lat' dir='ltr'><strong>Hoc</strong></span> <span class='ocrx_word' id='word_1_599' title='bbox 1915 4381 2171 4436; x_wconf 78' lang='lat' dir='ltr'><strong>decretum</strong></span> 
     </span>
    </p>
   </div>
   <div class='ocr_carea' id='block_1_75' title="bbox 595 4451 2173 4523">
    <p class='ocr_par' dir='ltr' id='par_1_75' title="bbox 595 4451 2173 4523">
     <span class='ocr_line' id='line_1_75' title="bbox 595 4451 2173 4523; baseline -0.001 -15"><span class='ocrx_word' id='word_1_600' title='bbox 595 4456 650 4508; x_wconf 80' lang='lat' dir='ltr'><strong>in</strong></span> <span class='ocrx_word' id='word_1_601' title='bbox 676 4453 924 4522; x_wconf 86' lang='lat' dir='ltr'><strong>plerisque</strong></span> <span class='ocrx_word' id='word_1_602' title='bbox 943 4451 1246 4523; x_wconf 82' lang='lat' dir='ltr'><strong>editionibus</strong></span> <span class='ocrx_word' id='word_1_603' title='bbox 1269 4467 1370 4506; x_wconf 89' lang='lat' dir='ltr'><strong>non</strong></span> <span class='ocrx_word' id='word_1_604' title='bbox 1401 4453 1603 4523; x_wconf 88' lang='lat' dir='ltr'><strong>legitur.</strong></span> <span class='ocrx_word' id='word_1_605' title='bbox 1639 4451 1818 4506; x_wconf 87' lang='lat' dir='ltr'><strong>Binius</strong></span> <span class='ocrx_word' id='word_1_606' title='bbox 1844 4453 2029 4522; x_wconf 82' lang='lat' dir='ltr'><strong>aliique</strong></span> <span class='ocrx_word' id='word_1_607' title='bbox 2061 4469 2173 4507; x_wconf 77' lang='lat' dir='ltr'><strong>con-</strong></span> 
     </span>
    </p>
   </div>
   <div class='ocr_carea' id='block_1_76' title="bbox 595 4521 2172 4580">
    <p class='ocr_par' dir='ltr' id='par_1_76' title="bbox 595 4521 2172 4580">
     <span class='ocr_line' id='line_1_76' title="bbox 595 4521 2172 4580; baseline -0.001 -1"><span class='ocrx_word' id='word_1_608' title='bbox 595 4521 1066 4580; x_wconf 32' lang='lat' dir='ltr'><strong>ciliorum’editores</strong></span> <span class='ocrx_word' id='word_1_609' title='bbox 1092 4521 1224 4575; x_wconf 87' lang='lat' dir='ltr'><strong>illud</strong></span> <span class='ocrx_word' id='word_1_610' title='bbox 1254 4523 1433 4577; x_wconf 75' lang='lat' dir='ltr'><strong>excudi</strong></span> <span class='ocrx_word' id='word_1_611' title='bbox 1450 4521 1710 4577; x_wconf 54' lang='lat' dir='ltr'><strong>&#39;curarunt</strong></span> <span class='ocrx_word' id='word_1_612' title='bbox 1740 4521 2024 4577; x_wconf 34' lang='lat' dir='ltr'><strong>diverso&#39;ab</strong></span> <span class='ocrx_word' id='word_1_613' title='bbox 2054 4524 2172 4577; x_wconf 87' lang='lat' dir='ltr'><strong>aliis</strong></span> 
     </span>
    </p>
   </div>
   <div class='ocr_carea' id='block_1_77' title="bbox 599 4593 2168 4662">
    <p class='ocr_par' dir='ltr' id='par_1_77' title="bbox 599 4593 2168 4662">
     <span class='ocr_line' id='line_1_77' title="bbox 599 4593 2168 4662; baseline -0.001 -14"><span class='ocrx_word' id='word_1_614' title='bbox 599 4595 810 4648; x_wconf 87' lang='lat' dir='ltr'><strong>decretis</strong></span> <span class='ocrx_word' id='word_1_615' title='bbox 830 4599 1152 4657; x_wconf 83' lang='lat' dir='ltr'><strong>charactere;</strong></span> <span class='ocrx_word' id='word_1_616' title='bbox 1178 4603 1324 4662; x_wconf 87' lang='lat' dir='ltr'><strong>atque</strong></span> <span class='ocrx_word' id='word_1_617' title='bbox 1341 4594 1414 4646; x_wconf 92' lang='lat' dir='ltr'><strong>ita</strong></span> <span class='ocrx_word' id='word_1_618' title='bbox 1438 4609 1502 4647; x_wconf 80' lang='lat' dir='ltr'><strong>ea:</strong></span> <span class='ocrx_word' id='word_1_619' title='bbox 1518 4594 1853 4648; x_wconf 72' lang='lat' dir='ltr'><strong>vetustissimo</strong></span> <span class='ocrx_word' id='word_1_620' title='bbox 1875 4593 2049 4647; x_wconf 87' lang='lat' dir='ltr'><strong>codice</strong></span> <span class='ocrx_word' id='word_1_621' title='bbox 2074 4611 2168 4647; x_wconf 89' lang='lat' dir='ltr'><strong>ms.</strong></span> 
     </span>
    </p>
   </div>
   <div class='ocr_carea' id='block_1_78' title="bbox 598 4663 2170 4733">
    <p class='ocr_par' dir='ltr' id='par_1_78' title="bbox 598 4663 2170 4733">
     <span class='ocr_line' id='line_1_78' title="bbox 598 4663 2170 4733; baseline -0.002 -15"><span class='ocrx_word' id='word_1_622' title='bbox 598 4681 653 4718; x_wconf 89' lang='lat' dir='ltr'><strong>se</strong></span> <span class='ocrx_word' id='word_1_623' title='bbox 681 4663 930 4731; x_wconf 88' lang='lat' dir='ltr'><strong>accepisse</strong></span> <span class='ocrx_word' id='word_1_624' title='bbox 964 4663 1285 4733; x_wconf 77' lang='lat' dir='ltr'><strong>proﬁtentur.</strong></span> <span class='ocrx_word' id='word_1_625' title='bbox 1318 4664 1634 4731; x_wconf 89' lang='lat' dir='ltr'><strong>Intelligitur</strong></span> <span class='ocrx_word' id='word_1_626' title='bbox 1668 4665 2060 4719; x_wconf 88' lang='lat' dir='ltr'><strong>vetustissimus</strong></span> <span class='ocrx_word' id='word_1_627' title='bbox 2080 4679 2170 4718; x_wconf 86' lang='lat' dir='ltr'><strong>co-</strong></span> 
     </span>
    </p>
   </div>
   <div class='ocr_carea' id='block_1_79' title="bbox 599 4732 2174 4804">
    <p class='ocr_par' dir='ltr' id='par_1_79' title="bbox 599 4732 2174 4804">
     <span class='ocr_line' id='line_1_79' title="bbox 599 4732 2174 4804; baseline 0.001 -16"><span class='ocrx_word' id='word_1_628' title='bbox 599 4734 703 4804; x_wconf 87' lang='lat' dir='ltr'><strong>dex</strong></span> <span class='ocrx_word' id='word_1_629' title='bbox 744 4735 899 4800; x_wconf 86' lang='lat' dir='ltr'><strong>hujus</strong></span> <span class='ocrx_word' id='word_1_630' title='bbox 939 4732 1267 4804; x_wconf 65' lang='lat' dir='ltr'><strong>collectionis</strong></span> <span class='ocrx_word' id='word_1_631' title='bbox 1303 4734 1585 4804; x_wconf 83' lang='lat' dir='ltr'><strong>aCrabbo</strong></span> <span class='ocrx_word' id='word_1_632' title='bbox 1628 4734 1930 4799; x_wconf 87' lang='lat' dir='ltr'><strong>adhibitus;</strong></span> <span class='ocrx_word' id='word_1_633' title='bbox 1974 4750 2039 4788; x_wconf 90' lang='lat' dir='ltr'><strong>ex</strong></span> <span class='ocrx_word' id='word_1_634' title='bbox 2069 4749 2174 4804; x_wconf 91' lang='lat' dir='ltr'><strong>quo</strong></span> 
     </span>
    </p>
   </div>
   <div class='ocr_carea' id='block_1_80' title="bbox 598 4802 2169 4873">
    <p class='ocr_par' dir='ltr' id='par_1_80' title="bbox 598 4802 2169 4873">
     <span class='ocr_line' id='line_1_80' title="bbox 598 4802 2169 4873; baseline 0.001 -14"><span class='ocrx_word' id='word_1_635' title='bbox 598 4803 741 4860; x_wconf 88' lang='lat' dir='ltr'><strong>idem</strong></span> <span class='ocrx_word' id='word_1_636' title='bbox 769 4804 1045 4858; x_wconf 81' lang='lat' dir='ltr'><strong>decretum</strong></span> <span class='ocrx_word' id='word_1_637' title='bbox 1083 4802 1134 4857; x_wconf 90' lang='lat' dir='ltr'><strong>in</strong></span> <span class='ocrx_word' id='word_1_638' title='bbox 1162 4803 1485 4873; x_wconf 86' lang='lat' dir='ltr'><strong>posteriores</strong></span> <span class='ocrx_word' id='word_1_639' title='bbox 1519 4803 1875 4860; x_wconf 87' lang='lat' dir='ltr'><strong>Conciliorutn</strong></span> <span class='ocrx_word' id='word_1_640' title='bbox 1906 4802 2169 4860; x_wconf 77' lang='lat' dir='ltr'><strong>transivit.</strong></span> 
     </span>
    </p>
   </div>
   <div class='ocr_carea' id='block_1_81' title="bbox 598 4873 2170 4944">
    <p class='ocr_par' dir='ltr' id='par_1_81' title="bbox 598 4873 2170 4944">
     <span class='ocr_line' id='line_1_81' title="bbox 598 4873 2170 4944; baseline 0.001 -15"><span class='ocrx_word' id='word_1_641' title='bbox 598 4875 814 4930; x_wconf 81' lang='lat' dir='ltr'><strong>Confer.</strong></span> <span class='ocrx_word' id='word_1_642' title='bbox 862 4882 1044 4927; x_wconf 69' lang='lat' dir='ltr'><strong>anuut.</strong></span> <span class='ocrx_word' id='word_1_643' title='bbox 1084 4877 1134 4927; x_wconf 81' lang='grc'><strong>1.</strong></span> <span class='ocrx_word' id='word_1_644' title='bbox 1177 4873 1320 4941; x_wconf 83' lang='lat' dir='ltr'><strong>Mox,</strong></span> <span class='ocrx_word' id='word_1_645' title='bbox 1364 4875 1487 4928; x_wconf 85' lang='lat' dir='ltr'><strong>dicit</strong></span> <span class='ocrx_word' id='word_1_646' title='bbox 1524 4875 1836 4944; x_wconf 89' lang='lat' dir='ltr'><strong>scripsimus</strong></span> <span class='ocrx_word' id='word_1_647' title='bbox 1875 4889 1998 4930; x_wconf 89' lang='lat' dir='ltr'><strong>cum</strong></span> <span class='ocrx_word' id='word_1_648' title='bbox 2050 4875 2170 4930; x_wconf 92' lang='lat' dir='ltr'><strong>cod.</strong></span> 
     </span>
    </p>
   </div>
   <div class='ocr_carea' id='block_1_82' title="bbox 599 4944 1793 5012">
    <p class='ocr_par' dir='ltr' id='par_1_82' title="bbox 599 4944 1793 5012">
     <span class='ocr_line' id='line_1_82' title="bbox 599 4944 1793 5012; baseline 0.003 -13"><span class='ocrx_word' id='word_1_649' title='bbox 599 4944 758 5000; x_wconf 88' lang='lat' dir='ltr'><strong>Vittd.</strong></span> <span class='ocrx_word' id='word_1_650' title='bbox 787 4955 840 4999; x_wconf 93' lang='lat' dir='ltr'><strong>et</strong></span> <span class='ocrx_word' id='word_1_651' title='bbox 862 4959 960 4998; x_wconf 93' lang='lat' dir='ltr'><strong>ms.</strong></span> <span class='ocrx_word' id='word_1_652' title='bbox 990 4944 1202 4999; x_wconf 89' lang='lat' dir='ltr'><strong>Crahbi.</strong></span> <span class='ocrx_word' id='word_1_653' title='bbox 1227 4944 1564 5012; x_wconf 85' lang='lat' dir='ltr'><strong>Quesneilus,</strong></span> <span class='ocrx_word' id='word_1_654' title='bbox 1589 4947 1793 5004; x_wconf 76' lang='lat' dir='ltr'><strong>dixerit.</strong></span> 
     </span>
    </p>
   </div>
   <div class='ocr_carea' id='block_1_83' title="bbox 669 4990 2252 5085">
    <p class='ocr_par' dir='ltr' id='par_1_83' title="bbox 669 4990 2252 5085">
     <span class='ocr_line' id='line_1_83' title="bbox 669 4990 2252 5085; baseline 0 -14"><span class='ocrx_word' id='word_1_655' title='bbox 669 4990 1050 5071; x_wconf 61' lang='grc' dir='ltr'><strong>δ’Ᾱᾶἱιὶἇῐιὶιιῖἐ</strong></span> <span class='ocrx_word' id='word_1_656' title='bbox 1063 4990 1895 5085; x_wconf 45' lang='lat' dir='ltr'><strong>&quot;pa-riefc&#39;iiin&quot;£5§é.132i{Sinus</strong></span> <span class='ocrx_word' id='word_1_657' title='bbox 1928 5015 2086 5071; x_wconf 89' lang='lat' dir='ltr'><strong>Vind.</strong></span> <span class='ocrx_word' id='word_1_658' title='bbox 2119 5024 2175 5071; x_wconf 87' lang='lat' dir='ltr'><strong>et</strong></span> <span class='ocrx_word' id='word_1_659' title='bbox 2201 4990 2252 5051; x_wconf 84' lang='grc'><strong>1)</strong></span> 
     </span>
    </p>
   </div>
   <div class='ocr_carea' id='block_1_84' title="bbox 597 5085 2172 5167">
    <p class='ocr_par' dir='ltr' id='par_1_84' title="bbox 597 5085 2172 5167">
     <span class='ocr_line' id='line_1_84' title="bbox 597 5085 2172 5167; baseline -0.001 -23"><span class='ocrx_word' id='word_1_660' title='bbox 597 5086 820 5151; x_wconf 71' lang='grc' dir='ltr'><strong>ιτςιδὺί,</strong></span> <span class='ocrx_word' id='word_1_661' title='bbox 861 5085 950 5154; x_wconf 88' lang='lat' dir='ltr'><strong>qui</strong></span> <span class='ocrx_word' id='word_1_662' title='bbox 993 5098 1313 5167; x_wconf 61' lang='lat' dir='ltr'><strong>postremus</strong></span> <span class='ocrx_word' id='word_1_663' title='bbox 1367 5089 1526 5157; x_wconf 83' lang='lat' dir='ltr'><strong>paulo</strong></span> <span class='ocrx_word' id='word_1_664' title='bbox 1577 5097 1702 5144; x_wconf 90' lang='lat' dir='ltr'><strong>ante</strong></span> <span class='ocrx_word' id='word_1_665' title='bbox 1740 5087 1900 5144; x_wconf 86' lang='lat' dir='ltr'><strong>habet</strong></span> <span class='ocrx_word' id='word_1_666' title='bbox 1950 5087 2172 5143; x_wconf 79' lang='lat' dir='ltr'><strong>colueres</strong></span> 
     </span>
    </p>
   </div>
   <div class='ocr_carea' id='block_1_85' title="bbox 595 5153 1351 5214">
    <p class='ocr_par' dir='ltr' id='par_1_85' title="bbox 595 5153 1351 5214">
     <span class='ocr_line' id='line_1_85' title="bbox 595 5153 1351 5214; baseline -0.008 0"><span class='ocrx_word' id='word_1_667' title='bbox 595 5168 704 5214; x_wconf 64' lang='lat' dir='ltr'><strong>asc</strong></span> <span class='ocrx_word' id='word_1_668' title='bbox 723 5175 824 5211; x_wconf 79' lang='lat' dir='ltr'><strong>non</strong></span> <span class='ocrx_word' id='word_1_669' title='bbox 846 5153 1024 5210; x_wconf 82' lang='lat' dir='ltr'><strong>meruit</strong></span> <span class='ocrx_word' id='word_1_670' title='bbox 1047 5153 1256 5210; x_wconf 79' lang='lat' dir='ltr'><strong>Christi.</strong></span> <span class='ocrx_word' id='word_1_671' title='bbox 1344 5201 1351 5208; x_wconf 95' lang='lat'><strong>.</strong></span> 
     </span>
    </p>
   </div>
   <div class='ocr_carea' id='block_1_86' title="bbox 670 5227 1571 5300">
    <p class='ocr_par' dir='ltr' id='par_1_86' title="bbox 670 5227 1571 5300">
     <span class='ocr_line' id='line_1_86' title="bbox 670 5227 1571 5300; baseline 0.001 -19"><span class='ocrx_word' id='word_1_672' title='bbox 670 5240 695 5300; x_wconf 53' lang='grc' dir='ltr'>ἐ</span> <span class='ocrx_word' id='word_1_673' title='bbox 736 5229 914 5295; x_wconf 84' lang='lat' dir='ltr'><strong>Dion.,</strong></span> <span class='ocrx_word' id='word_1_674' title='bbox 938 5227 1255 5300; x_wconf 76' lang='lat' dir='ltr'><strong>justiﬁcatur</strong></span> <span class='ocrx_word' id='word_1_675' title='bbox 1282 5227 1432 5282; x_wconf 86' lang='lat' dir='ltr'><strong>homo</strong></span> <span class='ocrx_word' id='word_1_676' title='bbox 1461 5245 1571 5300; x_wconf 88' lang='lat' dir='ltr'><strong>per.</strong></span> 
     </span>
    </p>
   </div>
   <div class='ocr_carea' id='block_1_87' title="bbox 673 5297 1779 5369">
    <p class='ocr_par' dir='ltr' id='par_1_87' title="bbox 673 5297 1779 5369">
     <span class='ocr_line' id='line_1_87' title="bbox 673 5297 1779 5369; baseline 0.002 -17"><span class='ocrx_word' id='word_1_677' title='bbox 673 5299 692 5337; x_wconf 71' lang='grc' dir='ltr'><em>τ</em></span> <span class='ocrx_word' id='word_1_678' title='bbox 737 5300 891 5353; x_wconf 87' lang='lat' dir='ltr'><strong>Dion.</strong></span> <span class='ocrx_word' id='word_1_679' title='bbox 917 5308 970 5369; x_wconf 72' lang='lat' dir='ltr'><strong>et</strong></span> <span class='ocrx_word' id='word_1_680' title='bbox 997 5297 1141 5362; x_wconf 88' lang='lat' dir='ltr'><strong>lsid.,</strong></span> <span class='ocrx_word' id='word_1_681' title='bbox 1169 5297 1299 5352; x_wconf 89' lang='lat' dir='ltr'><strong>Item</strong></span> <span class='ocrx_word' id='word_1_682' title='bbox 1319 5297 1547 5369; x_wconf 75' lang='lat' dir='ltr'><strong>quisquis</strong></span> <span class='ocrx_word' id='word_1_683' title='bbox 1575 5299 1779 5354; x_wconf 73' lang='lat' dir='ltr'><strong>dixerit.</strong></span> 
     </span>
    </p>
   </div>
   <div class='ocr_carea' id='block_1_88' title="bbox 667 5368 2170 5438">
    <p class='ocr_par' dir='ltr' id='par_1_88' title="bbox 667 5368 2170 5438">
     <span class='ocr_line' id='line_1_88' title="bbox 667 5368 2170 5438; baseline 0.004 -16"><span class='ocrx_word' id='word_1_684' title='bbox 667 5380 692 5416; x_wconf 75' lang='grc' dir='ltr'>ε</span> <span class='ocrx_word' id='word_1_685' title='bbox 735 5370 896 5424; x_wconf 88' lang='lat' dir='ltr'><strong>Iidem</strong></span> <span class='ocrx_word' id='word_1_686' title='bbox 944 5368 1101 5423; x_wconf 92' lang='lat' dir='ltr'><strong>Dion.</strong></span> <span class='ocrx_word' id='word_1_687' title='bbox 1151 5378 1204 5422; x_wconf 88' lang='lat' dir='ltr'><strong>et</strong></span> <span class='ocrx_word' id='word_1_688' title='bbox 1250 5368 1374 5423; x_wconf 86' lang='lat' dir='ltr'><strong>Isid.</strong></span> <span class='ocrx_word' id='word_1_689' title='bbox 1420 5368 1621 5423; x_wconf 89' lang='lat' dir='ltr'><strong>addunt</strong></span> <span class='ocrx_word' id='word_1_690' title='bbox 1649 5385 1789 5425; x_wconf 87' lang='lat' dir='ltr'><strong>nos:</strong></span> <span class='ocrx_word' id='word_1_691' title='bbox 1829 5385 1949 5426; x_wconf 92' lang='lat' dir='ltr'><strong>cum</strong></span> <span class='ocrx_word' id='word_1_692' title='bbox 1979 5371 2170 5438; x_wconf 89' lang='lat' dir='ltr'><strong>quibus</strong></span> 
     </span>
    </p>
   </div>
   <div class='ocr_carea' id='block_1_89' title="bbox 596 5439 2171 5522">
    <p class='ocr_par' dir='ltr' id='par_1_89' title="bbox 596 5439 2171 5522">
     <span class='ocr_line' id='line_1_89' title="bbox 596 5439 2171 5522; baseline 0.001 -26"><span class='ocrx_word' id='word_1_693' title='bbox 596 5441 717 5497; x_wconf 87' lang='lat' dir='ltr'><strong>dein</strong></span> <span class='ocrx_word' id='word_1_694' title='bbox 744 5439 1147 5522; x_wconf 67' lang='lat' dir='ltr'><strong>emendavimus</strong></span> <span class='ocrx_word' id='word_1_695' title='bbox 1174 5455 1263 5522; x_wconf 69' lang='lat' dir='ltr'><strong>per</strong></span> <span class='ocrx_word' id='word_1_696' title='bbox 1284 5441 1482 5507; x_wconf 87' lang='lat' dir='ltr'><strong>ipsam;</strong></span> <span class='ocrx_word' id='word_1_697' title='bbox 1514 5440 1564 5494; x_wconf 90' lang='lat' dir='ltr'><strong>id</strong></span> <span class='ocrx_word' id='word_1_698' title='bbox 1587 5442 1728 5495; x_wconf 88' lang='lat' dir='ltr'><strong>enim</strong></span> <span class='ocrx_word' id='word_1_699' title='bbox 1756 5442 1920 5512; x_wconf 78' lang='lat' dir='ltr'><strong>exigit</strong></span> <span class='ocrx_word' id='word_1_700' title='bbox 1941 5457 2171 5512; x_wconf 88' lang='lat' dir='ltr'><strong>sequens</strong></span> 
     </span>
    </p>
   </div>
   <div class='ocr_carea' id='block_1_90' title="bbox 596 5512 2170 5652">
    <p class='ocr_par' dir='ltr' id='par_1_90' title="bbox 596 5512 2170 5652">
     <span class='ocr_line' id='line_1_90' title="bbox 596 5512 1773 5580; baseline -0.002 -12"><span class='ocrx_word' id='word_1_701' title='bbox 596 5523 875 5568; x_wconf 87' lang='lat' dir='ltr'><strong>contextus</strong></span> <span class='ocrx_word' id='word_1_702' title='bbox 905 5526 994 5579; x_wconf 88' lang='lat' dir='ltr'><strong>per</strong></span> <span class='ocrx_word' id='word_1_703' title='bbox 1019 5512 1182 5564; x_wconf 82' lang='lat' dir='ltr'><strong>illaut.</strong></span> <span class='ocrx_word' id='word_1_704' title='bbox 1208 5512 1434 5576; x_wconf 81' lang='lat' dir='ltr'><strong>Quesn..</strong></span> <span class='ocrx_word' id='word_1_705' title='bbox 1468 5527 1558 5578; x_wconf 85' lang='lat' dir='ltr'><strong>per</strong></span> <span class='ocrx_word' id='word_1_706' title='bbox 1587 5516 1773 5580; x_wconf 84' lang='lat' dir='ltr'><strong>ipsum.</strong></span> 
     </span>
     <span class='ocr_line' id='line_1_91' title="bbox 667 5579 2170 5652; baseline 0.002 -17"><span class='ocrx_word' id='word_1_707' title='bbox 667 5579 696 5618; x_wconf 72' lang='grc'><strong><em>³³</em></strong></span> <span class='ocrx_word' id='word_1_708' title='bbox 735 5584 807 5636; x_wconf 89' lang='lat' dir='ltr'><strong>lla</strong></span> <span class='ocrx_word' id='word_1_709' title='bbox 833 5583 960 5635; x_wconf 75' lang='lat' dir='ltr'><strong>cod.</strong></span> <span class='ocrx_word' id='word_1_710' title='bbox 993 5580 1361 5652; x_wconf 35' lang='lat' dir='ltr'><strong>Vtttdebrcutu</strong></span> <span class='ocrx_word' id='word_1_711' title='bbox 1392 5580 1668 5652; x_wconf 81' lang='lat' dir='ltr'><strong>Dionysio,</strong></span> <span class='ocrx_word' id='word_1_712' title='bbox 1698 5581 1920 5647; x_wconf 88' lang='lat' dir='ltr'><strong>Isidoro,</strong></span> <span class='ocrx_word' id='word_1_713' title='bbox 1947 5593 2002 5638; x_wconf 92' lang='lat' dir='ltr'><strong>et</strong></span> <span class='ocrx_word' id='word_1_714' title='bbox 2033 5583 2170 5638; x_wconf 84' lang='lat' dir='ltr'><strong>Pro-</strong></span> 
     </span>
    </p>
   </div>
   <div class='ocr_carea' id='block_1_91' title="bbox 597 5649 2172 5779">
    <p class='ocr_par' dir='ltr' id='par_1_91' title="bbox 597 5649 2172 5779">
     <span class='ocr_line' id='line_1_92' title="bbox 597 5649 2172 5779; baseline 0.002 -74"><span class='ocrx_word' id='word_1_715' title='bbox 597 5666 756 5779; x_wconf 50' lang='grc' dir='ltr'><strong>Ἀδετο</strong></span> <span class='ocrx_word' id='word_1_716' title='bbox 787 5667 837 5707; x_wconf 93' lang='lat' dir='ltr'><strong>c.</strong></span> <span class='ocrx_word' id='word_1_717' title='bbox 879 5652 914 5705; x_wconf 79' lang='grc'><strong>5</strong></span> <span class='ocrx_word' id='word_1_718' title='bbox 939 5660 1124 5705; x_wconf 84' lang='lat' dir='ltr'><strong>contra</strong></span> <span class='ocrx_word' id='word_1_719' title='bbox 1153 5649 1408 5706; x_wconf 87' lang='lat' dir='ltr'><strong>Collator.</strong></span> <span class='ocrx_word' id='word_1_720' title='bbox 1432 5649 1771 5721; x_wconf 70' lang='lat' dir='ltr'><strong>Quesnellus,</strong></span> <span class='ocrx_word' id='word_1_721' title='bbox 1802 5669 1918 5708; x_wconf 83' lang='lat' dir='ltr'><strong>vere</strong></span> <span class='ocrx_word' id='word_1_722' title='bbox 1949 5656 2009 5708; x_wconf 89' lang='lat' dir='ltr'><strong>de</strong></span> <span class='ocrx_word' id='word_1_723' title='bbox 2037 5655 2172 5708; x_wconf 89' lang='lat' dir='ltr'><strong>dono</strong></span> 
     </span>
     <span class='ocr_line' id='line_1_93' title="bbox 652 5722 2172 5779; baseline 0.002 -3"><span class='ocrx_word' id='word_1_724' title='bbox 652 5722 697 5776; x_wconf 90' lang='lat' dir='ltr'><strong>ei</strong></span> <span class='ocrx_word' id='word_1_725' title='bbox 717 5760 734 5779; x_wconf 88' lang='lat'><strong>.</strong></span> <span class='ocrx_word' id='word_1_726' title='bbox 761 5731 805 5776; x_wconf 84' lang='lat' dir='ltr'><strong>et</strong></span> <span class='ocrx_word' id='word_1_727' title='bbox 832 5723 958 5776; x_wconf 87' lang='lat' dir='ltr'><strong>scire</strong></span> <span class='ocrx_word' id='word_1_728' title='bbox 985 5723 1104 5779; x_wconf 68' lang='lat' dir='ltr'><strong>quid</strong></span> <span class='ocrx_word' id='word_1_729' title='bbox 1133 5723 1376 5779; x_wconf 80' lang='lat' dir='ltr'><strong>faciamus</strong></span> <span class='ocrx_word' id='word_1_730' title='bbox 1395 5763 1411 5779; x_wconf 91' lang='lat'><strong>.</strong></span> <span class='ocrx_word' id='word_1_731' title='bbox 1443 5732 1488 5778; x_wconf 88' lang='lat' dir='ltr'><strong>et</strong></span> <span class='ocrx_word' id='word_1_732' title='bbox 1519 5723 1730 5779; x_wconf 85' lang='lat' dir='ltr'><strong>diliaere</strong></span> <span class='ocrx_word' id='word_1_733' title='bbox 1753 5723 1878 5779; x_wconf 76' lang='lat' dir='ltr'><strong>quid</strong></span> <span class='ocrx_word' id='word_1_734' title='bbox 1913 5733 1967 5779; x_wconf 82' lang='lat' dir='ltr'><strong>ut</strong></span> <span class='ocrx_word' id='word_1_735' title='bbox 2009 5725 2172 5779; x_wconf 73' lang='lat' dir='ltr'><strong>facia-</strong></span> 
     </span>
    </p>
   </div>
   <div class='ocr_carea' id='block_1_92' title="bbox 652 5722 2205 5803">
    <p class='ocr_par' dir='ltr' id='par_1_92' title="bbox 652 5722 2205 5803">
     <span class='ocr_line' id='line_1_94' title="bbox 652 5722 2205 5803; baseline 0.003 -27"><span class='ocrx_word' id='word_1_736' title='bbox 652 5722 697 5776; x_wconf 90' lang='lat' dir='ltr'><strong>ei</strong></span> <span class='ocrx_word' id='word_1_737' title='bbox 717 5760 734 5787; x_wconf 91' lang='lat'><strong>,</strong></span> <span class='ocrx_word' id='word_1_738' title='bbox 761 5731 805 5776; x_wconf 84' lang='lat' dir='ltr'><strong>et</strong></span> <span class='ocrx_word' id='word_1_739' title='bbox 831 5723 958 5803; x_wconf 72' lang='lat' dir='ltr'><strong>scire</strong></span> <span class='ocrx_word' id='word_1_740' title='bbox 981 5723 1104 5803; x_wconf 65' lang='lat' dir='ltr'><strong>quid</strong></span> <span class='ocrx_word' id='word_1_741' title='bbox 1131 5723 1376 5794; x_wconf 79' lang='lat' dir='ltr'><strong>faciamus</strong></span> <span class='ocrx_word' id='word_1_742' title='bbox 1395 5763 1411 5792; x_wconf 92' lang='lat'><strong>,</strong></span> <span class='ocrx_word' id='word_1_743' title='bbox 1443 5732 1488 5778; x_wconf 87' lang='lat' dir='ltr'><strong>et</strong></span> <span class='ocrx_word' id='word_1_744' title='bbox 1519 5723 1730 5793; x_wconf 71' lang='lat' dir='ltr'><strong>diligere</strong></span> <span class='ocrx_word' id='word_1_745' title='bbox 1753 5723 1878 5794; x_wconf 84' lang='lat' dir='ltr'><strong>quid</strong></span> <span class='ocrx_word' id='word_1_746' title='bbox 1913 5733 1967 5780; x_wconf 81' lang='lat' dir='ltr'><strong>ut</strong></span> <span class='ocrx_word' id='word_1_747' title='bbox 2006 5725 2174 5800; x_wconf 70' lang='grc' dir='ltr'><strong>Γαδία-</strong></span> <span class='ocrx_word' id='word_1_748' title='bbox 2200 5786 2205 5791; x_wconf 60' lang='grc'>,</span> 
     </span>
    </p>
   </div>
   <div class='ocr_carea' id='block_1_93' title="bbox 595 5794 1135 5855">
    <p class='ocr_par' dir='ltr' id='par_1_93' title="bbox 595 5794 1135 5855">
     <span class='ocr_line' id='line_1_95' title="bbox 595 5794 1135 5855; baseline -0.002 -5"><span class='ocrx_word' id='word_1_749' title='bbox 595 5805 712 5855; x_wconf 73' lang='lat' dir='ltr'><strong>tmte</strong></span> <span class='ocrx_word' id='word_1_750' title='bbox 731 5807 750 5854; x_wconf 84' lang='lat'><strong>;</strong></span> <span class='ocrx_word' id='word_1_751' title='bbox 775 5794 948 5848; x_wconf 88' lang='lat' dir='ltr'><strong>minus</strong></span> <span class='ocrx_word' id='word_1_752' title='bbox 978 5794 1135 5849; x_wconf 82' lang='lat' dir='ltr'><strong>bene.</strong></span> 
     </span>
    </p>
   </div>
   <div class='ocr_carea' id='block_1_94' title="bbox 2271 3317 3788 3397">
    <p class='ocr_par' dir='ltr' id='par_1_94' title="bbox 2271 3317 3788 3397">
     <span class='ocr_line' id='line_1_96' title="bbox 2271 3317 3788 3397; baseline -0.011 -15"><span class='ocrx_word' id='word_1_753' title='bbox 2271 3325 2521 3397; x_wconf 82' lang='lat' dir='ltr'><strong>Sequitur</strong></span> <span class='ocrx_word' id='word_1_754' title='bbox 2543 3332 2721 3380; x_wconf 91' lang='lat' dir='ltr'><strong>autem</strong></span> <span class='ocrx_word' id='word_1_755' title='bbox 2745 3322 3038 3394; x_wconf 90' lang='lat' dir='ltr'><strong>apostolus,</strong></span> <span class='ocrx_word' id='word_1_756' title='bbox 3071 3330 3127 3378; x_wconf 91' lang='lat' dir='ltr'><strong>et</strong></span> <span class='ocrx_word' id='word_1_757' title='bbox 3147 3319 3429 3392; x_wconf 75' lang='lat' dir='ltr'><strong>adiungit:</strong></span> <span class='ocrx_word' id='word_1_758' title='bbox 3463 3317 3522 3374; x_wconf 88' lang='lat' dir='ltr'><strong>Si</strong></span> <span class='ocrx_word' id='word_1_759' title='bbox 3540 3325 3682 3371; x_wconf 65' lang='lat' dir='ltr'><strong>autem</strong></span> <span class='ocrx_word' id='word_1_760' title='bbox 3699 3327 3788 3366; x_wconf 78' lang='lat' dir='ltr'><strong>cett-</strong></span> 
     </span>
    </p>
   </div>
   <div class='ocr_carea' id='block_1_95' title="bbox 2273 3401 3790 3490">
    <p class='ocr_par' dir='ltr' id='par_1_95' title="bbox 2273 3401 3790 3490">
     <span class='ocr_line' id='line_1_97' title="bbox 2273 3401 3790 3490; baseline -0.008 -18"><span class='ocrx_word' id='word_1_761' title='bbox 2273 3417 2394 3490; x_wconf 75' lang='lat' dir='ltr'><strong>fessi</strong></span> <span class='ocrx_word' id='word_1_762' title='bbox 2418 3417 2667 3487; x_wconf 72' lang='lat' dir='ltr'><strong>fuerimus</strong></span> <span class='ocrx_word' id='word_1_763' title='bbox 2699 3424 2904 3484; x_wconf 83' lang='lat' dir='ltr'><strong>peccata</strong></span> <span class='ocrx_word' id='word_1_764' title='bbox 2928 3423 3125 3480; x_wconf 87' lang='lat' dir='ltr'><strong>nostra,</strong></span> <span class='ocrx_word' id='word_1_765' title='bbox 3174 3411 3348 3483; x_wconf 78' lang='lat' dir='ltr'><strong>ﬁdelis</strong></span> <span class='ocrx_word' id='word_1_766' title='bbox 3376 3421 3423 3465; x_wconf 90' lang='lat' dir='ltr'><strong>et</strong></span> <span class='ocrx_word' id='word_1_767' title='bbox 3455 3413 3614 3484; x_wconf 78' lang='lat' dir='ltr'><strong>justus</strong></span> <span class='ocrx_word' id='word_1_768' title='bbox 3638 3415 3696 3462; x_wconf 82' lang='lat' dir='ltr'><strong>est</strong></span> <span class='ocrx_word' id='word_1_769' title='bbox 3730 3401 3790 3472; x_wconf 69' lang='lat' dir='ltr'><strong>qli</strong></span> 
     </span>
    </p>
   </div>
   <div class='ocr_carea' id='block_1_96' title="bbox 2275 3495 3790 3580">
    <p class='ocr_par' dir='ltr' id='par_1_96' title="bbox 2275 3495 3790 3580">
     <span class='ocr_line' id='line_1_98' title="bbox 2275 3495 3790 3580; baseline -0.009 -16"><span class='ocrx_word' id='word_1_770' title='bbox 2275 3511 2503 3564; x_wconf 87' lang='lat' dir='ltr'><strong>dimittat</strong></span> <span class='ocrx_word' id='word_1_771' title='bbox 2533 3509 2676 3564; x_wconf 84' lang='lat' dir='ltr'><strong>nobis</strong></span> <span class='ocrx_word' id='word_1_772' title='bbox 2708 3517 2946 3580; x_wconf 89' lang='lat' dir='ltr'><strong>peccata,</strong></span> <span class='ocrx_word' id='word_1_773' title='bbox 2974 3516 3022 3561; x_wconf 92' lang='lat' dir='ltr'><strong>et</strong></span> <span class='ocrx_word' id='word_1_774' title='bbox 3050 3505 3260 3561; x_wconf 88' lang='lat' dir='ltr'><strong>mundet</strong></span> <span class='ocrx_word' id='word_1_775' title='bbox 3282 3520 3381 3559; x_wconf 85' lang='lat' dir='ltr'><strong>nos</strong></span> <span class='ocrx_word' id='word_1_776' title='bbox 3407 3503 3470 3557; x_wconf 82' lang='lat' dir='ltr'><strong>ab</strong></span> <span class='ocrx_word' id='word_1_777' title='bbox 3506 3501 3629 3557; x_wconf 79' lang='lat' dir='ltr'><strong>omni</strong></span> <span class='ocrx_word' id='word_1_778' title='bbox 3655 3495 3790 3565; x_wconf 52' lang='lat' dir='ltr'><strong>iniqui.</strong></span> 
     </span>
    </p>
   </div>
   <div class='ocr_carea' id='block_1_97' title="bbox 2276 3584 3792 3673">
    <p class='ocr_par' dir='ltr' id='par_1_97' title="bbox 2276 3584 3792 3673">
     <span class='ocr_line' id='line_1_99' title="bbox 2276 3584 3792 3673; baseline -0.011 -17"><span class='ocrx_word' id='word_1_779' title='bbox 2276 3611 2376 3656; x_wconf 86' lang='lat' dir='ltr'><strong>tate</strong></span> <span class='ocrx_word' id='word_1_780' title='bbox 2401 3599 2590 3673; x_wconf 84' lang='lat' dir='ltr'><strong>(Ibid.)</strong></span> <span class='ocrx_word' id='word_1_781' title='bbox 2627 3616 2643 3656; x_wconf 87' lang='lat'><strong>:</strong></span> <span class='ocrx_word' id='word_1_782' title='bbox 2673 3599 2762 3656; x_wconf 88' lang='lat' dir='ltr'><strong>ubi</strong></span> <span class='ocrx_word' id='word_1_783' title='bbox 2783 3599 2917 3655; x_wconf 88' lang='lat' dir='ltr'><strong>satis</strong></span> <span class='ocrx_word' id='word_1_784' title='bbox 2936 3607 3159 3670; x_wconf 84' lang='lat' dir='ltr'><strong>apparet</strong></span> <span class='ocrx_word' id='word_1_785' title='bbox 3187 3597 3287 3653; x_wconf 91' lang='lat' dir='ltr'><strong>hoc</strong></span> <span class='ocrx_word' id='word_1_786' title='bbox 3322 3610 3431 3652; x_wconf 91' lang='lat' dir='ltr'><strong>non</strong></span> <span class='ocrx_word' id='word_1_787' title='bbox 3458 3602 3642 3650; x_wconf 85' lang='lat' dir='ltr'><strong>tantum</strong></span> <span class='ocrx_word' id='word_1_788' title='bbox 3659 3584 3792 3646; x_wconf 83' lang='lat' dir='ltr'><strong>humi-</strong></span> 
     </span>
    </p>
   </div>
   <div class='ocr_carea' id='block_1_98' title="bbox 2277 3688 3793 3761">
    <p class='ocr_par' dir='ltr' id='par_1_98' title="bbox 2277 3688 3793 3761">
     <span class='ocr_line' id='line_1_100' title="bbox 2277 3688 3793 3761; baseline -0.008 -12"><span class='ocrx_word' id='word_1_789' title='bbox 2277 3693 2420 3761; x_wconf 90' lang='lat' dir='ltr'><strong>liter,</strong></span> <span class='ocrx_word' id='word_1_790' title='bbox 2451 3691 2546 3750; x_wconf 90' lang='lat' dir='ltr'><strong>sed</strong></span> <span class='ocrx_word' id='word_1_791' title='bbox 2576 3692 2735 3749; x_wconf 89' lang='lat' dir='ltr'><strong>etiam</strong></span> <span class='ocrx_word' id='word_1_792' title='bbox 2763 3695 3031 3748; x_wconf 87' lang='lat' dir='ltr'><strong>veraciter</strong></span> <span class='ocrx_word' id='word_1_793' title='bbox 3056 3689 3184 3747; x_wconf 91' lang='lat' dir='ltr'><strong>dici.</strong></span> <span class='ocrx_word' id='word_1_794' title='bbox 3215 3689 3440 3745; x_wconf 85' lang='lat' dir='ltr'><strong>Poterat</strong></span> <span class='ocrx_word' id='word_1_795' title='bbox 3461 3688 3593 3744; x_wconf 89' lang='lat' dir='ltr'><strong>enim</strong></span> <span class='ocrx_word' id='word_1_796' title='bbox 3631 3688 3793 3754; x_wconf 80' lang='lat' dir='ltr'><strong>aposto-</strong></span> 
     </span>
    </p>
   </div>
   <div class='ocr_carea' id='block_1_99' title="bbox 2277 3784 3791 3858">
    <p class='ocr_par' dir='ltr' id='par_1_99' title="bbox 2277 3784 3791 3858">
     <span class='ocr_line' id='line_1_101' title="bbox 2277 3784 3791 3858; baseline -0.004 -14"><span class='ocrx_word' id='word_1_797' title='bbox 2277 3788 2361 3844; x_wconf 88' lang='lat' dir='ltr'><strong>lus</strong></span> <span class='ocrx_word' id='word_1_798' title='bbox 2382 3788 2561 3845; x_wconf 91' lang='lat' dir='ltr'><strong>dicere</strong></span> <span class='ocrx_word' id='word_1_799' title='bbox 2587 3805 2605 3844; x_wconf 89' lang='lat'><strong>:</strong></span> <span class='ocrx_word' id='word_1_800' title='bbox 2635 3788 2695 3844; x_wconf 88' lang='lat' dir='ltr'><strong>Si</strong></span> <span class='ocrx_word' id='word_1_801' title='bbox 2719 3788 2998 3842; x_wconf 79' lang='lat' dir='ltr'><strong>dixerimus</strong></span> <span class='ocrx_word' id='word_1_802' title='bbox 3021 3787 3144 3858; x_wconf 85' lang='lat' dir='ltr'><strong>quia</strong></span> <span class='ocrx_word' id='word_1_803' title='bbox 3168 3801 3271 3840; x_wconf 84' lang='lat' dir='ltr'><strong>non</strong></span> <span class='ocrx_word' id='word_1_804' title='bbox 3289 3784 3532 3838; x_wconf 81' lang='lat' dir='ltr'><strong>habemus</strong></span> <span class='ocrx_word' id='word_1_805' title='bbox 3558 3784 3791 3853; x_wconf 76' lang='lat' dir='ltr'><strong>pecth.</strong></span> 
     </span>
    </p>
   </div>
   <div class='ocr_carea' id='block_1_100' title="bbox 2279 3872 3794 3952">
    <p class='ocr_par' dir='ltr' id='par_1_100' title="bbox 2279 3872 3794 3952">
     <span class='ocr_line' id='line_1_102' title="bbox 2279 3872 3794 3952; baseline -0.004 -17"><span class='ocrx_word' id='word_1_806' title='bbox 2279 3897 2372 3936; x_wconf 91' lang='lat' dir='ltr'><strong>nos</strong></span> <span class='ocrx_word' id='word_1_807' title='bbox 2391 3882 2527 3952; x_wconf 86' lang='lat' dir='ltr'><strong>ipsos</strong></span> <span class='ocrx_word' id='word_1_808' title='bbox 2551 3879 2868 3949; x_wconf 70' lang='lat' dir='ltr'><strong>extollimus,</strong></span> <span class='ocrx_word' id='word_1_809' title='bbox 2898 3887 2944 3933; x_wconf 88' lang='lat' dir='ltr'><strong>et</strong></span> <span class='ocrx_word' id='word_1_810' title='bbox 2990 3875 3254 3932; x_wconf 85' lang='lat' dir='ltr'><strong>humilitas</strong></span> <span class='ocrx_word' id='word_1_811' title='bbox 3296 3875 3356 3929; x_wconf 89' lang='lat' dir='ltr'><strong>in</strong></span> <span class='ocrx_word' id='word_1_812' title='bbox 3409 3872 3545 3929; x_wconf 82' lang='lat' dir='ltr'><strong>nobis</strong></span> <span class='ocrx_word' id='word_1_813' title='bbox 3585 3885 3670 3925; x_wconf 83' lang='lat' dir='ltr'><strong>non</strong></span> <span class='ocrx_word' id='word_1_814' title='bbox 3711 3874 3794 3929; x_wconf 76' lang='lat' dir='ltr'><strong>uti</strong></span> 
     </span>
    </p>
   </div>
   <div class='ocr_carea' id='block_1_101' title="bbox 2355 4160 3795 4239">
    <p class='ocr_par' dir='ltr' id='par_1_101' title="bbox 2355 4160 3795 4239">
     <span class='ocr_line' id='line_1_103' title="bbox 2355 4160 3795 4239; baseline -0.007 -13"><span class='ocrx_word' id='word_1_815' title='bbox 2355 4170 2370 4208; x_wconf 75' lang='grc' dir='ltr'><strong>ί</strong></span> <span class='ocrx_word' id='word_1_816' title='bbox 2416 4168 2832 4236; x_wconf 79' lang='lat' dir='ltr'><strong>Quesn..omisit</strong></span> <span class='ocrx_word' id='word_1_817' title='bbox 2860 4168 3024 4224; x_wconf 82' lang='lat' dir='ltr'><strong>nobis.</strong></span> <span class='ocrx_word' id='word_1_818' title='bbox 3060 4168 3440 4239; x_wconf 88' lang='lat' dir='ltr'><strong>Supplevimus</strong></span> <span class='ocrx_word' id='word_1_819' title='bbox 3463 4185 3530 4226; x_wconf 89' lang='lat' dir='ltr'><strong>ex</strong></span> <span class='ocrx_word' id='word_1_820' title='bbox 3566 4165 3718 4232; x_wconf 67' lang='lat' dir='ltr'><strong>Vind,</strong></span> <span class='ocrx_word' id='word_1_821' title='bbox 3740 4160 3795 4218; x_wconf 85' lang='lat' dir='ltr'><strong>uti</strong></span> 
     </span>
    </p>
   </div>
   <div class='ocr_carea' id='block_1_102' title="bbox 2275 4240 3257 4311">
    <p class='ocr_par' dir='ltr' id='par_1_102' title="bbox 2275 4240 3257 4311">
     <span class='ocr_line' id='line_1_104' title="bbox 2275 4240 3257 4311; baseline -0.002 -14"><span class='ocrx_word' id='word_1_822' title='bbox 2275 4240 2472 4311; x_wconf 89' lang='lat' dir='ltr'><strong>legitur</strong></span> <span class='ocrx_word' id='word_1_823' title='bbox 2495 4241 2659 4311; x_wconf 84' lang='lat' dir='ltr'><strong>etiam</strong></span> <span class='ocrx_word' id='word_1_824' title='bbox 2693 4240 2833 4308; x_wconf 81' lang='lat' dir='ltr'><strong>apud</strong></span> <span class='ocrx_word' id='word_1_825' title='bbox 2867 4241 3020 4311; x_wconf 88' lang='lat' dir='ltr'><strong>Dion.</strong></span> <span class='ocrx_word' id='word_1_826' title='bbox 3054 4252 3105 4294; x_wconf 89' lang='lat' dir='ltr'><strong>et</strong></span> <span class='ocrx_word' id='word_1_827' title='bbox 3128 4240 3257 4311; x_wconf 85' lang='lat' dir='ltr'><strong>Isid.</strong></span> 
     </span>
    </p>
   </div>
   <div class='ocr_carea' id='block_1_103' title="bbox 2352 4310 3795 4378">
    <p class='ocr_par' dir='ltr' id='par_1_103' title="bbox 2352 4310 3795 4378">
     <span class='ocr_line' id='line_1_105' title="bbox 2352 4310 3795 4378; baseline 0.005 -16"><span class='ocrx_word' id='word_1_828' title='bbox 2352 4316 2366 4362; x_wconf 84' lang='lat' dir='ltr'><strong>t</strong></span> <span class='ocrx_word' id='word_1_829' title='bbox 2415 4311 2546 4367; x_wconf 90' lang='lat' dir='ltr'><strong>Cod.</strong></span> <span class='ocrx_word' id='word_1_830' title='bbox 2601 4310 2834 4378; x_wconf 83' lang='lat' dir='ltr'><strong>Thuan.,</strong></span> <span class='ocrx_word' id='word_1_831' title='bbox 2891 4310 3149 4364; x_wconf 86' lang='lat' dir='ltr'><strong>debemus.</strong></span> <span class='ocrx_word' id='word_1_832' title='bbox 3201 4310 3364 4367; x_wconf 86' lang='lat' dir='ltr'><strong>Vind.</strong></span> <span class='ocrx_word' id='word_1_833' title='bbox 3403 4311 3623 4368; x_wconf 88' lang='lat' dir='ltr'><strong>secunda</strong></span> <span class='ocrx_word' id='word_1_834' title='bbox 3659 4321 3795 4369; x_wconf 71' lang='lat' dir='ltr'><strong>man&quot;.</strong></span> 
     </span>
    </p>
   </div>
   <div class='ocr_carea' id='block_1_104' title="bbox 2275 4378 3796 4454">
    <p class='ocr_par' dir='ltr' id='par_1_104' title="bbox 2275 4378 3796 4454">
     <span class='ocr_line' id='line_1_106' title="bbox 2275 4378 3796 4454; baseline -0.002 -18"><span class='ocrx_word' id='word_1_835' title='bbox 2275 4394 2589 4453; x_wconf 85' lang='lat' dir='ltr'><strong>poteramus.</strong></span> <span class='ocrx_word' id='word_1_836' title='bbox 2614 4380 2780 4454; x_wconf 85' lang='lat' dir='ltr'><strong>Dion.</strong></span> <span class='ocrx_word' id='word_1_837' title='bbox 2814 4390 2869 4436; x_wconf 90' lang='lat' dir='ltr'><strong>et</strong></span> <span class='ocrx_word' id='word_1_838' title='bbox 2897 4381 3046 4454; x_wconf 69' lang='lat' dir='ltr'><strong>Isid.,</strong></span> <span class='ocrx_word' id='word_1_839' title='bbox 3071 4384 3357 4454; x_wconf 18' lang='lat' dir='ltr'><strong>juttemnri:</strong></span> <span class='ocrx_word' id='word_1_840' title='bbox 3390 4385 3444 4439; x_wconf 92' lang='lat' dir='ltr'><strong>in</strong></span> <span class='ocrx_word' id='word_1_841' title='bbox 3484 4397 3628 4454; x_wconf 87' lang='lat' dir='ltr'><strong>quam</strong></span> <span class='ocrx_word' id='word_1_842' title='bbox 3655 4378 3796 4454; x_wconf 68' lang='lat' dir='ltr'><strong>lectio-</strong></span> 
     </span>
    </p>
   </div>
   <div class='ocr_carea' id='block_1_105' title="bbox 2276 4447 3796 4518">
    <p class='ocr_par' dir='ltr' id='par_1_105' title="bbox 2276 4447 3796 4518">
     <span class='ocr_line' id='line_1_107' title="bbox 2276 4447 3796 4518; baseline -0.005 -9"><span class='ocrx_word' id='word_1_843' title='bbox 2276 4447 2397 4509; x_wconf 77' lang='lat' dir='ltr'><strong>nem</strong></span> <span class='ocrx_word' id='word_1_844' title='bbox 2423 4461 2573 4507; x_wconf 90' lang='lat' dir='ltr'><strong>notat</strong></span> <span class='ocrx_word' id='word_1_845' title='bbox 2591 4452 2938 4518; x_wconf 83' lang='lat' dir='ltr'><strong>Quesnellus:</strong></span> <span class='ocrx_word' id='word_1_846' title='bbox 2962 4452 3012 4505; x_wconf 83' lang='grc' dir='ltr'><em>Μ</em></span> <span class='ocrx_word' id='word_1_847' title='bbox 3021 4447 3132 4507; x_wconf 73' lang='lat' dir='ltr'><strong>inus</strong></span> <span class='ocrx_word' id='word_1_848' title='bbox 3155 4453 3297 4507; x_wconf 84' lang='lat' dir='ltr'><strong>bene.</strong></span> <span class='ocrx_word' id='word_1_849' title='bbox 3314 4453 3482 4508; x_wconf 91' lang='lat' dir='ltr'><strong>Immo</strong></span> <span class='ocrx_word' id='word_1_850' title='bbox 3502 4447 3688 4508; x_wconf 79' lang='lat' dir='ltr'><strong>melius.</strong></span> <span class='ocrx_word' id='word_1_851' title='bbox 3701 4447 3796 4518; x_wconf 82' lang='lat' dir='ltr'><strong>Nam</strong></span> 
     </span>
    </p>
   </div>
   <div class='ocr_carea' id='block_1_106' title="bbox 2279 4517 3794 4606">
    <p class='ocr_par' dir='ltr' id='par_1_106' title="bbox 2279 4517 3794 4606">
     <span class='ocr_line' id='line_1_108' title="bbox 2279 4517 3794 4606; baseline -0.003 -26"><span class='ocrx_word' id='word_1_852' title='bbox 2279 4525 2337 4580; x_wconf 89' lang='lat' dir='ltr'><strong>S.</strong></span> <span class='ocrx_word' id='word_1_853' title='bbox 2364 4517 2690 4606; x_wconf 67' lang='lat' dir='ltr'><strong>Augustinus</strong></span> <span class='ocrx_word' id='word_1_854' title='bbox 2717 4537 2881 4606; x_wconf 80' lang='lat' dir='ltr'><strong>serm.</strong></span> <span class='ocrx_word' id='word_1_855' title='bbox 2917 4523 3038 4606; x_wconf 54' lang='grc' dir='ltr'><strong>ςβι.</strong></span> <span class='ocrx_word' id='word_1_856' title='bbox 3067 4539 3117 4578; x_wconf 92' lang='lat' dir='ltr'><strong>c.</strong></span> <span class='ocrx_word' id='word_1_857' title='bbox 3146 4523 3234 4606; x_wconf 45' lang='lat'><strong>1:3,</strong></span> <span class='ocrx_word' id='word_1_858' title='bbox 3260 4524 3648 4606; x_wconf 76' lang='lat' dir='ltr'><strong>Pelagianorum</strong></span> <span class='ocrx_word' id='word_1_859' title='bbox 3663 4517 3794 4606; x_wconf 45' lang='lat' dir='ltr'><strong>acri):</strong></span> 
     </span>
    </p>
   </div>
   <div class='ocr_carea' id='block_1_107' title="bbox 2279 4586 3798 4739">
    <p class='ocr_par' dir='ltr' id='par_1_107' title="bbox 2279 4586 3798 4739">
     <span class='ocr_line' id='line_1_109' title="bbox 2279 4586 3796 4716; baseline -0.003 -67"><span class='ocrx_word' id='word_1_860' title='bbox 2279 4586 2617 4716; x_wconf 54' lang='lat' dir='ltr'><strong>proponens,</strong></span> <span class='ocrx_word' id='word_1_861' title='bbox 2662 4593 2798 4676; x_wconf 79' lang='lat' dir='ltr'><strong>hanc</strong></span> <span class='ocrx_word' id='word_1_862' title='bbox 2840 4593 3122 4648; x_wconf 90' lang='lat' dir='ltr'><strong>lectionem</strong></span> <span class='ocrx_word' id='word_1_863' title='bbox 3163 4586 3418 4676; x_wconf 44' lang='lat' dir='ltr'><strong>.t&#39;naxime</strong></span> <span class='ocrx_word' id='word_1_864' title='bbox 3451 4593 3701 4676; x_wconf 71' lang='lat' dir='ltr'><strong>approbat.</strong></span> <span class='ocrx_word' id='word_1_865' title='bbox 3739 4586 3796 4640; x_wconf 73' lang='lat' dir='ltr'><strong>Ad</strong></span> 
     </span>
     <span class='ocr_line' id='line_1_110' title="bbox 2318 4664 3798 4739; baseline -0.003 -21"><span class='ocrx_word' id='word_1_866' title='bbox 2318 4682 2376 4718; x_wconf 90' lang='lat' dir='ltr'><strong>oc</strong></span> <span class='ocrx_word' id='word_1_867' title='bbox 2397 4666 2557 4739; x_wconf 82' lang='lat' dir='ltr'><strong>dedit,</strong></span> <span class='ocrx_word' id='word_1_868' title='bbox 2589 4673 2850 4735; x_wconf 77' lang='lat' dir='ltr'><strong>inquiunt,</strong></span> <span class='ocrx_word' id='word_1_869' title='bbox 2878 4664 3013 4718; x_wconf 84' lang='lat' dir='ltr'><strong>Deus</strong></span> <span class='ocrx_word' id='word_1_870' title='bbox 3039 4673 3262 4739; x_wconf 73' lang='lat' dir='ltr'><strong>gratiam</strong></span> <span class='ocrx_word' id='word_1_871' title='bbox 3290 4683 3438 4720; x_wconf 88' lang='lat' dir='ltr'><strong>suam</strong></span> <span class='ocrx_word' id='word_1_872' title='bbox 3467 4664 3798 4739; x_wconf 45' lang='lat' dir='ltr'><strong>honnmlntsLIl</strong></span> 
     </span>
    </p>
   </div>
   <div class='ocr_carea' id='block_1_108' title="bbox 2279 4730 3800 4806">
    <p class='ocr_par' dir='ltr' id='par_1_108' title="bbox 2279 4730 3800 4806">
     <span class='ocr_line' id='line_1_111' title="bbox 2279 4730 3800 4806; baseline -0.005 -17"><span class='ocrx_word' id='word_1_873' title='bbox 2279 4737 2414 4806; x_wconf 91' lang='lat' dir='ltr'><strong>quod</strong></span> <span class='ocrx_word' id='word_1_874' title='bbox 2451 4737 2618 4806; x_wconf 79' lang='lat' dir='ltr'><strong>facere</strong></span> <span class='ocrx_word' id='word_1_875' title='bbox 2654 4730 2919 4790; x_wconf 65' lang='lat' dir='ltr'><strong>iussurus</strong></span> <span class='ocrx_word' id='word_1_876' title='bbox 2948 4730 3292 4806; x_wconf 58' lang='lat' dir='ltr'><strong>per&#39;liberum</strong></span> <span class='ocrx_word' id='word_1_877' title='bbox 3331 4738 3610 4800; x_wconf 78' lang='lat' dir='ltr'><strong>arbitrium,</strong></span> <span class='ocrx_word' id='word_1_878' title='bbox 3645 4730 3800 4806; x_wconf 70' lang='lat' dir='ltr'><strong>{acilius</strong></span> 
     </span>
    </p>
   </div>
   <div class='ocr_carea' id='block_1_109' title="bbox 2278 4805 3802 4877">
    <p class='ocr_par' dir='ltr' id='par_1_109' title="bbox 2278 4805 3802 4877">
     <span class='ocr_line' id='line_1_112' title="bbox 2278 4805 3802 4877; baseline -0.002 -17"><span class='ocrx_word' id='word_1_879' title='bbox 2278 4805 2472 4877; x_wconf 87' lang='lat' dir='ltr'><strong>possint</strong></span> <span class='ocrx_word' id='word_1_880' title='bbox 2503 4807 2713 4874; x_wconf 84' lang='lat' dir='ltr'><strong>implere</strong></span> <span class='ocrx_word' id='word_1_881' title='bbox 2751 4822 2842 4877; x_wconf 84' lang='lat' dir='ltr'><strong>per</strong></span> <span class='ocrx_word' id='word_1_882' title='bbox 2879 4805 3128 4877; x_wconf 72' lang='lat' dir='ltr'><strong>gratiam.</strong></span> <span class='ocrx_word' id='word_1_883' title='bbox 3149 4805 3471 4877; x_wconf 19' lang='lat' dir='ltr'><strong>ALectionem</strong></span> <span class='ocrx_word' id='word_1_884' title='bbox 3503 4811 3802 4877; x_wconf 68' lang='lat' dir='ltr'><strong>veronostm</strong></span> 
     </span>
    </p>
   </div>
   <div class='ocr_carea' id='block_1_110' title="bbox 2279 4824 3801 4958">
    <p class='ocr_par' dir='ltr' id='par_1_110' title="bbox 2279 4824 3801 4958">
     <span class='ocr_line' id='line_1_113' title="bbox 2279 4824 3801 4877; baseline -0.002 -17"><span class='ocrx_word' id='word_1_885' title='bbox 2279 4824 2472 4877; x_wconf 80' lang='lat' dir='ltr'><strong>possint</strong></span> <span class='ocrx_word' id='word_1_886' title='bbox 2503 4824 2713 4874; x_wconf 75' lang='lat' dir='ltr'><strong>impiare</strong></span> <span class='ocrx_word' id='word_1_887' title='bbox 2751 4824 2842 4875; x_wconf 87' lang='lat' dir='ltr'><strong>per</strong></span> <span class='ocrx_word' id='word_1_888' title='bbox 2893 4824 3117 4859; x_wconf 82' lang='lat' dir='ltr'><strong>&#39;rattam.</strong></span> <span class='ocrx_word' id='word_1_889' title='bbox 3161 4824 3471 4863; x_wconf 75' lang='lat' dir='ltr'><strong>Lectionem</strong></span> <span class='ocrx_word' id='word_1_890' title='bbox 3503 4824 3622 4863; x_wconf 87' lang='lat' dir='ltr'><strong>vero</strong></span> <span class='ocrx_word' id='word_1_891' title='bbox 3649 4824 3801 4859; x_wconf 70' lang='grc' dir='ltr'><strong>ιιοειηυ</strong></span> 
     </span>
     <span class='ocr_line' id='line_1_114' title="bbox 2279 4824 3801 4958; baseline 0 -26"><span class='ocrx_word' id='word_1_892' title='bbox 2279 4877 2613 4958; x_wconf 76' lang='lat' dir='ltr'><strong>collectionis</strong></span> <span class='ocrx_word' id='word_1_893' title='bbox 2640 4877 2725 4931; x_wconf 89' lang='lat' dir='ltr'><strong>hic</strong></span> <span class='ocrx_word' id='word_1_894' title='bbox 2748 4824 3085 4932; x_wconf 50' lang='lat' dir='ltr'><strong>exhibemus.</strong></span> <span class='ocrx_word' id='word_1_895' title='bbox 3116 4875 3260 4934; x_wconf 77' lang='lat' dir='ltr'><strong>Mox.</strong></span> <span class='ocrx_word' id='word_1_896' title='bbox 3291 4877 3456 4934; x_wconf 78' lang='lat' dir='ltr'><strong>Dion.</strong></span> <span class='ocrx_word' id='word_1_897' title='bbox 3471 4887 3526 4934; x_wconf 89' lang='lat' dir='ltr'><strong>et</strong></span> <span class='ocrx_word' id='word_1_898' title='bbox 3551 4871 3801 4939; x_wconf 66' lang='grc' dir='ltr'><strong>18ἱι1.νυιεον</strong></span> 
     </span>
    </p>
   </div>
   <div class='ocr_carea' id='block_1_111' title="bbox 2279 4963 2552 5018">
    <p class='ocr_par' dir='ltr' id='par_1_111' title="bbox 2279 4963 2552 5018">
     <span class='ocr_line' id='line_1_115' title="bbox 2279 4963 2552 5018; baseline 0.007 -16"><span class='ocrx_word' id='word_1_899' title='bbox 2279 4963 2552 5018; x_wconf 81' lang='lat' dir='ltr'><strong>possimus.</strong></span> 
     </span>
    </p>
   </div>
   <div class='ocr_carea' id='block_1_112' title="bbox 2357 5011 3800 5076">
    <p class='ocr_par' dir='ltr' id='par_1_112' title="bbox 2357 5011 3800 5076">
     <span class='ocr_line' id='line_1_116' title="bbox 2357 5011 3800 5076; baseline -0.001 -4"><span class='ocrx_word' id='word_1_900' title='bbox 2357 5018 2380 5056; x_wconf 69' lang='grc' dir='ltr'><strong>¹ι</strong></span> <span class='ocrx_word' id='word_1_901' title='bbox 2424 5022 2495 5072; x_wconf 89' lang='lat' dir='ltr'><strong>Ita</strong></span> <span class='ocrx_word' id='word_1_902' title='bbox 2523 5017 2643 5073; x_wconf 90' lang='lat' dir='ltr'><strong>cod.</strong></span> <span class='ocrx_word' id='word_1_903' title='bbox 2671 5017 2828 5073; x_wconf 87' lang='lat' dir='ltr'><strong>Vind.</strong></span> <span class='ocrx_word' id='word_1_904' title='bbox 2852 5017 3084 5074; x_wconf 89' lang='lat' dir='ltr'><strong>secunda</strong></span> <span class='ocrx_word' id='word_1_905' title='bbox 3108 5033 3268 5073; x_wconf 90' lang='lat' dir='ltr'><strong>manu</strong></span> <span class='ocrx_word' id='word_1_906' title='bbox 3297 5035 3420 5076; x_wconf 91' lang='lat' dir='ltr'><strong>cum</strong></span> <span class='ocrx_word' id='word_1_907' title='bbox 3450 5019 3598 5075; x_wconf 86' lang='lat' dir='ltr'><strong>Dion.</strong></span> <span class='ocrx_word' id='word_1_908' title='bbox 3623 5025 3671 5072; x_wconf 91' lang='lat' dir='ltr'><strong>et</strong></span> <span class='ocrx_word' id='word_1_909' title='bbox 3688 5011 3800 5070; x_wconf 66' lang='lat' dir='ltr'><strong>Isid.</strong></span> 
     </span>
    </p>
   </div>
   <div class='ocr_carea' id='block_1_113' title="bbox 2281 5080 3800 5162">
    <p class='ocr_par' dir='ltr' id='par_1_113' title="bbox 2281 5080 3800 5162">
     <span class='ocr_line' id='line_1_117' title="bbox 2281 5080 3800 5162; baseline -0.005 -17"><span class='ocrx_word' id='word_1_910' title='bbox 2281 5090 2453 5162; x_wconf 86' lang='lat' dir='ltr'><strong>prima</strong></span> <span class='ocrx_word' id='word_1_911' title='bbox 2484 5105 2633 5162; x_wconf 75' lang='lat' dir='ltr'><strong>vero,</strong></span> <span class='ocrx_word' id='word_1_912' title='bbox 2678 5106 2770 5143; x_wconf 85' lang='lat' dir='ltr'><strong>nos</strong></span> <span class='ocrx_word' id='word_1_913' title='bbox 2809 5090 2948 5159; x_wconf 86' lang='lat' dir='ltr'><strong>ipsos</strong></span> <span class='ocrx_word' id='word_1_914' title='bbox 2974 5089 3287 5162; x_wconf 76' lang='lat' dir='ltr'><strong>decipimus,</strong></span> <span class='ocrx_word' id='word_1_915' title='bbox 3335 5092 3412 5146; x_wconf 87' lang='lat' dir='ltr'><strong>uti</strong></span> <span class='ocrx_word' id='word_1_916' title='bbox 3453 5098 3568 5160; x_wconf 82' lang='lat' dir='ltr'><strong>post</strong></span> <span class='ocrx_word' id='word_1_917' title='bbox 3603 5099 3739 5162; x_wconf 79' lang='lat' dir='ltr'><strong>pauca</strong></span> <span class='ocrx_word' id='word_1_918' title='bbox 3763 5080 3800 5134; x_wconf 84' lang='lat' dir='ltr'><strong>ill</strong></span> 
     </span>
    </p>
   </div>
   <div class='ocr_carea' id='block_1_114' title="bbox 2282 5157 3804 5230">
    <p class='ocr_par' dir='ltr' id='par_1_114' title="bbox 2282 5157 3804 5230">
     <span class='ocr_line' id='line_1_118' title="bbox 2282 5157 3804 5230; baseline -0.001 -14"><span class='ocrx_word' id='word_1_919' title='bbox 2282 5157 2579 5230; x_wconf 69' lang='lat' dir='ltr'><strong>repetendo</strong></span> <span class='ocrx_word' id='word_1_920' title='bbox 2597 5163 2698 5216; x_wconf 90' lang='lat' dir='ltr'><strong>hoc</strong></span> <span class='ocrx_word' id='word_1_921' title='bbox 2719 5157 3026 5217; x_wconf 87' lang='lat' dir='ltr'><strong>testimonio</strong></span> <span class='ocrx_word' id='word_1_922' title='bbox 3049 5157 3238 5214; x_wconf 86' lang='lat' dir='ltr'><strong>omnes</strong></span> <span class='ocrx_word' id='word_1_923' title='bbox 3258 5157 3419 5217; x_wconf 80' lang='lat' dir='ltr'><strong>codd.</strong></span> <span class='ocrx_word' id='word_1_924' title='bbox 3437 5157 3490 5218; x_wconf 82' lang='lat' dir='ltr'><strong>et</strong></span> <span class='ocrx_word' id='word_1_925' title='bbox 3511 5157 3684 5229; x_wconf 78' lang='lat' dir='ltr'><strong>vulgati</strong></span> <span class='ocrx_word' id='word_1_926' title='bbox 3704 5166 3804 5222; x_wconf 66' lang='lat' dir='ltr'><strong>prat-</strong></span> 
     </span>
    </p>
   </div>
   <div class='ocr_carea' id='block_1_115' title="bbox 2282 5230 3805 5300">
    <p class='ocr_par' dir='ltr' id='par_1_115' title="bbox 2282 5230 3805 5300">
     <span class='ocr_line' id='line_1_119' title="bbox 2282 5230 3805 5300; baseline -0.005 -14"><span class='ocrx_word' id='word_1_927' title='bbox 2282 5231 2482 5300; x_wconf 76' lang='lat' dir='ltr'><strong>I’erunt.</strong></span> <span class='ocrx_word' id='word_1_928' title='bbox 2515 5232 2585 5286; x_wconf 85' lang='lat' dir='ltr'><strong>At</strong></span> <span class='ocrx_word' id='word_1_929' title='bbox 2622 5233 2948 5300; x_wconf 80' lang='lat' dir='ltr'><strong>Augustinus</strong></span> <span class='ocrx_word' id='word_1_930' title='bbox 2985 5245 3150 5286; x_wconf 90' lang='lat' dir='ltr'><strong>serm.</strong></span> <span class='ocrx_word' id='word_1_931' title='bbox 3183 5230 3279 5286; x_wconf 76' lang='grc'><strong>181</strong></span> <span class='ocrx_word' id='word_1_932' title='bbox 3321 5233 3603 5288; x_wconf 84' lang='lat' dir='ltr'><strong>seducimus</strong></span> <span class='ocrx_word' id='word_1_933' title='bbox 3639 5233 3805 5292; x_wconf 79' lang='lat' dir='ltr'><strong>semper</strong></span> 
     </span>
    </p>
   </div>
   <div class='ocr_carea' id='block_1_116' title="bbox 2259 5299 3310 5372">
    <p class='ocr_par' dir='ltr' id='par_1_116' title="bbox 2259 5299 3310 5372">
     <span class='ocr_line' id='line_1_120' title="bbox 2259 5299 3310 5372; baseline 0 -16"><span class='ocrx_word' id='word_1_934' title='bbox 2259 5299 2464 5372; x_wconf 69' lang='lat' dir='ltr'><strong>&#39;babet.</strong></span> <span class='ocrx_word' id='word_1_935' title='bbox 2496 5299 2725 5368; x_wconf 83' lang='lat' dir='ltr'><strong>Quesu.,</strong></span> <span class='ocrx_word' id='word_1_936' title='bbox 2755 5303 2853 5372; x_wconf 88' lang='lat' dir='ltr'><strong>ipsi</strong></span> <span class='ocrx_word' id='word_1_937' title='bbox 2882 5317 2972 5372; x_wconf 82' lang='lat' dir='ltr'><strong>nos</strong></span> <span class='ocrx_word' id='word_1_938' title='bbox 2997 5301 3310 5356; x_wconf 85' lang='lat' dir='ltr'><strong>seducimus.</strong></span> 
     </span>
    </p>
   </div>
   <div class='ocr_carea' id='block_1_117' title="bbox 2360 5363 3806 5444">
    <p class='ocr_par' dir='ltr' id='par_1_117' title="bbox 2360 5363 3806 5444">
     <span class='ocr_line' id='line_1_121' title="bbox 2360 5363 3806 5444; baseline -0.008 -16"><span class='ocrx_word' id='word_1_939' title='bbox 2360 5371 2379 5410; x_wconf 79' lang='grc' dir='ltr'>ι</span> <span class='ocrx_word' id='word_1_940' title='bbox 2424 5363 2575 5441; x_wconf 62' lang='lat' dir='ltr'><strong>Vulg.</strong></span> <span class='ocrx_word' id='word_1_941' title='bbox 2610 5363 2843 5428; x_wconf 43' lang='lat' dir='ltr'><strong>Dionfct</strong></span> <span class='ocrx_word' id='word_1_942' title='bbox 2863 5371 3011 5434; x_wconf 88' lang='lat' dir='ltr'><strong>lsid..</strong></span> <span class='ocrx_word' id='word_1_943' title='bbox 3038 5372 3219 5444; x_wconf 69' lang='lat' dir='ltr'><strong>deleta</strong></span> <span class='ocrx_word' id='word_1_944' title='bbox 3236 5373 3436 5444; x_wconf 86' lang='lat' dir='ltr'><strong>duplici</strong></span> <span class='ocrx_word' id='word_1_945' title='bbox 3462 5363 3806 5444; x_wconf 52' lang='lat' dir='ltr'><strong>negationem:</strong></span> 
     </span>
    </p>
   </div>
   <div class='ocr_carea' id='block_1_118' title="bbox 2283 5438 3806 5514">
    <p class='ocr_par' dir='ltr' id='par_1_118' title="bbox 2283 5438 3806 5514">
     <span class='ocr_line' id='line_1_122' title="bbox 2283 5438 3806 5514; baseline -0.003 -16"><span class='ocrx_word' id='word_1_946' title='bbox 2283 5443 2412 5499; x_wconf 84' lang='lat' dir='ltr'><strong>bent</strong></span> <span class='ocrx_word' id='word_1_947' title='bbox 2451 5438 2683 5514; x_wconf 79' lang='lat' dir='ltr'><strong>oportere</strong></span> <span class='ocrx_word' id='word_1_948' title='bbox 2710 5445 2812 5498; x_wconf 87' lang='lat' dir='ltr'><strong>dici</strong></span> <span class='ocrx_word' id='word_1_949' title='bbox 2840 5459 2931 5497; x_wconf 89' lang='lat' dir='ltr'><strong>nos</strong></span> <span class='ocrx_word' id='word_1_950' title='bbox 2962 5444 3164 5496; x_wconf 83' lang='lat' dir='ltr'><strong>habere.</strong></span> <span class='ocrx_word' id='word_1_951' title='bbox 3196 5441 3263 5496; x_wconf 80' lang='grc' dir='ltr'><strong>Αι</strong></span> <span class='ocrx_word' id='word_1_952' title='bbox 3291 5438 3350 5499; x_wconf 71' lang='grc' dir='ltr'><strong>Ρ.</strong></span> <span class='ocrx_word' id='word_1_953' title='bbox 3381 5438 3668 5514; x_wconf 70' lang='lat' dir='ltr'><strong>Ilarduinus</strong></span> <span class='ocrx_word' id='word_1_954' title='bbox 3680 5438 3806 5514; x_wconf 58' lang='lat'><strong>339&quot;}</strong></span> 
     </span>
    </p>
   </div>
   <div class='ocr_carea' id='block_1_119' title="bbox 2281 5500 3805 5586">
    <p class='ocr_par' dir='ltr' id='par_1_119' title="bbox 2281 5500 3805 5586">
     <span class='ocr_line' id='line_1_123' title="bbox 2281 5500 3805 5586; baseline -0.007 -16"><span class='ocrx_word' id='word_1_955' title='bbox 2281 5529 2385 5586; x_wconf 87' lang='lat' dir='ltr'><strong>ms.</strong></span> <span class='ocrx_word' id='word_1_956' title='bbox 2415 5500 2766 5568; x_wconf 60' lang='lat' dir='ltr'><strong>et&#39;Merlinum</strong></span> <span class='ocrx_word' id='word_1_957' title='bbox 2785 5516 2959 5586; x_wconf 89' lang='lat' dir='ltr'><strong>legere</strong></span> <span class='ocrx_word' id='word_1_958' title='bbox 2986 5523 3046 5568; x_wconf 91' lang='lat' dir='ltr'><strong>ut</strong></span> <span class='ocrx_word' id='word_1_959' title='bbox 3069 5515 3123 5586; x_wconf 79' lang='lat' dir='ltr'><strong>in</strong></span> <span class='ocrx_word' id='word_1_960' title='bbox 3155 5524 3336 5586; x_wconf 78' lang='lat' dir='ltr'><strong>nostro</strong></span> <span class='ocrx_word' id='word_1_961' title='bbox 3364 5500 3805 5571; x_wconf 76' lang='lat' dir='ltr'><strong>textu.Cod.Vind.</strong></span> 
     </span>
    </p>
   </div>
   <div class='ocr_carea' id='block_1_120' title="bbox 2283 5582 3806 5655">
    <p class='ocr_par' dir='ltr' id='par_1_120' title="bbox 2283 5582 3806 5655">
     <span class='ocr_line' id='line_1_124' title="bbox 2283 5582 3806 5655; baseline -0.004 -16"><span class='ocrx_word' id='word_1_962' title='bbox 2283 5585 2427 5640; x_wconf 83' lang='lat' dir='ltr'><strong>delet</strong></span> <span class='ocrx_word' id='word_1_963' title='bbox 2454 5585 2764 5652; x_wconf 68' lang='lat' dir='ltr'><strong>particulam</strong></span> <span class='ocrx_word' id='word_1_964' title='bbox 2797 5582 2897 5640; x_wconf 78' lang='lat' dir='ltr'><strong>non</strong></span> <span class='ocrx_word' id='word_1_965' title='bbox 2927 5583 3163 5639; x_wconf 88' lang='lat' dir='ltr'><strong>secundo</strong></span> <span class='ocrx_word' id='word_1_966' title='bbox 3188 5582 3326 5655; x_wconf 88' lang='lat' dir='ltr'><strong>loco,</strong></span> <span class='ocrx_word' id='word_1_967' title='bbox 3360 5587 3499 5651; x_wconf 85' lang='lat' dir='ltr'><strong>quod</strong></span> <span class='ocrx_word' id='word_1_968' title='bbox 3530 5587 3806 5655; x_wconf 71' lang='lat' dir='ltr'><strong>primoqu</strong></span> 
     </span>
    </p>
   </div>
   <div class='ocr_carea' id='block_1_121' title="bbox 2282 5650 3806 5726">
    <p class='ocr_par' dir='ltr' id='par_1_121' title="bbox 2282 5650 3806 5726">
     <span class='ocr_line' id='line_1_125' title="bbox 2282 5650 3806 5726; baseline -0.004 -16"><span class='ocrx_word' id='word_1_969' title='bbox 2282 5671 2387 5726; x_wconf 90' lang='lat' dir='ltr'><strong>que</strong></span> <span class='ocrx_word' id='word_1_970' title='bbox 2438 5650 2556 5710; x_wconf 81' lang='lat' dir='ltr'><strong>loco</strong></span> <span class='ocrx_word' id='word_1_971' title='bbox 2601 5657 2883 5726; x_wconf 86' lang='lat' dir='ltr'><strong>delendam</strong></span> <span class='ocrx_word' id='word_1_972' title='bbox 2939 5655 3193 5712; x_wconf 83' lang='lat' dir='ltr'><strong>insinuat.</strong></span> <span class='ocrx_word' id='word_1_973' title='bbox 3250 5650 3449 5715; x_wconf 75' lang='lat' dir='ltr'><strong>confer</strong></span> <span class='ocrx_word' id='word_1_974' title='bbox 3502 5650 3806 5726; x_wconf 75' lang='lat' dir='ltr'><strong>Augustinum</strong></span> 
     </span>
    </p>
   </div>
   <div class='ocr_carea' id='block_1_122' title="bbox 2283 5725 2908 5797">
    <p class='ocr_par' dir='ltr' id='par_1_122' title="bbox 2283 5725 2908 5797">
     <span class='ocr_line' id='line_1_126' title="bbox 2283 5725 2908 5797; baseline -0.003 -14"><span class='ocrx_word' id='word_1_975' title='bbox 2283 5725 2448 5784; x_wconf 73' lang='lat' dir='ltr'><strong>Serm.</strong></span> <span class='ocrx_word' id='word_1_976' title='bbox 2484 5726 2609 5797; x_wconf 78' lang='grc'><strong>181,</strong></span> <span class='ocrx_word' id='word_1_977' title='bbox 2631 5741 2681 5784; x_wconf 86' lang='lat' dir='ltr'><strong>c.</strong></span> <span class='ocrx_word' id='word_1_978' title='bbox 2713 5725 2750 5784; x_wconf 70' lang='grc' dir='ltr'>ὅ</span> <span class='ocrx_word' id='word_1_979' title='bbox 2774 5737 2828 5786; x_wconf 87' lang='lat' dir='ltr'><strong>et</strong></span> <span class='ocrx_word' id='word_1_980' title='bbox 2853 5727 2908 5782; x_wconf 78' lang='grc'><strong>4.</strong></span> 
     </span>
    </p>
   </div>
   <div class='ocr_carea' id='block_1_123' title="bbox 3791 1000 3909 1160">
    <p class='ocr_par' dir='ltr' id='par_1_123' title="bbox 3791 1000 3909 1160">
     <span class='ocr_line' id='line_1_127' title="bbox 3791 1000 3909 1160; baseline -0.008 1"><span class='ocrx_word' id='word_1_981' title='bbox 3791 1027 3807 1117; x_wconf 57' lang='grc' dir='ltr'>ξ</span> 
     </span>
    </p>
   </div>
  </div>
