3992 6348
169 540 272 597 189

165 765 265 803 non
288 759 391 812 est,
419 748 552 803 satis
582 743 817 801 ostendit
838 757 959 798 eum
981 740 1072 811 qui
1101 739 1298 794 dixerit
1324 752 1381 791 se
1414 750 1519 790 non
1552 733 1751 789 habere

164 848 472 910 peccatum,
505 847 530 875 ⁸
561 852 666 893 non
690 850 874 891 verum
904 834 1070 903 loqui,
1103 830 1195 886 sed
1227 829 1437 887 falsum.

235 931 377 986 VIII.
404 931 535 986 Item
573 928 790 999 placuit,
816 934 873 981 ut
898 925 1203 995 quicunque
1230 920 1425 975 dixerit
1456 918 1509 973 in
1537 916 1751 972 Oratio-

165 1039 232 1080 ne
262 1023 548 1079 Dominica
574 1021 694 1076 ideo
718 1019 900 1074 dicere
927 1025 1143 1072 sanctos
1176 1032 1189 1067 :
1241 1012 1451 1066 Dimitte
1490 1011 1631 1064 nobis
1664 1009 1753 1063 de-

168 1116 271 1169 bita
293 1124 480 1170 nostra
501 1112 716 1186 (Matth.
744 1126 816 1177 νι,
843 1108 953 1179 12),
982 1118 1040 1162 ut
1065 1122 1171 1162 non
1194 1118 1291 1175 pro
1318 1102 1510 1173 seipsis
1543 1104 1641 1157 hoc
1667 1101 1754 1156 di-

163 1216 307 1271 cant,
330 1208 462 1279 quia
495 1222 599 1261 non
625 1215 709 1261 est
729 1204 806 1259 eis
823 1202 933 1273 jam
963 1199 1266 1256 necessaria
1291 1199 1390 1254 ista
1424 1196 1635 1267 petitio,
1659 1195 1755 1251 sed

162 1315 260 1370 pro
283 1301 419 1355 aliis
448 1300 539 1370 qui
566 1298 763 1353 suntin
794 1310 894 1351 suo
923 1294 1116 1364 popqu
1146 1302 1453 1363 peccatores
1478 1306 1494 1356 ;
1536 1300 1590 1347 et
1635 1289 1757 1345 ideo

165 1408 265 1448 non
289 1392 485 1447 dicere
508 1401 937 1459 unumquemque
981 1394 1287 1442 sanctorum
1322 1401 1335 1437 :
1380 1381 1589 1437 Dimitte
1628 1382 1756 1435 mihi

164 1482 335 1537 debita
366 1499 518 1548 mea;
547 1480 663 1545 sed,
691 1480 885 1533 dimitte
916 1478 1059 1532 nobis
1097 1477 1266 1530 debita
1304 1486 1477 1530 nostra
1500 1516 1517 1542 ,
1561 1483 1617 1529 ut
1655 1474 1758 1529 hoc

165 1591 257 1646 pro
277 1576 410 1630 aliis
444 1574 469 1613 δ
495 1574 665 1644 magis
692 1588 853 1644 quam
880 1586 977 1642 pro
1006 1585 1066 1625 se
1106 1568 1283 1638 justus
1322 1577 1507 1640 petere
1560 1567 1759 1622 intelli-

164 1679 345 1741 gatur;
378 1667 668 1723 anathema
717 1666 806 1721 sit.
850 1664 1081 1720 Sanctus
1129 1662 1272 1716 enim
1316 1670 1373 1716 et
1421 1660 1598 1731 justus
1643 1666 1762 1714 erat

165 1764 451 1836 apostolus
479 1764 709 1820 Iacobus
738 1775 859 1816 cum
884 1759 1096 1814 dicebat
1128 1774 1141 1810 :
1180 1768 1201 1794 ε
1235 1754 1302 1809 1η
1332 1755 1507 1808 multis
1545 1752 1762 1821 oﬂ’endi—

165 1874 273 1912 mus
304 1873 494 1911 omnes
520 1854 721 1925 (Iacob,
757 1868 837 1917 ut,
866 1850 946 1922 2).
986 1850 1116 1905 Nam
1163 1862 1326 1919 quare
1368 1846 1605 1901 additum
1642 1854 1759 1912 est,

167 1968 367 2015 omnes,
400 1951 508 2005 nisi
537 1958 591 2004 et
618 1948 717 2003 ista
754 1944 1017 2001 sententia
1052 1944 1364 1997 conveniret
1414 1942 1622 2009 psalmo
1672 1942 1758 1996 ubi

628 529 858 591 CODEX
896 526 1223 585 CANONUM
1262 523 1539 582 ECCLES.
1579 520 1669 578 ET
1706 516 2284 577 CONS‘I‘ITUTORUM
2322 520 2381 576 S.
2424 512 2621 576 SBDIS
2660 516 2992 575 APOSTOL:

166 654 257 711 sed
288 666 415 707 cum
437 650 513 704 ait
542 666 554 702 :
583 648 694 703 Nos
722 648 861 716 ipsos
888 644 1189 714 decipimus.
1212 652 1258 697 et
1292 641 1475 695 veritas
1513 640 1566 691 in
1605 636 1750 690 nobis
1778 640 1829 701 Α

3341 518 3450 575 890

1929 634 2020 690 lx.
2054 634 2183 689 ltem
2222 634 2448 703 placuit,
2477 642 2536 688 ut
2576 635 2877 704 quicunque
2908 635 3022 703 ipsa
3063 631 3222 687 verba
3252 630 3435 686 Domi-

1858 730 1991 783 nica:
2012 726 2277 782 Orationis
2294 728 2383 782 ubi
2399 728 2647 791 dicimus,
2676 726 2883 780 Dimitte
2905 726 3045 778 nobis
3068 725 3237 778 debita
3260 735 3437 778 nostra

1857 819 2070 890 (Matth.
2104 836 2185 886 vt,
2222 819 2332 889 η),
2360 820 2432 873 ita
2458 820 2641 875 volunt
2662 834 2693 872 a
2720 820 2915 873 sanctis
2943 818 3044 872 dici
3080 827 3135 872 ut
3166 818 3437 873 humiliter

1859 912 1981 996 hoc,
2030 928 2139 967 non
2184 912 2447 967 veraciter
2492 913 2729 977 dicatur;
2759 909 2786 949 δ
2816 910 3097 966 anathema
3139 910 3264 965 sint.
3308 910 3438 976 Quis

1856 1004 1997 1059 enim
2029 1002 2165 1059 lerat
2201 1011 2443 1059 orantem
2484 1013 2538 1059 et
2568 1019 2670 1058 non
2703 1002 3027 1069 hominibus,
3067 1002 3159 1057 sed
3201 1002 3301 1071 ipsi
3330 1001 3439 1055 Deo

1858 1100 2236 1167 mentientem,
2282 1100 2371 1168 qui
2428 1098 2578 1153 labiis
2615 1097 2717 1152 sibi
2766 1098 2893 1151 dicit
2932 1096 3125 1151 dimitti
3172 1096 3337 1159 velle,
3382 1102 3441 1151 et

1858 1192 2022 1245 corde
2051 1190 2213 1258 dicit,
2244 1204 2365 1262 qua
2392 1188 2494 1244 sibi
2522 1187 2858 1244 dimittantur
2899 1188 3073 1243 debita
3104 1202 3162 1243 se
3208 1202 3313 1243 nou
3344 1187 3442 1241 ha-

1858 1280 2022 1339 bere?

2282 1399 2438 1470 17o
2460 1392 2856 1455 cspt'ruwu
2885 1395 3025 1455 xw.

1862 1530 2054 1603 Incipit
2100 1547 2302 1585 sacrum
2353 1530 2695 1605 Rescriptum,
2725 1531 2944 1605 acceptis
2992 1534 3177 1602 synodi
3211 1532 3227 1571 ί
3256 1548 3442 1605 supra-

2334 1603 2539 1670 scripta:
2560 1606 2737 1671 gestis,
2765 1603 2963 1657 datum.

1864 1784 2219 1855 Imperatores
2248 1784 2520 1840 Honestas
2545 1794 2598 1839 et
2627 1783 2957 1838 Tuconosws
2988 1783 3210 1855 Augusti
3242 1784 3448 1841 Panu-

2325 1870 2411 1911 nto
2438 1855 2691 1925 praelecto
2720 1856 2993 1925 praetorio.

168 2046 363 2116 legitur
392 2062 408 2099 :
451 2043 533 2098 Ne
556 2042 709 2095 intres
738 2041 792 2093 in
801 2039 1061 2111 judicium
1090 2053 1207 2091 cum
1226 2052 1366 2090 servo
1393 2046 1503 2100 tuo,
1526 2036 1766 2105 quoniam
1794 2034 1843 2096 B
1942 2036 2023 2091 Ad
2064 2035 2486 2092 conturbaudam
2538 2035 2814 2092 catholica:
2865 2038 3227 2103 simplicitatis
3276 2039 3453 2096 lucem

169 2155 264 2192 non
287 2136 675 2209 justi/imbitur
702 2134 754 2187 in
783 2140 1053 2202 conspectu
1082 2140 1168 2183 tuo
1192 2129 1357 2184 omnis
1379 2128 1545 2182 vivens
1586 2127 1761 2197 (Psal.

170 2247 330 2298 cxut,
360 2231 465 2300 2)?
498 2228 565 2284 Et
614 2228 666 2281 in
711 2226 955 2282 oratione
990 2223 1369 2295 sapientissimi
1424 2222 1764 2278 Salomonis:

178 2324 294 2378 Non
315 2333 400 2377 est
435 2322 587 2375 homo
612 2322 698 2391 qui
733 2316 759 2355 ἀ
798 2336 901 2373 non
945 2318 1184 2386 peccavit.
1228 2316 1293 2371 Et
1340 2314 1390 2370 in
1432 2314 1567 2369 libro
1596 2313 1768 2370 sancti

174 2414 309 2469 Job:
344 2413 373 2467 1
384 2431 421 2466 η
470 2430 625 2466 manu
660 2411 817 2483 169
846 2410 1008 2465 omnis
1058 2410 1279 2463 hominis
1310 2409 1517 2480 signat,
1561 2416 1613 2460 ut
1643 2407 1769 2461 sciat

175 2508 335 2561 omnis
408 2505 563 2559 homo
618 2504 969 2573 inﬁrmitatem
1024 2518 1171 2556 suam
1224 2499 1356 2571 (Job
1412 2516 1615 2564 xxxvu,
1672 2502 1765 2569 7).

178 2596 326 2654 Unde
359 2598 531 2652 etiam
559 2595 742 2650 Daniel
763 2604 981 2650 sanctus
1005 2604 1060 2650 et
1085 2598 1284 2663 justus,
1309 2609 1428 2649 cum
1455 2594 1505 2647 in
1527 2592 1771 2648 oratione

175 2690 463 2760 pluraliter
501 2687 702 2743 diceret
736 2705 750 2741 :
785 2686 1113 2741 Peccavimus
1135 2726 1151 2753 ,
1192 2685 1506 2754 iniquitatem
1556 2684 1772 2749 fecimus

178 2781 336 2849 (Dan.
371 2796 457 2845 tx,
487 2778 567 2849 5),
590 2787 645 2835 et
664 2788 882 2841 extera,
909 2793 1028 2848 quat
1060 2776 1128 2832 ibi
1157 2776 1420 2831 veraciter
1467 2785 1521 2831 et
1556 2774 1772 2829 humili-

178 2883 260 2931 ter
285 2874 619 2930 conlitetnr:
654 2881 679 2910 ο
706 2888 773 2927 ne
810 2881 1113 2942 putaretur,
1158 2870 1609 2940 quemadmodum
1646 2870 1769 2939 qui-

178 2967 298 3023 dam
327 2965 602 3032 sentiunt,
630 2967 730 3020 hoc
758 2980 865 3019 non
892 2965 960 3020 de
979 2963 1114 3028 suis,
1137 2964 1230 3019 sed
1260 2963 1326 3018 de
1356 2964 1537 3033 populi
1567 2964 1646 3017 sui
1681 2978 1775 3033 po-

180 3060 281 3114 tius
311 3058 523 3113 dixisse
550 3058 803 3127 peccatis,
836 3066 1020 3127 postea
1049 3057 1185 3111 dixit
1220 3074 1233 3108 :
1277 3053 1401 3109 Cum
1443 3072 1675 3121 orarem,
1726 3064 1775 3109 et

180 3155 458 3221 confiterer
484 3161 691 3224 peccata
720 3167 832 3206 mea
865 3160 911 3205 et
939 3160 1143 3219 peccata
1170 3149 1349 3221 populi
1406 3150 1502 3203 mei
1551 3148 1773 3205 Domino

184 3244 292 3299 Deo
325 3244 344 3283 ί
373 3260 489 3299 meo
518 3243 704 3314 (Ibid,
738 3243 829 3313 20)
856 3262 868 3296 :
898 3242 1068 3297 noluit
1093 3242 1295 3309 dicere,
1324 3250 1531 3312 peccata
1561 3251 1776 3306 nostra;

183 3337 279 3393 sed
307 3336 491 3408 populi
510 3336 592 3389 sui
611 3334 764 3399 dixit,
788 3342 842 3390 et
862 3350 956 3390 sua
969 3350 990 3401 ;
1018 3334 1270 3404 quoniam
1295 3333 1503 3388 futuros
1530 3333 1662 3388 istos
1685 3332 1775 3405 qui

189 3405 317 3482 tam
340 3405 483 3486 male
518 3429 917 3500 intelligerent,
957 3434 1209 3498 tanquam
1266 3426 1525 3498 prepheta
1560 3436 1586 3475 ι
1633 3442 1771 3497 pra:-
1796 3405 1845 3471 ο

192 3521 345 3578 vidit.

260 3668 287 3697 ι
330 3659 405 3713 lta
435 3672 556 3713 cum
583 3657 739 3712 Dion.
756 3664 808 3711 et
834 3654 961 3710 lsid.
985 3662 1169 3710 noster
1193 3653 1316 3711 cod.
1334 3653 1775 3723 Vind.Quesnel-

189 3732 290 3795 lus,
329 3746 508 3784 metu
535 3745 637 3783 non
665 3729 855 3791 dicere,
884 3727 973 3781 sed
1000 3726 1210 3797 fabam.

257 3802 285 3840 ιι
332 3802 495 3856 Dion.
525 3809 581 3855 et
611 3801 756 3862 lsid.,
784 3798 971 3867 potius.

262 3884 285 3911 ε
328 3874 508 3927 Oxon.
548 3886 674 3934 ms.,
709 3870 763 3924 in
787 3866 1011 3935 multos,
1052 3868 1211 3923 male.
1246 3866 1401 3923 Dion.
1445 3876 1499 3924 et
1536 3866 1686 3935 lsid.,
1721 3868 1775 3921 in

190 3946 367 3998 multis
396 3944 551 3996 enim.

223 4014 460 4140 (ὦ
487 4012 655 4083 vulg.,
682 4026 784 4067 non
810 4018 997 4079 peccet.
1017 4010 1115 4065 Ms.
1142 4009 1265 4066 lsid.
1282 4010 1421 4081 apud
1445 4009 1774 4065 llarduinum

300 4102 315 4139 ι
386 4101 401 4136 Ι
441 4102 480 4138 ι.

192 4086 341 4141 addit
364 4086 480 4138 tibi.

263 4166 287 4193 ε
318 4156 551 4225 Quesn.,
579 4170 643 4207 ne
679 4160 883 4225 putaret
893 4194 919 4225 ,γ
934 4160 994 4225 et
1023 4150 1174 4215 dein,
1196 4153 1351 4225 _d_icit,
1398 4154 1573 4208 minus
1611 4164 1777 4209 recte.

193 4222 619 4284 Emendavimus
639 4240 703 4280 ex
733 4239 831 4278 ms.
864 4223 1017 4277 Vind.
1044 4238 1163 4277 cum
1196 4222 1349 4276 Dion.
1378 4234 1431 4278 et
1454 4226 1577 4278 lsid.

266 4298 286 4337 ί
322 4298 649 4354 Addidtmus
678 4312 788 4350 meo
828 4306 949 4349 cum
994 4293 1145 4347 Vind.
1178 4304 1233 4349 et
1262 4294 1414 4348 Dion.
1447 4296 1599 4365 Apud
1630 4294 1779 4359 lsid.,

194 4381 392 4424 ηοεινο.

263 4450 289 4488 8
320 4440 488 4494 Solus
510 4437 856 4505 Quesuellus,
885 4434 1214 4505 prwvidebat.

262 4507 291 4547 ³³
326 4513 453 4572 AL,
494 4507 767 4562 anathema
811 4507 896 4559 sit.
938 4507 1011 4560 At
1055 4507 1455 4576 quicunque.....
1496 4508 1568 4560 ita
1608 4505 1785 4560 volunt

195 4581 465 4650 pluralem
494 4594 777 4633 numerum
800 4580 1043 4650 exigunt.

273 4652 288 4690 ί
329 4652 460 4706 Hzrc
490 4660 545 4705 et
572 4647 845 4718 sequentia
874 4649 1191 4701 documenta
1228 4661 1395 4717 usque.
1424 4647 1490 4702 ad
1526 4655 1686 4718 caput
1716 4647 1787 4703 20

192 4738 258 4778 ex
287 4726 393 4777 hac
422 4720 741 4776 collectione
765 4717 904 4772 edita
934 4729 1087 4779 sunt.
1116 4734 1181 4773 ex
1212 4718 1403 4786 quibus
1431 4719 1551 4784 tria,
1583 4719 1790 4775 scilicet

195 4793 320 4859 hoc,
352 4793 569 4847 decimo
603 4790 811 4859 quinto,
848 4796 902 4842 et
930 4789 1191 4855 vigesimo
1228 4788 1494 4856 capitibus
1537 4800 1789 4845 contenta

193 4867 261 4919 ab
304 4867 412 4920 hac
463 4864 577 4917 sola
623 4859 944 4915 collectione
993 4860 1143 4913 nobis
1189 4869 1503 4914 conservata
1556 4861 1790 4917 luerunt.

194 4934 502 4990 Cardinalis
556 4930 816 4987 Barouius
863 4944 924 4984 ea
970 4929 1262 4983 Annalibus
1309 4931 1531 4984 inseruit
1577 4946 1642 4985 ex
1686 4947 1787 4985 ms.

195 4968 502 4990 unum...“
557 4968 816 4987 νων-...ω
864 4968 924 4984 υ..
970 4968 1262 4983 ..πη-...νην
1309 4968 1531 4984 ......,.....
1577 4968 1642 4985 ω.
1686 4968 1787 4985 ....,.

195 5003 549 5061 Atreliatensi
583 5001 741 5070 hujus
775 5002 1129 5055 collectionis.
1161 5000 1356 5055 Eadem
1388 5016 1517 5055 vero
1552 5012 1695 5054 totno
1723 5000 1789 5055 Ill
1818 4968 1871 5028 Β

195 5076 569 5131 Couciliurum
624 5072 839 5126 Venetas
884 5072 1155 5136 editionis,
1200 5074 1309 5125 col.
1354 5072 1461 5125 466
1512 5084 1563 5124 et
1615 5085 1788 5140 seqq.,

198 5147 558 5215 proferuntur
599 5157 720 5196 cum
770 5142 1233 5215 emendationibus
1280 5141 1339 5195 P.
1374 5140 1669 5215 Harduini1
1702 5144 1791 5215 qui

196 5211 539 5280 Colbertiuo,
585 5227 743 5267 antea
783 5211 1060 5279 Thuaueo,
1093 5213 1280 5267 codice
1318 5227 1445 5265 usus
1493 5223 1593 5267 est.
1637 5211 1795 5266 Baiu-

198 5292 316 5343 zins
346 5301 568 5358 quoque
593 5298 655 5358 ea
684 5282 882 5358 recusit
918 5283 968 5358 in
996 5283 1304 5358 Appeudice
1334 5283 1795 5358 ad_Commoui_to-

196 5361 343 5414 rium
368 5352 647 5412 'Viu'ceutii
684 5353 975 5409 Lirinensis
1019 5357 1147 5407 edit.
1178 5352 1480 5423 Cantabrig.
1515 5370 1602 5408 an.
1634 5355 1792 5419 1687,

197 5445 264 5485 ac
303 5440 426 5484 tres
472 5428 687 5483 Codices
736 5428 1039 5494 recognitos
1084 5440 1377 5489 memorat,
1430 5428 1680 5480 nimirum
1716 5426 1795 5479 hi-

197 5500 494 5557 bltotlteca:
527 5498 705 5567 Regia:
742 5494 797 5552 S.
829 5495 1082 5550 Germani
1112 5498 1181 5551 de
1215 5496 1488 5567 Pratis,_et
1528 5506 1793 5550 monaste-

198 5574 266 5627 rii
311 5570 377 5626 S.
411 5565 716 5636 Hieronymi
756 5567 1043 5621 Murtensis
1080 5581 1245 5636 prope
1284 5565 1651 5620 Barcinonem.
1688 5567 1796 5621 Nos

201 5651 479 5713 praeterea
523 5641 765 5713 codicem
810 5636 1114 5713 Caesareum
1162 5636 1627 5713 Vindeboneusem
1668 5638 1798 5713 alle-

200 5707 477 5782 gabimus.
520 5710 748 5782 Quesu.,
777 5709 1104 5782 supradictae.
1148 5708 1217 5763 At
1262 5707 1591 5782 praetulimus
1636 5708 1794 5782 codd.

201 5778 431 5839 Thuan.
455 5791 508 5838 et
548 5778 733 5847 Vind.,
770 5778 1058 5849 inquibus
1089 5795 1189 5847 ss.,
1225 5778 1275 5833 id
1301 5788 1389 5851 est
1414 5780 1795 5851 suprascripta,

204 5853 331 5922 ipso
354 5853 647 5921 Quesnello
671 5848 1068 5922 interpretante,
1111 5854 1319 5922 legitur.
1343 5848 1483 5905 Mox"
1501 5849 1802 5907 addidimus

245 5940 402 5981 ctum
425 5939 489 5980 ex
514 5931 702 5979 nostro
726 5938 828 5978 ms.
862 5923 1017 5979 Vind.

286 5997 303 6049 i
332 5997 419 6053 Ita
444 6011 565 6051 cum
590 6008 719 6050 mss.
744 5995 951 6050 Thuan.
979 6002 1031 6049 et
1048 5991 1205 6049 Vind.
1223 5992 1445 6064 aliisque
1464 5990 1691 6062 vulgatis
1704 5993 1808 6051 Ba-

504 6092 783 6153 Ps'nos.
829 6086 993 6150 LVI.

1872 2146 2007 2201 puro
2033 2146 2246 2200 semper
2273 2130 2559 2200 splendore
2589 2132 2885 2185 radiantem
2907 2170 2923 2196 ,
2956 2131 3158 2186 dolosas
3204 2133 3337 2188 artis
3376 2135 3457 2187 in-

1870 2226 2027 2295 genio
2051 2238 2244 2278 novam
2275 2224 2453 2277 subito
2478 2221 2491 2273 i
2524 2225 2809 2278 emicuisse
2832 2225 3117 2279 versutiam
3147 2226 3459 2294 pervulgata

1871 2317 2123 2385 Opinione
2164 2318 2545 2386 cognovimus;
2587 2331 2707 2386 quae
2751 2317 2954 2371 fallacis
3001 2316 3239 2371 scientia:
3269 2319 3461 2372 obum-

1873 2410 2021 2467 brata
2046 2410 2339 2465 mendaciis
2370 2418 2427 2465 et
2462 2408 2664 2465 furioso
2694 2419 2897 2465 tantum
2928 2407 2951 2447 ἰ
2984 2410 3311 2465 debaccltata
3351 2412 3462 2465 luc-

1872 2505 2090 2567 tamine,
2121 2502 2366 2558 stabilem
2392 2503 2626 2572 quietem
2653 2502 2890 2558 cmlestis
2918 2511 3145 2557 conatur
3170 2512 3463 2559 attrectare

1873 2597 2031 2659 lldei,
2082 2594 2260 2650 ldum
2309 2596 2433 2650 novi
2476 2594 2716 2654 criminis
2763 2596 3107 2650 commendat
3162 2596 3463 2660 inventum,

1872 2690 2133 2761 insignem
2186 2701 2366 2743 notant
2428 2688 2652 2758 plebeize
2705 2688 2981 2742 aestimans
3041 2687 3291 2755 vilitatis,
3336 2704 3466 2745 sen-

1874 2785 1977 2837 tire
2022 2797 2144 2837 cum
2192 2784 2422 2843 cunctis.
2462 2795 2524 2835 ac
2562 2780 2857 2850 prudentie
2897 2781 3185 2851 singularis
3233 2784 3466 2850 palmam

1873 2874 2010 2943 lore,
2044 2883 2081 2909 ω
2106 2873 2463 2928 communiter
2502 2872 2792 2940 approbata
2824 2870 3141 2929 destruere:
3167 2875 3321 2943 cujus
3362 2876 3466 2930 im-

1875 2967 1977 3036 piae
2013 2964 2478 3021 commentationis
2518 2974 2765 3016 auatores
2817 2960 3087 3031 Pelagium
3119 2962 3469 3021 C(elestiutn-

1875 3072 1979 3127 que
1999 3057 2302 3127 percrebuit
2321 3054 2610 3111 exstitisse.
2634 3054 2695 3107 lli
2719 3054 2927 3124 parenti
2949 3065 3258 3111 cunctarum
3281 3073 3464 3114 rerum

1876 3153 2007 3219 Deo,
2040 3152 2424 3221 praecipuaeque
2444 3162 2659 3217 semper
2688 3147 2953 3217 majestati
2981 3157 3009 3185 ιι
3033 3135 3321 3206 intermina
3350 3142 3469 3205 oni-

1878 3247 2137 3315 nipOtenti
2158 3286 2171 3307 ,
2200 3251 2255 3299 et
2284 3243 2420 3298 ultra
2449 3257 2609 3296 omne
2641 3242 2956 3311 principium
2990 3246 3285 3300 transeunti
3306 3287 3320 3311 ,
3356 3254 3465 3301 tam

1880 3346 2083 3393 trucem
2126 3333 2522 3391 inclementiam
2552 3344 2577 3369 υ
2606 3350 2795 3390 scatat
2824 3337 3111 3392 voluntatis
3154 3338 3465 3407 assignant,

1878 3440 1933 3486 ut
1958 3446 2081 3485 cum
2126 3429 2384 3484 formandi
2416 3439 2443 3478 ρ
2474 3429 2654 3483 mundi
2685 3428 2930 3498 opiﬁcem
2976 3445 3157 3484 curam
3196 3444 3465 3500 sumeret,

1876 3523 2296 3593 qualitatemque
2349 3522 2581 3578 hominis
2637 3521 2877 3576 struendi
2938 3524 3199 3592 profunda
3250 3528 3468 3593 spiritus

1878 3655 2058 3732 ronii,
2083 3656 2340 3712 Harduini
2372 3663 2426 3712 et
2474 3655 2699 3711 Baluzii.
2740 3655 3061 3721 Quesnollus
3102 3672 3222 3713 cum
3263 3660 3468 3732 Oxon.,
3564 3638 3571 3643 μ

1877 3744 2164 3781 ειηενεηιε.

1950 3796 1975 3835 ¹ί
2004 3798 2207 3865 Quosu.
2235 3813 2355 3853 cum
2397 3796 2586 3861 Hard.,
2616 3799 2922 3853 debacchata
2956 3808 3029 3852 est
3069 3800 3363 3865 luctamine,
3410 3812 3468 3857 ut

1876 3869 2108 3924 stabilem
2136 3872 2350 3939 quietem
2380 3870 2593 3923 calcatis
2622 3878 2910 3940 attrectaret
2935 3870 3077 3938 ﬁdei.
3113 3872 3272 3926 Notat
3303 3889 3464 3940 porro

1878 3940 1933 3995 in
1967 3938 2241 4010 margine:
2272 3941 2361 3995 Est
2398 3948 2446 4010 et
2474 3948 2533 3994 ut
2564 3941 2748 3993 omittit
2776 3938 2938 3994 Garn.
2978 3941 3041 3993 Et
3071 3941 3261 3996 iterum
3297 3938 3313 3996 ἑ
3340 3945 3471 4001 Cum

1880 4009 2166 4086 attrectare
2193 4012 2377 4080 legeret
2405 4009 2695 4086 Salmasius
2716 4013 2769 4063 in
2800 4012 2913 4065 cod.
2944 4009 2987 4064 Τ
2981 4011 3175 4086 _Itttan.,
3197 4016 3473 4086 supplevit,

1881 4085 2072 4149 audet,
2100 4092 2146 4136 et
2184 4099 2247 4135 ex
2276 4100 2332 4136 eo
2372 4083 2591 4150 sumpsit
2626 4080 2928 4136 Garnerius.
2968 4080 3269 4138 Genuinam'
3293 4080 3476 4141 lectio;

1882 4170 1995 4208 nem
2024 4155 2245 4207 restituit
2291 4152 2462 4206 Oxon.
2490 4170 2589 4208 ms.
2635 4155 2767 4207 Cum
2796 4168 2928 4208 vero
2970 4164 3043 4206 est
3075 4164 3129 4207 et
3170 4166 3223 4208 ut
3267 4158 3478 4223 ignoret

1882 4233 2083 4292 pariter
2100 4234 2281 4278 uoster
2292 4224 2413 4278 cod.
2440 4224 2667 4279 Viudeb.
2688 4233 2737 4277 et
2759 4234 3031 4277 attrectare
3053 4226 3470 4285 habeat'l‘huan.

1884 4310 2024 4363 ms.,
2050 4294 2437 4364 praeferendam
2485 4297 2795 4349 censuimus
2840 4296 3124 4349 lectionem
3167 4297 3283 4351 cod.
3321 4302 3479 4355 Atre-

1884 4365 2120 4436 bateusts
2146 4365 2359 4419 Baronti
2390 4378 2443 4419 et
2464 4365 2691 4418 aliorum
2724 4367 2862 4431 apud
2896 4366 3162 4418 Baluzium
3182 4407 3195 4427 ,
3220 4368 3311 4436 qui
3351 4385 3475 4424 cum

1888 4435 2045 4489 Vind.
2070 4447 2125 4491 et
2154 4437 2362 4489 Tltuan.
2396 4451 2458 4489 ex
2501 4444 2650 4504 parte
2681 4436 3044 4499 concinentes,
3073 4436 3275 4492 inserto
3316 4442 3479 4496 verbo

1886 4519 2117 4578 conatur,
2148 4510 2415 4561 veriorem
2440 4506 2597 4574 hujus
2622 4508 2723 4561 loci
2753 4505 3146 4562 restitutionem
3176 4524 3467 4578 reprzesen-

1892 4586 2005 4631 tare
2036 4576 2303 4631 videntur.

1966 4646 1984 4684 ι
2018 4648 2314 4703 Salmasius
2340 4662 2458 4702 cum
2500 4646 2713 4701 Thuan.
2749 4663 2875 4711 ms.,
2904 4657 3123 4703 notante
3164 4650 3479 4718 Qttesncllo,

1892 4725 1945 4771 et
1967 4718 2211 4773 similiter
2236 4718 2504 4787 Baluzius,
2529 4724 2649 4771 dum
2676 4720 2786 4771 novi
2810 4720 3037 4773 criminis
3060 4734 3480 4780 commentatores

1892 4790 2237 4859 insignem...
2269 4791 2544 4844 testimant.
2600 4789 2745 4842 Alias
2774 4804 2893 4843 cum
2926 4790 3176 4854 Barou‘to,
3209 4796 3328 4846 dum
3368 4799 3483 4849 novi

1895 4861 2121 4933 criminis
2152 4860 2503 4914 commendata
2530 4868 2675 4933 vento
2706 4862 3021 4928 insignem...
3040 4871 3261 4933 testtmat
3281 4881 3298 4917 :
3322 4881 3482 4933 quam

1898 4931 2177 4985 lectionem
2211 4941 2460 5000 tanquam
2491 4932 2874 4997 elegantiorem
2921 4931 3133 4996 prafert
3165 4931 3480 4991 Gtrnerius.

1897 5000 2000 5068 Ιιιςὶ
2026 5011 2201 5056 autem
2233 5002 2522 5068 Quesnello
2552 5005 2720 5071 magis
2749 5002 2928 5055 arrisit
2962 5003 3119 5055 lectio
3152 5020 3251 5056 ms.
3277 5004 3477 5069 Oxou.,

1892 5073 2014 5125 dum
2046 5074 2158 5125 novi
2182 5074 2411 5126 criminis
2440 5074 2724 5126 commenta
2746 5073 2952 5138 invenit,
2991 5073 3122 5132 ni~i.
3162 5076 3355 5141 inquit,
3384 5090 3481 5141 pro

1896 5144 2122 5196 criminis
2154 5145 2277 5211 poni
2318 5144 2449 5197 Velis
2478 5144 2751 5197 acuminis.
2798 5144 2942 5196 llauc
2986 5143 3286 5197 llarduinus
3336 5160 3483 5199 νείκεε

1901 5215 1994 5281 pit.
2022 5216 2381 5269 Sinceriorem
2409 5229 2536 5269 vero
2575 5229 2998 5284 putamusquam
3026 5228 3093 5267 ex
3120 5229 3219 5267 ms.
3253 5214 3479 5271 Viudeb.

1898 5284 2256 5338 exhibuimus.
2614 5314 2637 5327 ε»

1970 5353 2007 5375 “
2040 5357 2139 5409 Ms.
2169 5356 2379 5410 Thuan.
2413 5354 2565 5409 addit
2610 5361 2881 5421 conantur,
2924 5368 3019 5423 pro
3048 5370 3156 5424 quo
3186 5352 3483 5414 Salmasius

1898 5426 2171 5480 suhStituit
2193 5428 2530 5480 arbitrantur.
2557 5428 2756 5493 Quess.

1966 5504 1995 5532 ⁸³
2022 5495 2212 5562 ϐ.ιιίι.,
2243 5500 2564 5551 interminate
2608 5498 2818 5565 potenti,
2846 5495 3090 5550 Baluzius
3116 5509 3237 5550 cum
3269 5496 3480 5553 Thuan.

1898 5566 2045 5692 etltdq
2077 5570 2490 5623 interminatione
2530 5568 2741 5638 potenti.
2772 5568 2991 5634 Baron.,
3037 5577 3111 5620 ter
3149 5570 3487 5635 omnipotenti

1900 5656 1935 5692 u
1959 5648 2061 5692 tra.

1900 5648 2061 5693 ultra.

1975 5718 1999 5746 ο

1975 5718 1999 5746 ο

1974 5790 2003 5831 Ρ
2029 5710 2427 5848 ὂξίέεῗιίῗυξιίωι
2460 5799 2472 5832 :
2515 5777 2601 5832 Ita
2642 5779 2950 5845 Oxon.;alii
2994 5779 3231 5832 omittunt
3281 5782 3488 5837 mundi,

1905 5852 2128 5916 Baron.,
2162 5851 2339 5905 Balus.
2374 5862 2429 5907 et
2470 5849 2731 5907 Harduiu.
2754 5866 2863 5907 non
2908 5854 3180 5920 omittunt,
3210 5851 3349 5908 sicut
3396 5867 3493 5909 nec

1906 5931 2091 5979 noster
2110 5920 2235 5977 cod.
2269 5921 2423 5978 Vind.

3074 6084 3148 6147 16
