3992 6348
558 531 659 587 491

558 640 909 713 conceptione
937 639 1190 703 libraret,
1224 638 1375 711 171
1401 635 1611 695 fundati
1631 635 1870 693 muneris
1892 643 1916 670 ⁸
1947 632 2147 691 foedum

559 733 850 793 anteferret
878 730 1188 797 exordium,
1218 738 1272 787 et
1312 736 1537 788 mortem
1579 728 1917 798 promitteret
1956 725 2137 781 nasci-

558 837 718 887 turo.
751 841 857 883 non
903 825 1041 881 lianc
1078 823 1284 882 insidiis
1312 822 1463 881 vetiti
1506 822 1726 882 auxisse
1764 819 2004 898 peccati,
2045 818 2138 874 sed

556 920 588 960 ι)
618 920 791 990 egisse
834 917 1042 987 penitus
1075 915 1249 987 legem
1285 914 1634 973 immutabilis
1679 913 1986 978 constituti;
2018 922 2039 951 ο
2072 910 2137 966 ad

556 1008 935 1069 declinandum
978 1008 1109 1064 lethi
1137 1007 1366 1067 exitialis
1394 1006 1667 1064 incursum
1711 1005 1843 1062 nihil
1884 1003 2142 1081 prodesse

555 1100 935 1159 abstinentiam
980 1098 1357 1169 delinquendi,
1410 1098 1562 1171 cujus
1611 1097 1693 1154 vis
1746 1098 1819 1153 ita
1866 1105 2141 1174 putaretur

556 1192 824 1262 ascripta,
866 1200 925 1245 ut
969 1206 1075 1246 non
1125 1190 1295 1261 possit
1335 1189 1538 1245 aboleri
1568 1188 1852 1258 deinceps;
1884 1185 2141 1258 primitivi

554 1284 789 1340 hominis
808 1297 1079 1350 errorem,
1105 1282 1161 1337 in
1189 1297 1348 1357 quem
1382 1288 1551 1353 captaa
1579 1280 1773 1336 mentis
1796 1280 1949 1348 inops
1979 1278 2143 1333 ratio-

555 1381 642 1435 nis
685 1379 898 1436 caecitas
952 1376 1231 1442 irruisset;
1284 1373 1561 1444 delapsum
1618 1372 1685 1427 ad
1741 1379 1986 1443 posteros
2036 1385 2142 1426 non

556 1471 755 1535 fuisse;
785 1477 1099 1539 tantumque
1123 1465 1265 1537 apud
1294 1482 1415 1523 eum
1434 1510 1449 1534 ,
1482 1480 1645 1537 quem
1673 1463 1993 1525 malesuada
2020 1478 2144 1541 gra-

556 1563 647 1617 tiae
677 1560 859 1617 infelix
905 1559 1172 1629 rapuisset
1201 1558 1474 1625 iiieeebra,
1525 1555 2007 1628 transgressionem
2058 1556 2143 1609 in-

555 1652 773 1711 terdicti
802 1650 1069 1706 exstitisse
1095 1649 1445 1718 discriminis,
1467 1664 1588 1704 cum
1614 1648 1834 1704 evidens
1867 1647 2143 1703 catholica

556 1747 693 1816 legis
737 1744 1019 1801 omnifaria
1062 1753 1290 1802 tentetur
1332 1744 1650 1811 auctoritas,
1693 1744 1847 1798 illam
1898 1741 2147 1801 interitus

556 1839 798 1895 omnium
840 1837 1009 1894 fuisse
1034 1836 1385 1905 vestibulum,
1414 1835 1442 1873 ά
1468 1852 1626 1908 quem
1670 1835 1863 1891 divinae
1906 1850 2145 1906 praecep-

556 1927 723 1984 tionis
750 1926 995 1983 sedulum
1024 1926 1193 1997 liquet
1220 1927 1527 2003 corrupisse
1556 1925 1897 1991 mandatum;
1931 1924 2140 2001 aliaque

557 2020 948 2095 quamplurima
964 2061 980 2087 ,
1002 2033 1122 2092 qua:
1148 2034 1328 2075 sermo
1348 2019 1584 2093 respuit,
1612 2018 1697 2075 lex
1724 2018 1948 2085 refutat,
1978 2027 2001 2055 ο
2023 2031 2143 2087 quae

555 2118 844 2183 pertuum
873 2111 942 2166 sit
972 2110 1275 2178 recordari,
1304 2111 1463 2166 etiam
1492 2110 1592 2167 sub
1618 2111 1968 2181 dispositione
1997 2110 2144 2181 plec-

556 2202 724 2259 tendi.
753 2204 883 2271 Qua
910 2199 933 2240 τ
966 2210 1232 2257 maturato
1276 2204 1515 2258 remedio
1544 2210 1600 2259 et
1627 2202 1903 2259 celeritate
1950 2201 2140 2257 festina

554 2302 768 2367 oportet
794 2295 1073 2367 intercipi,
1098 2310 1165 2352 ne
1190 2295 1539 2352 corroborata
1570 2311 1666 2352 usu
1696 2296 1947 2366 nequitia:
1970 2304 1996 2343 Β
2020 2294 2143 2351 ado-

554 2391 807 2449 lescentis
833 2392 921 2448 vix
944 2391 1159 2447 valeant
1184 2392 1444 2447 coerceri.
1474 2390 1752 2463 Siquidem
1792 2403 1949 2446 aures
1991 2403 2141 2444 man-

554 2485 857 2542 suetudinis
904 2492 1103 2542 nostraa
1144 2497 1333 2539 recens
1360 2482 1502 2538 fama
1530 2479 1559 2519 ιι
1582 2482 1969 2554 perstrinxerat
2002 2481 2141 2536 intra

555 2576 972 2636 sacratissimum
1019 2576 1207 2631 urbem
1256 2585 1497 2631 nostram
1522 2616 1536 2639 ,
1588 2575 1802 2645 aliaque
1850 2573 1966 2629 loca
1991 2614 2008 2639 ,
2069 2573 2141 2627 ita

554 2669 869 2741 pestiferum
907 2668 1054 2723 virus
1093 2667 1446 2738 quorumdam
1486 2666 1772 2721 inolevissc
1813 2665 2139 2735 pectoribus,

554 2769 617 2827 ut
647 2764 949 2832 interrupto
972 2758 1191 2816 directa
1214 2757 1549 2815 credulitatis
1582 2758 1814 2824 tramite,
1861 2756 2045 2813 scissis
2088 2755 2144 2811 in

557 2863 744 2925 partes
771 2854 963 2915 studiis
1011 2853 1317 2920 asserendi,
1352 2853 1576 2909 materia
1617 2853 1895 2923 impacata:
1935 2851 2145 2907 dissen-

557 2945 727 3002 sionis
749 2945 965 3001 inducta
994 2946 1098 3014 sit;
1130 2959 1375 3017 novoque
1401 2944 1635 3001 scandali
1667 2943 1851 3000 fomite
1877 2944 2145 3000 concitato

556 3036 880 3094 beatissima:
903 3037 1159 3094 Ecclesia:
1191 3035 1206 3074 ί
1238 3047 1358 3093 actu
1383 3046 1532 3093 nutet
1558 3044 1817 3093 attentata
1842 3034 2145 3105 tranquilli-

558 3137 639 3185 tas
665 3145 678 3182 :
708 3128 721 3178 i
760 3128 879 3184 aliis
902 3129 1046 3185 aliud
1078 3129 1297 3201 ancipiti
1320 3128 1763 3201 interpretatione
1791 3127 2142 3197 sectantibus,

558 3228 612 3275 et
646 3234 767 3276 cum
797 3222 868 3277 sit
910 3221 1154 3279 absoluta
1205 3230 1512 3278 sanctorum
1544 3223 1754 3295 apicum
1802 3222 2038 3293 claritas,
2082 3236 2147 3278 ac

558 3313 790 3370 dilucide
821 3316 975 3387 172
1012 3314 1140 3387 quid
1180 3316 1331 3387 sequi
1366 3315 1687 3372 universitas
1727 3314 1923 3371 debeat
1957 3315 2143 3385 expia-
2191 3363 2195 3367 .

556 3420 729 3476 nans,
770 3421 870 3478 pro
908 3417 1065 3482 captu
1105 3410 1405 3480 vcrsipellis
1455 3409 1656 3482 ingenii
1686 3408 1709 3446 ι
1742 3410 2001 3466 novorum
2051 3423 2150 3465 au-

558 3515 716 3557 suum
746 3501 1025 3572 profanam
1056 3502 1396 3559 moventibus
1425 3504 1795 3575 quaestionem,
1820 3501 2026 3560 Palladi
2052 3516 2147 3575 pa-

558 3604 686 3653 rens
709 3592 1026 3653 citatissime
1044 3603 1206 3666 atque
1223 3596 1613 3655 amantissimo.

627 3687 709 3744 Ob
736 3700 895 3756 quam
937 3703 1053 3744 rem
1082 3690 1306 3745 illustris
1354 3689 1647 3745 auctoritas
1694 3699 1814 3759 tua,
1849 3692 2052 3746 victura
2092 3690 2147 3745 in

632 3880 659 3907 ι
685 3869 764 3925 lta
783 3868 957 3926 Oxon.
981 3867 1065 3923 Al.
1096 3868 1331 3934 Thuan.,
1358 3869 1444 3925 cui
1475 3869 1754 3937 Baronius,
1789 3868 2037 3925 Baluzius
2088 3878 2143 3929 et

557 3939 1386 4011 Magdeburgensesconcinunt:
1412 3940 1534 4010 ﬁdei
1558 3940 1828 4011 anteferret
1851 3941 2139 3999 exordium.

560 4009 725 4067 Garn.
745 4025 810 4067 ex
837 4009 1121 4081 Salmasio,
1147 4012 1237 4081 qui
1262 4009 1477 4081 'lfhua'n.
1499 4009 1735 4081 correxit
1757 4012 1823 4066 de
1848 4025 1969 4077 sun,
1994 4010 2144 4081 finem

558 4084 834 4152 anteferret
873 4080 1104 4152 exordio.
1146 4078 1236 4135 Sic
1274 4080 1474 4147 Quesn.
1518 4080 1620 4138 bis.
1663 4081 1817 4139 Vind.
1860 4078 2142 4139 lectionem

558 4150 1017 4233 Thoan._pra:iert
1037 4166 1208 4233 aqua
1243 4167 1364 4211 cum
1388 4154 1653 4233 silentiosa
1692 4153 1792 4220 sit,
1818 4151 2142 4218 Harduinus,

557 4222 749 4279 eodem
781 4221 906 4278 licet
953 4221 1138 4278 codice
1182 4236 1342 4290 usus,
1383 4221 1740 4281 Oxoniensein
1785 4234 1999 4280 secutus
2039 4233 2140 4281 est.

557 4291 680 4367 Mox
711 4295 1026 4367 promitteret
1063 4293 1382 4367 Questiellus
1408 4310 1531 4351 cum
1557 4294 1765 4351 Thuan.
1795 4295 1982 4351 codice
2009 4309 2147 4367 prte-

557 4365 697 4422 tulit.
719 4364 822 4423 Alii
844 4364 1001 4421 codd.
1025 4373 1083 4421 et
1107 4365 1260 4430 editi,
1288 4367 1637 4435 promitteret.

629 4435 657 4475 ιι
686 4436 763 4508 ita
790 4436 1141 4508 mss.»0xon.,
1166 4435 1374 4508 Thoen.
1401 4451 1463 4493 ac
1487 4436 1714 4497 Vindeb.
1740 4435 1865 4503 Alii,
1896 4435 2139 4508 exegisse.

558 4504 678 4559 Mox
700 4506 889 4573 Garn.,
919 4505 1368 4560 incommutabilis.

634 4586 657 4614 ε
682 4573 869 4648 Garn.,
885 4575 1025 4648 _ut_ad
1049 4575 1526 4648 declinandum...,.
1552 4575 1681 4633 nihil
1704 4577 1968 4648 prodesset
1990 4578 2145 4633 absti-

558 4647 731 4770 u‘elntia
745 4655 843 4769 ,‘tet
865 4645 991 4701 dein
1016 4661 1139 4705 cum
1168 4647 1364 4707 Baron.
1389 4657 1445 4703 et
1464 4645 1754 4714 Harduin'.,
1776 4649 2021 4707 adstricta
2047 4662 2145 4718 pro

558 4733 589 4770 α
629 4733 768 4770 scrin
789 4733 840 4768 a.

557 4720 840 4787 adscripta.

629 4783 657 4823 ἀ
690 4783 951 4861 Baluzius,
974 4788 1106 4861 quod
1243 4787 1452 4861 liqueat.
1473 4788 1715 4861 Verbum
1738 4789 1927 4861 liqueat
1948 4790 2142 4861 legitur

558 4858 720 4914 etiam
745 4857 886 4926 apud
911 4858 1193 4914 Beronium
1213 4868 1268 4915 et
1291 4857 1639 4917 Harduinum.

542 4956 547 4985 ξ
632 4938 655 4966 θ
688 4929 763 4983 ita
814 4929 1013 4994 Quesn.
1056 4938 1111 4983 et
1147 4928 1314 4984 Hard.
1354 4944 1475 4985 cum
1519 4946 1623 4985 ms.
1655 4930 1830 4986 Oxon.
1861 4931 1950 4986 Sic
1976 4932 2140 4989 etiam

553 5000 801 5057 fortassis
823 5004 991 5067 prima
1019 5014 1178 5053 manu
1202 4999 1255 5055 in
1281 4999 1529 5067 Vindeb.,
1561 5001 1749 5061 media:
1775 5003 1919 5061 enim
1952 5002 2141 5057 litterae

556 5081 621 5124 ta:
648 5072 700 5125 in
730 5070 898 5129 verbo
922 5079 1193 5139 pertaesum
1222 5069 1413 5129 deletae
1441 5072 1709 5135 videntur,
1737 5082 1793 5126 ut
1814 5074 2139 5129 scriberetur

554 5141 788 5199 secunda
813 5154 971 5195 manu
1003 5156 1298 5208 pcrexosum
1317 5187 1331 5211 ,
1358 5143 1811 5211 quemadmodum
1840 5142 2006 5199 Garn.
2029 5142 2139 5201 edi-

554 5212 651 5265 dit.
682 5212 900 5277 Baron.,
928 5226 1041 5283 qua:
1071 5220 1306 5281 perpetue
1343 5228 1459 5273 cum
1494 5214 1589 5277 sit;
1636 5212 1842 5280 Baluz.,
1881 5229 1994 5283 quis
2025 5229 2134 5283 per-

553 5294 700 5354 petua
720 5284 960 5354 sumpsit.
980 5282 1107 5344 Alii.
1135 5284 1264 5339 absit
1293 5298 1388 5353 pro
1414 5284 1649 5354 sumpsit.

633 5353 649 5390 ί
679 5354 841 5408 Garn.
866 5364 922 5409 et
944 5353 1149 5420 Baluz.,
1174 5360 1391 5411 maturo.

628 5433 653 5471 ε
681 5423 845 5495 Garn.
897 5439 1016 5495 cum
1072 5424 1365 5489 Salmasio,
1411 5423 1769 5485 adolescentia.
1819 5425 2019 5495 Queen.
2072 5441 2135 5480 cx

551 5494 874 5571 Oxon.
899 5504 955 5571 et
974 5494 1207 5571 Thua_n.,
1229 5495 1423 5571 quibus
1447 5496 1740 5571 concidunt
1765 5494 1984 5571 Heron,
2005 5496 2137 5571 Mag-

552 5565 801 5635 deburg.,
826 5565 1008 5635 Baluz.
1036 5576 1091 5619 et
1116 5565 1401 5634 Harduin.,
1426 5565 1792 5621 adolescentes.
1819 5565 1999 5625 Melior
2023 5565 2134 5627 vise

550 5644 639 5689 est
667 5634 820 5691 lectio
843 5636 965 5691 cod.
994 5634 1437 5692 Vindebonensis.

627 5702 658 5778 ᾗ
682 5706 758 5761 lta
785 5707 981 5765 Baron.
1003 5707 1278 5778 etBaluz.,
1308 5708 1630 5769 cencinente
1653 5720 1756 5765 ms.
1787 5706 1943 5768 Vind.
1966 5708 2134 5775 Ques-

552 5775 750 5851 neilus,
778 5778 1127 5851 perstrinxerit
1155 5775 1294 5851 intra
1322 5779 1719 5851 sanctissimam.

635 5846 646 5882 ί
683 5846 815 5900 Cum
838 5848 925 5901 alii
947 5846 1158 5902 codices
1182 5847 1411 5902 habeant
1437 5848 1704 5916 hactenus,
1730 5847 1815 5910 alii
1839 5858 1955 5905 actu
1979 5859 2133 5915 nutet,

552 5932 779 5987 quorum
804 5918 1032 5985 primum
1062 5917 1258 5971 Baron.
1282 5927 1336 5972 et
1370 5919 1611 5976 Baluzius
1657 5920 1827 5975 secuti
1858 5930 2001 5987 sunt,
2038 5923 2137 5975 hoc

551 5989 797 6046 ultimum
824 5993 1095 6053 recepi-um
1126 5989 1179 6046 in
1209 5988 1329 6045 cod.
1372 5988 1580 6048 'l‘huan.
1615 5992 1784 6059 magis
1803 5990 2037 6057 placuit,
2070 5992 2135 6047 ad

1479 521 1825 580 Ai’PENDlX
1864 522 1953 577 AD
1992 522 2050 577 S.
2092 519 2335 577 LEONIS
2374 514 2589 577 MAGNI
2627 518 2874 577 OPERA.

3667 518 3742 583 iis

2173 637 2228 695 Α
2252 648 2410 689 omne
2450 649 2620 689 aevum
2664 634 2780 704 lege
2827 646 2924 688 nes
2951 632 3199 689 statuisse
3223 643 3525 705 cognoscat,
3553 643 3601 690 ut
3623 636 3749 703 pulsu

2248 741 2314 783 ex
2358 725 2501 782 Urbe
2537 724 2552 763 ¹
2595 726 2839 796 primitus
2891 726 3153 795 capitibus
3201 725 3455 799 dogmatis
3501 730 3749 787 exsecrabili

2243 818 2494 875 Cmiestio
2521 826 2678 889 atque
2703 818 2942 888 Pelagio,
2976 818 3021 873 si
3048 819 3139 890 qui
3169 818 3389 890 hujusce
3412 820 3475 877 de
3498 830 3662 876 cetero
3683 837 3746 878 ss-

2244 910 2447 982 crilegii
2460 920 2754 967 sectatores
2774 913 3180 983 quibuscunque
3205 914 3335 970 locis
3353 915 3599 985 potuerint
3659 931 3748 971 rur-

2244 1016 2338 1063 sus
2375 1002 2632 1072 reperiri,
2662 1011 2753 1058 aut
2781 1004 2848 1058 de
2881 1007 3142 1073 pravitate
3170 1005 3414 1061 damnata
3438 1006 3637 1077 aliquem
3662 1024 3752 1077 pro-

2244 1096 2384 1157 ferre
2396 1111 2721 1165 sermonem,
2735 1112 2763 1150 a
2779 1110 3098 1168 quocunque
3114 1099 3345 1169 correpti
3359 1098 3422 1153 ad
3433 1107 3753 1170 competentrm

2241 1186 2477 1258 judicem
2502 1187 2907 1258 pertrahantur:
2933 1196 2959 1223 ιι
2979 1204 3113 1259 quos
3129 1190 3241 1246 sive
3262 1190 3501 1259 clericus,
3522 1190 3617 1246 sive
3630 1192 3754 1248 laicus

2246 1278 2430 1347 fuerit,
2464 1279 2742 1337 deferendi
2798 1280 2991 1337 habeat
3040 1291 3384 1352 potestatem,
3415 1293 3466 1338 et
3492 1282 3593 1339 sine
3619 1292 3756 1356 οντε-

2244 1373 2536 1449 scriptione
2580 1372 2757 1444 aliqua
2798 1374 3120 1446 perurgendi
3150 1390 3282 1447 quos
3330 1374 3509 1431 relicta
3548 1378 3756 1431 communi

2245 1464 2485 1520 scientiae
2511 1464 2629 1520 luce
2656 1480 2809 1520 novae
2844 1465 3217 1536 disputationis
3248 1466 3491 1522 tenebras
3531 1466 3758 1522 introferre

2248 1554 2681 1628 deprehenderit,
2698 1566 2883 1611 contra
2895 1557 3243 1626 apostolicam
3258 1558 3459 1613 scilicet
3469 1556 3759 1628 disciplinam,

2247 1647 2715 1718 evangelicamque
2761 1648 2959 1704 claram
3007 1657 3061 1704 et
3113 1648 3228 1705 sine
3272 1663 3458 1706 errore
3500 1650 3759 1705 sententiam

2248 1740 2396 1796 vafra
2424 1743 2570 1797 rudis
2608 1751 2773 1797 secta:
2806 1741 3094 1798 calliditate
3123 1751 3439 1821 pugnantes,
3471 1743 3763 1799 involventes-

2250 1852 2353 1910 que
2383 1837 2755 1908 splendentem
2798 1837 2957 1893 fidem
3002 1836 3113 1893 veri
3153 1837 3464 1909 ambagibus
3491 1834 3763 1893 disserendo.

2253 1927 2364 1983 Hos
2413 1944 2540 1999 ergo
2592 1937 2839 1999 repertos
2869 1928 3168 1999 ubicunque
3203 1928 3273 1985 de
3319 1928 3421 1983 hoc
3463 1936 3561 1983 tam
3601 1926 3768 1982 infandi

2172 2018 2224 2082 Β
2247 2022 2451 2078 scelere
2479 2020 2817 2077 conferentes
2840 2036 2871 2077 a
2896 2021 3304 2092 quibuscunque
3328 2020 3566 2092 iubemus
3588 2019 3765 2090 corripi,

2243 2115 2609 2189 deductosque
2642 2115 2708 2170 ad
2738 2114 3063 2171 audientiam
3109 2113 3381 2185 publicam
3421 2114 3681 2185 promiscue
3716 2112 3765 2166 ab

2243 2210 2491 2273 omnibus
2528 2207 2808 2264 accusari:
2845 2210 2916 2263 ita
2952 2216 3011 2263 ut
3056 2207 3424 2276 probationem
3461 2203 3761 2262 conviction-

2243 2302 2403 2357 ninis
2438 2300 2609 2372 stylus
2637 2299 2882 2370 publicus
2910 2298 3239 2373 insequatur,
3283 2295 3415 2370 ipsis
3442 2295 3671 2353 inexorsti
3694 2308 3760 2349 ex-

2245 2393 2356 2449 silii
2399 2392 2773 2463 deportatione
2824 2390 3115 2448 damnatis.
3165 2389 3341 2446 Decet
3385 2389 3521 2446 enim
3560 2388 3760 2457 originem

2243 2484 2360 2541 vitii
2399 2501 2430 2541 a
2468 2492 2739 2541 conventu
2785 2483 2996 2554 publico
3048 2483 3407 2553 sequestrari,
3453 2495 3546 2537 nec
3586 2480 3629 2535 in
3653 2492 3766 2533 cem-

2239 2574 2395 2633 'muni
2425 2593 2519 2633 eos
2545 2575 2859 2632 celebritate
2889 2574 3208 2645 consistere,
3240 2574 3335 2645 qui
3366 2587 3471 2629 non
3498 2572 3646 2628 solum
3668 2570 3767 2624 facto

2246 2670 2453 2730 nefario
2493 2667 2825 2733 detestandi,
2870 2682 3056 2723 verum
3104 2668 3266 2723 etiam
3310 2665 3548 2737 exemplo
3583 2659 3769 2718 venenati

2247 2762 2468 2832 spiritus
2498 2766 2624 2814 sunt
2650 2755 2892 2813 cavendi.
2924 2755 3086 2811 Juvat
3138 2757 3291 2828 173
3326 2764 3503 2811 autem
3548 2769 3627 2825 per
3649 2763 3766 2807 omne

2247 2866 2274 2906 Ρ
2305 2869 2443 2925 pene
2485 2855 2767 2925 imperium
2799 2860 3039 2907 nostrum
3062 2893 3078 2918 ,
3109 2858 3213 2922 qua
3244 2850 3476 2907 mundus
3500 2846 3765 2906 extenditur,

2250 2945 2561 3018 huiusmodi
2601 2946 2933 3016 promulgata
2964 2942 3220 3009 diﬂ'undl;
3254 2958 3328 2999 ne
3350 2942 3573 3000 scientiae
3599 2939 3770 2995 fortasse

2247 3038 2603 3095 dissimulatio
2634 3047 2843 3109 pastum
2895 3045 3113 3106 pra-stet
3153 3037 3365 3103 errori;
3409 3045 3559 3106 atque
3606 3032 3769 3100 impune

2246 3147 2307 3190 se
2332 3133 2611 3203 qulsquam
2643 3139 2791 3200 putet
2818 3129 3018 3186 audere
3036 3130 3178 3201 quod
3203 3130 3605 3185 condemnatum
3629 3126 3768 3209 vigore

2247 3226 2461 3298 publico
2488 3238 2607 3281 sese
2633 3224 2848 3279 finxerit
2877 3224 3143 3295 ignorare.
3171 3223 3301 3278 Data
3332 3234 3360 3274 ει
3383 3222 3546 3301 pridie
3567 3216 3767 3277 kalendas

2247 3318 2433 3374 Maias.
2452 3315 2738 3383 Ravennae,
2757 3314 2989 3371 dominis
3018 3315 3215 3371 nostris
3235 3314 3475 3372 Honorio
3494 3328 3565 3369 xu
3582 3323 3628 3371 et
3640 3310 3769 3367 Theo-

2178 3399 2227 3468 (Ξ
2256 3409 2410 3468 dosio
2438 3425 2528 3466 Vill
2550 3410 2720 3481 Augg.
2745 3408 3077 3465 consulibus.

2772 3500 3166 3557 CAPITULUM
3202 3501 3323 3557 XV.

2466 3606 2490 3637 τ
2514 3592 2794 3663 ἐλαιηρὰν
2812 3593 2964 3653 edicti
2984 3591 3136 3655 Junii
3161 3594 3353 3665 Quarti
3382 3591 3619 3655 Palladii.

2333 3689 2515 3762 iunius
2545 3689 2774 3754 Quartus
2823 3686 3110 3754 Palladius,
3142 3687 3447 3757 Monaxius,
3485 3695 3541 3745 et
3562 3677 3772 3755 Agricol!»

2248 3867 2391 3941 quod
2421 3865 2628 3922 accedit
2650 3865 3062 3941 Vindeb._actus.
3094 3862 3419 3941 Quesnellus
3448 3874 3499 3920 et
3519 3878 3583 3925 ex
3602 3857 3775 3941 colis:-

2251 3932 2446 3997 duinus
2469 3947 2750 4009 utrumque
2783 3937 3111 4009 omiserunt,
3146 3936 3421 3995 nescimus
3436 3949 3510 4009 an
3540 3932 3775 4009 cuiuspiam

2250 4010 2451 4065 codicis
2490 4001 2824 4064 auctoritate.
2856 4007 2974 4062 Mox
3013 4001 3109 4076 pro
3138 4014 3391 4061 attentata
3431 4001 3777 4063 Baronletlia-

2252 4083 2384 4151 lux...
2406 4081 2675 4137 intentata.

2327 4153 2341 4200 i
2366 4146 2602 4207 'Mirifice
2634 4150 2805 4206 variat
2832 4150 2886 4206 in
2915 4147 3142 4219 vulgatis
3173 4146 3261 4205 hic
3293 4147 3467 4205 locus.
3489 4147 3664 4219 QueSn.
3684 4154 3774 4219 eaut

2252 4223 2451 4289 Oxon.,
2476 4224 2593 4277 aliis
2622 4222 2708 4289 id,
2737 4222 2852 4276 aliis
2894 4211 3060 4277 aliud.
3092 4219 3282 4289 Garn.,
3316 4219 3435 4273 aliis
3465 4211 3625 4289 ηῑηιρε
3648 4211 3775 4289 attat.

2255 4282 2594 4348 Praetulimus
2625 4282 2784 4347 codd.
2817 4291 3027 4351 Baronii
3053 4299 3107 4345 et
3151 4282 3353 4344 Baluzii
3398 4291 3511 4344 aliis
3540 4282 3621 4341 iter
3644 4282 3775 4345 aliud.

2251 4364 2317 4417 ad
2348 4378 2479 4427 quos
2509 4364 2714 4418 accedit
2756 4361 2915 4417 Vind.
2946 4361 3065 4415 aliis
3096 4361 3150 4415 id
3190 4360 3362 4432 aliud.
3404 4360 3531 4417 Dein
3558 4371 3663 4414 cum
3684 4352 3779 4432 Gar-

2251 4436 2403 4493 tterio
2434 4433 2732 4489 addidimus
2776 4449 2888 4487 cum
2918 4433 3004 4497 sit,
3035 4447 3100 4489 eo
3130 4431 3270 4501 quod
3302 4431 3778 4502 sequenssententtt

2250 4504 2449 4572 aliquid
2473 4503 2759 4559 desideret.
2782 4502 2963 4571 Neque
2988 4495 3129 4557 enim
3146 4495 3276 4556 cum
3306 4495 3583 4569 Qu'esncllo
3605 4495 3774 4572 inferius

2250 4566 2371 4655 post
2398 4590 2584 4655 vocem
2613 4575 2803 4655 ingenii
2832 4566 3184 4655 supplendum
3212 4566 3779 4655 cred—idimuscontltttl'tﬂ

2248 4638 2571 4715 quibusdam,
2594 4638 2789 4727 quippe
2812 4638 2949 4701 nulli
2970 4643 3169 4724 cogniti
3192 4642 3429 4711 codices,
3454 4643 3601 4699 nulla:
3626 4638 3774 4693 editio-

2171 4699 2225 4760 Ῑ)
2249 4731 2347 4773 nes
2377 4718 2477 4775 hoc
2506 4715 2927 4787 additamentum
2955 4721 3250 4787 reetptunt;
3273 4724 3330 4771 et
3364 4712 3573 4771 aliunde
3602 4714 3776 4767 contex-

2255 4797 2339 4843 tus
2361 4788 2563 4856 optime
2588 4786 2921 4856 intelligitur.

2323 4856 2349 4894 ¹ί
2380 4847 2577 4917 Baron.
2609 4867 2664 4912 et
2706 4847 2911 4921 Βίῖιυιη
2941 4870 3185 4911 novorum
3226 4871 3368 4910 ntere
3404 4868 3643 4911 asserunt.
3676 4847 3778 4908 iist-

2250 4929 2422 4999 duin.,
2451 4944 2693 4987 nouorum
2732 4936 3021 4987 auctorum.
3058 4924 3249 4995 ϐαι-ιι..
3285 4940 3531 4986 natorum
3573 4933 3776 4985 catttM'

2250 5010 2439 5057 torum.

2326 5068 2343 5106 ι
2380 5068 2569 5133 Garn.,
2594 5069 2793 5139 primis.

2320 5150 2361 5177 ω
2387 5134 2809 5206 νοεειηὴιηυε,
2832 5154 2861 5193 a
2883 5138 3079 5206 Quesn.
3106 5139 3361 5195 omissam
3379 5180 3395 5208 ,
3420 5134 3715 5199 restituimus
3731 5139 3778 5180 ex

2244 5226 2348 5271 ms.
2373 5210 2527 5283 Vind.
2558 5211 2913 5283 omnibusque
2940 5211 3152 5269 excusis
3173 5209 3477 5267 codicibus.

2325 5292 2353 5319 ιι
2381 5281 2568 5347 Garn.,
2604 5281 2851 5353 Quisque.

2316 5362 2339 5389 °
2356 5338 2581 5425 Quesn.',
2608 5338 3003 5425 proscriptione,
3034 5350 3189 5425 etAita
3213 5348 3349 5409 duos
3382 5365 3509 5425 mss.
3544 5338 3780 5425 libros

2242 5416 2716 5493 bere'pronuniiat.
2741 5416 2908 5493 Magis
2934 5416 3138 5493 placuit
3166 5429 3409 5493 nostrum
3438 5416 3773 5493 \'indeb.,§_0_il_l

2242 5477 2480 5554 caeteris
2495 5477 2754 5553 omnibus
2772 5477 2952 5553 editis
2978 5477 3404 5551 consentientem
3419 5531 3435 5559 .
3455 5477 3634 5560 sequi.
3653 5477 3663 5488 ’
3681 5477 3775 5536 Ποῖ

2246 5565 2509 5637 sententia:
2527 5578 2635 5637 Apro
2658 5566 2884 5623 scientiis
2910 5564 3070 5637 est_it_t
3102 5562 3219 5637 aliis
3242 5561 3579 5637 editionibus.

2315 5622 2344 5686 ii
2365 5622 2685 5696 Addid'imus
2707 5622 2834 5705 pene
2855 5649 2976 5693 cum
2993 5622 3222 5694 Viudeb.
3246 5622 3296 5687 et
3317 5632 3437 5695 aliis
3460 5628 3626 5705 editis.
3646 5622 3774 5705 σὲαὲς

2241 5716 2295 5769 ei
2344 5706 2536 5772 Βανά..
2586 5722 2673 5778 per
2703 5700 2899 5778 omnem
2928 5720 3053 5774 pene
3096 5705 3377 5777 mundum,
3418 5718 3515 5777 qua
3553 5700 3777 5778 ιηιρεζὶλξξι

2242 5791 2472 5839 nostrum
2500 5771 2809 5847 extenditur.
2843 5771 2965 5837 Mo'x
3007 5785 3207 5844 partum
3237 5789 3332 5847 pro
3363 5771 3587 5846 pastum.
3624 5771 3768 5829 ωιμω

2245 5859 2413 5912 recte,
2439 5849 2491 5901 in
2525 5862 2624 5902 ins.
2659 5846 2829 5901 Oxon.

2316 5931 2341 5970 ιι
2364 5920 2494 5981 Cod.
2522 5920 2757 5988 'l‘huann
2790 5935 2823 5972 ιι
2848 5917 2950 5977 Ital.
3272 5986 3279 5988 ,
3547 5981 3576 5988 ..

2320 6001 2339 6027 τ
2374 5980 2392 6042 t
2438 5987 2574 6044 Male
2622 5980 2855 6045 refertur
2884 6003 2912 6043 a
2953 5988 3180 6053 Baronio
3224 5986 3284 6043 ad
3315 6001 3508 6043 annum
3536 5980 3646 6046 ηο,
3673 5981 3769 6030 cum
