3992 6348
221 437 325 495 J97

679 437 906 494 conss
943 435 1268 494 canonum
1306 399 1579 494 soccus.
1607 395 2319 520 cirsousrtruronun
2357 443 2414 501 s.
2459 399 2652 503 Scots
2691 446 3014 505 arosron

3375 455 3480 511 493

294 550 565 636 {etaetatis
592 550 929 636 hereticung‘s
944 557 992 602 et
1007 549 1169 636 aliatl
1193 550 1254 602 de
1284 548 1426 636 libris
1447 549 1716 636 ejus,un
1827 554 1881 614 Α
1982 551 2049 606 X.
2080 554 2148 609 Et
2168 570 2276 610 non
2302 570 2424 612 esse
2447 558 2674 614 liberum
2705 561 3006 629 arbitrium,
3037 561 3064 600 κ
3086 565 3131 618 si
3157 547 3484 636 Dei‘iudlget

297 619 576 745 Pagestina‘
605 621 800 691 synodo
835 620 929 674 sibi
971 622 1166 692 objecta
1193 620 1626 674 anathematizare
1665 634 1804 672 com-

297 708 366 745 nu
416 706 476 743 us
501 705 552 743 es
582 729 596 742 .
823 703 828 708 '
1791 707 1794 714 -

293 703 476 761 pulsus
501 703 596 743 est.
823 703 828 708 '
1791 707 1794 714 ·

227 807 238 812 ’
291 824 448 892 Quod
480 823 547 878 ad
581 823 879 879 Jerusalem
920 825 1190 880 nolentem
1223 823 1250 862 ιι
1278 824 1453 894 colligi
1497 823 1633 878 ﬁlios
1681 838 1808 880 suos

217 916 484 971 Dominus
523 915 812 982 clamabat,
853 918 953 970 hoc
983 930 1082 969 nos
1106 917 1397 971 clamamus
1429 915 1687 970 adversus
1718 931 1808 970 eos

215 1007 308 1080 qui
357 992 498 1062 ﬁlios
527 1017 549 1045 ο
579 1006 840 1062 Ecclesia:
867 1007 1039 1077 colligi
1071 1010 1254 1062 nolunt
1281 1049 1296 1072 ,
1329 1021 1429 1060 nec
1457 1008 1646 1060 saltem
1691 1017 1810 1076 post

211 1098 480 1170 judicium
527 1097 668 1167 quod
713 1098 779 1151 dc
807 1098 922 1166 ipso
949 1097 1163 1167 Pelagio
1210 1099 1262 1152 in
1290 1097 1569 1152 Palaestina
1611 1099 1804 1154 factum

215 1201 304 1245 est
347 1185 375 1225 ἀ
407 1188 768 1258 corriguntur.
817 1188 893 1243 De
944 1203 1052 1258 quo
1095 1188 1378 1243 damnatus
1427 1199 1656 1258 exisset,
1704 1190 1806 1244 nisi

213 1281 430 1349 objecta
461 1279 563 1334 sibi
591 1288 778 1334 contra
805 1280 1032 1349 gratiam
1063 1279 1156 1334 Dei
1185 1281 1348 1344 dicta,
1375 1295 1494 1348 quas
1519 1283 1808 1336 obscurare

213 1387 328 1426 non
369 1374 575 1442 potuit,
621 1374 734 1443 ipse
775 1372 1102 1427 damnasset.
1141 1359 1469 1446 ‘Prreter'illa
1514 1373 1657 1426 enim
1689 1388 1807 1442 qua:

217 1472 241 1499 ε
273 1465 551 1531 quomodo
599 1464 816 1533 potuit,
859 1477 1022 1517 ausus
1068 1473 1152 1538 est
1192 1464 1548 1533 qualicunque
1603 1465 1808 1518 ratione

213 1553 554 1623 defendere,
587 1556 798 1626 objecta
829 1565 956 1612 sunt
1001 1559 1244 1625 quaedam
1288 1564 1420 1626 quas
1451 1557 1552 1610 nisi
1604 1565 1805 1610 remota

214 1653 370 1708 omni
394 1653 836 1723 tergiversatione
849 1652 1374 1720 anatltematizasset,
1390 1655 1502 1722 ipse
1521 1650 1806 1706 anathema

211 1745 392 1802 factus
422 1756 590 1802 esset.
1785 1731 1788 1738 ’

282 1839 326 1893 1.
358 1838 637 1908 Olijectum
668 1847 748 1894 est
775 1838 918 1896 enim
944 1837 964 1878 ί
989 1853 1110 1894 eum
1139 1837 1317 1893 dicere
1335 1836 1504 1892 Adam
1528 1838 1803 1898 mortalem

1909 645 2106 701 auxilio
2137 641 2151 702 ξ
2183 652 2432 718 quoniam
2478 652 2530 705 in
2561 653 2773 722 propria
2811 655 3081 711 voluntate
3125 657 3285 714 habet
3312 674 3481 716 unus-

1909 737 2132 807 quisque
2158 740 2332 796 facere
2357 742 2574 812 aliquid,
2607 754 2697 825 aut
2721 760 2831 825 non
2865 747 3057 802 facere.

1981 829 2071 885 ΧΙ.
2105 832 2170 885 Et
2195 833 2471 888 Victoriam
2506 819 2743 900 nostram
2767 854 2874 893 non
2903 855 2969 894 ex
2997 839 3092 895 Dei
3121 855 3245 899 esse
3272 843 3480 914 adjuto-

1909 921 2009 996 rio.
2054 923 2148 976 sed
2175 938 2239 978 ex
2268 923 2434 979 libero
2456 926 2698 982 arbitrio.
2802 992 2816 1004 _

1909 1067 1914 1072 .
1981 1014 2093 1069 XII.
2126 1015 2190 1070 Et
2217 1019 2354 1086 quod
2386 1021 2764 1087 pmnitentibus
2795 1038 2955 1089 venia,
2982 1039 3088 1080 non
3109 1026 3265 1082 detur
3289 1044 3482 1085 secun-

1910 1108 2036 1164 dum
2085 1112 2305 1188 gratiam
2339 1121 2396 1166 et
2437 1113 2854 1170 misericordiam
2897 1117 3022 1184 Dei,
3054 1121 3148 1176 sed
3191 1122 3480 1178 secundum

1909 1204 2159 1257 meritum
2177 1199 2232 1258 et
2250 1203 2485 1259 laborem
2508 1221 2691 1261 eorum
2708 1209 2809 1276 qui
2829 1224 2922 1278 per
2944 1213 3312 1279 panitentiam
3334 1216 3480 1286 digni

1909 1292 2107 1349 fuerint
2128 1295 2516 1352 misericordia.

1904 1433 1912 1444 ,
1978 1385 2107 1440 Haec
2153 1387 2330 1441 omnia
2379 1387 2620 1458 Pelagius
2662 1390 2739 1443 sic
2795 1393 3296 1466 anathematizavit,
3340 1399 3480 1468 quod

1909 1477 2039 1530 satis
2066 1476 2178 1545 ipsa
2203 1487 2348 1547 gesta
2374 1489 2655 1544 testantur,
2681 1490 2738 1535 ut
2765 1481 2892 1537 nihil
2913 1484 2979 1537 ad
3001 1499 3064 1539 ea
3085 1502 3296 1556 quoquo
3323 1489 3482 1544 modo

1901 1567 2240 1638 defendenda
2287 1570 2661 1636 disputationis
2701 1574 2957 1630 attul--rit.
3003 1575 3158 1631 Unde
3197 1579 3254 1632 fit
3287 1593 3482 1635 conse-

1908 1675 2077 1730 quens
2106 1671 2163 1716 ut
2188 1663 2430 1732 quisquis
2460 1665 2698 1734 sequitur
2727 1666 2865 1720 illius
2894 1665 2912 1704 ι
2943 1669 3260 1737 episcopalis
3300 1681 3483 1727 aucto-

1903 1753 2124 1828 rit-atem
2169 1754 2354 1822 judicii
2375 1797 2391 1819 ,
2417 1767 2472 1810 et
2499 1757 2680 1827 ipsius
2697 1759 2899 1828 Pelagii
2928 1761 3341 1827 confessionem,
3371 1762 3486 1819 haec

1910 1850 2096 1898 tenere
2119 1843 2312 1899 debeat
2340 1860 2460 1914 qua!
2488 1853 2710 1915 semper
2734 1850 2900 1903 tenuit
2933 1850 3168 1906 Ecclesia
3203 1853 3482 1914 catholica.

211 1938 442 1996 tactum,
476 1932 562 1999 qui
588 1931 700 1985 sive
727 1939 1019 2000 peccasset,
1047 1930 1161 1985 sive
1190 1944 1294 1985 non
1328 1939 1619 1999 peccasset,
1647 1928 1809 1984 mori-
1837 1917 1887 1980 Β
1983 1933 2024 1988 ι.
2055 1934 2206 2001 Quod
2220 1936 2507 1993 Adamnisi
2526 1949 2816 2008 peccasset,
2834 1955 2940 1995 non
2955 1941 3141 1997 fuisset
3170 1944 3483 1998 moriturus.
3529 1987 3538 1994 .

213 2030 374 2076 turus
400 2029 566 2076 esset.

1979 2026 2044 2080 Il.
2076 2027 2225 2095 Quod
2259 2040 2532 2097 peccatum
2563 2031 2680 2100 ejus
2710 2047 2814 2087 non
2857 2035 3032 2102 ipsum
3062 2035 3234 2090 Solum
3261 2037 3486 2102 mserit,

292 2114 459 2185 179
487 2110 554 2169 Il.
582 2112 648 2167 Et
691 2112 831 2182 quod
862 2121 1134 2183 peccatum
1165 2112 1280 2182 ejus
1309 2113 1482 2182 ipsum
1511 2111 1686 2166 solum
1717 2111 1809 2168 lae-
1898 2119 2002 2188 sed
2033 2128 2089 2176 et
2105 2135 2274 2190 genus
2307 2123 2615 2177 humanum.

211 2209 375 2269 serit,
409 2213 436 2251 ι
469 2220 572 2259 non
603 2203 761 2258 etiam
792 2219 961 2271 genus
989 2204 1296 2257 humanum.

287 2299 382 2353 III.
416 2299 482 2353 Et
508 2297 650 2367 quod
697 2297 922 2354 infantes
950 2312 1121 2367 nuper
1159 2297 1303 2363 nati,
1336 2297 1387 2350 in
1417 2294 1508 2352 illo
1533 2303 1673 2351 statu
1700 2295 1809 2351 sint

214 2391 406 2460 inguo
429 2390 596 2446 Adam
627 2391 725 2443 fuit
752 2398 876 2444 ante
908 2386 1419 2458 praevaricationem.

207 2540 216 2548 ,
283 2483 383 2541 IV.
415 2483 484 2537 Et
511 2482 652 2553 quod
677 2497 850 2552 neque
878 2496 972 2551 per
1001 2491 1256 2547 mortem,
1286 2477 1315 2516 ³³
1343 2480 1427 2535 vel
1479 2494 1575 2551 per
1606 2495 1810 2550 praeva-

215 2577 535 2633 ricationem
574 2575 703 2632 Adae
743 2589 904 2630 omne
950 2589 1121 2646 genus
1165 2575 1454 2629 humanum
1499 2575 1799 2640 moriatur;

216 2685 400 2739 neque
431 2683 527 2740 per
551 2668 996 2724 resurrectionem
1024 2664 1226 2723 Christi
1249 2681 1408 2722 omne
1429 2680 1600 2736 genus
1631 2664 1808 2721 homi-

219 2778 353 2818 num
384 2769 652 2831 resurgat.

291 2851 361 2907 V.
388 2851 459 2906 Et
509 2851 757 2918 infantes,
809 2851 1017 2908 etiamsi
1065 2865 1172 2906 non
1216 2851 1567 2922 baptizentttr,
1612 2849 1836 2905 babere-

228 2944 243 2982 i
271 2947 440 3000 vitam
472 2953 748 3000 aeternam.

209 3089 214 3098 ,
294 3036 387 3092 VI.
425 3037 491 3092 Et
534 3037 729 3094 divites
756 3037 1086 3107 baptizatos,
1120 3036 1218 3091 nisi
1253 3036 1501 3092 omnibus
1548 3033 1815 3089 abrenun-

225 3131 392 3194 tient,
427 3129 472 3184 si
519 3130 644 3200 quid
684 3129 807 3184 boni
836 3130 933 3186 visi
977 3129 1173 3184 fuerint
1200 3129 1395 3196 faceie,
1445 3142 1550 3183 non
1577 3128 1810 3197 reputari

229 3219 360 3283 illis,
395 3234 497 3274 nec
525 3234 618 3274 eos
644 3221 843 3276 habere
874 3235 1029 3289 posse
1057 3236 1278 3291 regnutn
1312 3219 1426 3276 Dei.

1985 2214 2249 2284 1801".
2280 2216 2431 2283 Quod
2460 2217 2686 2272 infantes
2711 2233 2880 2287 nuper
2910 2219 3017 2274 nati
3047 2235 3154 2274 non
3182 2220 3291 2275 sint
3319 2223 3371 2277 in
3393 2221 3487 2278 illo

1910 2313 2052 2360 statu
2075 2306 2126 2359 in
2149 2321 2257 2376 quo
2286 2307 2455 2362 Adam
2480 2308 2573 2362 fuit
2600 2317 2724 2363 ante
2750 2311 3262 2378 praevaricationem.

1903 2452 1908 2456 .
1982 2397 2071 2452 IV.
2101 2407 2139 2434 ω
2189 2397 2258 2455 Ut
2285 2401 2351 2453 ad
2395 2401 2538 2468 ipsos
2578 2401 2738 2455 etiam
2787 2401 3046 2468 pertineat
3088 2403 3228 2473 quod
3258 2402 3488 2460 breviter

1903 2487 1986 2558 ait
2014 2487 2301 2557 Apostolus
2330 2504 2344 2540 :
2376 2486 2481 2542 Per
2504 2505 2657 2541 unum
2683 2490 2934 2544 hominem
2962 2507 3118 2559 mors,
3143 2501 3191 2546 et
3219 2508 3307 2560 per
3327 2505 3488 2546 unum

1913 2577 2169 2632 hominem
2197 2581 2496 2648 resurrectio
2523 2587 2838 2634 mortuorum
2866 2597 2885 2637 ε
2916 2583 3044 2636 sicut
3071 2584 3206 2637 enim
3241 2584 3294 2637 in
3322 2584 3488 2638 Adam

1915 2687 2086 2725 omnes
2127 2673 2441 2738 moriuntur,
2483 2672 2556 2726 ita
2598 2682 2644 2727 et
2686 2673 2740 2726 in
2773 2671 2987 2731 Christo.
3008 2691 3179 2729 omnes
3207 2678 3488 2746 uuiuifica-

1901 2763 2100 2832 ~buntur
2135 2763 2177 2834 (l
2203 2763 2320 2819 Cor.
2366 2779 2457 2831 xv,
2488 2763 2602 2834 Si).

1987 2854 2052 2909 V.
2079 2854 2228 2912 Unde
2263 2857 2334 2939 .lit
2382 2863 2440 2910 ut
2476 2854 2706 2912 infantes
2735 2871 2840 2911 non
2871 2857 3119 2926 baptizati
3171 2874 3276 2913 non
3317 2860 3490 2916 solum

1916 2962 2138 3016 regnum
2181 2947 2460 3013 calorum,
2493 2963 2676 3004 verum
2706 2949 2867 3004 etiam
2893 2950 3057 3004 vitam
3096 2961 3352 3006 aeternam
3392 2953 3489 3006 ha-

1918 3039 2046 3094 bere
2072 3054 2176 3094 non
2205 3039 2428 3108 possint.

1901 3193 1904 3196 ,
1992 3131 2079 3186 Vl.
2110 3131 2442 3186 Confiteatur
2470 3131 2851 3196 etiamdivites
2880 3124 3191 3202 baptizatos,
3223 3142 3248 3169 ο
3280 3134 3492 3186 etiamsi

1919 3223 2119 3278 divitiis
2161 3216 2274 3277 suis
2318 3239 2422 3277 non
2453 3234 2694 3290 careant,
2727 3233 2782 3278 et
2805 3225 2913 3278 sint
2938 3223 3070 3279 tales
3097 3225 3282 3293 quales
3306 3224 3371 3276 ad
3405 3222 3494 3277 Τίς

301 3311 414 3367 VII.
444 3310 513 3366 Et
556 3314 779 3383 gratiam
806 3285 898 3369 Dei
922 3322 1082 3382 atque
1107 3285 1428 3383 adjutorium
1461 3327 1565 3367 non
1597 3311 1663 3367 ad
1695 3311 1810 3367 sin-
1839 3285 1894 3351 ο
1918 3317 2190 3371 motheum
2212 3315 2465 3371 describit
2497 3285 2781 3385 Apostolus
2805 3317 2988 3372 dicens
3021 3336 3034 3368 :
3068 3285 3298 3387 Pracipe
3322 3317 3493 3370 diuiti-

232 3407 391 3477 gulos
427 3417 576 3463 actus
619 3409 732 3463 dari
759 3449 775 3475 ,
807 3408 901 3465 sed
940 3409 991 3464 in
1022 3408 1190 3464 libero
1217 3407 1441 3464 arbitrio
1467 3423 1611 3475 esse,
1639 3407 1725 3463 vel
1755 3406 1811 3462 in

237 3498 358 3568 lege
377 3509 529 3568 atque
558 3499 821 3556 doctrina.

313 3589 439 3645 VIII.
477 3591 543 3646 Et
573 3592 666 3645 Dei
691 3593 913 3662 gratiam
944 3592 1238 3648 secundum
1263 3593 1450 3648 merita
1473 3601 1656 3648 nostra
1678 3591 1814 3648 dari.

299 3682 397 3738 IX.
428 3683 496 3738 Et
540 3682 676 3739 tlios
728 3685 817 3738 Dei
860 3699 966 3739 non
995 3699 1151 3753 posse
1198 3685 1402 3753 vocari,
1457 3685 1559 3742 nisi
1591 3685 1606 3738 l
1644 3686 1818 3742 Omni-

227 3776 393 3833 modo
421 3776 624 3846 absque
652 3785 872 3848 peccato
900 3775 1098 3833 fuerint
1117 3776 1313 3834 effecti.

227 4046 348 4114 plar
374 4044 742 4099 Grimanicum
791 4061 820 4100 a
855 4041 1145 4112 Quesnello
1167 4044 1524 4115 recognitum,
1552 4053 1605 4100 et
1649 4043 1810 4099 codd.

227 4117 571 4197 tioguntinns
597 4115 1017 4197 ac‘Corhe’iensjs.
1055 4114 1204 4197 apud
1225 4114 1410 4197 Patres
1442 4115 1815 4197 Denedictinos

227 4188 280 4242 in
311 4187 626 4254 Appendice
657 4186 784 4239 tomi
818 4185 861 4238 Χ
891 4185 1142 4242 editionis
1172 4185 1231 4240 S.
1266 4186 1563 4254 Augustini,
1591 4185 1697 4239 Col.
1723 4185 1812 4250 88,

229 4273 332 4312 nec
359 4271 466 4310 non
487 4273 619 4311 mss.
649 4255 983 4310 collectionis
1007 4272 1133 4310 xstv
1163 4255 1507 4326 epistolarum
1535 4255 1594 4310 S.
1621 4255 1816 4326 Leonis

227 4338 278 4383 et
304 4327 479 4382 editio
520 4327 834 4382 Merliniana
880 4326 1064 4382 Isidori
1092 4329 1143 4380 in
1177 4327 1400 4397 vulgatis
1452 4325 1814 4381 Conciliorum

229 4409 616 4522 recteﬁitmss.
665 4469 944 4536 praesentis
989 4467 1352 4531 collectionis;
1395 4477 1625 4527 aeterm.
1655 4466 1719 4536 de
1748 4466 1816 4536 li-

231 4539 402 4592 bellis.
432 4537 564 4593 Dein
611 4534 856 4592 addimus
883 4540 978 4593 sibi
1020 4554 1086 4592 ex
1135 4537 1332 4592 ιιοδιτίε
1370 4536 1645 4591 codicibus
1673 4534 1818 4590 aliis-

233 4623 342 4675 que
375 4625 443 4662 vu
468 4624 521 4677 g.
552 4607 670 4662 Mox
698 4610 808 4673 ipse
835 4609 1081 4662 damnare
1111 4624 1206 4672 pro
1235 4607 1667 4661 anathematizare
1696 4604 1820 4676 legi-
1903 4613 1908 4618 ’

229 4688 320 4733 tur
342 4680 398 4732 in
432 4687 566 4734 Anz.
592 4689 644 4733 et
671 4680 722 4732 in
747 4693 876 4732 mss.
911 4679 1053 4743 Vat.,
1084 4678 1241 4732 Barb.
1266 4688 1319 4733 et
1341 4677 1525 4732 Vallic.

301 4748 334 4787 δ
365 4747 520 4818 Vulg.
553 4749 781 4813 Conri|.,
813 4750 1070 4815 mitigare.
1474 4817 1493 4818 ί
1609 4775 1665 4818 UT

307 4831 330 4857 ε
356 4816 604 4886 Quinque
632 4818 803 4873 nostri
831 4820 990 4873 codd.
1038 4834 1156 4873 cum
1199 4817 1424 4876 vulgatis
1459 4816 1818 4871 Conciliorum

235 4861 1429 4956 εδειιῖιῖῐὸίἓῖιιὲἑῖὗὲῑῖἶῇἷιὲηῖἶιῖἡκζ’3ἑὶἔέιῖ
1457 4861 1825 4956 ὧὶίᾶὶὶἑξὶίῖιὶὲζ
1850 4861 1906 4923 Β

307 4957 338 5030 τι
389 4960 549 5014 Iidem
579 4960 748 5029 vulg..
786 4959 1116 5030 collegerunt.
1147 4953 1318 5014 Codd.
1359 4958 1550 5012 Vallic.
1582 4965 1634 5011 et
1679 4955 1827 5025 Vat.,

238 5029 581 5099 colliguntur.
615 5030 743 5084 Post
771 5045 934 5099 pauca
964 5045 1066 5084 ms.
1089 5030 1287 5091 Oxon.,
1313 5046 1414 5083 non
1447 5038 1697 5093 potuerat.

311 5111 336 5137 ο
365 5099 534 5155 Codd.
565 5099 755 5155 Vallic.
801 5109 858 5155 et
891 5099 1014 5155 Vat.
1047 5100 1390 5156 Additionum
1423 5099 1600 5161 Dion.,
1629 5113 1828 5168 quoquo

239 5173 419 5224 modo.

314 5238 336 5278 ί
385 5239 542 5312 Vulg.
573 5239 780 5312 concil.
821 5255 943 5296 cum
991 5242 1177 5296 iisdem
1209 5240 1366 5295 codd.
1419 5248 1473 5295 et
1502 5238 1826 5312 Crimanico.

236 5327 362 5364 eum
390 5307 599 5366 diceret.
631 5310 938 5366 Lectionem
971 5323 1146 5368 textus
1169 5312 1496 5380 Augustinus
1515 5307 1830 5376 comprobat

238 5380 542 5438 inlaudata
569 5382 793 5452 epistola
825 5396 874 5437 c.
906 5381 961 5437 9.
1006 5382 1126 5438 Mox
1173 5383 1333 5438 iidem
1377 5380 1545 5449 vulg.,
1594 5388 1823 5432 mortuus

238 5463 395 5507 esset.

316 5531 346 5569 ι
371 5523 479 5593 AL,
509 5537 632 5577 cum
657 5523 973 5593 Augustino,
996 5534 1044 5578 et
1073 5541 1173 5578 non
1200 5538 1378 5593 genus.

317 5591 461 5662 bsic
488 5608 608 5647 cum
639 5592 931 5662 Augustino
958 5597 1123 5648 nostri
1155 5591 1388 5650 codices.
1406 5591 1824 5660 Quesn.,neque.

324 5660 345 5700 ί
373 5661 532 5732 Vulg.
563 5660 764 5718 Conci'l.
790 5678 908 5717 cum
939 5665 1147 5719 duobus
1178 5662 1374 5718 nostris
1420 5663 1830 5718 collectionibus

241 5745 383 5788 mss.
414 5733 617 5787 addunt
640 5744 866 5802 possunt.

325 5804 342 5853 ί
375 5803 574 5870 Quesn.
605 5819 726 5858 cum
755 5803 977 5871 epistola
1008 5803 1306 5872 Augustini,
1340 5803 1562 5858 omnino.
1594 5801 1835 5868 Ρηειυιίιτ

243 5886 379 5930 mus
422 5884 644 5932 ceteras
689 5874 955 5934 editiones
981 5873 1307 5944 approbatas
1338 5875 1588 5932 omnibus
1631 5878 1836 5934 nostra

1921 3409 2012 3463 bus
2047 3409 2199 3478 hujus
2229 3408 2408 3460 mundi
2437 3425 2538 3461 non
2563 3409 2774 3478 superbe
2802 3423 3013 3475 sapere,
3041 3424 3197 3476 neque
3216 3423 3422 3476 sperare
3441 3408 3495 3461 in

1901 3501 2108 3568 incerto
2139 3501 2429 3553 divitiarum
2461 3510 2522 3566 νς
2547 3501 2636 3554 sed
2658 3500 2712 3553 in
2744 3499 2852 3554 Deo
2883 3501 3010 3563 vivo,
3032 3501 3120 3566 qui
3147 3508 3353 3569 prastat
3383 3516 3494 3552 om-
3569 3571 3576 3576 _

1919 3592 2005 3644 nia
2034 3589 2173 3644 nobis
2201 3589 2516 3643 abundanter
2543 3590 2611 3642 ad
2641 3590 2945 3659 fruendum;
2970 3589 3147 3642 diuites
3172 3588 3274 3642 sint
3299 3589 3350 3641 in
3373 3583 3495 3658 epe-
3533 3672 3536 3674 Ἴ

1919 3681 2057 3736 ribus
2088 3682 2245 3750 bonis,
2288 3681 2441 3752 facile
2473 3681 2718 3747 tribuant,
2744 3680 3131 3749 communicent,
3157 3678 3498 3732 thesaurisent

1920 3769 2016 3828 sibi
2036 3774 2422 3843 fundamentum
2456 3772 2642 3825 bonum
2671 3772 2724 3825 in
2747 3772 3009 3840 futurum;
3039 3778 3092 3824 ut
3114 3768 3497 3841 apprehende!!!

1898 4042 2078 4114 codd.
2109 4057 2172 4097 ac
2196 4043 2357 4114 etiam
2397 4042 2567 4100 Grim.
2603 4043 2721 4098 Mox
2762 4042 2907 4114 vulg.
2951 4041 3158 4100 Concil.
3195 4058 3317 4101 cum
3363 4059 3498 4103 mss.

1922 4113 2109 4184 Vagllic.
2140 4123 2196 4168 et
2227 4113 2373 4175 Vat.,
2405 4114 2590 4178 absque
2621 4114 2758 4168 omni
2783 4113 3009 4184 peccato.
3098 4116 3112 4132 ’

1991 4181 2016 4255 ξπ
2039 4185 2194 4255 Solus
2220 4183 2447 4250 Qttesn..
2481 4184 2541 4255 Si
2565 4184 2655 4239 Dei
2694 4181 2954 4252 adj’utorio
2983 4185 3194 4255 indiget.

1995 4253 2013 4291 ι
2042 4254 2239 4310 Vocem
2269 4254 2574 4325 episcopalis
2600 4297 2610 4311 .
2658 4269 2688 4308 a
2733 4255 3021 4320 Quesnello
3050 4253 3325 4317 omissam,
3359 4257 3502 4311 inse.

1919 4326 2123 4381 ruimus
2162 4341 2280 4379 cum
2328 4326 2624 4393 Augustino
2654 4340 2716 4377 ex
2747 4325 2994 4379 omnibus
3031 4332 3229 4379 nostris
3259 4325 3416 4379 codd.
3449 4336 3505 4384 et

1920 4395 2226 4451 Grimanico
2267 4397 2427 4464 etiam
2476 4394 2748 4461 Quesnrlli
2775 4439 2790 4462 ,
2844 4395 3070 4464 aliisque
3101 4395 3350 4464 vulgatis.
3382 4397 3504 4464 Mox

1922 4478 1968 4592 ῖς
1991 4469 2044 4519 in
2075 4467 2244 4590 tip‘sius
2270 4463 2469 4534 Pelagii
2500 4465 2816 4534 confessione
2843 4463 3041 4519 habent
3065 4466 3172 4519 duo
3190 4463 3348 4520 codd.
3383 4463 3504 4521 Val-

1949 4551 2014 4591 tc.
2040 4551 2070 4590 e
2162 4553 2187 4588 a
2220 4575 2234 4588 .
3161 4581 3173 4592 _

1949 4537 2014 4591 ic.
2040 4545 2092 4590 et
2118 4537 2234 4590 Vat.
3161 4581 3173 4594 .

1996 4607 2030 4626 '
2056 4607 2144 4660 Sic
2189 4605 2348 4660 Vind.
2380 4613 2432 4658 et
2458 4603 2644 4675 Vallic.
2675 4619 2804 4658 mss.
2839 4620 2958 4658 cum
2982 4606 3278 4675 Augustino
3306 4618 3356 4661 et
3384 4607 3506 4664 aliis

1855 4713 1858 4716 ~
1924 4678 2169 4746 vulgatis.
2192 4675 2542 4746 Quesnellus,
2579 4674 2735 4746 Quod
2756 4675 2930 4730 etiam.

1992 4743 2167 4800 n'Mss.
2186 4745 2343 4799 Barb.
2366 4754 2420 4817 et
2443 4743 2560 4798 Vat.
2579 4759 2698 4817 cum
2713 4745 2952 4814 Append.
2981 4748 3142 4817 Aug.,
3164 4748 3503 4816 viviﬁcanmr.

2004 4827 2027 4853 ο
2051 4817 2163 4891 Hoc
2193 4817 2311 4870 loco
2354 4815 2554 4891 Questa.
2608 4815 2795 4869 inserit
2823 4817 2983 4871 verba
3013 4815 3184 4891 regno
3231 4815 3324 4891 Dei
3362 4836 3508 4888 posse

1931 4888 2139 4958 privari,
2174 4902 2290 4956 qua:
2335 4902 2399 4940 ex
2447 4884 2551 4938 ﬁde
2582 4895 2882 4958 nostrorum
2927 4884 3166 4943 codicum
3197 4899 3253 4944 et
3275 4884 3505 4958 aliarum

1931 4954 2228 5016 editionum
2257 4997 2271 5016 ,
2319 4971 2416 5011 nec
2464 4971 2677 5027 non‘ett
2723 4954 2779 5010 S.
2832 4958 3108 5026 Augustini
3159 4955 3403 5027 epistola,
3453 4962 3506 5014 in

1933 5030 2092 5084 finem
2142 5035 2347 5080 transtu
2374 5029 2530 5080 imus.
2578 5025 2714 5080 Dein
2751 5042 2871 5080 cum
2901 5025 3088 5082 codem
3120 5025 3416 5095 Augustino
3438 5045 3506 5084 ex

1931 5101 2118 5154 iisdem
2155 5097 2382 5167 vulgatis
2417 5106 2631 5151 eLmss.
2654 5136 2669 5160 ,
2718 5099 3004 5152 accedente
3036 5100 3192 5152 etiam
3224 5099 3503 5164 'I‘huaneo,

1931 5169 2414 5238 atldtdiniusihujus
2443 5169 2640 5238 mundi.
2673 5167 2986 5222 Monvndutn
3033 5184 3190 5236 porro
3233 5179 3314 5223 est
3342 5170 3503 5222 codd.

1931 5239 2124 5295 Valltc.
2147 5247 2210 5306 .et
2240 5236 2735 5309 Vzit._Addit_iont_tm
2767 5238 3206 5309 Dionysianarutn
3233 5278 3249 5300 .
3291 5248 3352 5309 et
3377 5239 3510 5291 Bar-

1931 5309 2047 5365 ber.
2075 5311 2340 5377 aliumque
2366 5305 2487 5361 Vat.
2517 5305 2735 5360 alti-rius
2774 5305 3104 5362 colle'ctiOnis
3131 5308 3208 5361 sic
3253 5308 3508 5364 inchoare

1928 5381 2030 5434 hoc
2058 5389 2217 5448 caput
2244 5395 2254 5429 :
2288 5377 2354 5432 Ut
2380 5378 2676 5445 conﬁteatur
2705 5377 2898 5448 d_t'_'t'les,
2921 5388 2978 5432 et
2999 5392 3115 5448 cap.
3146 5379 3200 5442 7,
3229 5379 3387 5443 9J0,
3415 5381 3506 5445 11,

1929 5465 1991 5504 ac
2018 5451 2104 5512 I2,
2126 5445 2393 5504 inchoare
2421 5448 2670 5501 similiter
2691 5445 2788 5501 :Ut
2819 5449 3055 5517 fateatur.
3072 5447 3214 5501 Idem
3243 5449 3507 5504 estetiatn

1932 5521 1986 5575 in
2015 5521 2159 5587 vulg.
2193 5517 2399 5574 Concil.
2436 5531 2499 5571 ac
2541 5519 2596 5570 in
2632 5519 2874 5587 Append.
2907 5518 3209 5586 Augustini.
3242 5525 3311 5573 At
3340 5519 3508 5587 ipsius

1934 5597 1971 5646 Α
1983 5586 2210 5661 ugustini
2225 5587 2445 5659 epistola
2462 5602 2582 5641 cum
2602 5601 2728 5661 mss.
2742 5586 2902 5661 hujus
2912 5588 3240 5661 collectionis
3251 5586 3506 5661 concutit.

2004 5656 2041 5712 εἴ
2062 5660 2231 5716 Codd.
2261 5656 2504 5712 'duarum
2543 5656 2918 5711 collectionum
2969 5657 3186 5712 Barber.
3235 5669 3287 5714 et
3318 5659 3502 5717 Vallic.

1935 5747 2058 5786 cum
2095 5733 2239 5798 vulg.
2282 5727 2489 5798 Conril.
2527 5735 2582 5780 et
2608 5728 2853 5798 Append.
2885 5731 3020 5796 Aug.
3055 5729 3254 5785 addunt
3274 5747 3505 5796 suarum.

1937 5801 2057 5857 Mos
2086 5818 2180 5873 pro
2196 5796 2310 5856 rivo
2336 5797 2534 5864 Quesn.
2561 5810 2684 5852 cum
2712 5796 2829 5854 solo
2857 5813 2960 5854 ms.
2988 5799 3165 5855 Oxon.
3190 5800 3349 5858 habet
3369 5806 3507 5860 vero.
