3992 6348
209 366 308 426 ειη

675 359 902 419 CODEX
939 359 1266 417 CANONUM
1305 360 1583 418 ECCLES.
1628 360 1714 414 ET
1752 358 2328 415 CONSTITUTORUM
2370 358 2425 415 S.
2467 356 2660 414 SEDIS
2700 355 3024 414 APOSTOL.

3399 359 3500 409 501’.

209 484 310 536 sita
336 494 520 550 specte
546 493 861 549 unaquaque
884 479 1161 544 sentirem,
1196 493 1292 548 pro
1315 488 1471 547 captu
1501 475 1800 544 intelligen-
1828 475 1883 534 Α
1908 473 2064 526 matis
2091 473 2270 528 ofﬁcio
2299 473 2528 529 vacent?
2572 473 2703 528 Nam
2745 475 2787 527 si
2831 472 3025 528 Paulus
3062 473 3129 529 ad
3183 471 3499 530 Corinthius

207 567 299 627 tia
325 577 465 626 tn’ete
495 575 614 640 quae
628 575 759 624 sunt
787 559 944 640 183
967 567 1081 623 visa
1105 561 1381 638 respondi,
1405 559 1530 638 quid
1557 573 1791 636 ‘s‘equett-
1829 555 1847 573 ‘

203 665 341 720 dum
374 673 401 702 ι
429 663 517 719 vel
556 653 743 719 docilis
787 663 925 718 ratio
954 659 1322 732 persuaderet,
1363 651 1450 715 vel
1501 659 1795 713 auctoritas

205 749 460 811 lectionis
485 747 820 820 ostenderet,
857 745 948 810 vel
988 746 1254 810 custodita
1293 760 1594 821 temporum
1625 749 1795 806 series

201 847 632 903 demonstraret.
664 839 734 902 Et
769 841 983 915 quidem
1013 843 1228 902 dilectio
1253 851 1344 901 tua
1370 844 1669 900 institutum
1703 847 1794 898 se-

203 947 335 994 cuia
355 935 726 1009 prudentium,
764 929 830 993 ad
858 936 1044 994 aedem
1071 935 1422 1007 apostolicam
1449 931 1653 990 referre
1681 949 1796 988 ma-

205 1030 333 1098 luit,
359 1031 490 1101 quid
529 1030 750 1085 deberet
783 1030 852 1085 de
881 1029 1044 1086 rebus
1082 1028 1260 1086 dubiis
1285 1019 1583 1096 custodire,
1619 1027 1795 1096 potius

206 1131 370 1193 quam
400 1122 746 1190 usurpatione
763 1127 1086 1190 prmsumpta
1113 1125 1231 1191 quae
1257 1119 1357 1175 sibi
1383 1113 1697 1174 viderentur
1726 1120 1796 1174 de

205 1211 438 1284 singulis
465 1209 729 1269 obtinere.
754 1205 866 1268 Cur
891 1213 1036 1268 enim
1074 1213 1246 1282 magis
1291 1207 1594 1282 pudendum
1635 1213 1794 1280 p‘u‘te-

207 1317 332 1361 mus
363 1295 562 1375 aliquid
610 1297 852 1371 discere,
892 1314 1048 1376 quam
1097 1306 1318 1359 omnino
1367 1301 1617 1359 nescire?
1667 1295 1797 1356 Mitti

203 1397 542 1467 qucqueipsi
571 1391 640 1452 de
667 1395 952 1452 collatione
975 1395 1222 1452 docilitas
1251 1387 1486 1462 accedit,
1515 1391 1643 1450 dum
1673 1410 1795 1465 per-

203 1491 467 1545 scrutatis
498 1489 796 1545 rationibus
821 1487 888 1545 ad
915 1489 1182 1560 proposita
1216 1488 1546 1558 reSpond'ere
1567 1489 1798 1560 compel-

205 1579 323 1646 lor;
351 1589 528 1650 eoque
555 1577 616 1635 ﬁt
636 1581 694 1635 ut
720 1575 920 1651 aliquid
955 1589 1175 1649 semper
1204 1579 1467 1646 addiscat,
1493 1573 1582 1651 qui
1612 1589 1797 1653 postu-

201 1671 354 1726 latur
379 1667 412 1710 δ
428 1679 485 1726 ut
505 1665 717 1727 doceat.
732 1667 1034 1742 Proponam
1057 1672 1218 1740 igitur
1238 1671 1466 1741 singula,
1491 1670 1799 1739 subjiciam-

206 1777 316 1834 que
339 1773 686 1832 responsum.

1901 555 2106 632 scribit,
2139 564 2325 620 dicens
2360 584 2372 618 :
2406 559 2665 620 Abstinete
2692 582 2778 619 vos
2823 567 2890 618 ad
2928 575 3164 631 tempus,
3207 574 3263 618 ut
3305 565 3496 620 vacetis

1898 645 2180 726 orationi(l
2206 654 2328 710 Cor.
2368 673 2466 725 vtt,
2497 651 2578 728 5),
2617 665 2667 713 et
2687 655 2794 711 boc
2821 657 3007 728 utique
3031 658 3184 712 laicis
3215 656 3490 726 praecipit:

1899 757 1926 798 8
1956 745 2124 805 multo
2164 750 2331 820 magis
2356 743 2686 818 sacerdotes,
2718 749 2914 820 quibus
2975 751 3163 807 orandi
3199 759 3253 806 et
3281 747 3490 806 sacriﬁ-

1897 833 2051 897 candi
2091 841 2217 911 jtrge
2253 835 2490 897 officium
2531 853 2634 907 est,
2660 857 2875 912 semper
2903 833 3176 900 debebunt
3205 844 3273 898 ab
3309 842 3492 911 hujus-

1899 932 2041 988 modi
2071 935 2342 989 consortio
2369 931 2681 990 abstinere?
2705 925 2807 1002 Qui
2841 935 2885 990 si
2914 935 3308 992 contaminatus
3332 933 3495 990 fuerit

1898 1024 2100 1080 carnali
2147 1025 2610 1095 concupiscentia,
2663 1040 2770 1095 quo
2815 1019 3032 1095 pudore
3070 1027 3155 1081 vel
3186 1025 3493 1083 sacriﬁcare

1901 1115 2216 1187 usurpabit?
2241 1127 2332 1170 aut
2358 1133 2460 1184 qua
2488 1117 2842 1183 conscientia,
2895 1124 3068 1188 quove
3097 1119 3293 1174 merito
3330 1133 3496 1173 exau-

1900 1209 1999 1264 diri
2029 1225 2087 1264 se
2112 1207 2306 1274 credit,
2333 1224 2454 1262 cum
2482 1205 2683 1262 dictum
2703 1209 2804 1262 sit:
2834 1203 3022 1263 Omnia
3045 1209 3238 1263 munda
3264 1210 3496 1276 mundis;

1900 1299 2241 1371 coinquinatis
2270 1310 2442 1355 autem
2463 1310 2509 1354 et
2527 1297 2824 1367 inﬁdelibus
2845 1291 3018 1354 nihill1
3039 1301 3289 1355 mundum
3305 1297 3433 1371 (Tit.
3449 1316 3492 1371 t,

1903 1391 2017 1464 15).
2043 1385 2150 1448 Sed
2175 1393 2399 1447 fortasse
2423 1393 2522 1446 hoc
2551 1391 2716 1446 licere
2740 1389 2934 1456 credit,
2958 1383 3080 1460 quia
3104 1392 3359 1461 scriptum
3380 1398 3494 1448 est:

1905 1483 2071 1540 Unius
2097 1484 2272 1539 uxoris
2291 1484 2482 1537 virum.
2522 1481 2540 1520 ί
2575 1481 2697 1538 Non
2719 1492 3129 1553 permanentem
3157 1476 3215 1538 in
3244 1477 3499 1554 concupi-

1901 1580 2103 1633 scentia
2147 1577 2440 1647 generandi
2474 1577 2577 1631 ltoc
2623 1577 2778 1639 dixit,
2825 1578 2920 1631 sed
2959 1586 3181 1647 propter
3227 1578 3502 1633 continen-

1901 1674 2029 1726 tiam
2084 1672 2334 1726 futnram.
2379 1671 2565 1740 Neque
2613 1672 2756 1726 enim
2825 1673 3067 1741 integros
3113 1686 3341 1741 corpore
3392 1687 3504 1726 non

1903 1763 2137 1828 admisit,
2165 1763 2256 1833 qui
2295 1764 2410 1816 ait:
2449 1755 2650 1817 Vellem
2689 1773 2859 1817 autem
2887 1780 3061 1818 omnes
3098 1780 3206 1819 esse
3240 1766 3253 1814 ἱ
3291 1767 3421 1818 sicut
3458 1771 3506 1818 et

273 1851 414 1910 Car.
437 1849 483 1910 l.
511 1884 578 1894 —
615 1847 973 1924 Proposuisti,
1003 1849 1131 1924 quid
1161 1853 1228 1908 de
1270 1847 1353 1908 his
1405 1851 1680 1908 observari
1710 1853 1804 1910 de-
1831 1853 1882 1914 Β
1908 1871 1998 1925 ego
2029 1854 2071 1924 (Ι
2098 1853 2221 1910 Cor.
2253 1871 2344 1919 ιιι,
2375 1855 2460 1924 7);
2491 1865 2545 1909 et
2587 1855 2825 1924 apertius
2854 1845 3092 1910 declarat
3144 1856 3368 1912 dicens:
3404 1856 3507 1923 Qui

208 1947 360 2012 beat,
386 1961 523 2018 quos
541 1943 598 2002 in
627 1940 858 2002 diaconii
876 1937 1216 2012 ministeriis,
1241 1949 1338 2002 aut
1365 1948 1419 2000 in
1444 1945 1621 2002 officio
1651 1953 1799 2015 prcs-

205 2033 409 2112 byterii
459 2041 664 2111 positos
691 2041 1084 2096 incontinentes
1106 2053 1227 2095 esse
1258 2039 1347 2094 aut
1368 2032 1530 2095 fuisse
1559 2041 1801 2111 generati

205 2127 306 2188 ﬁlii
335 2125 718 2203 prodiderunt.
748 2125 828 2188 De
867 2130 954 2188 bis
1001 2135 1054 2188 et
1097 2129 1398 2187 divinarum
1425 2131 1602 2202 legum
1632 2131 1802 2186 mani-

205 2225 354 2282 testa
382 2229 468 2282 est
489 2221 796 2297 disciplina,
828 2231 882 2281 et
917 2225 1090 2280 beata:
1116 2217 1507 2280 recordatiOnis
1533 2221 1632 2279 viri
1667 2219 1802 2280 Siri-

210 2317 280 2375 cii
309 2319 549 2389 e'piScOpi
585 2315 788 2390 (Epist.
823 2319 890 2372 ad
920 2306 1064 2373 ﬂint.
1093 2336 1211 2389 cap.
1243 2313 1298 2383 7,
1330 2329 1376 2373 et
1406 2313 1474 2373 ad
1502 2313 1616 2390 Afr.
1649 2336 1702 2374 η.
1736 2319 1801 2390 ὅ)

213 2407 424 2467 monita
468 2410 736 2466 evidentia
772 2417 1178 2466 commearent:
1207 2417 1266 2466 ut
1293 2405 1695 2467 incontinentes
1748 2412 1804 2465 in

213 2497 415 2560 olii’ciis
441 2497 640 2560 talibus
669 2503 827 2575 positi
863 2505 1008 2560 omni
1034 2505 1239 2562 honore
1259 2498 1628 2564 e¢clesiastico
1645 2516 1667 2544 °
1694 2496 1806 2576 pri-

214 2607 496 2668 varentur,
521 2611 620 2654 nec
641 2593 1052 2654 admitterentur
1067 2597 1323 2654 accedere
1335 2591 1400 2653 ad
1423 2595 1804 2666 ministerium,

209 2691 361 2762 quod
406 2690 525 2746 sola
570 2690 898 2746 continentia
925 2681 1193 2761 aloportet
1236 2684 1469 2760 impleri.
1503 2680 1605 2746 Est
1659 2683 1803 2745 enim

215 2787 378 2836 vetns
409 2775 697 2835 admodum
725 2795 893 2836 sacrae
913 2775 1048 2851 legis
1079 2782 1391 2849 auctoritas,
1428 2773 1540 2851 jam
1583 2775 1710 2836 inde
1739 2777 1808 2835 ab

214 2870 379 2927 initio
407 2867 697 2940 cuStod‘ita,
726 2870 869 2942 quod
894 2872 948 2927 in
973 2863 1176 2943 templo
1197 2887 1339 2927 anno
1363 2867 1495 2928 vicis
1525 2863 1809 2928 sua-[babi-

214 2974 337 3021 tare
365 2959 621 3036 praecepti
652 2976 776 3020 sunt
814 2963 1162 3031 sacerdotes;
1209 2973 1267 3020 ut
1305 2965 1602 3020 servientes
1640 2957 1810 3020 sacris

220 3055 608 3123 oblationibus,
641 3073 804 3129 puros
832 3066 886 3114 et
908 3053 974 3113 ab
997 3059 1139 3113 omni
1157 3057 1276 3114 labe
1298 3065 1550 3129 purgatos
1571 3057 1669 3113 sibi
1688 3051 1809 3112 vi'n-

1903 1957 2070 2000 autcm
2116 1947 2170 1998 in
2225 1957 2378 1999 carne
2412 1957 2552 2010 sunt,
2593 1945 2705 2002 Deo
2735 1949 2936 2018 placere
2976 1966 3078 2003 non
3131 1959 3390 2019 possunt:
3418 1965 3505 2003 vos

1905 2049 2076 2093 autem
2091 2043 2205 2112 jam
2236 2055 2338 2092 non
2358 2040 2476 2094 estis
2503 2041 2553 2092 in
2578 2057 2754 2108 carne,
2783 2043 2871 2095 sed
2895 2044 2949 2095 in
2981 2042 3166 2112 spiritu
3190 2042 3366 2110 (Rom.
3391 2058 3502 2114 vm,

1906 2131 1982 2200 9),
2013 2131 2080 2186 Et
2111 2134 2370 2186 habentem
2400 2134 2537 2200 filios
2587 2125 2630 2203 (il
2656 2129 2788 2190 Tim.
2820 2150 2898 2200 ιιι,
2925 2136 2982 2206 4)
3017 2151 3122 2190 non
3158 2147 3504 2208 generantem,

1907 2225 2079 2291 dixit;
2141 2225 2236 2280 sed
2267 2241 2328 2280 ea
2359 2226 2520 2294 plane
2552 2225 2732 2295 dispar
2759 2236 2813 2281 et
2850 2224 2874 2263 ἰ
2898 2227 3067 2282 divisa
3099 2231 3365 2285 sententia
3393 2239 3504 2286 est.

1907 2319 2038 2374 Nam
2083 2319 2129 2373 si
2159 2319 2223 2372 ad
2269 2319 2476 2388 aliquos
2506 2319 2673 2372 forma
2703 2317 2792 2373 illa
2835 2320 3212 2374 ecclesiastica:
3255 2321 3379 2377 vitae
3409 2337 3506 2391 pa-

1909 2416 2037 2470 riter
2065 2422 2118 2469 et
2150 2405 2450 2482 disciplinae
2493 2427 2612 2482 qua:
2658 2412 2726 2468 ab
2765 2414 3022 2483 episcopo
3064 2413 3258 2469 Siricio
3285 2413 3350 2469 ad
3375 2429 3507 2485 pro-

1909 2506 2112 2560 vincias
2156 2505 2494 2576 contttteavit,
2545 2518 2650 2557 non
2693 2505 3011 2572 pervenisse
3051 2504 3380 2574 probabitur,
3425 2505 3509 2560 bis

1910 2597 2258 2669 ignorationis
2286 2597 2438 2651 venia
2475 2594 2493 2633 ι
2523 2596 2832 2662 remittitur,
2889 2598 2958 2652 ita
2999 2608 3055 2651 ut
3093 2597 3160 2653 de
3203 2606 3402 2652 caetero
3431 2598 3509 2652 in-

1911 2694 2111 2762 cipiant
2143 2692 2351 2760 penitus
2379 2690 2690 2757 abstinere;
2722 2699 2777 2746 et
2809 2691 2877 2745 ita
2901 2690 3097 2760 gradus
3138 2705 3270 2746 suos
3309 2691 3361 2745 in
3392 2691 3509 2761 qui-

1913 2788 2013 2843 bus
2041 2786 2240 2841 inventi
2274 2786 2496 2851 ftterint,
2525 2785 2602 2840 sic
2621 2792 2910 2847 relentent,
2938 2793 2995 2839 ut
3025 2785 3102 2840 eis
3131 2798 3236 2839 non
3261 2783 3421 2840 liceat
3436 2784 3508 2838 ad

1913 2880 2121 2949 potiora
2153 2876 2518 2932 conscendere
2549 2894 2562 2930 :
2588 2875 2781 2946 quibus
2807 2876 2861 2929 in
2893 2875 3156 2931 beneﬁcio
3187 2889 3307 2930 esse
3325 2874 3508 2943 debet,

1915 2973 2054 3039 quod
2089 2971 2231 3024 hunc
2253 2971 2424 3038 ipsum
2458 2969 2662 3036 locum,
2715 2983 2874 3038 quem
2919 2970 3176 3038 retinent,
3214 2967 3370 3040 185
3401 2982 3510 3026 non

1915 3064 2181 3118 amittant.
2202 3070 2241 3097 ω
2268 3061 2324 3116 Si
2353 3061 2442 3130 qui
2469 3069 2647 3114 autem
2673 3059 2841 3116 scisse
2867 3059 3096 3115 formam
3127 3059 3338 3115 vivendi
3371 3059 3509 3113 mis-

222 3149 402 3206 dicent
426 3149 607 3205 divina
629 3141 1252 3220 ministeriamequeeos
1278 3145 1343 3206 ad
1357 3147 1613 3205 sacriﬁcia
1640 3141 1718 3203 ias
1741 3149 1812 3205 sit
1853 3223 1880 3226 Α
1918 3174 2030 3214 sam
2074 3173 2103 3210 a
2137 3155 2331 3210 Siricio
2359 3155 2712 3224 deteguntttr,
2744 3169 2917 3226 neque
2967 3156 3150 3211 statim
3190 3153 3511 3223 cupiditates

225 3242 458 3308 admitti.
486 3239 576 3313 qui
595 3248 848 3297 exercent
873 3239 957 3298 vel
979 3259 1100 3297 cum
1119 3258 1283 3298 uxore
1306 3239 1520 3298 carnale
1545 3251 1569 3279 °
1591 3258 1814 3298 consor-
1837 3223 1885 3288 ο
1922 3247 2154 3304 libidinis
2182 3245 2447 3316 abjecisse
2467 3223 2581 3310 ;itli
2611 3223 2737 3300 sunt
2767 3223 2940 3301 modis
2981 3245 3232 3301 omnibus
3268 3258 3513 3302 suntmo-

229 3337 393 3391 tium:
426 3336 551 3406 quia
579 3336 840 3405 scriptum
863 3344 941 3390 est
961 3351 975 3389 :
997 3335 1175 3389 Sancti
1202 3344 1376 3402 estote,
1390 3336 1631 3403 quoniam
1649 3345 1693 3389 et
1723 3351 1814 3403 ego

233 3435 441 3482 sanctus
456 3444 584 3495 sum,
605 3412 853 3482 Dominus
873 3417 1008 3483 Deus
1034 3437 1191 3482 vester
1206 3425 1389 3499 (Leuit.
1406 3443 1481 3494 XI,
1496 3422 1594 3493 ιις
1624 3443 1714 3503 xit,
1737 3430 1812 3498 7).

234 3515 440 3588 Quibus
463 3519 642 3590 utique
663 3529 882 3592 propter
903 3521 1104 3577 sobolis
1124 3525 1516 3578 successionem
1533 3532 1819 3592 prepterea

233 3609 460 3666 uxorius
481 3625 610 3666 usus
637 3609 811 3668 luerat
840 3613 1138 3680 relaxatus,
1169 3614 1293 3684 quia
1320 3631 1387 3670 ex
1414 3614 1518 3669 alia
1543 3605 1682 3670 tribu
1708 3613 1725 3652 τ
1751 3615 1819 3670 ad

229 3701 590 3759 sacerdotium
617 3695 774 3775 185.
811 3703 992 3759 nullus
1019 3701 1194 3761 fuerat
1224 3715 1525 3775 praeceptus
1539 3705 1816 3764 accedere.

229 3789 444 3862 Quanto
476 3795 643 3867 magis
668 3793 721 3851 bi
748 3795 1060 3853 sacerdotes
1086 3797 1172 3853 vel
1203 3793 1380 3854 levita
1411 3798 1721 3868 pudicitiam
1751 3815 1820 3857 ex

230 3887 316 3944 die
343 3887 704 3946 ordinationis
753 3906 867 3946 suas
896 3905 1116 3947 servare
1145 3887 1361 3956 debent.
1387 3893 1580 3962 quibus
1615 3896 1700 3951 vel
1731 3911 1820 3952 sa-

229 3980 533 4036 cerdotium
562 3980 647 4037 vel
681 3981 1032 4038 ministerium
1062 3983 1178 4039 sine
1205 3984 1548 4039 successione
1577 3995 1676 4051 est,
1717 4002 1818 4044 nec

223 4071 474 4142 praet-it
487 4070 610 4128 dies
625 4081 732 4144 qua
757 4073 840 4128 vel
861 4085 890 4127 a
916 4073 1192 4130 sacriﬁciis
1213 4073 1434 4142 divinis,
1450 4081 1542 4132 aut
1557 4089 1588 4132 a
1612 4071 1814 4148 baptis-

293 4217 328 4247 ι
345 4207 506 4264 Coiﬁ.
519 4251 534 4274 ,
556 4211 639 4265 ret
659 4209 878 4265 lucidior
897 4207 1046 4266 ratio.

300 4281 329 4319 δ
362 4278 536 4335 Codd.
596 4281 775 4349 Vittd.,
813 4281 926 4338 Vat.
952 4279 1168 4352 Regina;
1221 4291 1276 4338 et
1330 4283 1447 4339 Vat.
1491 4281 1652 4352 13η,
1692 4302 1813 4343 cum

229 4351 626 4420 antiquioribus
655 4367 786 4425 tusc.
819 4351 1136 4425 Constantii,
1168 4352 1367 4425 docere.
1401 4355 1530 4425 Dein
1573 4351 1817 4425 responsa

229 4433 330 4486 pro
360 4423 880 4497 responsumlcgitur
907 4426 958 4479 in
980 4423 1167 4497 eodem
1200 4439 1302 4482 ms.
1343 4421 1462 4497 Vat.
1503 4420 1740 4497 Reginae.

303 4503 329 4530 ε
369 4491 584 4566 ςθυεζ..
605 4491 1001 4566 priventur,nec
1022 4495 1373 4549 admittuntur.
1409 4495 1525 4550 Mox
1558 4491 1608 4552 in
1633 4493 1813 4566 νίκα..

233 4563 301 4614 ad
326 4562 434 4615 tale
463 4564 815 4628 ministerium,
860 4565 949 4619 ubi
978 4580 1078 4618 vox
1112 4568 1210 4619 tale
1251 4565 1484 4620 secunda
1536 4579 1693 4622 manu
1718 4562 1816 4623 ad;

229 4632 486 4704 (maturi
513 4635 654 4704 apud
695 4635 1028 4704 Dionysium,
1057 4637 1250 4690 melius
1281 4637 1454 4690 abest.
1629 4699 1632 4704 _

301 4701 328 4738 ¹¹
363 4701 502 4757 God.
536 4702 680 4766 Vat.,
711 4701 866 4779 possit
896 4705 1277 4779 iinpieri._Deitt
1310 4707 1432 4779 cnd_.
1463 4705 1582 4761 Vat.
1614 4701 1830 4779 Reginae

229 4775 805 4846 atmrquatttoraliis
835 4775 994 4846 codd.
1026 4776 1251 4830 laudatis
1300 4791 1326 4828 a
1385 4775 1723 4846 Constantio}
1777 4783 1829 4835 in

234 4845 442 4914 templis
455 4855 598 4916 anno
616 4845 972 4901 vicissitudinis
995 4862 1130 4912 aut;
1156 4854 1210 4901 et
1231 4853 1351 4916 post
1375 4849 1626 4904 nonnulla
1657 4852 1831 4905 diuina

239 4915 515 4983 uagum-iu.
1236 4915 1247 4916 ί

309 4995 346 5068 ξ.
371 4986 467 5040 Sic
503 4985 676 5038 nostri
704 4985 861 5068 codd.
898 4984 1056 5041 Vind.
1081 4985 1308 5068 sinvat;
1331 5002 1455 5068 cum
1484 4989 1624 5060 vulg.
1653 4991 1826 5059 Ques-

235 5057 824 5129 nellu§,con1merciurn
840 5067 965 5129 eum
996 5072 1101 5112 ms.
1134 5055 1253 5114 Vat.
1273 5058 1507 5129 Reginae.

313 5123 339 5166 τ
383 5125 528 5200 fidit.
561 5125 718 5180 Rom.
751 5125 898 5182 addit
924 5139 1260 5200 praterquam
1290 5123 1568 5184 ex'semine
1597 5131 1788 5200 Aaron.

235 5196 594 5324 ύοὶἓιιεεηη
615 5203 806 5266 quanto
834 5199 1017 5271 magis.
1039 5196 1224 5255 Melius
1245 5201 1412 5256 nostri
1440 5201 1598 5258 codd.
1626 5210 1681 5256 et
1710 5199 1830 5257 edi-

313 5339 342 5375 h
373 5337 575 5412 Quesn.
607 5338 795 5412 inserit
834 5340 921 5392 sit.
956 5338 1261 5412 Qelevimus
1301 5351 1423 5396 cum
1469 5352 1604 5398 mss.
1635 5337 1822 5412 Vind.,

242 5409 368 5464 Vat.
401 5405 644 5478 Reginae,
663 5418 718 5463 et
743 5405 932 5464 Const.
965 5406 1096 5465 Cod.
1127 5411 1269 5477 Van,
1303 5413 1418 5466 erit.

320 5481 339 5516 ί
366 5479 595 5554 Quesn.,
623 5478 744 5554 illan
761 5488 969 5554 propter
991 5483 1301 5554 manendum,
1320 5484 1375 5536 in
1417 5483 1826 5554 concupiscentia

240 5549 448 5605 carnali
478 5554 573 5602 hoc
599 5549 926 5623 dicit._Digu.
973 5559 1025 5606 et
1058 5550 1215 5607 Rom.
1241 5553 1398 5619 edin,
1441 5549 1589 5607 Non'
1614 5549 1682 5607 ad
1718 5565 1827 5623 per.

238 5630 558 5694 merentem,
577 5625 686 5694 etc.
715 5620 810 5677 Ms.
829 5620 1176 5694 Tttuan.,_non
1202 5634 1408 5694 propter
1430 5620 1822 5694 permanentem.

242 5691 590 5765 Praetulimus
620 5691 1097 5765 lecti_onett_t_Vittd.
1128 5703 1184 5765 et
1203 5691 1328 5765 Vat.
1365 5691 1602 5765 Regina,
1627 5709 1657 5749 a
1694 5696 1826 5749 duo-

237 5761 427 5835 decim
459 5761 849 5835 antiquioribus
877 5760 1030 5835 libris
1049 5763 1190 5835 apud
1217 5760 1590 5820 Constantium
1622 5771 1821 5835 appro-

237 5830 456 5900 bante,
477 5844 642 5908 quam
691 5833 1002 5891 innocentia
1038 5830 1504 5916 cottgruentiorptn
1533 5830 1824 5894 ostendunt

1921 3340 2111 3395 vendi:
2145 3339 2234 3408 qui
2269 3351 2387 3406 post
2409 3340 2850 3395 ammonitionem
2875 3341 3168 3410 cognitam,
3192 3355 3513 3412 praeponen-

1924 3434 2046 3488 dam
2076 3431 2318 3486 arbitrati
2352 3440 2476 3484 suttt
2501 3431 2852 3498 voluptatem.

1989 3523 2119 3577 Car.
2155 3522 2216 3576 ll.
2242 3551 2309 3561 -—
2339 3521 2404 3574 Et
2437 3524 2539 3576 hoc
2568 3522 2850 3591 quaesitum
2882 3530 2964 3576 est
3001 3539 3015 3576 :
3047 3523 3175 3593 quid
3204 3522 3273 3578 de
3303 3523 3387 3580 his
3411 3524 3513 3580 ob-

1923 3615 2128 3673 servari
2158 3621 2422 3684 oporteat,
2457 3613 2546 3682 qui
2581 3622 2702 3683 post
2722 3613 3068 3682 baptismum,
3102 3615 3249 3670 omni
3274 3622 3514 3687 tempore

1924 3706 2327 3762 incontinentiae
2349 3714 2377 3742 ιι
2415 3704 2776 3773 voluptatibus
2805 3704 2968 3760 dediti
2993 3747 3010 3772 ,
3053 3706 3106 3761 in
3137 3714 3378 3762 extremo
3407 3705 3514 3763 ﬁne

1924 3800 2048 3855 vitae
2069 3813 2181 3854 sua:
2204 3797 2571 3868 paenitentiam
2599 3796 2756 3851 simul
2779 3805 2833 3852 et
2854 3797 3341 3852 reconciliationem
3361 3812 3513 3853 com-

1926 3890 2197 3948 munionis
2217 3898 2533 3960 exposcunt.
2567 3889 2640 3944 De
2667 3887 2751 3943 his
2777 3888 3082 3944 observatio
3107 3888 3272 3959 prior,
3297 3889 3510 3956 durior;

1927 3986 2222 4056 posterior,
2283 3984 2673 4040 interveniente
2722 3983 3130 4052 misericordia,
3188 3985 3512 4041 inclinatior.

1917 4079 2054 4135 Nam
2091 4077 2423 4134 consuetudo
2465 4069 2612 4148 prior
2650 4081 2820 4132 tenuit
2858 4086 2914 4131 ut
2954 4076 3343 4133 concederetur
3370 4085 3395 4113 ο
3433 4079 3514 4134 eis

1924 4217 2221 4283 sequentia,
2253 4216 2341 4270 ubi
2382 4217 2498 4271 sine
2528 4215 2925 4286 praepositione
2951 4217 3020 4269 ad
3061 4207 3143 4270 vel
3183 4227 3391 4286 propter
3433 4218 3513 4272 si-

1925 4277 2125 4411 stiiiter
2149 4277 2402 4342 scribitur
2436 4303 2450 4339 :
2481 4277 2544 4340 ρι’
2570 4277 2838 4341 habentem
2875 4277 3035 4356 ﬁlios,
3065 4295 3165 4340 non
3183 4277 3514 4355 'gen'erantem

1963 4367 2075 4410 tItl.

1963 4367 2101 4482 “tuin
2133 4443 2238 4483 ms.
2263 4419 2492 4484 Vinde'b.
2545 4427 2779 4482 secunda
2825 4442 2988 4482 manu
3038 4423 3252 4481 additur
3271 4428 3365 4480 sic.
3400 4427 3510 4484 Alii

1928 4499 2096 4567 vulg.,
2126 4500 2200 4552 sic
2238 4517 2362 4553 esse.
2389 4497 2509 4552 Mox
2538 4508 2586 4551 et
2617 4499 2842 4566 apertius
2872 4498 3188 4567 scripsimus
3206 4513 3324 4552 cum
3349 4487 3515 4555 Vind.

1928 4570 2151 4638 aliisque
2183 4570 2493 4638 melioribus
2515 4583 2647 4623 mss.
2675 4568 2900 4636 Quesn.,
2931 4569 3072 4633 quod
3091 4568 3337 4638 apertius.
3363 4568 3509 4624 Edit.

1850 4633 1906 4695 Ῑ)
1930 4631 2134 4694 Concil.
2175 4649 2295 4706 post
2326 4631 2627 4699 Merlinutn,
2658 4631 2795 4708 quod
2827 4631 3150 4707 et’apertius'.

2007 4708 2033 4745 ιτ
2063 4710 2234 4782 Codd.
2266 4709 2490 4782 Vindeb.
2519 4717 2573 4763 et
2601 4708 2741 4782 Pith.
2766 4708 3292 4782 hujuscollectionis
3314 4709 3513 4782 aliique

1937 4779 2132 4850 vulgati
2187 4789 2310 4834 ante
2360 4781 2586 4845 Questt.,
2635 4777 2852 4834 diversa.
2915 4777 2972 4833 Ρ.
3015 4779 3355 4834 Constantius
3388 4777 3511 4836 cum

1939 4850 2056 4904 aliis
2095 4851 2362 4920 plerisque
2387 4850 2544 4904 codd.
2579 4850 2736 4904 etiam
2773 4851 2926 4916 hujus
2956 4851 3287 4906 collectionis
3334 4852 3509 4919 Ques-

1937 4920 2063 4974 nelli
2093 4921 2375 4977 lectionem
2416 4921 2658 4987 retinuit,
2695 4936 2760 4975 eo
2777 4921 2916 4990 quod
2949 4922 3268 4976 sententiam
3297 4921 3348 4974 in
3376 4924 3508 4976 duas

1939 5001 2118 5061 partes
2158 4992 2378 5046 divisam
2411 4992 2642 5062 indicet,
2671 5007 2895 5062 quarum
2936 5008 3061 5058 una,
3101 5004 3152 5044 ut
3205 5005 3325 5045 mox
3377 5007 3511 5058 pon-

1940 5062 2387 5142 tifexqexplicat,
2424 5061 2734 5134 ignorantes
2787 5062 2968 5118 'Siricii
3019 5063 3278 5127 decreta,
3342 5061 3510 5116 altera

1935 5134 2167 5204 scientes
2197 5134 2432 5204 respicit:
2561 5203 2566 5204 ί
2823 5195 2828 5202 ί

2013 5204 2028 5239 ι
2067 5199 2181 5256 Vat.
2214 5199 2333 5258 cum
2365 5199 2482 5258 aliis
2509 5203 2684 5265 editis,
2714 5199 3012 5256 remittetur.

2006 5282 2044 5309 ω
2069 5255 2139 5327 lta
2171 5255 2482 5328 mssfviiid}
2510 5255 2564 5328 et
2580 5255 2712 5326 Vni.
2735 5265 2953 5341 Regium
2977 5286 3099 5326 eum
3126 5259 3372 5341 Omnibus
3393 5255 3508 5324 edi-

1934 5339 2002 5414 tis
2045 5343 2399 5398 cohaerentius
2435 5349 2555 5399 c‘um
2599 5339 3236 5414 praecedettlihcontextu.
3283 5339 3506 5408 Queen”

1936 5411 2037 5477 Qui
2064 5425 2250 5468 autem.
2286 5416 2402 5468 Mox
2433 5415 2550 5470 Vat.
2582 5403 2701 5468 cum
2725 5412 3044 5479 aliiszeditis,
3078 5403 3388 5479 detegentur.

2003 5485 2032 5519 δ
2061 5481 2376 5554 Addiditnus
2404 5469 2524 5540 cum
2547 5484 2746 5539 nostris
2766 5469 2922 5536 codd.
2957 5469 3351 5554 aliisque-vnlg.
3375 5479 3508 5554 duas

1932 5551 2458 5624 vocespoluptatibus
2477 5596 2493 5621 ,
2535 5563 2590 5608 et
2615 5555 2746 5622 ﬁne,
2787 5565 2918 5618 quas
2946 5545 3270 5624 Dueshellus
3302 5545 3506 5608 'o’milits

1932 5614 2217 5704 Vat._Beg.
2240 5614 2460 5704 ignorat
2479 5614 2685 5704 'tanttim
2710 5614 3045 5704 voc-em.
3322 5700 3332 5704 Δ
3440 5679 3472 5704 Α

1935 5753 1937 5755 ,
2001 5703 2025 5730 υ
2058 5692 2252 5749 Vocem
2274 5692 2362 5749 eis
2393 5695 2712 5750 inseruintus
2735 5707 2853 5747 cum
2893 5692 3082 5746 iisdem
3110 5705 3240 5747 mss.
3285 5700 3340 5748 et
3365 5692 3509 5748 anti-

1928 5765 2200 5834 qbioribus
2228 5755 2404 5821 editis.
2445 5763 2562 5821 Mox
2594 5762 2714 5819 Vat.
2738 5801 2754 5830 ,
2784 5759 2872 5816 sed
2901 5779 3003 5818 non
3033 5763 3508 5822 communicarettm
