3992 6348
547 333 653 393 803

1465 334 1807 392 APPENDIX
1843 336 1935 393 AD
1972 336 2031 393 S.
2070 335 2313 392 LEOle
2350 335 2565 393 MAGNI
2602 335 2849 394 OPERA.

3665 340 3757 407 504

548 452 894 524 poenitentia,
929 452 1023 508 sed
1049 450 1353 508 communio
1380 425 1683 521 negaretur.
1717 451 1847 506 Nam
1872 468 1992 507 cum
2020 451 2123 508 illis
2146 458 2200 519 Δ
2228 453 2477 519 lieribus,
2509 453 2719 523 prodito
2746 468 2929 509 earum
2958 452 3213 519 crimine,
3233 455 3533 511 communio
3558 453 3759 530 denega—

550 546 882 615 temporibus
903 545 1102 601 crebra:
1131 544 1525 610 persecutiones
1554 553 1758 608 essent,
1788 560 1858 600 ne
1882 561 2123 602 commu-

550 639 725 693 nionis
764 651 1018 693 concessa
1048 636 1269 690 facilitas
1306 636 1553 692 homines
1584 636 1652 691 de
1692 640 2124 694 reconciliatione

550 744 766 784 securos
788 744 897 783 non
923 738 1200 783 revocaret
1219 742 1248 781 a
1275 728 1446 796 lapsu,
1472 730 1686 799 merito,
1716 739 1743 766 ⁸
1770 739 1958 799 negata
1977 745 2125 785 com-

552 825 822 887 munione,
858 830 939 875 est
965 834 1219 876 concessa
1250 822 1582 890 pmnitentia,
1616 837 1681 877 ne
1711 831 1878 877 totum
1913 823 2125 891 penitus

550 921 873 976 negaretur:
909 922 963 966 et
1004 910 1275 967 duriorem
1309 914 1676 970 remissionem
1708 914 1834 968 fecit
1872 916 2125 983 temporis

549 1006 704 1057 ratio.
730 1002 834 1058 Sed
860 1010 1139 1074 postquam
1168 1003 1425 1059 Dominus
1452 1016 1633 1059 n08ter
1662 1020 1843 1073 pacem
1870 1006 2126 1062 Ecclesiis

548 1095 658 1150 suis
700 1095 963 1161 reddidit,
1007 1095 1118 1166 jam
1166 1095 1391 1166 depulso
1437 1100 2125 1154 terrore‘communionem

548 1185 663 1241 dari
686 1185 715 1225 δ
746 1186 1068 1243 obeuntibus
1099 1187 1318 1259 placuit,
1351 1196 1404 1243 et
1432 1200 1648 1257 propter
1671 1189 1881 1245 Domini
1913 1190 2123 1246 miseri-

548 1278 785 1334 cordiam
828 1280 980 1349 quasi
1010 1266 1260 1336 viaticum
1300 1282 1649 1354 proiecturis,
1680 1293 1701 1322 ο
1736 1299 1803 1338 ne
1843 1282 2127 1340 N0vatiani

546 1371 786 1428 haeretici
833 1375 1077 1444 negantis
1111 1376 1352 1439 veniam,
1392 1374 1734 1445 asperitatem
1778 1384 1832 1431 et
1874 1376 2124 1431 duritiam

547 1465 699 1536 sequi
740 1463 1039 1520 videamur.
1090 1464 1117 1501 α
1158 1465 1431 1520 Tribuitur
1473 1482 1602 1537 ergo
1648 1482 1769 1522 cum
1816 1468 2129 1536 pmnilentia

548 1564 787 1608 extrema
828 1554 1160 1617 communio,
1204 1564 1261 1609 ut
1292 1556 1536 1609 homines
1576 1556 1877 1625 hujusmodi
1909 1567 1931 1595 ο
1966 1559 2046 1613 vel
2076 1561 2127 1614 in

552 1646 820 1714 supremis
855 1648 993 1710 suis,
1024 1646 1366 1715 permittente
1400 1647 1681 1705 Salvatore
1710 1659 1921 1715 nostro,
1947 1665 1976 1704 a
2007 1664 2128 1721 per-

550 1748 712 1809 petuo
740 1738 901 1793 exitio
925 1738 1276 1793 vindicentur.

2229 558 2343 612 tur;
2374 548 2608 602 virorum
2654 556 2863 612 autem,
2898 548 3096 602 latente
3150 549 3456 614 commisso.
3488 565 3588 605 non
3629 551 3762 613 facile

2230 635 2458 708 ialiquis
2472 655 2534 693 ex
2553 639 2942 708 suspicionibus
2967 638 3300 706 abstinetur;
3328 641 3415 710 qui
3444 640 3614 712 utique
3639 656 3762 700 sum-

2225 729 2543 795 movebitur,
2576 729 2621 783 si
2650 730 2767 797 ejus
2795 728 3049 800 ﬂagitium
3077 730 3371 800 detegatur.
3397 729 3527 785 Cum
3549 746 3663 802 ergo
3684 747 3764 803 par

2225 832 2388 873 causa
2417 818 2516 884 sit,
2566 818 2832 874 interdum
2880 820 3190 890 probatione
3235 830 3505 889 cessante,
3550 823 3762 881 vindich

2227 913 2366 967 ratio
2394 911 2743 981 conquiescit.

2297 1003 2425 1060 Car.
2461 1004 2522 1060 ν.
2546 1035 2617 1046 ——
2637 1002 2771 1061 Illud
2792 1004 2950 1060 etiam
2972 1005 3230 1061 sciscitari
3252 1005 3468 1062 voluisti
3490 1024 3504 1059 :
3527 1020 3589 1060 an
3612 1022 3766 1075 preces

2228 1099 2553 1155 dictantibus
2583 1100 2807 1156 liberum
2832 1100 3178 1166 concedatur,
3192 1101 3385 1171 utique
3414 1108 3535 1171 post
3554 1100 3767 1171 baptismi

2229 1191 2722 1261 regenerationem,
2765 1207 2798 1245 a
2831 1190 3160 1261 principibus
3189 1205 3412 1261 poscere
3448 1200 3663 1246 mortem
3689 1193 3767 1247 ali-

2228 1284 2415 1355 cujus,
2440 1286 2520 1339 vel
2554 1285 2866 1355 sanguinem
2894 1284 2961 1338 de
2984 1293 3155 1340 reatu.
3187 1284 3358 1351 Quam
3396 1298 3511 1338 rem
3541 1283 3771 1353 principes

2212 1394 2499 1455 nunquam
2538 1380 2655 1434 sine
2695 1379 3000 1450 cognitione
3026 1378 3357 1444 concedunt;
3386 1377 3484 1433 sed
3517 1378 3579 1432 ad
3598 1378 3770 1448 judices

2230 1470 2513 1526 commissa
2548 1471 2562 1521 i
2605 1472 2717 1540 ipsa
2739 1514 2753 1535 ,
2790 1470 2873 1526 vel
2903 1470 3126 1525 crimina
3166 1484 3383 1538 semper
3405 1468 3697 1537 remittunt,
3727 1478 3771 1525 ut

2230 1577 2387 1616 causa
2418 1563 2627 1632 cognita
2664 1562 3018 1618 vindicentur.
3062 1562 3193 1629 Quae
3228 1577 3350 1616 sum
3392 1559 3655 1629 quaesitori
3679 1559 3770 1615 lue-

2231 1653 2339 1706 rint
2376 1652 2647 1719 delegata,
2689 1662 2781 1707 aut
2808 1653 3103 1717 absolutio,
3133 1659 3225 1705 aut
3251 1651 3555 1714 damnatio,
3589 1665 3677 1719 pro
3699 1664 3771 1705 ne-

2232 1741 2359 1810 gotii
2384 1741 2638 1811 qualitate
2662 1740 2959 1812 profertur;
2988 1751 3044 1797 et
3070 1742 3197 1797 dum
3228 1742 3404 1811 legum
3442 1740 3771 1797 auctoritasin

623 1832 748 1886 Car.
780 1832 868 1886 lll.
904 1863 967 1875 ~—
992 1831 1283 1901 Quaesitum
1309 1842 1393 1890 est
1424 1834 1583 1889 etiam
1606 1847 1766 1904 super
1787 1833 1871 1888 his
1896 1835 1984 1905 qui
2009 1844 2127 1904 post
2157 1844 2205 1906 Β
2231 1833 2501 1901 improbos
2525 1846 2825 1898 exercetur,
2853 1835 2955 1888 erit
2976 1832 3203 1888 dictator
3233 1832 3509 1887 immunis.

553 1924 875 1993 baptismum
913 1924 1457 1988 administraverunt,
1506 1936 1560 1980 et
1588 1933 1677 1979 aut
1721 1936 1981 1980 tormenta
2014 1926 2126 1981 sola

551 2025 926 2083 exercuerunt,
956 2026 1050 2072 aut
1074 2018 1232 2072 etiam
1256 2016 1535 2085 capitalem
1564 2014 1583 2053 ί
1615 2017 1885 2087 protulere
1912 2026 2129 2073 senten-

550 2104 698 2159 tiam.
732 2104 869 2159 Nihil
896 2106 961 2159 de
991 2107 1054 2160 iis
1080 2106 1303 2175 legimus
1328 2122 1353 2157 a
1381 2106 1672 2176 majoribus
1693 2105 1997 2163 dilftnitum.
2022 2109 2127 2162 Me-

549 2194 818 2250 minerant
845 2197 984 2251 enim
1006 2213 1038 2251 a
1061 2197 1169 2252 Deo
1196 2204 1483 2265 potestates
1512 2198 1607 2253 Itas
1636 2198 1799 2255 fuisse
1819 2214 2124 2264 concessas,

514 2298 517 2301 '
549 2296 603 2343 et
633 2299 848 2358 propter
879 2290 1163 2344 vindictam
1208 2291 1487 2345 noxiorum
1530 2290 1762 2360 gladium
1808 2290 1970 2345 fuisse
2002 2308 2126 2361 per-

516 2392 521 2395 ‘
549 2381 792 2446 missum,
817 2390 870 2435 et
896 2382 988 2436 Dei
1006 2383 1307 2436 ministrum
1321 2397 1442 2436 esse
1464 2382 1647 2437 datum
1665 2382 1929 2437 vindicem
1959 2387 2009 2437 in
2031 2383 2127 2437 hu-

544 2474 802 2543 jusmodi.
825 2474 1281 2542 Quemadmodum
1310 2474 1466 2546 186
1490 2474 1650 2543 igitur
1675 2474 2127 2544 reprehenderent

547 2565 746 2619 factum
766 2606 781 2632 ,
812 2566 951 2635 quod
982 2576 1201 2621 auctore
1239 2566 1462 2620 Domino
1492 2566 1737 2621 viderent
1765 2581 1880 2621 esse
1906 2582 2126 2623 conces-

549 2658 702 2712 sum?
732 2659 804 2711 De
837 2657 918 2711 his
944 2673 1071 2727 ergo
1101 2667 1125 2703 ε
1154 2657 1223 2711 ita
1257 2669 1308 2709 ut
1339 2656 1593 2712 hactenus
1621 2667 1889 2712 servatum
1918 2666 2019 2722 est,
2050 2661 2127 2713 sic

549 2750 809 2805 habemus
839 2770 849 2804 :
884 2767 949 2805 ne
992 2760 1081 2804 aut
1111 2750 1446 2817 disciplinam
1485 2762 1763 2815 evertere,
1810 2760 1899 2804 aut
1942 2761 2125 2805 contra

550 2844 915 2898 auctoritatem
950 2843 1158 2896 Domini
1185 2843 1363 2897 renirc
1389 2842 1679 2896 videamur.
1709 2841 1840 2911 Ipsis
1866 2851 2043 2896 autem
2073 2842 2124 2896 iu

550 2939 761 2991 ratione
790 2938 1060 2993 reddenda
1088 2947 1233 3008 gesta
1262 2953 1356 2993 sua
1385 2939 1561 2993 omnia
1593 2940 1969 2995 servabuntur.

618 3029 745 3084 CAP.
779 3029 865 3083 IV.
905 3060 972 3071 -—
999 3032 1066 3085 Et
1110 3030 1240 3084 illud
1281 3031 1642 3085 desideratum
1693 3041 1774 3085 est
1821 3026 1977 3095 s'ciri,
2029 3046 2125 3086 cur

546 3122 1004 3178 communicantes
1031 3123 1125 3177 viri
1147 3138 1267 3178 cum
1294 3123 1551 3178 adulteris
1578 3122 1834 3177 uxoribus
1862 3138 1968 3176 non
1999 3138 2127 3178 con-

2302 1925 2431 1979 Car.
2462 1924 2552 1979 Vl.
2574 1953 2645 1963 —
2669 1924 2745 1978 De
2766 1924 2830 1980 iis
2854 1925 3013 1979 etiam
3040 1923 3318 1994 requisivit
3343 1924 3563 1981 dilectio
3586 1934 3685 1991 tua,
3701 1924 3772 1996 qui

2233 2016 2620 2072 interveniente
2640 2017 2884 2087 repudio,
2916 2016 3005 2071 alii
3031 2030 3091 2071 se
3111 2015 3456 2071 matrimonio
3474 2017 3770 2087 copularent,

2214 2094 2366 2177 quos
2390 2109 2442 2162 in
2475 2118 2696 2178 utraque
2728 2117 2875 2176 parte
2892 2107 3166 2163 adulteros
3192 2122 3313 2163 esse
3340 2106 3674 2164 manifestum
3688 2116 3770 2162 est.

2234 2197 2259 2236 ι
2290 2200 2387 2268 Qtti
2430 2216 2561 2256 vero
2586 2200 2673 2255 vel
2703 2216 2868 2255 uxore
2900 2200 3141 2268 vivente,
3188 2199 3433 2270 quamvis
3470 2198 3771 2254 dissociatum

2229 2291 2479 2346 videatur
2504 2306 2624 2348 esse
2657 2293 2811 2364 187
2840 2292 3165 2362 conjugium,
3192 2292 3257 2346 ad
3280 2292 3441 2347 aliam
3464 2292 3691 2362 copulam
3716 2291 3772 2345 lc-

2230 2384 2529 2447 stinarunt,
2561 2399 2665 2439 non
2697 2393 2919 2454 possunt
2951 2384 3181 2439 adulteri
3213 2400 3320 2439 non
3361 2384 3575 2439 videri:
3603 2383 3651 2438 in
3678 2390 3770 2437 Ian-

2214 2468 2343 2531 tum
2375 2487 2432 2529 ut
2463 2472 2484 2514 ι
2516 2480 2676 2531 etiam
2721 2475 2804 2530 ha:
2848 2490 3091 2544 persona:
3129 2475 3325 2545 quibus
3367 2476 3505 2529 tales
3541 2474 3771 2543 conjuncti

2230 2575 2393 2633 sunt,
2435 2568 2596 2624 etiam
2636 2568 2767 2637 ipsa:
2794 2566 3110 2621 adulterium
3141 2566 3477 2621 commisisse
3513 2566 3770 2631 videantur,

2229 2659 2527 2721 secundum
2558 2659 2686 2715 illud
2728 2659 2867 2729 quod
2897 2660 3120 2730 legimus
3152 2659 3203 2713 in
3232 2658 3564 2729 Evangelio:
3596 2657 3683 2723 Qui
3709 2657 3773 2711 di-

2232 2750 2423 2804 miserit
2452 2765 2659 2805 mrem
2687 2765 2856 2817 suam,
2886 2760 2934 2804 et
2960 2751 3166 2806 duxerit
3187 2750 3367 2817 aliam,
3394 2751 3679 2806 machum.
3702 2748 3770 2806 Si-

2215 2835 2417 2894 militer
2442 2850 2489 2896 et
2509 2842 2597 2910 qui
2615 2842 2878 2896 dimissam
2904 2842 3130 2910 duxerit,
3150 2841 3429 2896 navabatur
3460 2842 3662 2911 (quit.
3682 2856 3767 2911 xix,

2230 2933 2308 3005 9).
2344 2934 2409 2989 Et
2448 2935 2783 2997 ideo,omnes
2808 2950 2837 2988 a
2866 2935 3243 2991 communione
3266 2943 3306 2973 ι’
3331 2934 3685 2992 abstinendus.
3712 2933 3770 2989 Ds

2229 3026 2539 3096 parentibus
2565 3036 2745 3082 autem
2767 3071 2781 3096 ,
2821 3036 2914 3081 aut
2946 3026 3258 3098 propinquis
3289 3041 3517 3095 eorum,
3547 3027 3665 3082 nihil
3688 3024 3772 3082 tale

2229 3119 2389 3171 statui
2432 3127 2641 3187 potest,
2680 3119 2783 3176 nisi
2823 3120 3126 3177 incentoses
3154 3119 3325 3177 illiciti
3364 3119 3620 3177 consortii
3636 3119 3770 3175 fuisse

545 3217 794 3281 veniant,
840 3230 957 3269 cum
1003 3226 1219 3269 econtra
1252 3230 1445 3270 uxores
1474 3215 1527 3269 in
1566 3215 1837 3269 consortio
1864 3214 2135 3270 adultero.
2158 3216 2206 3281 ς,
2239 3208 2571 3278 detegantur.

544 3323 662 3362 rum
686 3307 919 3361 virorum
944 3321 1159 3361 manere
1180 3306 1479 3361 videantur.
1502 3306 1672 3376 Super
1695 3305 1797 3360 hoc
1820 3305 2125 3362 Christiana

540 3401 731 3469 religio
762 3399 1080 3455 adulterium
1122 3400 1173 3455 in
1200 3408 1427 3470 utroque
1454 3415 1585 3453 sexu
1620 3400 1731 3469 pari
1770 3399 1974 3454 ratione
2003 3414 2127 3453 con-

546 3492 797 3557 demnat;
828 3493 922 3547 sed
950 3494 1094 3547 viros
1123 3508 1248 3547 suos
1274 3494 1525 3548 mulieres
1554 3493 1620 3547 de
1640 3493 1900 3548 adulterio
1927 3508 2031 3547 nun
2057 3492 2127 3545 fa-

545 3586 648 3640 cile
689 3595 972 3652 accusant,
1006 3593 1060 3639 et
1089 3600 1193 3639 non
1226 3586 1425 3641 habent
1454 3585 1672 3639 latentia
1703 3595 1915 3654 peccata
1948 3583 2128 3638 vindi-

541 3688 701 3733 ctam.
734 3678 844 3733 Viri
893 3689 1069 3733 autem
1121 3693 1311 3732 uxores
1351 3676 1379 3714 h
1421 3691 1547 3731 suas
1589 3677 1808 3731 liberius
1852 3676 2123 3731 adulteras

541 3770 684 3838 apud
723 3768 1028 3824 sacerdotes
1053 3766 1262 3822 deferre
1299 3776 1729 3831 consueverunt;
1770 3775 1825 3821 et
1854 3767 1974 3821 ideo
2013 3782 2122 3819 mu-

675 3971 830 4041 Vulg.
863 3985 983 4025 cum
1019 3969 1138 4023 Vat.
1179 3969 1651 4041 Reginmgknegatq
1697 3968 1979 4041 communio
2018 3978 2121 4036 est,

547 4036 796 4095 cort‘cessa‘
814 4042 1121 4110 paenitentia.
1157 4038 1341 4110 Melius
1362 4038 1450 4090 alii
1474 4036 1647 4110 nostri
1680 4037 1836 4110 codd.

617 4112 643 4150 ι)
674 4106 842 4166 Codd.
888 4111 1005 4165 Vat.
1050 4109 1295 4178 Regium,
1343 4117 1398 4162 et
1437 4108 1572 4161 altus
1606 4122 1729 4161 cum
1769 4106 1927 4163 editis
1965 4110 2119 4164 llont.

548 4182 705 4238 Dion.
724 4224 739 4247 ,
768 4194 896 4246 etc.,
921 4183 1237 4234 abeuntibus.

621 4264 642 4292 ο
675 4255 877 4320 Quesn.
910 4268 1027 4307 cum
1059 4252 1175 4304 aliis
1205 4249 1349 4319 vulg.
1383 4247 1570 4320 inserit
1595 4258 1641 4302 et
1656 4264 1688 4320 ί
1710 4248 1900 4303 melius
1926 4249 2123 4304 delevi-

545 4341 665 4378 ntus
686 4318 805 4378 cum
838 4333 1034 4377 nostris
1062 4322 1217 4377 codd.
1247 4318 1401 4373 thd.
1426 4332 1480 4372 ct
1515 4318 1632 4374 Vat.
1665 4318 1788 4373 Pust
1817 4334 1977 4386 pauca
2006 4323 2122 4372 sub-

544 4397 684 4462 sequi
713 4396 848 4464 apud
874 4394 1073 4459 Quesn.
1098 4408 1219 4447 cum
1246 4390 1476 4461 antiquis
1506 4389 1848 4444 editionibus.
1883 4392 1953 4443 At
1979 4392 2124 4461 sequi

547 4465 743 4518 habent
773 4466 855 4517 alii
887 4465 1043 4518 codd.

616 4534 640 4567 ά
676 4535 793 4590 Vat.
827 4549 927 4588 ms.
958 4548 1078 4588 cum
1106 4532 1238 4588 edit.
1269 4533 1459 4596 Rom.,
1488 4529 1643 4585 Dion.
1676 4540 1729 4585 et
1762 4527 1972 4597 Coust.,
2006 4530 2121 4586 Tri-

544 4604 745 4657 buetur.

620 4683 643 4710 ε
673 4673 761 4728 Sic
791 4673 956 4727 nostri
987 4673 1142 4727 codd.
1174 4687 1293 4727 cum
1327 4672 1446 4726 aliis
1479 4670 1657 4726 editis.
1688 4670 2033 4739 Quesnellus,
2066 4674 2119 4727 in

546 4754 801 4797 extremis.

2303 3304 2429 3359 Car.
2460 3303 2567 3360 Vll.
2594 3335 2663 3381 -_——
2682 3305 2784 3375 Qui
2806 3320 2935 3363 vero
2956 3306 3077 3361 libri
3094 3304 3423 3376 recipiantur
3448 3304 3503 3361 in
3530 3315 3711 3360 canone
3730 3308 3768 3365 ⁸³.

2234 3396 2410 3471 brevis
2439 3410 2677 3452 annexus
2715 3398 2970 3456 ostendit.
3012 3397 3138 3453 Haec
3177 3407 3304 3452 sunt
3342 3412 3463 3464 qua
3506 3396 3769 3452 desiderata

2233 3502 2367 3542 voce
2404 3488 2608 3542 moneri
2640 3488 2870 3544 voluisti.
2903 3488 3031 3545 Mosi
3059 3488 3181 3544 libri
3210 3488 3467 3557 quinque,
3504 3485 3557 3542 id
3593 3494 3667 3540 est
3687 3478 3769 3537 Ge-

2232 3579 2651 3648 nesisnExodi,
2696 3578 2950 3644 Levitici,
2982 3579 3227 3646 Numeri,
3277 3575 3700 3641 Deuterouomii;
3727 3581 3770 3630 et

2236 3680 2260 3708 °
2277 3672 2402 3727 Jesu
2426 3672 2569 3727 Nave
2598 3674 2637 3737 Ι.
2656 3672 2898 3727 iudicum
2924 3672 2967 3742 l,
2997 3672 3299 3743 Regnorum
3326 3671 3448 3727 libri
3473 3666 3769 3743 quatuor,si-

2236 3766 2345 3821 mttl
2374 3777 2426 3822 et
2457 3766 2616 3831 Ruth,
2643 3766 3026 3838 Prophetarum
3056 3764 3179 3822 libri
3201 3764 3341 3832 XVI,
3363 3756 3768 3821 Salomonislill'i

2228 3969 2358 4024 bant
2385 3984 2515 4024 mss.
2548 3968 2707 4025 Vind.
2738 3977 2791 4023 et
2812 3967 2930 4022 Vat.
2962 3965 3209 4037 Reginae,
3241 3965 3466 4023 verbum

2229 4042 2460 4094 rel‘ertur
2480 4040 2545 4093 atl
2572 4041 2815 4105 crimina,
2846 4046 2900 4091 et
2928 4036 3285 4092 coltaarentius
3309 4052 3432 4091 cum
3458 4036 3767 4107 sequentibus

2227 4111 2418 4177 [uerunt
2456 4112 2687 4179 delegata
2708 4125 2728 4163 :
2766 4124 2863 4177 pro
2903 4122 3007 4175 quo
3286 4108 3378 4177 qui
3412 4107 3605 4164 habent
3633 4120 3767 4161 causa

2231 4176 2479 4247 cognitae,
2514 4176 2801 4250 praeferunt
2828 4179 3009 4248 fuerint
3037 4176 3305 4250 delegem.

2299 4250 2325 4289 ¹ι
2356 4248 2553 4318 Questi.
2575 4291 2591 4315 ,
2634 4250 2733 4315 Qui
2772 4267 2922 4318 ergo,
2967 4249 3043 4302 rel
3071 4265 3210 4317 quae,
3241 4250 3378 4315 uiro,
3415 4248 3493 4304 uel
3531 4249 3766 4318 umeri-

2226 4317 2457 4376 vrnte....
2490 4322 2812 4392 conjugium,
2831 4317 3014 4392 tamen
3049 4320 3116 4392 ad
3146 4321 3303 4373 aliam
3334 4320 3567 4389 Copulam

2228 4393 2404 4445 verittt.
2443 4386 2779 4444 Praatitlintus
2804 4390 2925 4446 cod.
2955 4390 3116 4444 Vind.
3141 4430 3156 4456 ,
3185 4405 3305 4444 cum
3334 4386 3444 4462 quo
3471 4386 3605 4460 vulg.
3626 4398 3673 4443 et
3692 4386 3765 4441 alii

2228 4463 2385 4517 codd.
2417 4463 2723 4517 concinnnt.

2306 4530 2323 4569 ι
2360 4532 2679 4587 Particulam
2727 4533 2878 4585 etiam
2921 4530 3214 4597 adiecimus
3257 4546 3381 4587 cum
3432 4546 3562 4586 mss.
3600 4528 3761 4595 Vind.,

2166 4614 2171 4615 ί
2228 4601 2350 4673 Vat.
2383 4602 2641 4673 Reginae,
2662 4602 2887 4672 aliisque
2916 4603 3087 4673 vulg.;
3119 4611 3175 4656 et
3202 4618 3326 4655 mox
3351 4617 3473 4655 cum
3495 4602 3667 4657 iisdem
3690 4614 3763 4653 co-

2228 4671 2435 4727 dicibn~
2475 4685 2527 4726 et
2561 4672 2769 4728 Lablieu
2804 4671 3158 4728 cohzerentius
3191 4687 3311 4725 cum
3344 4674 3570 4727 lectione
3594 4683 3761 4742 prace-

2228 4742 2653 4826 denti‘eonjatnfti
2674 4756 2770 4826 pro
2793 4747 3077 4826 cgnjuttcue
3106 4742 3528 4826 etnettdavitnus:

620 4812 640 4850 τ
670 4813 894 4879 Quesn.,
927 4812 1199 4881 pertulere,
1231 4813 1300 4865 ob
1327 4813 1588 4866 incautam
1612 4811 1892 4865 lectionem
1924 4813 2121 4868 abhre-
2148 4806 2203 4867 D
2298 4816 2443 4868 nSic
2464 4806 2644 4877 Vind..
2674 4806 2789 4867 Vat.
2816 4806 3051 4881 Reginae,
3075 4830 3138 4866 ac
3156 4827 3248 4866 sex
3270 4813 3359 4867 alit
3382 4813 3539 4867 codd.
3559 4810 3758 4881 aCotll.

542 4884 809 4945 riationis,
846 4898 1119 4950 perperam
1151 4900 1163 4935 :
1201 4898 1320 4936 nam
1349 4884 1414 4936 de
1443 4881 1935 4951 administrantibus
1961 4885 2119 4951 justi-

541 4956 669 5009 tiam
713 4955 796 5006 ltic
826 4967 1005 5007 sermo
1031 4964 1133 5007 est.
1168 4953 1293 5006 Post
1328 4950 1575 5005 nonnulla
1604 4952 1940 5021 Quesncllus,
1968 4950 2118 5021 Quo-

540 5026 692 5077 modo
721 5024 896 5093 igitur.
930 5023 1154 5077 Nostros
1185 5023 1396 5093 codices
1418 5023 1584 5077 secuti
1607 5039 1808 5077 sumus.

614 5104 640 5141 lt
668 5092 959 5167 Siccodd.’
984 5092 1167 5167 Vind.,
1197 5093 1309 5167 Vat.
1347 5092 1585 5164 Reginae,
1616 5101 1671 5148 et
1698 5095 1865 5165 vulg.,
1893 5107 2116 5167 excepto

538 5164 851 5233 Quesnello,
875 5166 962 5233 qui
996 5165 1194 5218 omittit
1220 5165 1310 5217 ita.

610 5231 641 5272 ¹¹
670 5234 823 5303 Vulg.
856 5231 1037 5289 delent
1065 5251 1203 5291 suas.
1234 5234 1369 5291 Cod.
1393 5233 1579 5302 Vind.,
1606 5250 1726 5288 suas
1744 5233 2109 5305 adulterantes,

538 5313 597 5360 et
625 5306 765 5359 delet
794 5305 1021 5359 liberius.

618 5374 635 5414 ί
662 5375 753 5430 Sic
774 5378 940 5430 nostri
963 5375 1121 5430 codd.
1144 5388 1263 5429 cum
1292 5376 1435 5442 vulg.
1463 5374 1803 5443 Quesnellutt,
1826 5374 2114 5443 quisquam.

614 5444 631 5496 l
670 5448 891 5513 Quern.,
922 5446 1035 5500 illa.
1065 5446 1254 5501 Melius
1279 5446 1438 5501 codd.
1478 5445 1630 5498 Vind.
1664 5456 1715 5497 et
1751 5442 1865 5497 Vat.
1899 5444 2115 5515 Regium

539 5529 662 5569 cum
693 5519 903 5586 caeteris
924 5518 1100 5570 editis.
1138 5517 1260 5571 Mox
1286 5532 1454 5569 causae
1476 5516 1689 5586 cognita:
1717 5515 2031 5569 vindicentur
2060 5519 2115 5571 in

540 5598 643 5637 ms.
678 5584 847 5639 Oxon.
877 5602 939 5640 ac
976 5588 1211 5647 pluribus
1239 5588 1357 5641 aliis
1392 5584 1551 5640 coddI
1578 5599 1698 5639 cum
1732 5586 1961 5653 antiquus
1999 5587 2114 5640 edi-

541 5653 905 5727 t_ionibns._lta
937 5658 1092 5711 etiam
1138 5656 1421 5727 Dianysius
1449 5657 1705 5722 vulgatus.
1741 5657 1805 5709 At
1846 5659 2115 5724 exemplar

542 5721 764 5801 Regium
794 5723 943 5801 Dion.
975 5743 1095 5801 cu_tn
1133 5743 1261 5782 mss.
1274 5721 1446 5784 'uolb.
1478 5721 1818 5801 etLucensi,
1846 5721 2114 5780 causa'co-

540 5792 684 5847 unita
710 5792 1001 5849 vindicetur.
1038 5797 1093 5851 In
1131 5807 1308 5854 nostra
1347 5812 1474 5853 vero
1503 5798 1762 5861 lectione,
1794 5810 1950 5866 quam
1991 5811 2115 5867 pros

2224 4883 2420 4937 laudati
2449 4901 2567 4939 cuttt
2592 4883 2798 4938 caelatis
2824 4880 2964 4953 vulg.
3000 4883 3317 4949 Quesnellus
3343 4893 3399 4938 et
3423 4883 3545 4941 cod.
3567 4882 3625 4940 ab
3644 4880 3759 4939 Ηιῐε

2222 4954 2383 5009 duino
2405 4957 2680 5026 allegatus,
2708 4954 2937 5026 fidelium
2959 4954 3265 5026 abstinendi.

2290 5034 2316 5060 ⁸³
2349 5018 2682 5079 υἰοη.ἐι(1(111
2709 5018 3117 5092 Scripturarum.
3163 5024 3284 5079 lsid.
3324 5038 3448 5080 cum
3475 5024 3609 5091 vulg.
3642 5018 3762 5077 Coa-

2217 5095 2335 5159 cil.,
2367 5106 2655 5150 sanctarum
2686 5094 3091 5161 Scripturarum.
3123 5097 3242 5149 Mox
3266 5094 3494 5165 θηρία,
3523 5094 3640 5151 Hac
3661 5099 3759 5165 sit!

2216 5182 2356 5236 ergo.
2412 5167 2709 5221 Delevimus
2729 5180 2848 5235 ergo
2882 5179 3001 5220 cutn
3026 5165 3183 5221 codd.
3220 5162 3401 5235 γωδ..
3439 5162 3554 5223 Vat.
3579 5162 3759 5233 Mill

2221 5244 2276 5290 et
2300 5237 2484 5291 Coust.
2516 5238 2766 5291 editione.

2226 5324 2229 5329 λ
2297 5315 2320 5341 ο
2354 5307 2426 5361 Ex
2457 5308 2559 5361 lide
2580 5306 2900 5375 optimorum
2920 5305 3082 5361 codd.
3110 5304 3333 5362 Vindeb.
3360 5317 3416 5363 et
3439 5307 3553 5361 Vat.
3576 5304 3763 5371 κατι-ι

2224 5376 2523 5431 addidimus
2565 5391 2817 5432 numeros
2850 5377 2869 5429 1
2908 5376 3055 5430 Ιὶιιτιε
3093 5376 3219 5430 Jesu
3256 5378 3400 5432 Nave
3436 5389 3490 5432 et
3522 5375 3755 5431 λυαίου.

2221 5446 2464 5502 Concinit
2490 5464 2587 5501 ms.
2627 5446 3057 5521 Vat.,‘qui_etiam
3082 5447 3242 5521 habet
3266 5446 3404 5521 Ruth
3424 5447 3477 5521 Ιἶ
3507 5448 3576 5501 Es

2224 5528 2435 5589 mss,_e_t
2467 5508 2919 5589 caeterisvttlgatis
2951 5519 3281 5589 correximus
3316 5517 3667 5589 Propitith
3689 5508 3755 5589 li-

2225 5588 2300 5640 bri
2326 5587 2484 5651 XVI,
2518 5603 2615 5657 pro
2644 5587 2688 5641 Χ
2705 5586 2838 5646 γη.
2870 5590 2939 5639 nti
2970 5588 3283 5655 praeferebat
3307 5582 3567 5657 Quefsuelli
3594 5582 3749 5657 editio.

2226 5658 2453 5713 Ecnntra
2486 5652 2573 5711 ubi
2604 5657 2921 5726 ansnellus
2953 5652 3072 5711 dein
3112 5652 3501 5726 scripsi‘ludae
3528 5656 3573 5722 Ι,
3600 5665 3641 5708 et
3672 5652 3753 5703 Je-

2221 5730 2333 5802 eobi
2358 5727 2407 5798 1,
2432 5730 2761 5802 cumiisdem
2791 5738 3002 5802 mss.Aet
3028 5730 3164 5802 vulg.
3195 5730 3488 5802 delevintus
3507 5735 3749 5783 numerum

2221 5794 2465 5866 unitatis;
2488 5800 2575 5868 qui
2606 5800 2668 5855 ex
2700 5800 2831 5854 voce
2854 5799 3078 5870 epistola
3100 5794 3435 5871 intelligitur.
