3992 6348
615 395 723 455 5M

1572 393 1915 453 APPENDIX
1953 396 2045 453 AD
2082 397 2141 454 S.
2183 396 2431 455 “.0le
2469 398 2685 457 MAGNI
2724 390 2978 456 OPERA.

3324 336 3387 359 με
3486 324 3590 341 ν·⁴’

3742 409 3825 473 519

617 512 906 581 randisque
935 510 1240 582 baptizant;
1269 521 1369 563 nec
1393 507 1535 577 apud
1565 506 1698 564 istos
1731 508 1801 566 de
1825 510 2034 567 unitate
2065 520 2215 581 pote-
2240 516 2295 576 Δ
2320 528 2351 568 a
2379 513 2594 567 Bonoso
2636 511 2933 567 conﬁderet
2970 510 3297 580 ordinatum,
3330 513 3374 569 si
3418 528 3516 570 non
3561 530 3827 585 saan

615 605 770 662 statis
798 603 1010 669 divinze,
1040 603 1143 659 hoc
1166 611 1251 659 est
1281 601 1475 669 Patris,
1502 613 1555 658 et
1580 601 1725 671 Filii,
1753 612 1808 660 et
1833 604 2067 675 Spiritus
2095 621 2221 662 san-

616 699 707 763 cti,
732 696 1021 767 aliquando
1043 695 1272 766 quaestio
1297 705 1567 752 commota
1591 706 1695 751 est.
1714 696 1784 751 Et
1804 696 1946 766 ideo,
1968 700 2219 757 omnibus

620 789 933 858 segregans,
974 788 1092 843 haec
1130 790 1245 842 sola
1288 788 1462 843 electa
1490 796 1595 856 est,
1621 792 1708 845 cul
1751 789 1892 845 istud
1934 791 2220 848 crederent

619 883 1050 948 concedendum,
1074 883 1198 954 quia
1230 883 1363 938 nihil
1398 884 1453 938 in
1484 882 1683 951 Patris,
1705 893 1761 939 et
1788 884 1937 952 Filii,
1966 896 2023 942 et
2046 887 2219 957 Spiri-

621 985 709 1031 tus
732 976 900 1031 sancti
933 983 1273 1032 sacramento
1303 984 1609 1045 peccarent.
1641 976 1696 1032 Si
1725 976 1845 1046 quis
1873 994 2001 1034 vero
2029 979 2097 1035 de
2121 994 2215 1035 ca-

619 1068 814 1124 tholica
844 1070 911 1124 ad
939 1069 1187 1126 haeresim
1218 1069 1503 1136 transiens,
1533 1078 1626 1124 aut
1650 1069 1821 1125 tidelis
1852 1080 1879 1109 ι
1909 1072 1975 1127 ad
1998 1085 2215 1143 aposta-

616 1160 752 1215 siam
793 1176 1065 1226 reversus,
1108 1160 1431 1231 resipiscens
1466 1161 1649 1217 redire
1688 1163 1937 1231 voluerit,
1977 1166 2215 1235 nunquid

614 1252 803 1309 eadem
845 1257 1053 1310 ratione
1100 1256 1295 1324 poterit
1331 1254 1398 1309 ad
1440 1254 1647 1310 clerum
1691 1254 1721 1295 δ
1761 1258 2019 1327 permitti,
2062 1260 2214 1329 cujus

616 1348 961 1402 commissum
981 1363 1086 1402 non
1112 1350 1212 1403 nisi
1241 1350 1394 1419 longa
1424 1350 1740 1419 paenitentia
1763 1352 2213 1420 poteritaboleri?

611 1440 720 1497 Nec
752 1451 869 1511 post
900 1443 1271 1511 pmoitentiam
1296 1444 1547 1497 clericum
1579 1443 1691 1499 lleri
1718 1444 1820 1513 ipsi
1848 1459 2082 1500 canones
2112 1461 2211 1501 sua

612 1533 935 1587 auctoritate
964 1534 1301 1602 permittunt.
1337 1533 1485 1588 Unde
1506 1543 1718 1589 constat
1737 1534 1829 1604 qui
1859 1535 1925 1590 de
1951 1535 2213 1591 catholica

614 1623 683 1678 ad
716 1624 981 1679 Bonosum
1010 1626 1270 1679 transiere
1297 1628 1630 1691 damnatum,
1656 1636 1817 1697 atque
1838 1642 1896 1681 se
1926 1628 2066 1694 passi
2088 1636 2212 1683 sunt

616 1715 704 1771 vel
734 1717 1021 1785 cupierunt
1040 1716 1109 1771 ab
1137 1716 1328 1771 eodem
1356 1718 1618 1782 ordinari,
1649 1733 1757 1771 non
1793 1720 2092 1784 oportuisse
2123 1734 2211 1775 ec-

609 1806 930 1861 clesiastica:
990 1807 1345 1863 ordinationis
1396 1809 1671 1877 suscipere
1723 1800 2085 1879 dignitatem,
2118 1809 2210 1876 qui

606 1912 893 1954 commune
913 1901 1151 1954 omnium
1183 1900 1547 1955 Ecclesiarum
1577 1900 1834 1970 judicium
1866 1901 2202 1970 deserentes,

615 1993 770 2063 195
792 2007 941 2045 suam
966 1991 1306 2060 peculiariter
1328 1991 1385 2046 in
1408 1993 1624 2049 Bonoso
1658 1994 1949 2049 vanitatem
1972 2007 2202 2064 sequen-

605 2082 729 2137 dam
756 2097 876 2138 esse
896 2068 1183 2138 duxerunt.
2180 2132 2187 2141 .

677 2173 782 2228 Sed
812 2174 1007 2228 multos
1036 2183 1248 2229 constat
1292 2174 1397 2228 vim
1431 2188 1641 2244 passos,
1682 2184 1843 2245 atque
1880 2174 2076 2230 invitos
2114 2186 2200 2230 at-

604 2275 833 2332 tractos,
884 2278 1351 2337 repugnantesque
1381 2267 1449 2321 ab
1488 2268 1678 2323 eodem
1710 2268 2007 2322 ordinatos.
2050 2268 2201 2323 Dicat

600 2359 756 2424 mihi,
790 2358 933 2426 volo,
964 2360 1206 2429 quisquis
1235 2360 1285 2415 id
1314 2360 1507 2426 credit,
1532 2360 1577 2414 si
1610 2375 1719 2414 non
1750 2371 1867 2429 post
1908 2361 2199 2415 ordinatio-

598 2466 723 2506 nem
757 2461 777 2489 ε
814 2451 1008 2507 Bonosi
1041 2452 1303 2520 interluit,
1332 2468 1457 2507 cum
1496 2453 1791 2508 conﬁceret
1832 2464 2197 2520 sacramenta;

597 2543 644 2596 si
685 2544 1050 2598 communioni
1090 2543 1206 2613 ejus
1251 2544 1606 2613 participatus
1640 2559 1748 2599 non
1780 2552 1890 2610 est;
1930 2545 1974 2599 si
2016 2546 2195 2601 statim

598 2636 881 2692 discedens
902 2638 970 2692 de
998 2638 1116 2706 ejus
1144 2638 1380 2707 pessimo
1410 2638 1767 2693 conciliabqu
1801 2636 1866 2691 ad
1898 2638 2195 2693 Eeclesiam

595 2728 754 2784 rediit
780 2747 792 2784 :
827 2730 929 2785 iste
956 2729 1079 2784 talis
1107 2726 1135 2766 ἀ
1170 2730 1439 2785 invenitur
1480 2731 1680 2793 habere
1710 2732 2072 2786 excusationis
2101 2732 2195 2813 a'li-

594 2836 752 2891 quem
784 2823 1043 2877 colorem.
1078 2820 1391 2876 eCaeterum
1451 2823 1541 2892 qui
1584 2823 1665 2877 vel
1695 2834 1816 2891 post
1858 2836 2055 2877 annum
2112 2825 2193 2879 vel

598 2927 815 2968 menses
844 2914 909 2966 ad
942 2913 1236 2969 Ecclesiam
1260 2910 1555 2978 redierunt,
1583 2914 1893 2983 intelligitur
1920 2929 2034 2979 eos,
2068 2916 2191 2984 quia

592 3002 649 3057 in
679 3006 941 3061 catholica
989 3016 1249 3062 noverant
1275 3024 1334 3061 se
1363 3017 1581 3077 pr0pter
1607 3009 1729 3062 vitia
1761 3023 1854 3063 sua
1896 3025 2003 3063 non
2035 3024 2191 3078 pOSse

593 3098 871 3167 suscipere
901 3098 1320 3165 ordinationem,
1352 3100 1552 3155 idcirco
1582 3100 1648 3155 ad
1679 3100 1825 3154 illum
1861 3103 2183 3171 perrexisse,

592 3193 683 3258 qui
715 3190 913 3259 possint
948 3200 1004 3245 et
1028 3192 1147 3247 sine
1184 3192 1289 3246 ulla
1328 3192 1662 3247 discussione
1690 3192 2054 3247 ordinationes
2084 3193 2187 3247 illi-

2322 605 2573 671 contecit,
2616 604 2661 660 si
2706 619 2811 659 non
2853 602 3109 675 populis'
3153 605 3439 674 distribuit,
3478 610 3520 664 si
3559 625 3649 665 non
3684 615 3828 673 missas

2317 698 2613 754 secundum
2645 698 3087 753 consuetudinem
3118 701 3421 771 complevit,
3444 703 3562 773 quid
3581 704 3639 761 de
3657 706 3722 763 his
3736 723 3827 766 ees-

2305 778 2505 860 .seatis,
2528 806 2733 861 quzeso,
2765 790 3025 862 promatis
3052 793 3306 860 apertius.
3338 794 3415 849 Ad
3460 810 3689 853 summam
3720 812 3826 861 certe

2317 884 2407 953 qui
2438 883 2571 937 nihil
2590 899 2619 937 a
2649 883 2860 938 Bonoso
2886 895 3234 953 acceperunt,
3265 884 3340 940 rei
3381 897 3502 941 sunt
3531 902 3753 959 usurpata
3767 894 3824 950 di-

2309 964 2555 1045 gnitatis,
2578 974 2668 1045 qui
2698 974 3153 1030 conticiendorum
3179 990 3617 1035 sacramentorum
3642 983 3724 1037 sibi
3740 987 3822 1042 vin-

2317 1067 2663 1131 dicaverunt,
2711 1074 2736 1113 ε
2773 1076 2865 1121 aut
2908 1082 3015 1121 non
3062 1068 3465 1125 vindicaverunt
3507 1074 3821 1147 auctoritatem,

2317 1168 2475 1227 atque
2514 1157 2564 1212 id
2604 1172 2663 1212 se
2715 1167 3035 1226 putaverunt
3077 1174 3218 1227 esse,
3248 1162 3387 1230 quod
3420 1162 3497 1216 eis
3535 1165 3661 1218 nulla
3699 1165 3823 1223 fuerat

2304 1236 2544 1321 regulari
2590 1250 2797 1305 ratione
2825 1266 3162 1307 concessum.
3199 1253 3478 1309 Pervideat
3514 1270 3629 1326 ergo
3660 1258 3819 1314 dilectio

2316 1354 2494 1399 vestra
2543 1341 2801 1398 hactenus
2834 1344 2955 1399 talia
3009 1345 3166 1416 196
3209 1347 3492 1412 transisse;
3523 1358 3571 1401 et
3605 1349 3819 1415 adiertite,

2315 1439 2455 1507 quod
2503 1438 2708 1507 utique,
2747 1436 2777 1475 ιι
2828 1446 2885 1493 ιιι
2939 1439 3134 1510 dicitis,
3171 1444 3465 1497 necessitas
3499 1443 3753 1512 imperarit,
3784 1447 3819 1500 in

2317 1546 2446 1601 pace
2472 1532 2581 1600 jam
2603 1533 2921 1587 constitutas
2944 1532 3213 1589 Ecclesias
3234 1548 3341 1588 non
3365 1548 3518 1602 posse
3540 1550 3816 1604 przesumvre;

2315 1621 2431 1687 sed,
2466 1632 2521 1676 ut
2561 1637 2705 1692 saepe
2736 1622 2952 1689 accidit,
2989 1623 3197 1693 quoties
3235 1640 3263 1677 a
3313 1625 3517 1695 populis
3544 1636 3625 1680 aut
3654 1642 3678 1680 a
3711 1629 3817 1682 turba

2315 1724 2586 1782 peccatur,
2618 1714 2837 1783 quiain
2879 1729 3065 1768 omnes
3106 1724 3324 1784 propter
3364 1715 3718 1771 multitudinem
3745 1735 3816 1773 non

2316 1816 2487 1873 potest
2536 1806 2814 1871 vindicari,
2856 1807 3083 1861 inultum
3135 1805 3150 1843 ί
3201 1808 3379 1863 solere
3419 1810 3646 1863 transire.
3685 1809 3818 1865 Priora

2234 1900 2282 1962 B
2309 1914 2437 1967 ergo
2462 1899 2778 1953 dimittenda
2804 1899 2923 1953 dico
2957 1898 3049 1955 Dei
3072 1898 3297 1967 judicio,
3322 1910 3376 1955 et
3402 1901 3467 1956 de
3497 1902 3676 1972 reliquo
3698 1902 3817 1957 maxi-

2308 2005 2393 2044 ma
2424 1990 2791 2045 sollicitudine
2814 1990 3247 2060 praecavendum.
3503 2056 3514 2064 _
3772 1978 3783 1987 ’

2306 2074 2307 2077 “
2378 2080 2504 2135 CAP.
2531 2080 2619 2135 IV.
2645 2111 2713 2120 —
2737 2080 2954 2135 Veniam
2980 2096 3119 2135 nunc
3144 2082 3210 2135 ad
3236 2082 3529 2137 maximum
3546 2083 3674 2153 quasi
3692 2082 3815 2153 quod-

2306 2174 2426 2227 dam
2460 2175 2634 2226 tliema
2665 2172 2978 2238 Photinum;
3015 2180 3089 2239 et,
3121 2174 3261 2243 quod
3294 2175 3423 2227 mibi
3454 2176 3653 2228 anxium
3684 2184 3745 2227 est
3771 2189 3813 2228 ac

2302 2263 2699 2328 dilftcilliinum,
2723 2261 2737 2312 ἓ
2771 2262 3033 2332 majorum
3062 2265 3333 2319 revolvam
3362 2266 3655 2323 sententias.
3676 2264 3813 2322 Fuerat

2303 2357 2369 2411 de
2401 2358 2493 2411 illo
2522 2372 2734 2427 quoquo
2769 2364 2943 2424 pacto,
2983 2366 3039 2411 ut
3084 2358 3245 2412 etiam
3284 2358 3386 2428 ipsi
3425 2359 3810 2423 commeministis,

2302 2448 2501 2518 aliquid
2532 2449 2712 2517 utique
2742 2448 2956 2518 gravius
2982 2452 3355 2504 constitutum.
3387 2448 3415 2488 κ
3444 2450 3624 2506 Verum
3655 2450 3747 2521 quia
3778 2450 3811 2504 id

2302 2556 2397 2611 per
2438 2555 2709 2595 rumorem
2757 2538 2967 2610 falsum,
3007 2548 3064 2594 ut
3102 2543 3367 2608 asseritis,
3414 2543 3692 2614 subreptum
3726 2542 3811 2596 huic

2299 2632 2435 2699 sedi,
2460 2641 2516 2686 et
2554 2632 2790 2687 elicitum
2822 2647 2917 2701 per
2955 2632 3170 2687 insidias
3201 2634 3605 2689 demonstratis:
3630 2634 3726 2705 quia
3752 2646 3810 2687 res

2298 2726 2365 2781 ad
2388 2726 2614 2781 salutem
2630 2726 2811 2789 rediit,
2834 2723 2847 2760 ¹
2875 2732 2931 2780 et
2958 2726 3042 2781 vel
3072 2728 3281 2781 veniam
3318 2743 3419 2783 nos
3447 2729 3575 2783 hanc
3597 2729 3641 2783 in
3657 2738 3807 2781 tantum

2299 2818 2450 2873 vobis
2472 2819 2836 2874 annitentibus
2864 2828 2985 2888 post
3007 2820 3512 2876 condemnationem
3532 2830 3569 2857 ιιι
3588 2835 3709 2875 more
3724 2832 3807 2887 apo-

2294 2910 2484 2966 stolico
2526 2911 2909 2981 subrogamus;
2941 2911 3208 2981 tantisque
3232 2912 3434 2968 vestris
3472 2911 3804 2972 assertionibus.

2294 3004 2444 3058 vobis
2468 3014 2572 3057 tam
2604 3003 2755 3056 bonis
2782 3014 2993 3072 tamque
3022 3003 3200 3057 charis
3235 3017 3346 3057 non
3374 3003 3500 3058 dare
3528 3015 3803 3063 consensum,

2290 3095 2538 3148 erunibus
2576 3095 2725 3149 duris
2769 3097 2930 3149 rebus
2960 3095 3148 3150 durius
3179 3094 3525 3152 arbitramur.
3568 3097 3658 3150 Pro
3682 3103 3805 3147 vestra

2289 3204 2420 3259 ergo
2444 3188 2851 3257 approbatione,
2873 3188 3064 3244 fratres
3090 3189 3424 3257 cbarissimi,
3447 3198 3501 3245 et
3528 3188 3745 3244 sententia
3762 3198 3803 3239 ac

590 3280 724 3333 citas
748 3279 1004 3345 iaciebat;
1027 3282 1313 3337 credentes
1334 3298 1393 3338 se
1412 3298 1566 3352 posse
1594 3299 1687 3353 per
1711 3284 1862 3337 istam
1889 3284 2180 3337 institutio-
2208 3278 2257 3342 C
2291 3280 2647 3351 postulatione
2662 3280 2971 3350 episcopum
2997 3281 3279 3335 Photinum
3306 3283 3554 3337 habetote
3579 3282 3741 3335 licitum
3755 3279 3803 3330 ita

588 3384 712 3426 nem
745 3373 797 3427 in
823 3373 1083 3428 catholica
1107 3374 1350 3430 invenire
1373 3375 1569 3441 locum,
1599 3376 1666 3429 de
1686 3391 1791 3445 quo
1812 3388 1965 3429 antea
1988 3375 2180 3445 despe-

587 3471 793 3519 rarant.
822 3464 973 3522 Nunc
998 3467 1149 3533 illud,
1168 3467 1310 3537 quod
1329 3478 1599 3538 superest,
1624 3468 1895 3537 interrogo
1912 3484 1926 3521 :
1946 3470 2034 3541 qui
2061 3476 2179 3536 post

586 3572 850 3632 mensem,
877 3572 968 3617 aut
996 3576 1064 3619 eo
1091 3563 1320 3633 amplius
1346 3562 1525 3629 rediit,
1555 3578 1676 3617 cum
1704 3578 1762 3619 se
1804 3563 2175 3633 presbyterum

655 3754 681 3783 ι
709 3746 893 3810 Dion.,
921 3746 987 3798 ad
1007 3747 1318 3815 apostasiam
1348 3752 1637 3798 revertens:
1660 3742 1801 3811 quod
1824 3741 2173 3797 emendatum

589 3826 671 3872 est
699 3818 753 3870 in
789 3816 909 3869 Isid.
934 3823 989 3869 et
1011 3815 1157 3885 vulg.
1188 3815 1419 3883 Conci|.,
1451 3817 1512 3868 ab
1542 3814 1800 3884 apostasia
1834 3822 2082 3866 revertens
2126 3820 2173 3865 et

578 3902 904 4035 "‘i’iiiéé'i:
946 3971 1067 4010 cum
1107 3955 1516 4035 vu_lg,__Concil.,
1563 3955 1781 4011 admitti.
1830 3954 1959 4009 Dein
1990 3952 2165 4035 .Vind.

582 4039 703 4080 cum
736 4028 887 4080 Dion.
914 4036 970 4081 et
990 4027 1369 4082 vetustioribus
1400 4042 1554 4090 mss.,
1580 4042 1795 4094 quorum
1819 4027 2166 4079 commissum.

579 4095 713 4178 Tum
746 4097 946 4178 Qttesn.
981 4112 1099 4178 cum
1135 4100 1252 4178 solo
1285 4098 1488 4178 ριοη.ι
1526 4106 1637 4178 post
1680 4096 1885 4178 longam
1921 4097 2167 4178 paeniten-

579 4167 726 4223 tiam.
762 4167 918 4222 Vind.
943 4177 997 4222 et
1022 4168 1141 4221 Vat.
1170 4167 1411 4237 Reginae,
1435 4167 1658 4234 abolere,
1685 4167 2012 4222 nominativo
2037 4180 2165 4222 casu

576 4248 792 4308 accepta
816 4237 972 4309 longa
1002 4242 1321 4309 pauitantia.

610 4356 611 4359 η
650 4321 671 4348 ε
694 4306 851 4365 Solus
871 4306 1099 4376 Q'nesn.,
1129 4308 1357 4366 Bonoso.
1398 4310 1524 4365 Pnst
1562 4323 1723 4376 pauca
1757 4308 1808 4362 in
1841 4322 1971 4362 mss.
2004 4306 2161 4363 Vind.

572 4389 628 4436 et
657 4380 771 4450 Vat.
800 4381 1035 4450 Reginae,
1057 4396 1176 4435 cum
1206 4381 1383 4447 Dion.,
1415 4382 1459 4435 si
1483 4381 1654 4433 statim
1685 4379 2074 4450 discedentibus.

646 4448 671 4487 ἀ
697 4453 769 4505 lia
793 4448 958 4507 nostri
985 4452 1383 4520 pra-stantiores
1397 4451 1553 4507 codd.
1578 4450 1758 4513 Vind.,
1778 4449 1895 4503 Vat.
1920 4450 2157 4518 Reginae,

2290 3380 2646 3436 constituere,
2674 3382 2729 3425 ut
2754 3372 3135 3441 deprecamiui.
3170 3373 3424 3428 Nostram
3453 3390 3573 3443 ergo
3598 3374 3641 3425 in
3662 3369 3803 3425 melius

2286 3479 2601 3518 conversam
2641 3464 2961 3519 sententiam
3004 3464 3184 3521 labore
3217 3466 3298 3521 vel
3352 3466 3640 3522 testimonio
3673 3472 3804 3518 vestro

2285 3564 2564 3625 compotes
2593 3557 2700 3609 voti
2737 3558 3014 3628 suscipite,
3044 3566 3203 3628 atque
3240 3566 3267 3593 ιι
3323 3556 3651 3613 Eustachium
3687 3570 3711 3608 a
3742 3566 3802 3607 me

2280 3740 2470 3794 dorum
2503 3744 2956 3792 sacramentorum
2985 3733 3387 3798 auctoritatem,
3414 3744 3661 3804 usurpatae
3677 3728 3799 3804 digni-

2280 3812 2403 3865 tatis
2433 3824 2555 3863 reos
2584 3823 2726 3875 esse,
2755 3808 2951 3876 quippe
2972 3805 3059 3876 qui
3098 3805 3227 3858 nihil
3254 3803 3560 3875 acceperint
3589 3803 3799 3875 regularis,

2276 3896 2369 3936 seu
2403 3882 2650 3952 legitimae
2678 3875 2977 3946 potestatis.
3013 3875 3145 3952 Hinc
3175 3891 3278 3929 vox
3306 3879 3551 3952 regulari,
3591 3892 3616 3929 a
3646 3876 3798 3952 Quesii.

2275 3952 2328 4006 in
2374 3942 2720 4021 sequentibus
2767 3952 2966 4023 omissa
3012 3942 3797 4023 (observanteiP._Coustan_tio),

2274 4014 2575 4078 necessaria
2599 4034 2703 4084 esu,
2735 4022 2805 4073 uti
2830 4028 3003 4074 exstat
3024 4014 3074 4071 in
3096 4018 3348 4072 omnibus
3375 4019 3523 4073 libris
3542 4032 3646 4071 cum
3665 4014 3797 4078 editis,

2275 4101 2384 4146 tum
2414 4109 2567 4157 mss.,
2602 4090 2699 4145 nisi
2731 4090 2872 4160 quod
2908 4093 2957 4143 in
2985 4102 3114 4142 mss.
3147 4088 3303 4155 hujus
3337 4088 3656 4143 collectionis
3686 4098 3797 4139 nien-

2272 4164 2405 4219 dose
2428 4165 2652 4217 habetur
2674 4161 2966 4223 relaxandi,
2984 4162 3062 4214 vel
3089 4160 3351 4213 relaxari:
3375 4160 3513 4229 quod
3536 4166 3797 4229 postremum

2272 4238 2449 4304 prima
2474 4250 2633 4289 manu
2656 4236 2913 4298 scriptum
2945 4234 2993 4284 in
3021 4231 3142 4284 cod.
3171 4229 3334 4304 Vind.
3357 4225 3585 4286 secunda
3604 4225 3796 4284 emenda-

2272 4302 2381 4378 tum
2414 4316 2516 4378 est,
2551 4304 2960 4378 etsubstitutum
2990 4302 3275 4378 regulari.“
3338 4370 3353 4378 _
3495 4370 3528 4378 Μ
3631 4369 3660 4378 _
3724 4368 3733 4378 θ

2340 4373 2366 4411 δ
2408 4369 2579 4431 Oxon.
2624 4390 2721 4428 ms.
2758 4374 2898 4427 delet
2923 4383 2975 4425 ut
2999 4369 3188 4425 dicitis.
3215 4370 3377 4426 Vind.
3410 4380 3464 4427 et
3495 4370 3601 4425 Vat.
3630 4369 3795 4438 Regina:

2266 4448 2522 4501 omittunt
2563 4448 2753 4513 utique.
2792 4446 2918 4500 Dein
2963 4460 3063 4496 non
3092 4457 3423 4513 praesumere,
3461 4443 3646 4497 omisso
3670 4441 3793 4513 verbo

574 4520 735 4617 garb.
753 4530 807 4617 et
826 4523 962 4617 alius
985 4510 1105 4617 Vat.
1131 4522 1450 4617 Quosnellus
1468 4534 1522 4577 et
1536 4510 1814 4604 Constant.
1839 4535 1960 4575 cum
1976 4510 2155 4587 Dion.,
2183 4556 2238 4617 Β
2266 4534 2432 4586 Ροδδεν
2469 4510 2834 4617 Ιθιςίιυέβιρυύι
2860 4510 3793 4617 (ﬁalis-En.Ealkﬁdleﬁgo’:°"nﬂﬁ

571 4597 737 4665 potest
764 4592 946 4645 habere
972 4594 1194 4646 colorem
1209 4597 1431 4665 aliquem
1459 4594 1819 4647 excusationis.

650 4673 671 4697 '
698 4662 923 4728 Quesn.,
948 4666 1036 4731 qui
1058 4666 1133 4716 vel
1163 4674 1272 4732 post
1294 4662 1485 4717 annum
1516 4673 1605 4716 aut
1640 4678 1857 4716 mensem
1877 4662 1945 4715 ad
1977 4662 2155 4717 Eccle-

568 4732 699 4803 sium
720 4733 999 4801 redierunt,
1032 4735 1360 4803 intelligimus
1383 4750 1467 4788 eos
1495 4735 1583 4800 qui
1608 4751 1642 4787 a
1671 4733 1960 4797 catholica;
1991 4744 2045 4787 et
2068 4732 2149 4787 iii-

567 4800 669 4866 lra,
698 4819 787 4870 per
813 4806 963 4855 istam
988 4800 1355 4858 institutionem
1384 4806 1550 4860 locum
1571 4806 1622 4859 in
1652 4804 1879 4859 Ecclesia
1900 4806 2154 4858 catholica

566 4875 811 4943 reperire.
850 4873 1003 4927 Vind.
1037 4889 1135 4929 ins.
1165 4875 1343 4943 lectio,
1380 4875 1499 4928 aliis
1537 4890 1664 4929 mss.
1696 4875 2009 4929 contirmzita
2042 4884 2096 4929 et
2121 4890 2150 4928 a

563 4937 750 5014 Gottst.
772 4953 1005 5014 recepta,
1036 4949 1202 5012 magis
1227 4937 1440 5014 placuit.
1464 4945 1647 5000 Solum
1669 4945 1824 4999 Vind.
1846 4960 1963 4998 cum
1992 4946 2147 5001 Dion.

562 5024 617 5069 et
650 5012 763 5068 Vat.
799 5012 1014 5083 Reginae
1057 5016 1205 5069 addit
1230 5012 1320 5069 alii
1348 5026 1472 5070 ante
1511 5032 1668 5070 voces
1694 5018 1781 5083 qui
1811 5018 1887 5070 vel
1912 5026 2023 5085 post
2055 5033 2152 5069 an-

560 5099 702 5140 num.
731 5088 856 5141 Post
880 5087 1162 5153 nonnulla,
1187 5087 1390 5154 Quesn.
1422 5103 1543 5142 cum
1572 5088 1751 5151 Dion.,
1783 5103 1871 5155 per
1893 5088 2041 5140 istaut
2066 5089 2148 5139 in-

559 5157 871 5211 stitutionem
914 5155 1083 5211 locum
1138 5160 1192 5211 in
1236 5157 1467 5213 Ecclesia
1506 5159 1759 5211 catholica
1807 5160 2047 5222 reperire,
2086 5159 2149 5211 de

558 5237 798 5311 quo,etc.
830 5228 1169 5311 Prwtulimus
1198 5244 1328 5283 mss.
1353 5230 1507 5311 Vind,
1530 5238 1584 5311 et
1608 5228 2141 5311 Vataiiegiiitepou-

557 5300 784 5353 stantius
812 5301 1060 5354 eamdem
1092 5301 1375 5356 lectionem
1400 5300 1683 5369 recipiens,
1720 5302 1770 5351 in
1806 5300 2031 5353 Ecclesia
2054 5316 2145 5352 ca-

556 5370 747 5422 tholica
779 5372 1017 5425 retinuit.

629 5437 649 5477 ί
687 5439 863 5510 νυιε..
895 5442 1089 5497 tribuit.
1130 5440 1317 5497 Melior
1355 5442 1469 5495 visa
1506 5449 1590 5495 est
1632 5439 1792 5494 lectio
1837 5454 1938 5494 ms.
1980 5439 2138 5498 V.nd.

554 5505 862 5584 DeinAsol'us
888 5511 1091 5580 Quesn.
1124 5513 1254 5584 quid
1276 5511 1341 5565 de
1370 5511 1762 5584 ltoc_censeatis.

603 5580 873 5653 .8_Quesn.
900 5598 1023 5637 cum
1044 5580 1187 5653 vulg.
1218 5581 1427 5653 Concil.
1457 5581 1727 5653 desiderat
1748 5580 1906 5636 verba
1934 5588 2022 5653 aut
2039 5596 2140 5633 non

553 5648 947 5723 vindicaverunt,
970 5669 1089 5723 qua:
1118 5648 1182 5710 ἐκ
1216 5670 1315 5709 ms.
1352 5651 1508 5708 Vind.
1540 5667 1659 5706 cum
1684 5651 1837 5705 Dion.
1870 5660 1926 5723 et
1951 5648 2139 5723 Const.

552 5720 778 5795 aliisque
806 5720 1211 5795 quampluribus
1240 5725 1398 5781 codd.
1437 5724 1825 5795 revncnvinius.
1861 5722 2139 5795 Sententia

549 5788 712 5869 hujus
741 5788 839 5869 loci
872 5788 1120 5869 haecest,
1150 5797 1425 5857 ordinatos
1460 5795 1705 5869 illicitos
1734 5794 1984 5869 ‘Bonoso,
2025 5794 2138 5869 sive

546 5860 654 5933 libi
681 5860 1235 5943 vindicaveririt,'sive
1278 5882 1387 5929 non
1423 5860 1809 5928 viadicar'erint
1848 5860 2135 5927 conlisisti.

2262 4581 2569 4657 intumuere
2599 4581 2772 4654 potius
2803 4602 2958 4655 quam
2991 4601 3089 4638 non
3115 4581 3285 4654 posse.
3317 4582 3452 4637 Cod.
3487 4581 3598 4636 Vat.
3628 4581 3792 4647 Regium

2263 4660 2520 4714 mendose
2552 4658 2713 4713 habet
2744 4674 2844 4711 non
2871 4672 3090 4725 prmum
3121 4671 3248 4718 esse,
3277 4668 3377 4723 pro
3406 4671 3506 4708 non
3526 4665 3787 4725 prwo'ltlllel't'.

2337 4728 2352 4766 ί
2374 4730 2461 4785 Sic
2482 4746 2612 4785 mss.
2641 4729 2798 4797 hujus
2820 4722 3153 4783 collectionis
3175 4722 3293 4797 cum
3310 4726 3452 4797 aliis.
3475 4722 3635 4797 Dion.,
3650 4722 3786 4772 soleat.

2263 4799 2413 4870 Vulg.
2444 4801 2648 4855 Coucil.
2679 4795 2733 4852 et
2767 4800 2951 4853 COust.
2988 4813 3109 4851 cum
3142 4796 3268 4870 aliis
3292 4796 3477 4870 co_dd.,
3498 4795 3637 4870 _S_olet
3662 4802 3787 4843 trans-

2257 4866 2561 4942 irefpriora
2592 4872 2891 4942 dimittenda
2920 4870 3055 4923 dico.
3088 4870 3203 4942 Vat.
3236 4866 3456 4936 Regina:
3479 4866 3785 4942 deli-ttantum

2255 4938 2394 5013 ergo.
2429 4943 2557 4996 Dein
2589 4940 2707 5013 cod.
2737 4941 2939 5013 9mm,
2972 4940 3189 5013 maxime
3222 4938 3617 5013 praecavendum.

2328 5006 2353 5087 l_
2384 5013 2549 5087 Codd.
2589 5010 2974 5087 Vat._Regina:,
3008 5009 3165 5064 Barb.
3192 5016 3243 5087 et
3272 5008 3424 5087 alius.
3445 5006 3557 5060 Vat.
3580 5018 3683 5059 cum
3706 5015 3785 5087 car-

2254 5084 2385 5137 teris
2405 5079 2969 5138 collectionibusiuss.
2994 5089 3046 5133 et
3061 5079 3293 5141 excusis,
3314 5079 3568 5146 majorum
3589 5085 3781 5146 meorum:

2253 5153 2384 5207 Dein
2411 5156 2724 5223 scripsimus
2746 5152 2939 5221 aliquid
2964 5152 3134 5220 utique
3153 5138 3492 5204 cum’uos'tris
3513 5145 3654 5203 codd.
3672 5138 3783 5210 Apud

2251 5226 2479 5292 Quesn.,
2511 5226 2654 5278 aliud
2674 5225 2865 5291 utique.

2324 5295 2345 5332 ¹ί
2376 5282 2599 5361 Quesn.,
2640 5282 2828 5349 Verum
2862 5291 3194 5363 quoniamrid
3225 5307 3313 5363 per
3356 5303 3598 5363 rumorem
3635 5282 3784 5363 fama!

2248 5350 2481 5437 asseritis
2513 5350 2977 5437 subreptumyetc.
3006 5350 3425 5437 Ahleliortlectio
3476 5350 3647 5437 optimi
3689 5350 3781 5406 cod.

2254 5435 2500 5501 Vindeb.,
2528 5431 2778 5505 cuni'quo
2802 5435 2889 5488 alii
2923 5433 3079 5488 codd.
3106 5442 3158 5486 et
3180 5432 3320 5505 vulg.
3348 5431 3641 5505 concinunt.

2324 5505 2340 5543 ι
2378 5499 2528 5578 Vulg.
2559 5499 2740 5561 delent
2761 5516 2807 5560 et
2828 5506 2923 5578 vel,
2952 5518 3087 5578 quas
3112 5499 3613 5578 voces'inseruimus
3632 5508 3692 5551 ex
3716 5502 3781 5578 e0-

2245 5575 2367 5631 dem
2399 5573 2519 5632 εοιῙ.
2555 5577 2713 5634 Vind.
2755 5593 2818 5631 ac
2849 5573 3234 5642 Vatilteginte,
3278 5573 3501 5640 aliisque
3547 5582 3633 5623 se:
3674 5575 3781 5634 prt-

2244 5649 2596 5703 stnntioribus
2620 5663 2748 5701 mss.
2781 5647 2919 5716 apud
2951 5644 3337 5716 Coustantium.

2322 5727 2360 5754 ιι
2382 5719 2565 5773 Coust.
2600 5734 2721 5773 cum
2754 5711 2962 5772 duobus
2989 5730 3119 5770 mss.
3152 5714 3309 5771 Corb.
3337 5711 3577 5778 etColb.,
3604 5722 3694 5761 ore.

2313 5790 2456 5872 fSic
2509 5806 2699 5866 omnes
2741 5789 2954 5872 codices
2991 5797 3043 5872 et
3086 5781 3777 5872 CXCElSIl'lel.‘.ltl?§;:‘_g‘£ﬁg

2243 5854 2441 5933 οἱοηι,
2473 5876 2538 5921 ex
2579 5848 2684 5933 duo
2722 5858 2868 5921 solus
2906 5860 3108 5928 Quésnt
3139 5854 3303 5914 edidit
3351 5848 3643 5910 Emtae/aet
3666 5848 3757 5897 im
