3992 6348
194 402 300 458 515
398 386 404 397 ’
674 397 900 455 CODEX
938 393 1263 483 CANONUM
1302 394 1583 455 ECCLES.
1625 394 1714 452 ET
1752 347 2327 452 CONSTITIITORUM
2364 396 2421 452 S.
2463 394 2654 454 SEDIS
2690 392 3025 453 APOSTOL.‘
3370 390 3479 451 δη

145 510 497 633 ‘szpissinle
517 515 920 583 comprobatum
946 514 1113 570 nolite
1130 525 1463 584 exspectare,
1490 525 1546 570 ut
1572 509 1803 570 diaconii
1822 513 1889 570 ,Α
1910 507 1976 563 lis
2006 510 2219 574 tradita,
2250 511 2452 582 integra
2482 513 2683 569 vellent
2722 527 2940 569 servare
2968 509 3181 567 Domini
3222 510 3477 569 sacerdo-

193 605 366 633 -..ιιζιι
397 604 663 633 ρηΛΙῖΑιιι-
711 606 983 633 ΩΑΙΙζηζιι...
1010 608 1149 633 -..ιε-..ι
1181 621 1275 633 ...ιιι
1303 622 1399 633 ..ι-..ι
1429 607 1600 633 ,ΑΙ-..Α
1634 606 1773 633 ηιμ...
1901 607 1980 633 Mn
2029 601 2170 633 naslln
2207 602 2488 633 Αἷινιι-υἶιιιο
2538 604 2678 633 νικΙΙιι
2706 604 2933 633 -νΑ-ἷηιηο
2963 605 3014 633 ς..
3047 601 3174 633 ενι-ζα
3204 602 3477 633 ιιι-Αἶπυ...-

160 601 367 679 {gratia
396 604 681 673 Spolietur.
711 606 986 661 Sollicitos
1008 608 1151 662 enim
1181 621 1278 661 vos
1303 622 1401 678 pro
1428 607 1602 662 salute
1634 606 1797 661 liben.
1901 607 2003 665 res,
2028 601 2173 656 nulla
2206 602 2512 668 diversitas,
2538 604 2678 659 nulla
2706 604 2935 659 varietas
2962 605 3015 658 in
3047 601 3178 673 ipsis
3203 602 3481 660 ordinibus

150 666 165 808 ί
192 666 271 752 ἵει
302 666 504 763 audio;
535 706 723 751 contra
750 698 910 769 197
938 706 1098 766 caput
1126 666 1335 754 etiamsi
1367 698 1671 754 faciendum
1702 696 1792 764 sit,

150 789 160 863 ξ
192 804 298 844 non
344 789 579 846 libenter
610 789 833 845 admitto
861 807 874 843 :
918 792 1003 846 cui
1037 807 1249 847 manum
1295 793 1586 863 porrigitis,
1615 791 1795 846 vobis-

152 846 157 955 ?
194 898 314 937 cum
361 882 621 953 porrigo;
665 882 753 938 cui
806 884 1040 953 porrigo,
1091 898 1301 938 mecum
1345 846 1615 955 poriigite.
1675 884 1798 938 Haec

193 972 337 1027 enim
366 972 439 1027 ad
470 972 781 1029 Corinthios
805 974 1095 1051 apostolica
1126 983 1212 1028 est
1247 974 1513 1029 declarata
1557 974 1798 1045 benigni-

1900 700 1961 745 et.
1973 693 2464 748 consecrationibus
2490 694 2794 750 haberetur.
2811 694 2917 750 Sed
2942 694 3069 749 dum
3096 694 3477 765 unusquisque,

1899 798 2005 839 non
2048 785 2188 854 quod
2232 785 2485 840 traditum
2530 796 2633 854 est,
2662 787 2920 858 sedquod
2961 787 3063 842 sibi
3085 786 3257 842 visum
3300 786 3477 855 fuerit,

1900 874 2003 930 hoc
2030 876 2299 931 existimat
2326 891 2449 932 esse
2479 878 2789 944 tenendum,
2823 878 2944 933 inde
2970 878 3177 933 diversa
3210 877 3261 931 in
3300 876 3482 933 diver-

1898 965 1974 1022 sis
2000 967 2132 1024 locis
2158 968 2242 1024 vel
2269 968 2525 1025 Ecclesiis
2549 978 2641 1023 attt
2667 970 2860 1037 teneri,
2891 979 2983 1024 aut
3007 970 3267 1025 celebrari
3298 968 3483 1025 viden-

193 1074 303 1118 tas:
330 1074 394 1120 ut
424 1065 483 1120 in
506 1080 614 1120 uno
636 1065 825 1134 spiritu
853 1065 1066 1120 ductam
1090 1080 1152 1120 ac
1173 1065 1445 1121 reductam
1474 1066 1793 1121 sententiam

194 1154 320 1211 boni
366 1170 592 1227 semper
629 1156 999 1212 indifferenter
1043 1171 1352 1227 sequantur.
1399 1158 1553 1224 Nam,
1603 1157 1791 1225 fateor,

195 1246 309 1303 hac
346 1262 442 1302 me
493 1248 719 1317 primum
763 1262 851 1302 res
890 1248 1026 1303 bene
1074 1247 1234 1303 habet
1280 1265 1404 1319 erga
1447 1249 1793 1305 Eustachium

196 1339 518 1405 diaconum,
551 1341 691 1410 quod
721 1356 819 1395 nec
845 1352 1029 1395 contra
1073 1341 1232 1396 fidem
1271 1342 1558 1412 quidquam
1588 1344 1794 1399 locutus

196 1430 282 1496 sit,
325 1445 433 1485 nec
470 1432 772 1501 loquentem
806 1432 1103 1498 admiserit,
1155 1448 1255 1487 nec
1300 1434 1365 1488 ad
1407 1444 1631 1489 mortem
1670 1451 1792 1491 eum

196 1525 403 1579 crimen
432 1510 671 1595 aliquod
709 1525 1067 1588 commisisse,
1108 1526 1192 1581 vel
1237 1528 1495 1593 jactatum
1538 1544 1793 1598 unquam,

197 1615 280 1670 vel
302 1617 497 1669 fictum
526 1624 552 1652 ι
581 1616 647 1671 de
672 1630 738 1671 eo
764 1619 1202 1687 recognoverim;
1230 1628 1285 1674 et
1312 1620 1402 1689 qui
1428 1621 1479 1674 in
1508 1619 1592 1675 his
1617 1622 1796 1677 salvus

198 1714 296 1771 est,
322 1706 369 1760 si
404 1722 521 1777 quo
547 1718 701 1775 pacto
730 1709 1168 1765 conversationes
1191 1711 1451 1767 amabiles
1475 1729 1580 1767 non
1612 1715 1792 1784 habet,

198 1798 487 1853 habendus
509 1807 594 1854 est
614 1809 671 1854 ut
709 1802 888 1854 minus
916 1816 1014 1870 pro
1045 1810 1290 1873 tempore
1319 1804 1567 1872 dilectus,
1600 1821 1706 1860 non
1740 1817 1797 1860 ut

198 1889 455 1945 inimicus
495 1889 523 1929 δ
562 1892 856 1946 aistiniatus
885 1893 1101 1948 diabolo
1138 1894 1191 1949 in
1227 1906 1543 1965 perpetuum
1592 1900 1795 1953 manci-

199 1981 429 2052 pandus.
470 1982 746 2052 Cognosce
783 1983 932 2038 illum
980 1986 1119 2040 inter
1158 1996 1180 2024 ε
1228 1986 1349 2041 illas
1384 1987 1683 2044 simultates
1732 2004 1797 2045 ac

200 2074 444 2129 turbines
489 2084 675 2129 contra
720 2077 1007 2131 multorum
1048 2078 1244 2144 studia,
1299 2096 1405 2134 non
1439 2081 1559 2136 dico
1594 2083 1792 2153 qualia,

199 2165 407 2222 diversa
433 2167 705 2232 sensisse;
728 2175 784 2221 et
811 2183 933 2222 cum
955 2168 1078 2223 hinc
1099 2186 1186 2226 res
1207 2171 1644 2243 calamitatesque
1667 2176 1795 2244 ipsa:

201 2259 505 2315 emendatae
533 2260 659 2324 sint,
685 2257 711 2297 ἀ
754 2261 931 2316 adhuc
964 2278 1131 2333 usque
1179 2266 1454 2321 Uizoniani
1493 2277 1549 2321 et
1586 2268 1793 2338 Cyriaci

200 2354 659 2409 subdiaconorum
691 2370 797 2409 non
834 2356 1073 2425 potuisse
1098 2359 1237 2427 apud
1274 2373 1364 2414 vos
1398 2370 1421 2397 ⁸
1450 2363 1796 2416 commenda-

202 2449 397 2503 tionem
442 2448 790 2504 reviviscere.
828 2450 1185 2520 Exstinguite,
1213 2468 1417 2521 quaeso,
1447 2454 1515 2507 ab
1546 2455 1635 2509 illo
1660 2472 1797 2525 pras-

202 2538 466 2609 dictisque
479 2554 919 2611 quorumcunque
935 2543 1127 2598 videtis
1139 2544 1401 2599 animosa~
1417 2561 1479 2601 ac
1498 2562 1601 2601 non
1622 2548 1795 2617 justas
1842 2542 1851 2549 ’

203 2632 575 2686 ιωυΙειὶουθε
610 2648 625 2685 :
664 2641 723 2686 ut
758 2633 871 2703 ipse
906 2635 1045 2702 apud
1094 2652 1191 2691 nos
1240 2638 1471 2709 integer,
1501 2640 1640 2707 apud
1701 2658 1794 2697 vos

203 2738 316 2780 cum
341 2725 462 2781 suis
494 2736 776 2796 reparatus
812 2727 832 2764 ί
867 2728 1184 2797 profundam
1232 2747 1439 2800 pacem,
1474 2750 1579 2788 non
1616 2736 1792 2791 fictam

204 2820 492 2888 pervidens
524 2821 863 2888 charitatem,
911 2825 1160 2878 omnibus
1192 2826 1342 2880 vobis
1380 2842 1443 2883 ac
1484 2829 1793 2898 singulatim

206 2921 471 2977 occurrat,
496 2912 773 2977 charitatis
798 2915 1045 2986 vinculis,
1065 2932 1182 2988 qua:
1208 2919 1371 2975 nullis
1393 2922 1567 2977 modis
1588 2939 1616 2976 a
1642 2924 1796 2978 Chri-

207 3014 287 3061 sto
319 3007 627 3074 solvuntur,
672 3007 948 3064 vobiscum
989 3016 1189 3079 pariter
1226 3014 1279 3068 in
1312 3025 1624 3084 perpetuum
1665 3032 1796 3073 con-

207 3114 373 3155 nexus
410 3100 625 3157 laetetur
662 3102 713 3157 in
756 3102 1004 3157 Domino.
1053 3104 1243 3161 Datum
1278 3107 1454 3164 idibus
1486 3110 1795 3167 Decembris

211 3198 237 3238 Ι
264 3190 580 3248 Constantio
612 3192 676 3246 V.
707 3191 769 3247 C.
798 3193 1040 3249 consule.

593 3282 754 3355 198
782 3283 1181 3343 CAPITULUM
1221 3287 1405 3344 XXIII.

218 3369 249 3411 ³³
271 3372 501 3445 Epistula
528 3374 811 3458 Innocentii
844 3393 990 3449 papa
1022 3381 1091 3458 a_d
1125 3379 1416 3458 Decentium
1458 3382 1474 3420 ί
1511 3383 1796 3458 Egubinum

630 3448 948 3517 episcopum,
977 3450 1070 3503 sub
1100 3453 1262 3505 titulis
1288 3470 1379 3507 vu.

364 3538 714 3595 lanocsrtrws
742 3540 1016 3597 Dscssrto
1044 3544 1297 3615 episcopo
1327 3547 1569 3617 Egubino
1598 3553 1643 3605 i.

277 3650 333 3707 Si
360 3652 601 3709 instituta
631 3653 1026 3721 ecclesiastica,
1074 3664 1133 3710 ut
1161 3666 1284 3712 sunt
1311 3674 1342 3714 a
1384 3659 1555 3718 beatis
1584 3673 1800 3734 aposto-

212 3818 321 3881 ptus
343 3824 375 3861 a
395 3825 498 3881 me,
527 3816 585 3881 et
607 3808 885 3881 saepissime
910 3810 1286 3880 comprobatus,
1318 3814 1495 3881 nolite,
1537 3824 1645 3872 etc.
1679 3819 1790 3875 Ali-

247 3880 294 3963 μί
322 3880 507 3963 codd,
540 3876 853 3963 Ett'stasiufm,
884 3881 972 3936 alii
1002 3876 1123 3936 cum
1156 3884 1323 3963 vulg.,
1355 3876 1671 3963 (gustabunt,
1705 3890 1789 3945 vel

244 3946 559 4022 Tostaihium.
610 3948 740 4003 Dein
778 3948 982 4016 Quesn.
1023 3968 1143 4007 cum
1174 3946 1488 4022 quibusdam
1521 3946 1792 4017 inferioris

212 4034 345 4075 nota:
370 4020 557 4083 codd.,
589 4022 783 4075 etiamsi
806 4022 1098 4091 faciendum
1121 4020 1214 4078 est.

276 4099 302 4127 ι
328 4092 719 4171 Vocesﬂdeeo,
752 4108 974 4171 quarum
1016 4095 1481 4171 locoQuesnellus
1512 4103 1792 4171 supposuit

213 4177 347 4226 esse,
395 4178 465 4217 ex
496 4161 653 4217 Vind.
705 4161 779 4218 ac
815 4166 1021 4221 duobus
1064 4161 1196 4221 aliis
1213 4183 1341 4223 mss.
1379 4169 1496 4224 Vat.
1528 4161 1594 4225 et'
1618 4161 1788 4229 'Barb.

214 4247 326 4286 cum
358 4234 521 4288 editis
550 4234 701 4287 Dion.
737 4243 791 4287 et
832 4236 1038 4292 Concil.
1082 4232 1469 4297 revocavimus.
1510 4242 1642 4297 Cod.
1673 4243 1793 4300 Vat.

214 4302 429 4375 Regina:
457 4303 600 4359 delet
631 4314 935 4375 utrumque.

278 4373 305 4411 ιι
326 4374 699 4456 ρυειηεηρυω
729 4373 843 4430 solo
871 4377 1043 4456 Oxon.
1074 4378 1270 4435 delevit
1296 4384 1573 4456 wstimatus
1596 4400 1615 4439 :
1637 4400 1797 4456 quam

215 4458 393 4526 yoceiii
424 4455 487 4526 et
520 4444 727 4499 Thuan.
756 4457 822 4526 et.
839 4448 1008 4526 nostri
1034 4464 1221 4506 omnes
1250 4454 1410 4526 codd.
1440 4470 1503 4508 ac
1526 4444 1668 4526 vulg:
1702 4473 1799 4511 ex-

215 4510 419 4589 hibent.
448 4513 631 4589 CouAs'.
665 4516 848 4571 maluit
874 4520 1174 4576 resumatur.
1217 4524 1363 4577 Alias
1386 4564 1402 4589 ,
1445 4510 1796 4583 existimatus.

284 4596 306 4624 ε
331 4586 495 4641 Solus
537 4585 736 4652 Quesn.
778 4592 977 4643 omittit
1014 4592 1130 4645 illas
1171 4607 1189 4645 :
1226 4604 1281 4647 et
1318 4585 1442 4649 dein
1484 4612 1587 4652 ms.
1618 4598 1793 4654 Oxo".
1824 4624 1827 4625 ν

1898 1072 2014 1127 tur;
2054 1078 2117 1118 ac
2141 1063 2198 1119 lit
2221 1064 2531 1119 scandalum
2565 1064 2796 1133 populis,
2826 1064 2915 1134 qui
2944 1064 3069 1119 dum
3102 1064 3349 1119 nesciunt
3375 1072 3483 1119 tra-

1896 1156 2126 1211 ditiones
2170 1160 2416 1225 antiquas
2462 1156 2694 1211 humana
2730 1156 3148 1226 praesumptione
3173 1165 3478 1225 corruptas,

1900 1256 2089 1318 putant
2116 1248 2214 1303 sibi
2246 1256 2338 1302 aut
2369 1248 2633 1303 Ecclesias
2664 1262 2771 1302 non
2802 1248 3110 1313 convenire,
3142 1257 3234 1302 aut
3259 1248 3326 1301 ah
3352 1262 3479 1317 apo-

1897 1340 2050 1393 stolis
2074 1342 2157 1395 vel
2184 1340 2493 1411 apostolicis
2522 1340 2549 1378 ¹ι
2570 1340 2700 1395 viris
2724 1340 3156 1395 contrarietatem
3189 1340 3477 1396 inductam.

1904 1430 2034 1499 Quis
2072 1431 2216 1487 enim
2259 1434 2461 1486 nesciat
2498 1440 2588 1485 aut
2628 1447 2731 1487 non
2758 1432 2999 1487 advertat
3026 1432 3077 1487 id
3105 1434 3245 1503 quod
3273 1448 3301 1486 a
3326 1433 3480 1502 prin-

1902 1524 2021 1592 cipe
2063 1524 2429 1592 apostolorum
2459 1522 2619 1578 Petro
2659 1523 2912 1578 Romanae
2944 1523 3195 1578 Ecclesiae
3234 1525 3483 1580 traditum

1898 1626 1979 1669 eat
2006 1657 2021 1682 ,
2062 1629 2127 1669 ac
2167 1630 2308 1671 nunc
2340 1631 2507 1686 usque
2536 1616 2858 1684 custoditur,
2901 1617 2970 1671 ab
2999 1616 3249 1671 omnibus
3288 1616 3485 1674 debere

1899 1708 2143 1777 servari,
2196 1723 2295 1762 nec
2338 1708 2621 1778 superduci
2666 1717 2759 1762 aut
2801 1708 3067 1763 introduci
3113 1708 3312 1777 aliquid
3346 1711 3484 1778 quod

1901 1802 2275 1856 auctoritatem
2326 1816 2431 1855 non
2482 1800 2704 1864 habeat,
2758 1809 2849 1855 aut
2876 1798 3091 1855 aliunde
3138 1799 3381 1868 accipere
3409 1802 3485 1852 vi-

1826 1891 2091 1955 Bdeatur
2137 1892 2477 1962 exemplum?
2510 1894 2806 1961 praesertim
2856 1907 2980 1946 cuin
3030 1894 3099 1945 sit
3147 1892 3484 1950 manifestum

1902 1985 1953 2039 in
1983 2000 2197 2041 omnem
2228 1985 2452 2050 Italiam,
2478 1985 2693 2049 Gallias,
2719 1984 3019 2055 Hispanias,
3044 1983 3301 2051 Africam,
3324 1992 3484 2053 atque

1897 2076 2151 2141 Siciliam,
2183 2077 2491 2146 insulasque
2521 2077 2924 2145 interiacentes,
2956 2075 3161 2129 nullum
3192 2074 3484 2131 instituisse

1903 2168 1923 2208 ι
1971 2173 2255 2237 Ecclesias,
2306 2172 2409 2226 nisi
2438 2186 2533 2225 eos
2562 2184 2696 2240 quos
2728 2168 3053 2223 venerabilis
3082 2171 3357 2239 apostolus
3388 2169 3485 2226 Pe.

1897 2272 2015 2319 tros
2058 2272 2149 2317 aut
2186 2262 2303 2333 ejus
2347 2275 2689 2318 successores
2726 2261 3119 2316 constituerunt
3147 2260 3481 2316 sacerdotes.

1897 2355 2004 2410 Aut
2053 2358 2229 2426 legant
2275 2356 2320 2409 si
2362 2354 2415 2409 in
2465 2354 2550 2409 his
2591 2352 2878 2422 provinciis
2925 2353 3061 2406 alius
3117 2352 3484 2422 apostolorum

1905 2449 2060 2521 199
2100 2448 2364 2506 invenitur
2398 2458 2489 2502 aut
2527 2447 2723 2517 legitur
2748 2446 3011 2501 docuisse.
3052 2446 3153 2513 Qui
3193 2447 3236 2500 si
3266 2460 3371 2501 non
3406 2449 3485 2502 le-

1898 2551 2055 2609 gunt,
2087 2544 2208 2613 quia
2240 2555 2501 2611 nusquam
2532 2539 2831 2604 inveniunt,
2862 2547 3073 2608 oportet
3098 2553 3192 2594 eos
3216 2540 3318 2594 hoc
3336 2539 3484 2610 sequi

1898 2645 2038 2716 quod
2060 2644 2295 2699 Ecclesia
2320 2644 2557 2696 Romana
2579 2638 2832 2706 custodit,
2858 2656 2883 2690 a
2914 2653 3016 2710 qua
3044 2652 3139 2694 eos
3167 2637 3485 2707 principium

1898 2740 2173 2807 accepisse
2203 2752 2309 2790 non
2339 2735 2558 2789 dubium
2588 2743 2709 2788 est:
2736 2748 2803 2788 ne
2832 2733 2958 2787 dum
2990 2732 3289 2801 peregrinis
3313 2745 3485 2787 asser-

1900 2828 2140 2884 tionibus
2163 2827 2401 2890 student,
2424 2835 2586 2893 caput
2610 2825 3000 2879 institutionum
3026 2824 3304 2879 videantur
3330 2824 3485 2880 omit~

1898 2929 2033 2977 tere.
2075 2920 2228 2989 Saepe
2268 2920 2607 2973 dilectionem
2655 2929 2798 2972 tuam
2832 2918 2897 2971 ad
2932 2917 3127 2973 Urbem
3158 2918 3397 2983 venisse,
3426 2931 3487 2976 ac

1900 3013 2179 3069 nobiscum
2196 3020 2237 3047 ω
2261 3013 2311 3064 in
2335 3010 2617 3065 ecclesiam
2643 3009 2965 3063 convenisse
2988 3022 3095 3062 non
3122 3007 3343 3062 dubium
3372 3014 3485 3074 est;

1899 3115 1953 3161 et
1981 3122 2139 3175 quem
2174 3118 2377 3159 morem
2413 3102 2497 3156 vel
2542 3101 2593 3156 in
2640 3098 3019 3157 consecrandis
3050 3098 3318 3169 mysteriis
3340 3140 3354 3163 ,
3404 3098 3486 3159 vel

1899 3200 1954 3254 in
1982 3198 2191 3253 caeteris
2216 3197 2425 3252 arcanis
2450 3195 2667 3264 agendis
2709 3202 2918 3260 teneat,
2960 3193 3299 3263 cognovisse.
3333 3192 3487 3261 Quod

1821 3270 1868 3335 Ο
1905 3292 2152 3347 sufficere
2179 3298 2208 3327 ιι
2231 3289 2295 3343 ad
2339 3288 2768 3343 informationem
2796 3285 3053 3341 Ecclesia
3082 3295 3183 3339 tuae
3212 3285 3294 3340 vel
3322 3284 3488 3341 refota

1908 3384 2222 3446 motionem,
2254 3382 2296 3436 si
2332 3394 2684 3452 praecessores
2718 3385 2791 3432 tui
2822 3378 3000 3433 minus
3029 3376 3230 3447 aliquid
3276 3388 3365 3433 aut
3393 3374 3488 3433 alis

1908 3488 1989 3533 ter
2035 3476 2342 3539 tenuerint,
2389 3472 2520 3528 satis
2548 3480 2753 3527 certum
2795 3468 3133 3535 haberemus,
3162 3468 3265 3523 nisi
3292 3470 3362 3524 de
3386 3468 3490 3525 ali-

1905 3569 2097 3641 quibus
2145 3565 2505 3622 consulendos
2554 3578 2652 3619 nos
2696 3576 2818 3618 esse
2860 3559 3127 3616 duxisses.
3166 3560 3370 3629 Quibus
3412 3560 3490 3617 id-

1906 3664 2051 3719 eirco
2095 3658 2525 3729 respondemus,
2573 3672 2681 3711 non
2725 3652 2869 3724 quod
2916 3662 2969 3708 te
3009 3652 3187 3723 aliqua
3242 3651 3491 3724 ignorare

1907 3819 2024 3873 Vat.
2048 3825 2103 3873 et
2134 3814 2292 3870 Barb.
2320 3812 2518 3867 habent
2541 3809 2856 3885 vinculisque
2868 3826 2983 3885 qtae
3006 3827 3025 3865 :
3047 3769 3240 3885 melius
3256 3811 3312 3885 si
3341 3811 3489 3885 lege.

1901 3899 2051 3946 retur
2085 3886 2452 3956 charitalisque
2486 3882 2720 3956 uinculis,
2751 3881 2888 3948 quis.
2929 3881 3047 3938 Mox
3087 3882 3207 3939 cod.
3254 3881 3489 3956 Thua'n.,

1900 3963 1954 4016 in
1986 3970 2282 4031 perpetuum
2313 3954 2545 4031 Ecclesia
2574 3969 2823 4031 conuersa.

1975 4024 2192 4085 andd.
2245 4028 2400 4096 hujus
2444 4024 2780 4096 collecticiiis
2809 4040 2909 4079 nec
2939 4039 3045 4079 non
3089 4024 3207 4080 Vat.
3240 4033 3294 4081 et
3331 4025 3490 4083 Barb.

1902 4117 2207 4172 perperam,
2237 4094 2572 4172 Constantino
2604 4110 2700 4165 pro
2740 4094 3158 4172 Constantio._ln
3187 4112 3311 4172 ms_._
3330 4096 3492 4172 Vind.

1900 4165 2233 4228 Constantino
2258 4170 2600 4240 praemittitur
2626 4183 2785 4240 manu
2814 4171 3029 4237 antiqua
3056 4165 3167 4240 Fl_._,
3192 4167 3284 4240 uti_
3302 4168 3492 4236 legitur

1874 4294 1877 4297 ,
1904 4247 2067 4300 etiam
2100 4244 2151 4297 in
2174 4236 2277 4298 allo
2302 4258 2401 4296 ius.
2426 4240 2565 4309 apud
2589 4236 3015 4309 Harduinum,et
3046 4243 3097 4290 in
3120 4236 3235 4290 Vat.
3252 4236 3490 4307 Regium.

1902 4315 2091 4371 Melius
2117 4313 2255 4384 apud
2286 4306 2650 4384 Constantium
2680 4306 2863 4384 Flavio
2902 4307 3221 4384 Constantio,
3250 4306 3492 4384 qui’sane

1902 4403 2041 4441 anno
2069 4378 2195 4450 ιη,
2228 4398 2349 4440 cum
2380 4382 2576 4450 scripta
2608 4379 2708 4434 fuit
2736 4379 2851 4432 haec
2876 4378 3125 4449 epistola,
3151 4379 3491 4438 consulatum

1902 4466 2168 4581 εθῗδῗίωο
2211 4523 2459 4593 epistola,
2515 4530 2711 4591 printer
2756 4533 2888 4593 mss.
2921 4518 3081 4589 hujus
3115 4518 3501 4593 collectionis,

1904 4598 2227 4653 describitur
2247 4590 2489 4651 etiamin
2516 4590 2681 4664 codd.
2701 4592 3077 4664 collectionum
3111 4590 3289 4659 Dion.,
3313 4591 3489 4664 ﬂisp.,
3535 4605 3543 4613 '

215 4658 456 4735 praeterit
482 4650 699 4735 diuina.
720 4658 839 4713 Mox
870 4662 1232 4731 supplevimus
1252 4665 1378 4735 ipsa:
1397 4681 1462 4721 ex
1494 4650 1613 4724 cod.
1632 4650 1797 4727 Vind.
1827 4650 1881 4712 Ῑ)
1907 4650 2251 4733 Isid.,liarb.
2268 4650 2453 4731 72888,
2482 4675 2537 4718 et
2563 4662 2924 4735 C_orbeiensis.

216 4728 435 4795 aliisque
467 4730 606 4796 vulg.
635 4740 690 4782 et
714 4744 842 4785 mss.
940 4728 986 4731 Ἴ
1272 4728 1283 4735 ⁷

249 4796 306 4880 ,ἀ
338 4799 592 4880 δίθυριιιη
622 4804 1085 4880 quatuonnostris
1125 4818 1255 4880 mss.
1292 4806 1481 4874 Vind.,
1514 4810 1637 4865 Vat.
1694 4812 1798 4868 Re-

216 4872 366 4938 gina.
397 4870 507 4923 alio
524 4870 641 4923 Vat.
670 4880 725 4925 et
753 4870 933 4938 Barb.,
952 4872 1298 4932 Constantius
1328 4893 1449 4934 cum
1469 4870 1589 4935 suis
1615 4896 1799 4937 exem-

218 4940 470 5023 plaribus,
505 4941 581 4993 Ad
607 4945 700 5023 hoc
726 4945 1134 5023 usqueaQuesn.
1155 4963 1282 5023 cum
1312 4950 1433 5023 aliis
1473 4951 1631 5013 editis
1662 4968 1799 5023 prm—

218 5012 335 5089 t_erit
389 5028 591 5089 usque“
624 5012 762 5089 Mox‘
794 5017 1005 5089 quidam
1069 5018 1264 5089 codd.,
1314 5012 1620 5077 Βίοιοηὶαηὶ
1644 5012 1675 5089 ,’
1712 5026 1796 5081 vel

218 5079 683 5155 Bezqniani;_deiii
715 5079 975 5155 plerique,
1003 5096 1051 5141 et
1082 5079 1333 5153 Quiriaci.

284 5162 307 5189 ο
335 5152 727 5229 Vulg._Cnncil.
755 5152 883 5229 cuni
891 5158 1066 5229 Dion.
1108 5152 1260 5229 'Hisp.
1293 5172 1347 5216 et
1377 5162 1528 5228 Isid.,
1559 5166 1796 5220 emenda-

218 5222 420 5304 tionem.
454 5224 573 5279 Mox
601 5224 827 5295 Quesn.,
860 5222 1415 5304 Compescitefqacso.
1452 5222 1798 5293 correximus

218 5303 532 5363 auctoritate
579 5305 811 5363 quatuor
850 5309 1152 5358 nostrorum
1201 5303 1299 5356 cod
1324 5318 1444 5359 cum
1490 5317 1546 5362 et
1596 5322 1689 5363 sex
1733 5307 1796 5362 P.

221 5362 709 5446 Constantii._Dein
758 5372 1154 5446 pro_animosas
1214 5373 1456 5446 plerique
1499 5362 1643 5432 mss.
1676 5379 1798 5434 libri

220 5446 334 5508 cum
354 5438 595 5508 antiquis
622 5438 766 5508 vulg.
800 5440 996 5496 habent
1023 5438 1242 5498 animos:

290 5504 313 5546 ί
337 5504 538 5577 Quesn.
568 5524 690 5564 cum
715 5504 910 5587 iisdem
938 5514 1065 5568 edit.
1094 5525 1153 5587 et
1186 5517 1365 5581 Dion.,
1397 5528 1665 5587 reparatas
1689 5537 1798 5575 me-

220 5589 389 5654 reatur
413 5596 607 5649 pacem,
635 5598 737 5654 non
769 5584 939 5647 ﬁctam
968 5586 1228 5654 pervidens
1257 5584 1578 5643 alacritatem.
1616 5589 1798 5647 Omni-

220 5648 312 5701 bus
340 5652 516 5732 ςυιριι.
540 5664 605 5732 _et
645 5653 908 5709 editiones
944 5648 1173 5732 antiqua:
1198 5660 1402 5714 addunt
1433 5662 1628 5732 igitur)
1656 5663 1797 5717 vobis

222 5736 280 5774 ac
309 5723 606 5799 singillatim
650 5735 881 5799 occurrat
904 5723 1147 5799 chariras,
1177 5739 1223 5783 et
1248 5723 1484 5798 uinculis,
1516 5723 1630 5799 quis
1652 5772 1669 5789 .
1695 5771 1711 5789 .
1738 5772 1754 5788 .
1781 5771 1795 5788 .

223 5804 446 5869 gnum
487 5795 733 5869 litetur;
752 5795 931 5853 Secuti
969 5813 1156 5855 sumus
1193 5801 1352 5857 codd.
1394 5795 1645 5869 Vindeb.,
1675 5803 1797 5861 Vat.

224 5856 386 5920 Barb.
426 5873 482 5923 et
527 5864 653 5922 Vat.
702 5866 923 5934 Ruina
963 5879 1122 5931 atoue
1171 5856 1800 5934 Constantiumfs'oiiﬁ

1862 5564 1869 5567 .
1904 5521 2108 5575 addunt
2132 5521 2409 5575 arbitrarer
2447 5534 2468 5573 :

1984 4737 2002 4777 ί
2033 4732 2184 4808 Vulg.
2217 4732 2925 4808 cumDion.,_Eugubinum.

1980 4812 1994 4860 i
2047 4803 2251 4877 Quésn.
2301 4807 2449 4862 addit
2490 4803 2703 4860 salutem
2751 4821 2873 4860 cum
2920 4803 3066 4877 vulg.
3117 4820 3185 4860 ex
3214 4804 3489 4877 Dionysio.

1906 4874 2212 4937 Delevimus
2241 4878 2565 4935 auctoritate
2593 4892 2696 4933 ms.
2726 4877 2885 4933 Vind.
2932 4883 2988 4932 et
3016 4874 3243 4931 aliorum
3273 4874 3491 4945 optimae

1904 4960 2067 5008 noue.

1978 5022 2000 5060 ¹ί
2025 5022 2159 5078 Cod.
2178 5021 2336 5077 Vind.
2366 5035 2489 5076 cum
2522 5020 2642 5075 aliis
2660 5019 2894 5089 quinque
2920 5018 3147 5074 laudatis
3173 5032 3210 5089 a4
3226 5017 3287 5071 P.
3303 5014 3488 5089 Const.

1903 5092 2066 5149 habet
2094 5095 2235 5163 ipsis.
2272 5092 2430 5147 Barb.
2463 5106 2593 5148 vero
2626 5086 2827 5145 tantum
2859 5090 3019 5148 habet
3045 5096 3134 5143 aut
3159 5087 3222 5141 ab
3246 5086 3492 5158 apostolis

1902 5166 2031 5233 ipsis
2060 5166 2465 5219 contrarietatem
2501 5164 2780 5217 inductam.

1982 5234 1999 5273 ι
2049 5236 2210 5292 Solus
2253 5239 2482 5301 Quesn.,
2515 5231 2817 5289 Ecclesiam.
2848 5230 2980 5286 Dein
3021 5230 3142 5287 cod.
3172 5229 3332 5284 Barb.
3365 5242 3488 5286 cum

1903 5308 2021 5363 aliis
2046 5308 2216 5378 vulg.,
2248 5305 2625 5378 constituerint.

1975 5387 2015 5415 αι
2043 5376 2222 5445 Vulg.,
2245 5380 2297 5432 in
2329 5376 2577 5431 Ecclesia.

1975 5457 2003 5486 ιι
2027 5441 2383 5504 (ἴυάἆζνίιιά.
2408 5458 2469 5505 et
2496 5447 2653 5501 Barb.
2681 5460 2800 5500 cum
2828 5443 2947 5497 aliis
2973 5442 3243 5512 plerisque
3262 5451 3313 5497 et
3335 5441 3486 5497 Dion.

2508 5517 2647 5577 ..ιιοά
2686 5513 2940 5578 abundat,
2969 5514 3065 5568 nisi
3100 5526 3279 5583 postea
3311 5513 3492 5583 legen-

1905 5528 2108 5575 addunt
2132 5528 2409 5575 arbitrarer
2447 5534 2468 5573 :
2508 5528 2647 5577 quoa
2686 5528 2940 5578 abundat,
2969 5529 3065 5568 nlSt
3100 5528 3279 5583 p05tea
3312 5528 3487 5640 legiu-

1905 5592 2031 5647 dum
2063 5592 2311 5647 credatur
2340 5604 2460 5646 cum
2489 5588 2649 5642 Barb.
2698 5585 2788 5640 sed
2835 5595 3028 5639 certum
3065 5585 3321 5638 haberem.
3431 5586 3487 5642 d.

1868 5716 1871 5719 ,
1906 5662 2067 5718 Vind.
2096 5664 2258 5718 habet
2288 5664 2487 5730 pariter
2524 5659 2777 5730 haberem.
2806 5655 3091 5730 Sequentia
3125 5672 3252 5730 vero
3279 5672 3493 5730 respon-

1906 5735 2105 5801 demus,
2134 5727 2422 5799 credamus,
2453 5727 3255 5801 cumgprteferendumsuadent
3279 5727 3490 5783 habere.

1908 5822 2045 5872 inus,
2076 5798 2188 5861 tum
2205 5804 2487 5860 arbitrarer
2514 5799 2800 5858 delendum
2825 5798 3133 5859 ostendunt.

2688 6000 2795 6021 “wn.
2800 6016 2804 6019 Ι
