3992 6348
943 560 1106 635 gos,
1147 556 1538 616 CAPITULIM
1577 558 1768 614 xxrv.

581 665 609 694 ι
639 654 877 728 Epistula
911 654 1201 710 iuno‘centii
1229 654 1296 707 ad
1332 652 1623 728 victricium
1648 654 1936 725 episcopum
1961 651 2158 706 Rathb-

960 740 1275 799 magensem:
1320 724 1414 779 sub
1450 724 1621 778 titulis
1670 739 1759 778 xv.

582 817 925 874 INNOCENTIUS
970 814 999 855 lt
1042 816 1315 871 Vtcratcw
1356 814 1770 886 Rothomagensi
1809 815 2061 886 episcopo
2108 824 2155 870 ο.

656 927 767 983 Etsi
798 926 926 994 tibi,
948 926 1113 982 frater
1136 926 1482 991 charissima,
1512 941 1609 996 pro
1640 926 1833 982 merito
1875 935 1930 982 et
1954 926 2158 981 honore

584 1019 866 1075 sacerdotii
888 1034 993 1091 quo
1038 1020 1319 1090 plurimum
1351 1020 1555 1090 polles,
1587 1019 1799 1073 vivendi
1842 1028 1896 1075 et
1931 1018 2159 1074 docendi

580 1107 606 1147 δ
633 1112 922 1166 secundum
950 1110 1348 1167 ecclesiasticas
1400 1111 1610 1181 regulas
1638 1120 1759 1165 nata
1789 1120 1911 1165 sunt
1944 1112 2153 1177 omnia,

579 1216 752 1273 neque
777 1212 861 1259 est
885 1202 1089 1274 aliquid
1116 1203 1259 1273 quod
1289 1203 1357 1258 de
1382 1203 1551 1258 sacris
1578 1203 1901 1257 lectionibus
1932 1200 2023 1256 tibi
2062 1202 2161 1257 mi-

580 1307 678 1348 nus
719 1295 1003 1350 collectum
1048 1308 1167 1350 esse
1217 1294 1490 1361 videatur;
1539 1302 1717 1349 tamen
1753 1294 1873 1364 quia
1904 1292 2159 1348 Romanae

579 1382 830 1441 Ecclesia:
872 1400 1114 1441 normam
1157 1396 1362 1457 ¢atque
1414 1387 1785 1443 auctoritatem
1833 1401 2159 1457 magnopere

583 1478 890 1548 postulasti,
905 1478 1163 1534 voluntati
1188 1488 1291 1534 tua:
1312 1479 1598 1535 admodum
1620 1495 1825 1534 morem
1846 1493 2060 1549 gerens,
2084 1478 2159 1533 di-

580 1578 757 1641 gestas
780 1571 904 1625 vitae
926 1580 980 1626 et
998 1586 1203 1627 morum
1223 1571 1575 1641 probabilium
1594 1571 1903 1641 disciplinas
1918 1584 2156 1624 annexas

582 1660 773 1716 litteris
801 1662 934 1716 meis
962 1663 1116 1730 misi,
1167 1678 1261 1731 per
1300 1677 1433 1732 quas
1477 1663 1756 1717 advertant
1794 1662 2156 1717 Ecclesiarum

579 1750 814 1820 regionis
843 1760 1031 1807 vestrae
1062 1753 1239 1821 populi
1258 1749 1487 1822 fquibus
1508 1752 1667 1807 rebus
1697 1760 1753 1807 et
1784 1753 1979 1821 regulis
1999 1751 2156 1805 Chri-

580 1844 875 1899 stianorum
908 1845 1010 1899 vita
1040 1846 1094 1900 in
1120 1861 1212 1899 sua
1254 1845 1514 1915 cujusque
1565 1845 1899 1916 professione
1954 1845 2151 1900 debeat

580 1938 865 2003 contineri,
922 1938 1202 2007 qualisque
1224 1946 1471 1991 servetur
1503 1939 1555 1991 in
1585 1936 1732 1991 urbis
1771 1936 1958 1991 Romae
1986 1936 2159 1991 eccle-

581 2028 675 2084 siis
704 2040 728 2078 ε
763 2029 1063 2098 disciplina.
1099 2028 1215 2083 Etit
1241 2028 1544 2084 dilectionis
1562 2036 1664 2083 tute
1696 2042 1788 2097 per
1826 2028 2009 2097 plebes
2030 2028 2154 2081 lini-

584 2121 741 2174 timas
765 2131 817 2176 et
845 2120 1256 2177 consacerdotes
1287 2131 1497 2175 nostros
1513 2121 1603 2191 qui
1634 2120 1687 2174 in
1718 2120 1825 2174 illis
1846 2119 2156 2190 regionibus

583 2211 816 2281 propriis
846 2211 1101 2266 Ecclesiis
1128 2211 1435 2279 prasident,
1460 2210 1763 2279 regularum
1792 2208 1933 2263 hunc
1959 2209 2152 2263 librum

581 2303 730 2368 quasi
754 2300 1131 2356 didascalicum
1161 2311 1319 2371 atque
1348 2301 1669 2355 monitorem
1701 2300 1889 2355 sedulo
1918 2300 2156 2355 insinua-

581 2406 664 2458 re,
682 2401 739 2446 ut
759 2404 811 2447 et
826 2404 1037 2448 nostros
1056 2386 1400 2463 cognoscere,
1424 2400 1479 2447 et
1498 2394 1562 2446 ad
1592 2393 1748 2447 fidem
1772 2390 2152 2447 conﬂuentium

581 2498 764 2539 mores
791 2485 1004 2538 valeant
1031 2484 1259 2539 docendi
1290 2484 1574 2539 sedulitate
1604 2482 1853 2538 formare.
1886 2484 1992 2538 Aut
2012 2482 2153 2537 enim

580 2576 911 2643 propositum
940 2588 1093 2629 suum
1123 2589 1189 2629 ex
1214 2575 1312 2628 hac
1360 2582 1540 2629 nostra
1575 2576 1887 2642 congruenti
1928 2574 2156 2629 lectione

582 2673 926 2735 cognoscent,
956 2676 1045 2721 aut
1073 2668 1119 2721 si
1150 2668 1273 2737 quid
1300 2666 1473 2723 adhuc
1502 2652 1857 2749 desideratur,
1886 2666 2041 2723 facile
2063 2683 2157 2737 po-

588 2765 767 2815 terunt
794 2774 857 2813 ex
880 2760 1015 2815 bona
1040 2760 1337 2815 imitatione
1363 2760 1633 2831 supplere.

651 2851 967 2921 Incipiamus
996 2854 1156 2922 igitur
1195 2853 1480 2923 adjuvante
1503 2851 1534 2891 Ι·
1564 2863 1753 2909 sancto
1793 2854 2036 2923 apostolo
2058 2854 2157 2910 Pe-

578 2951 684 3010 tro,
717 2958 811 3013 per
827 2960 985 3015 quem
1009 2955 1063 3000 et
1090 2947 1422 3016 apostolatus
1446 2956 1501 3003 et
1520 2949 1855 3018 episcopatus
1873 2950 1923 3003 in
1945 2947 2157 3003 Christo

575 3042 737 3106 caspit
763 3039 1074 3094 exordium:
1103 3050 1158 3094 ιιι
1184 3042 1432 3111 quoniam
1453 3041 1627 3111 plures
1658 3056 1801 3111 saepe
1823 3050 2159 3096 emerserunt

580 3146 773 3195 εειιεειξ,
806 3148 925 3203 quae
962 3134 1013 3187 in
1037 3134 1321 3204 aliquantis
1351 3150 1458 3190 non
1505 3146 1659 3191 erant
1703 3152 1900 3203 causae,
1930 3137 2023 3192 sed
2052 3137 2157 3191 cri-

575 3225 739 3286 mina,
762 3232 819 3278 ut
848 3224 914 3278 de
934 3234 1131 3281 caetero
1153 3228 1461 3282 sollicitudo
1488 3228 1558 3283 sit
1586 3229 1867 3300 unicuique
1887 3229 2156 3285 sacerdoti

575 3316 628 3372 iu
653 3333 746 3372 sua
780 3317 1016 3375 Ecclesia
1045 3336 1226 3376 curam
1271 3322 1575 3391 hujusmodi
1605 3323 1826 3392 habere,
1854 3322 1993 3378 sicut
2019 3336 2154 3393 apo-

647 3488 673 3556 ξ
696 3483 880 3556 Exstat
904 3484 955 3538 in
974 3500 1104 3540 mss.
1129 3494 1324 3541 nostrae
1346 3484 1701 3551 collectionis,
1721 3485 1772 3539 in
1798 3485 1979 3553 Dion.,
1999 3484 2145 3556 Hisp.

572 3561 627 3608 ot
652 3540 800 3616 ista,
833 3555 947 3609 Vat.
975 3540 1189 3623 Reginae
1214 3557 1380 3618 1997,
1411 3540 2146 3623 Cotbert.,'t.ucenst,'uaiit.

573 3624 743 3690 2888,
770 3623 929 3679 Corb.
958 3635 1012 3681 et
1043 3623 1365 3681 Fossateusi.

646 3692 672 3731 δ
697 3695 831 3748 Cod.
859 3696 945 3766 Bai
962 3698 1011 3749 b.
1029 3712 1150 3751 cum
1172 3695 1507 3766 aliquotaliis
1530 3710 1685 3761 mss.,
1708 3696 2005 3751 Victoricio.
2030 3696 2149 3750 Vat.

574 3761 791 3846 Reginae
820 3776 874 3819 et
898 3765 1121 3831 Lucem,
1159 3761 1408 3820 Victoria.
1432 3766 1537 3820 Alii
1562 3768 1777 3836 quidam
1803 3767 1991 3830 codd.,
2053 3766 2151 3820 Vi-

573 3842 782 3887 clorico.

651 3914 673 3942 ε
702 3904 909 3970 Quesn.
937 3904 1085 3960 addit
1109 3906 1343 3959 salutem.
1377 3906 1565 3961 Delent
1595 3906 1761 3959 nostri
1787 3906 1945 3961 codd.

647 3970 673 4009 ἀ
705 3975 777 4027 lta
807 3974 964 4028 codd.
997 3976 1154 4043 hujus
1172 3975 1502 4030 collectiouis
1527 3993 1647 4031 cum
1675 3978 1885 4032 Fossat.
1913 3989 1965 4032 et
1996 3978 2146 4034 Dion.

579 4043 869 4117 Exemplar
888 4060 1013 4117 vero
1052 4046 1396 4117 Barberinum
1426 4062 1546 4101 cum
1588 4049 1707 4101 aliis
1741 4049 1923 4117 viginti
1957 4059 2013 4103 et
2038 4066 2151 4103 am-

578 4114 718 4185 plius
750 4114 979 4189 laudatis
1002 4116 1390 4189 auCoustantio,
1428 4120 1780 4172 ecclesiasticis
1802 4114 2000 4189 regular
2030 4132 2151 4175 nota

577 4194 691 4238 sunt
719 4184 907 4239 omnia.
940 4186 996 4241 In
1029 4185 1255 4240 Vindeb.
1282 4191 1516 4241 secunda
1550 4204 1707 4242 manu
1739 4184 1911 4244 delela
1939 4199 2148 4245 tantum

577 4254 672 4309 fuit
702 4256 1007 4325 prtepositio
1048 4257 1348 4310 secundum.
1382 4257 1513 4312 Cod.
1563 4259 1677 4314 Vat.
1713 4259 1865 4327 Reg.,
1914 4265 2151 4315 ecclesia-

576 4327 697 4406 stire
725 4338 842 4407 nata
867 4339 939 4381 est
966 4330 1018 4381 in
1050 4327 1311 4407 teregula,
1342 4330 1613 4407 nequensit.
1636 4331 1776 4396 Mox,
1806 4331 1895 4385 tibi
1922 4334 2149 4386 rideatur

576 4398 806 4465 ignotum
833 4399 881 4450 in
911 4414 1042 4453 mss.
1067 4398 1228 4453 Barb.
1257 4408 1310 4454 et
1342 4398 1458 4451 Vat.
1492 4398 1626 4467 Reg.

651 4475 674 4502 ε
706 4470 1043 4524 Pervetustus
1087 4468 1258 4523 codex
1302 4469 1461 4522 Barb.
1507 4486 1571 4525 ac
1599 4486 1661 4525 ex
1695 4485 1761 4526 eo
1790 4470 2062 4527 Sirmnnd.
2093 4484 2150 4530 et

578 4535 769 4599 Labh.,
793 4536 860 4588 ad
889 4541 1274 4593 auctoritatem:
1295 4554 1413 4609 qua!
1434 4540 1594 4595 lectio
1612 4541 1868 4596 Romana:
1898 4544 2149 4599 Ecclesia

579 4621 821 4728 not-[tinam
847 4609 912 4661 ad
953 4610 1305 4663 auctoritatem
1342 4614 1621 4680 quaesitam
1656 4622 1718 4671 et
1752 4613 2050 4669 adhibitam
2074 4616 2149 4669 si-

579 4691 663 4728 ttm
706 4691 764 4728 ca
795 4714 810 4728 .

576 4685 929 4802 δ”ἷηῧῗξῖάριλ
952 4747 1121 4816 prima
1154 4763 1312 4804 manu
1337 4765 1455 4805 cum
1487 4752 1647 4809 Corb.
1678 4763 1731 4807 et
1769 4752 2002 4813 Fossat..

578 4816 668 4869 bus
696 4827 742 4869 et
764 4819 984 4886 regulis;
1011 4828 1065 4871 at
1084 4820 1312 4874 secunda
1338 4838 1492 4877 manu
1517 4824 1568 4877 itt
1593 4824 1686 4878 illo
1714 4824 1952 4879 additum
1976 4816 2145 4881 rebus.

582 4886 1155 4963 Unttscolltfrt._cttd.,
1186 4891 1365 4960 quibus
1399 4894 1609 4963 regulis.

646 4966 672 5003 ι
706 4958 836 5040 Coti:
880 4958 1069 5040 Barb.,
1109 4958 1235 5014 ordo
1269 4958 1593 5040 δηναιαὶ-1η
1643 4964 1763 5040 Vat.
1801 4965 1934 5035 Reg.
1962 4968 2149 5040 prima

574 5044 735 5082 manu
778 5030 917 5083 idem
960 5030 1177 5096 legitur;
1233 5041 1286 5086 at
1339 5035 1571 5088 secunda
1609 5036 1833 5090 servetur
1886 5030 2146 5094 deletum.

576 5100 691 5153 Mox
736 5099 960 5180 Quesu.,
999 5099 1111 5155 Erit
1157 5118 1274 5171 ergo
1318 5102 1624 5180 dilectionis.
1679 5108 1985 5162 Delevitnus
2031 5125 2150 5180 ergo

572 5176 888 5252 auctoritate
937 5183 1240 5227 nostrarum
1278 5176 1524 5230 codicqu
1571 5186 1626 5231 et
1672 5188 1986 5235 ceterarum
2036 5176 2151 5234 edi-

577 5252 799 5296 ttonutn.

643 5308 947 5390 ﬁAutiqure
965 5312 1251 5390 ‘editiones
1297 5314 1498 5373 Cancil.
1546 5332 1667 5373 cum
1718 5334 1853 5375 mss.
1892 5319 2046 5390 Hisp.
2096 5328 2152 5375 et

572 5380 697 5437 lsid.
724 5380 925 5437 addunt
956 5381 1084 5449 Dea,
1124 5392 1191 5438 et.

651 5452 667 5489 ί
701 5456 900 5520 Quesn.
933 5454 1081 5508 addit
1106 5455 1321 5523 epistola
1348 5459 1571 5511 secunda
1603 5473 1620 5511 :
1652 5457 1836 5515 delent
1866 5461 2032 5515 nostri
2060 5475 2152 5516 co—

572 5522 747 5588 dices,
793 5529 862 5578 nti
910 5532 1071 5579 etiam
1116 5522 1303 5592 Diom,
1354 5528 1518 5583 Labb.
1572 5538 1625 5583 et
1672 5530 1856 5585 Coust.
1909 5532 1965 5585 In
2014 5547 2145 5587 mss.

573 5592 751 5659 Colb.,
779 5594 985 5649 Fussat.
1011 5604 1063 5649 et
1090 5597 1276 5661 Curb.,
1306 5601 1374 5649 ad
1396 5598 1716 5652 Timotheum
1746 5617 1766 5654 :
1788 5602 1879 5656 sed
1906 5604 1958 5655 in
1986 5600 2147 5656 Corb.

573 5665 1008 5743 secundishcuri‘s
1048 5669 1385 5743 emendatum
1431 5671 1499 5724 ad
1547 5669 2044 5743 Thessalonicensem
2092 5672 2148 5727 In

574 5734 763 5816 priscis
785 5736 930 5816 edita
947 5735 1152 5816 Cottcil.
1166 5753 1299 5816 _cum
1322 5754 1457 5816 mss.
1477 5741 1856 5816 collectionum
1890 5742 2141 5816 Hadrian.

572 5810 630 5875 et
655 5801 1023 5875 Hisp.legitur
1062 5808 1129 5859 ad
1166 5806 1634 5867 Thessalonicenses
1680 5810 1743 5866 II
1784 5822 1831 5867 et
1869 5816 1937 5866 ad
1976 5811 2147 5868 Timo-

574 5871 763 5927 theum.
797 5871 957 5933 Barb.
974 5919 990 5944 ,
1018 5877 1263 5947 Apostala
1288 5891 1537 5939 monente.
1574 5880 1694 5939 Vat.
1726 5882 1887 5956 Κατ..
1911 5885 2149 5955 apostolo

1501 439 1839 498 APPENDIX
1876 436 1969 498 AD
2004 440 2063 497 S.
2106 434 2349 498 LEONIS
2388 440 2596 497 MAGNi
2636 441 2885 498 OPERA.

2034 4758 2149 4846 ‘1???
2178 4785 2232 4846 υ

3705 444 3798 505 520

2172 565 2223 624 Α
2250 559 2421 614 stolus
2460 559 2714 629 przedicat
2739 558 2967 623 Paulus,
3002 555 3161 629 205
3194 556 3353 613 talem
3394 555 3679 613 Ecclesiatn
3704 558 3795 616 Deo

2260 650 2637 717 exhibendam,
2651 667 2753 705 non
2776 650 3038 705 habentem
3060 649 3314 701 maculam
3325 648 3791 719 autrugam(Eptm,

2258 761 2314 811 v,
2344 746 2466 815 27):
2507 760 2575 800 ne
2603 745 2828 815 alicujus
2855 741 3112 798 morbida:
3141 742 3259 796 ovis
3293 739 3477 796 afflatu
3508 744 3791 798 conscientia

2258 848 2442 895 nostra
2490 836 2851 893 contaminata
2898 835 3148 891 violetur.
3176 833 3402 903 Propter
3438 848 3530 889 eos
3558 834 3701 904 igitur
3722 836 3793 903 qui

2258 931 2343 985 vel
2382 929 2679 999 ignorantia
2709 927 2791 982 vel
2822 925 3032 982 desidia
3075 942 3181 981 non
3209 933 3400 981 tenent
3418 924 3791 979 ecclesiasticam

2259 1020 2625 1089 disciplinam,
2665 1028 2718 1072 et
2744 1018 2908 1073 multa
2950 1030 3056 1072 non
3082 1014 3456 1081 prasumenda
3485 1024 3791 1085 praesumunt,

2260 1120 2407 1168 recte
2437 1108 2717 1181 postulasti
2760 1119 2818 1163 ut
2849 1110 2902 1163 in
2934 1108 3041 1163 illis
3069 1107 3312 1177 partibus
3352 1106 3642 1162 istiusmodi
3664 1122 3791 1176 quam

2260 1212 2410 1259 tenet
2436 1202 2673 1257 Ecclesia
2696 1200 2933 1256 Romana
2958 1200 3123 1255 forma
3150 1209 3427 1265 servetur;
3450 1213 3552 1254 non
3570 1213 3667 1270 quo
3685 1214 3793 1254 nova

2258 1305 2525 1367 praecepta
2574 1294 2749 1366 aliqua
2792 1295 3154 1364 imperentur;
3193 1293 3288 1349 sed
3315 1308 3377 1349 ea
3403 1307 3525 1364 quae
3552 1308 3638 1363 per
3679 1292 3792 1347 desi-

2260 1386 2401 1443 diam
2432 1388 2727 1458 aliquorum
2753 1385 2993 1457 neglecta
3020 1392 3165 1451 sunt,
3192 1383 3259 1440 ab
3283 1383 3533 1440 omnibus
3559 1383 3792 1439 obsonari

2260 1482 2571 1551 cupiamus:
2597 1496 2715 1550 quae
2746 1490 2922 1534 tamen
2948 1477 3239 1549 apostolica
3264 1484 3321 1534 et
3349 1477 3566 1533 Patrum
3592 1476 3794 1531 traditio-

2260 1591 2329 1632 ne
2350 1580 2475 1629 suut
2503 1572 2811 1630 constituta.
2847 1572 3115 1641 Scriptum
3146 1584 3377 1641 namque
3406 1580 3488 1625 est
3508 1570 3573 1624 ad
3602 1569 3795 1626 Thessa-

2260 1665 2581 1730 lonicenses,
2628 1660 2650 1701 ί
2674 1662 2840 1717 Paulo
2860 1673 3141 1718 monente:
3175 1661 3323 1717 State
3342 1671 3388 1715 et
3418 1668 3574 1715 tenete
3598 1661 3796 1715 traditio-

2259 1772 2347 1810 nes
2379 1764 2601 1823 nostras,
2632 1771 2757 1826 quas
2799 1753 2989 1807 tradidi
3030 1754 3166 1807 vobis
3189 1753 3293 1807 sive
3337 1770 3429 1823 per
3455 1754 3680 1823 uerbum,
3715 1754 3796 1807 sire

2260 1864 2352 1918 per
2370 1847 2637 1915 epistolam
2666 1845 2733 1914 (ll
2762 1844 2935 1901 Thess.
2966 1861 3024 1911 ll,
3061 1844 3169 1915 {5).
3198 1844 3328 1900 illud
3357 1854 3499 1900 tuam
3522 1854 3660 1901 certe
3682 1860 3796 1900 metr

2186 1938 2237 1999 Β
2263 1948 2369 1994 tem
2402 1938 2562 1994 debet
2590 1939 2604 1988 l
2639 1936 3005 1993 vehementius
3032 1938 3297 2004 excitare,
3332 1947 3393 1992 ut
3419 1936 3487 1991 ab
3520 1937 3658 1993 omni
3702 1936 3795 1990 labe

2262 2030 2440 2086 saeculi
2473 2029 2629 2083 istius
2667 2029 2919 2084 immunis
2948 2038 3073 2083 ante
3098 2027 3189 2082 Dei
3233 2036 3579 2096 conspectum
3603 2036 3653 2082 et
3675 2040 3796 2082 seca.

2260 2135 2353 2176 rus
2380 2120 2695 2176 inveniaris:
2719 2120 2805 2175 cui
2830 2120 2971 2174 enim
3004 2119 3225 2174 multum
3248 2118 3508 2184 creditur,
3542 2116 3654 2188 plus
3674 2116 3730 2171 ab
3746 2130 3795 2170 eo

2261 2213 2492 2282 exigitur
2540 2228 2699 2267 usura
2752 2226 3053 2281 prunarum.
3112 2210 3253 2279 Ergo
3298 2211 3550 2280 quoniam
3586 2225 3682 2263 non
3722 2221 3798 2277 pro

2261 2305 2417 2360 nobis
2442 2312 2669 2370 tantum,
2701 2304 2793 2360 sed
2815 2316 2868 2359 et
2892 2319 2992 2374 pro
3011 2303 3207 2373 p0pulo
3223 2302 3425 2357 Christi
3446 2303 3675 2371 cogimur
3693 2316 3799 2369 pra:-

2259 2410 2405 2454 stare
2432 2401 2716 2463 rationem,
2740 2396 2766 2433 ιι
2798 2396 3081 2466 disciplina
3119 2395 3309 2451 deilica
3339 2397 3592 2465 populum
3623 2392 3799 2449 erudire

2261 2491 2541 2546 debemus.
2575 2487 2593 2527 ¹
2635 2489 2971 2543 Exstiterunt
2996 2488 3139 2542 enim
3196 2484 3437 2541 nonnulli
3478 2485 3598 2553 qui,
3636 2492 3798 2538 statuta

2260 2582 2521 2651 majorum
2543 2595 2653 2637 non
2678 2586 2940 2645 tenentes,
2965 2577 3266 2633 castitatem
3285 2575 3543 2631 Ecclesiae
3563 2589 3650 2630 sua
3671 2574 3800 2645 eos

2260 2673 2675 2746 praesumptione
2710 2672 3003 2737 violarent,
3041 2666 3220 2739 populi
3252 2666 3493 2745 favorem
3532 2675 3797 2736 sequentes,

2259 2776 2315 2823 et
2348 2767 2438 2820 Dei
2465 2766 2728 2835 judicium
2770 2780 2877 2818 non
2916 2764 3185 2817 timentes.
3219 2760 3358 2831 Ergo
3385 2774 3454 2815 ne
3497 2759 3693 2814 silentia
3721 2771 3798 2812 no-

2260 2866 2374 2913 stra
2402 2866 2441 2893 ω
2469 2857 2840 2912 existimemur
2867 2854 2950 2909 bis
2978 2854 3219 2924 praebere
3248 2848 3798 2917 consensum,Domino

2261 2950 2503 3004 dicente:
2544 2948 2763 3003 Videbas
2783 2948 2949 3015 furem
2978 2954 3026 2999 et
3048 2945 3286 2999 currebas
3313 2960 3429 2998 cum
3457 2960 3518 2999 eo
3545 2942 3653 3013 (Ps.
3683 2956 3798 3005 xttx,

2262 3039 2383 3113 18):
2411 3041 2523 3097 haec
2564 3051 2691 3097 sunt
2738 3056 2857 3110 quae
2906 3038 3160 3108 deinceps
3208 3038 3405 3092 intuitu
3458 3037 3616 3092 divini
3648 3033 3798 3105 judicii

2260 3148 2475 3189 omnem
2506 3132 2828 3187 catholicum
2861 3129 3173 3201 episcopum
3191 3129 3411 3199 expedit
3440 3128 3713 3184 custodire.

2332 3226 2461 3283 Car.
2505 3227 2545 3281 l.
2590 3256 2663 3269 —
2691 3226 2925 3280 Primum
2956 3234 3015 3280 ut
3042 3233 3193 3281 extra
3222 3223 3600 3280 conscientiam
3628 3232 3797 3277 metro-

2184 3310 2232 3376 C
2263 3321 2482 3393 politani
2510 3321 2750 3392 episcopi
2774 3321 2951 3377 nullus
2972 3320 3165 3377 audeat
3194 3327 3223 3356 ιι
3255 3318 3527 3375 ordinare.
3562 3315 3796 3385 [ntegrum

2257 3482 2433 3538 Paulo
2478 3490 2727 3539 manente.
2768 3480 2885 3535 Mox
2916 3476 3078 3534 Vi’nd.
3122 3478 3267 3536 delet
3307 3492 3469 3535 voces
3493 3492 3613 3548 quas
3637 3477 3795 3533 tradidi

2256 3556 2417 3609 vobis.

2330 3625 2345 3676 i
2386 3624 2497 3680 Vox
2529 3621 2893 3687 vehementius,
2924 3624 2953 3675 a
2981 3620 3271 3686 Quesnello
3296 3621 3516 3686 omissa,
3543 3638 3608 3678 ex
3628 3620 3793 3677 nostris

2253 3696 2531 3751 codicibus
2572 3707 2627 3751 et
2670 3695 2895 3762 vulgatis
2935 3694 3251 3747 restituitur.
3298 3692 3421 3746 Mox
3451 3693 3601 3749 Barb.
3632 3691 3793 3746 omittit

2254 3768 2527 3832 immunis;
2555 3777 2609 3821 et
2637 3781 2757 3821 cum
2790 3765 2999 3818 caeteris
3024 3764 3249 3831 vulgatis
3278 3763 3424 3817 delet
3453 3775 3499 3815 et
3537 3774 3651 3818 ante
3674 3778 3792 3817 secu-

2254 3854 2365 3891 rus.
2420 3840 2547 3891 Dein
2598 3851 2755 3891 voces
2806 3850 2963 3886 usura
2990 3850 3272 3905 spumarum
3320 3838 3372 3887 in
3426 3834 3649 3902 pluribus
3685 3846 3789 3905 mss.

2254 3912 2646 3976 praetermissas
2671 3948 2685 3972 ,
2730 3905 2886 3971 hujus
2914 3917 2963 3958 et
2995 3903 3215 3976 aliarum
3260 3906 3613 3971 antiquiorum
3657 3903 3791 3976 colle-

2252 3966 2487 4033 ctinuum
2518 3966 2843 4043 exemplaria
2876 3976 3125 4028 retinent.
3151 3966 3342 4029 Postea
3372 3966 3472 4044 pro
3502 3976 3676 4030 Christi
3700 3973 3791 4029 edi-

2254 4049 2328 4101 tio
2359 4050 2512 4103 Rom.
2549 4050 2710 4103 Italici
2734 4048 2945 4099 credito.
3222 4055 3232 4065 '

2330 4119 2353 4156 ¹ί
2383 4123 2457 4174 Ita
2501 4119 2658 4175 codd.
2700 4118 2912 4171 Tltuan.
2951 4124 3005 4170 et
3043 4114 3204 4171 Vind.
3254 4116 3418 4185 hujus
3468 4113 3787 4185 collectionis,

2253 4208 2372 4246 cum
2404 4192 2637 4258 Dionysii
2668 4188 2911 4253 exemplo
2935 4188 3097 4255 llegio
3125 4196 3178 4240 et
3204 4184 3339 4258 edit.
3370 4187 3622 4258 Romana.
3646 4184 3787 4258 Codd.

2256 4264 2374 4317 Vat.
2410 4256 2623 4327 Regium
2652 4271 2704 4315 et
2738 4259 2777 4312 Β
2815 4260 2917 4317 rb..
2956 4258 3227 4327 disciplina
3273 4257 3555 4313 Dontintca.
3582 4256 3720 4312 Corb.
3747 4263 3790 4327 et

2254 4334 2465 4389 Fossat.
2494 4326 2649 4394 mss.,
2674 4345 2807 4398 quos
2832 4326 3173 4382 Caustantius
3209 4340 3427 4383 secutus
3458 4340 3565 4394 est,
3595 4326 3789 4398 discipli‘

2251 4421 2370 4456 nam
2401 4393 2643 4468 deificum
2655 4418 2673 4467 ;
2694 4393 2809 4453 duo
2843 4398 3020 4462 Colb.,
3050 4398 3373 4467 disciplinam
3401 4393 3720 4453 Daminicatn.
3743 4393 3787 4468 in

2252 4489 2381 4529 mss.
2425 4464 3026 4531 callet-Liladrianeae,
3058 4464 3340 4539 disciplina
3379 4470 3667 4539 sanctiﬁea,
3692 4464 3785 4539 vel,

2252 4560 2370 4599 cum
2401 4540 3015 4605 JuStello,_sanctiﬁcata.
3040 4536 3208 4595 Codd.
3238 4540 3385 4609 Hist).
3417 4552 3473 4595 et
3504 4536 3640 4607 ls'id.,
3664 4536 3789 4592 disci-

2252 4616 2395 4684 plina
2443 4614 2789 4685 sanctiﬁcare.
2835 4610 2985 4685 Hinc_
3022 4611 3198 4685 lectio
3229 4614 3363 4685 cod.
3390 4612 3787 4685 _0;0tt.,_‘qu_a-nl

2253 4678 2571 4753 Quesuellus
2597 4678 2857 4750 arripuit,
2887 4681 2987 4753 etsi
3021 4697 3048 4733 a
3081 4681 3266 4753 codice
3300 4682 3591 4753 lsidnriann
3616 4678 3788 4753 lerlitti

2255 4750 2658 4819 cotnnrobetnr,
2687 4754 2893 4806 sincera
2934 4750 3122 4822 haberi
3156 4752 3359 4822 nequit.
3396 4754 3490 4808 Est
3528 4762 3686 4807 autem
3710 4750 3789 4822 hu-

2250 4826 2482 4896 jusmodi
2515 4843 2529 4879 :
2560 4824 2749 4878 idcirco
2783 4822 3057 4893 disciplina
3098 4821 3195 4875 Dei
3224 4818 3547 4893 sanctiﬁcare
3582 4818 3788 4894 populum

2253 4907 2300 4951 et
2328 4898 2547 4951 erudire.

2330 4966 2346 5004 ι
2384 4968 2480 5039 Sic
2509 4966 2630 5021 cod.
2666 4964 2824 5039 Vind.
2862 4977 2983 5039 ct_tm
3019 4962 3172 5017 Dion.
3203 4973 3256 5019 et
3286 4964 3662 5039 antiquioribus
3680 4973 3786 5039 mss.

2255 5038 2391 5107 apud
2441 5036 2835 5107 Constantium.
2886 5034 3087 5101 Quesn.
3138 5050 3259 5089 cum
3306 5035 3485 5091 Oxon.
3534 5045 3586 5091 et
3624 5034 3788 5107 nostris

2254 5104 2413 5163 Barb.
2442 5117 2496 5161 et
2535 5107 2654 5160 Vat.
2686 5105 2943 5177 Reginae,
2966 5121 3064 5159 nec
3084 5120 3347 5177 rnoncutn
3392 5108 3641 5177 exemplis
3666 5104 3787 5177 Hisp.

2253 5194 2305 5235 et
2357 5180 2507 5241 lsid.,
2542 5188 2595 5231 et
2636 5178 2865 5245 antiquis
2907 5175 3113 5231 Coucil.
3161 5176 3493 5234 editioniltus
3524 5175 3788 5245 {Quosdam

2254 5260 2423 5304 autem
2453 5248 2636 5303 asseris
2658 5248 2907 5302 exstitisse
2926 5287 2940 5310 ,
2972 5247 3057 5314 qui
3088 5255 3299 5301 statuta.
3332 5248 3458 5303 Mox
3486 5250 3668 5317 Questt.
3691 5254 3809 5298 cum.

2254 5325 2443 5376 eodem
2475 5320 2675 5384 Oxnn.,
2704 5316 2928 5381 violant;
2956 5320 3107 5379 alias,
3138 5318 3393 5373 violarint.

2326 5402 2364 5428 ω
2414 5392 2641 5455 Quesn.,
2685 5391 2975 5449 uideamur;
3008 5400 3059 5441 et
3094 5388 3218 5443 dein
3250 5389 3468 5445 Domina
3506 5391 3681 5444 dicente
3719 5396 3789 5455 per

2256 5452 2572 5531 Praphitam
2598 5452 2898 5531 :Videbas.‘
2922 5458 3253 5531 Sincerinres
3277 5473 3475 5531 nostrae
3500 5452 3789 5531 collectiouis

2257 5528 2415 5587 codd.
2466 5530 2815 5601 praetulituus.
2854 5528 2980 5601 Mss.
3030 5528 3148 5583 Val.
3194 5530 3349 5601 Reg.‘
3384 5530 3565 5599 Barb.,
3596 5529 3724 5595 Hisp.
3748 5529 3791 5575 et

2254 5598 2569 5677 lsid._voces
2587 5618 2688 5677 _per
2722 5598 3037 5670 Praphetam
3063 5598 3346 5677 ιἐιὶηγιξηὲ.⁷
3410 5672 3469 5677 Ψ
3554 5598 3559 5599 ί
3662 5666 3719 5677 ,,

2327 5682 2353 5709 ι
2396 5673 2539 5726 Ιάςιιιι
2577 5664 2802 5738 Quesn.,
2831 5664 2959 5725 cum
2991 5686 3118 5727 mss.
3163 5676 3365 5738 Uxon.,
3408 5672 3550 5738 Hisp.
3581 5679 3625 5727 et
3662 5664 3787 5727 Isid"

2254 5754 2375 5813 post
2401 5745 2673 5809 ordinare,
2700 5756 2761 5795 ac
2790 5741 2914 5815 dein
2956 5750 3076 5809 post
3115 5754 3417 5811 prtesumat,
3457 5739 3591 5798 addit
3626 5739 3787 5815 θρῖπε-

2255 5806 2378 5883 pum
2406 5829 2423 5867 :
2453 5815 2633 5869 delent
2660 5806 2831 5868 nostri
2854 5821 2910 5867 et
2934 5806 3249 5869 umerorum
3279 5806 3634 5871 collectiouum
3652 5806 3786 5863 codi-

2256 5899 2381 5951 ces;
2429 5899 2496 5941 ex
2537 5884 2732 5955 quibus
2777 5897 2904 5940 mox
2947 5884 3081 5939 enim
3127 5884 3463 5942 inseruimus.
3506 5884 3617 5940 Post
3642 5889 3785 5949 pauca
