3992 6348
566 445 670 504 527

1501 432 1840 492 APPENDlX
1879 431 1969 488 AD
2007 430 2066 489 S.
2109 427 2350 486 LEONIS
2387 426 2602 484 MAGNI
2637 411 2892 484 OPERA.

3655 413 3736 484 ses

565 571 833 628 sentientes
872 576 1248 640 permaneamus
1292 560 1346 614 in
1383 557 1584 614 Christo
1623 556 1889 629 (Philipp.
1925 569 1986 621 ιι,
2028 552 2133 622 5)’;
2161 556 2216 615 Α
2241 550 2381 607 tibus
2425 550 2617 605 animis
2643 557 2697 606 ct
2723 551 2867 605 omni
2895 544 3120 640 veritate
3149 542 3427 640 discussa,
3461 547 3735 607 cessantibus

566 663 698 720 nihil
725 677 822 734 per
845 658 1238 717 contentionem
1268 651 1444 719 nobis,
1475 663 1648 720 neque
1669 664 1766 720 per
1795 649 2005 702 inanem
2027 647 2141 716 glo-

566 757 700 812 riam
729 751 1090 814 vindicantes;
1124 761 1230 802 non
1261 736 1590 808 hominibus,
1628 741 1722 797 sed
1751 741 1862 795 Deo
1885 736 2140 794 salvat‘ori

566 854 752 904 nostro
782 843 1050 910 placentes
1076 856 1091 891 :
1123 839 1209 893 cui
1253 846 1335 894 est
1362 836 1536 892 honor
1569 843 1625 890 et
1653 833 1820 904 gloria
1859 832 1914 887 in
1945 828 2141 886 saecula

566 937 896 994 seculorum.
919 935 1112 991 Amen.
1145 931 1276 987 Data
1301 945 1368 985 xv
1396 926 1610 984 kalend.
1640 925 1880 992 Martias,
1905 920 2142 978 Honorio

476 1099 478 1102 ν
568 1018 804 1100 Λυδιιέιο
822 1025 1018 1082 sexties
1036 1032 1091 1080 et
1113 1032 1140 1061 ει
1168 1022 1472 1078 Aristeneto
1491 1017 1823 1075 consulibus.

1047 1132 1446 1192 CAPITULUM
1485 1129 1652 1187 XXV.

723 1229 752 1270 δ
777 1227 969 1300 Incipit
995 1227 1300 1300 principium
1319 1223 1505 1296 synodi
1535 1219 1983 1278 Chalcedonensis.

569 1335 593 1364 ε
607 1323 869 1380 Vtcrenes
888 1321 1319 1378 VALENTINIANUS
1333 1325 1387 1372 et
1407 1317 1734 1381 Mancunus,
1756 1310 1939 1383 inclyti
1959 1308 2142 1366 trium-

635 1393 1304 1464 phatores,_imperatores
1341 1402 1555 1464 semper
1583 1385 1840 1455 Augusti,
1869 1387 2140 1438 Anuouo

635 1460 889 1536 episcopo
907 1460 1528 1530 Constantinopolitano.

637 1578 898 1636 Omnibus
941 1575 1170 1647 negotiis
1210 1573 1407 1630 divina:
1448 1587 1536 1628 res
1573 1568 1951 1643 praeponendae
1996 1574 2141 1624 sunt.

568 1674 680 1732 Deo
719 1673 861 1730 enim
905 1670 934 1708 ά
977 1669 1343 1740 omnipotente
1389 1667 1623 1738 propitio
1661 1663 2040 1736 rempublicam
2088 1668 2144 1716 et

572 1769 1018 1836 conservandam,
1039 1776 1093 1824 et
1114 1765 1492 1824 meliorandam
1515 1780 1634 1822 esse
1653 1763 1991 1821 conﬁdimus.
2009 1758 2144 1830 Quia

573 1867 734 1938 igitur
767 1865 1126 1922 dubitationes
1165 1861 1409 1932 quaedam
1449 1859 1503 1914 in
1549 1858 1845 1914 orthodoxa
1889 1855 2143 1926 religione

2242 644 2402 698 etiam
2423 643 2612 698 studiis
2627 641 2818 712 quibus
2841 638 3065 695 antehac
3082 637 3161 693 usi
3178 637 3385 708 quidam
3407 651 3734 699 sacrosanctam

2243 736 2593 793 orthodoxam
2622 735 2934 806 religionem
2963 733 3310 790 conturbasse
3333 742 3621 802 noscuntur,
3641 752 3736 794 ven

2245 830 2379 887 ﬁdes
2406 840 2588 887 nostra
2618 838 2812 886 cuncto
2839 829 3034 885 saeculo
3055 828 3380 885 manifestius
3403 829 3677 895 innotescat,
3697 840 3740 886 ut

2244 920 2497 985 deinceps
2545 921 2689 976 nulla
2735 920 2903 991 possit
2944 933 3065 976 esse
3093 918 3353 976 dubitatio
3388 920 3466 975 vel
3506 919 3738 977 discordia.

2243 1011 2357 1081 Qua
2386 1011 2454 1069 de
2493 1027 2554 1069 re
2581 1009 2836 1069 sanctitas
2872 1020 2960 1068 tua
2987 1027 3108 1068 cum
3143 1011 3335 1084 quibus
3373 1011 3605 1082 placuerit
3625 1030 3739 1070 reve-

2243 1106 2559 1163 rentissimis
2580 1107 2850 1177 episcopis
2877 1121 3010 1177 quos
3036 1105 3105 1162 de
3127 1105 3378 1163 Ecclesiis
3396 1106 3490 1162 sub
3512 1107 3584 1162 sui
3607 1121 3742 1164 saur-

2243 1197 2378 1254 dotii
2396 1213 2522 1254 cura
2543 1194 2870 1266 constitutis,
2889 1199 3111 1256 idoneos
3125 1207 3182 1255 et
3195 1197 3476 1254 instructos
3493 1197 3743 1255 orthodoxa

2242 1287 2516 1360 religionis
2557 1303 2676 1344 esse
2712 1287 3057 1360 probaverit,
3088 1288 3156 1344 ad
3191 1287 3490 1359 praedictam
3520 1285 3538 1325 ῐ
3565 1288 3745 1346 Nicaea

2242 1383 2512 1439 civitatem
2556 1383 2694 1438 intra
2736 1382 2878 1438 diem
2921 1381 3265 1439 kalendarum
3297 1381 3654 1452 Septembrium
3689 1383 3747 1439 ire

2243 1480 2585 1550 deproperet.
2633 1478 2780 1535 Sciat
2823 1487 2998 1533 autem
3037 1477 3224 1549 religio
3253 1486 3346 1534 tua
3371 1479 3521 1534 etiam
3546 1477 3746 1534 serenita-

2246 1581 2351 1627 tem
2386 1582 2410 1620 ε
2441 1581 2676 1628 nostram
2707 1570 3001 1628 venerabili
3030 1571 3236 1642 synodo
3257 1570 3633 1640 interluturam,
3673 1570 3749 1627 nisi

2246 1665 2382 1722 forte
2420 1679 2518 1721 nos
2547 1665 2772 1736 publica:
2812 1665 3160 1720 necessitates
3187 1663 3241 1719 in
3267 1663 3660 1734 expeditionibus
3679 1661 3748 1718 de-

2246 1759 2519 1815 tinuerint.
2546 1758 2808 1814 Divinitas
2831 1767 2882 1813 te
2897 1767 3074 1813 servet
3093 1772 3189 1826 per
3211 1757 3407 1812 multos
3426 1771 3599 1824 annos,
3614 1765 3750 1812 saucts

2246 1869 2309 1910 ac
2334 1853 2654 1910 venerabilis
2674 1852 2852 1907 Pater.
2871 1852 3001 1906 Data
3022 1868 3052 1906 ιι
3069 1849 3178 1906 kal.
3211 1851 3420 1919 lunias,
3446 1851 3751 1907 Constantino-

537 1966 540 1970 ί
569 1967 751 2016 nostra
789 1957 1037 2013 videntur
1077 1968 1199 2010 esse
1243 1951 1408 2027 214.
1441 1951 1770 2019 commissae,
1815 1949 1953 2006 sicut
1987 1949 2146 2004 etiam
2177 1942 2226 2005 B
2253 1945 2380 2016 poli,
2406 1943 2686 2002 consulatu
2708 1942 2919 1998 Domini
2951 1942 3200 1998 Marciani
3232 1943 3471 2014 perpetui
3498 1942 3752 2014 Augusti,et

568 2050 796 2122 epistola
809 2044 1236 2106 reverendissimi
1253 2045 1349 2099 Vll'l
1367 2042 1605 2114 episcOpi
1623 2043 1778 2098 almae
1790 2042 1937 2098 urbis
1957 2040 2143 2096 Romae
2248 2038 2338 2108 qui
2368 2035 2528 2092 fuerit
2549 2034 2840 2090 nuntiatus.

568 2141 768 2200 Leonis
795 2147 1042 2206 testatur,
1073 2137 1126 2192 id
1157 2134 1460 2208 specialiter
1487 2135 1787 2192 clementia:
1813 2143 2008 2190 nostrae
2032 2133 2146 2204 pla-

567 2236 720 2303 cuit,
757 2240 818 2288 ιιι
859 2230 1179 2288 venerabilis
1215 2229 1452 2301 synodus
1496 2238 1520 2267 ⁸
1567 2228 1624 2284 in
1669 2229 1884 2284 Nicena
1929 2227 2146 2284 civitate

570 2327 856 2402 provincia:
878 2323 1140 2397 Bithyniae
1161 2323 1488 2389 celebretur;
1516 2332 1778 2396 quatenus
1823 2321 2148 2379 convenien-

649 2524 677 2555 ⁸
706 2515 861 2570 Dion.
891 2510 1127 2577 Justelli,
1153 2511 1461 2566 Aristoneto.
1487 2507 1643 2575 lsid.,
1672 2508 1863 2562 Aristo.
1904 2505 2065 2561 Barb.
2095 2513 2149 2562 et

577 2585 970 2657 Dionysiimss.
993 2583 1319 2657 esemplaria
1343 2581 1594 2657 chronica
1622 2587 1745 2633 nota
1768 2587 1972 2633 carent.

648 2655 676 2696 δ
716 2645 898 2723 ‘Hujus
937 2645 1270 2708 collectionis
1309 2650 1560 2721 antiquus
1598 2659 1783 2705 auctor
1822 2663 1931 2723 pra:
1972 2645 2150 2723 oculis

575 2725 762 2782 habuit
803 2718 1112 2794 primaevam
1142 2718 1510 2794 colicCtioncm
1541 2729 1813 2794 gestorum
1857 2718 2152 2794 Chalcedo-

576 2790 820 2853 nensiuni
851 2796 901 2850 ei
934 2795 1090 2864 plane
1111 2793 1362 2864 similem,
1382 2807 1547 2864 quam
1577 2790 1882 2864 reper_imus_
1907 2790 1971 2864 ἰιιΔ
2002 2796 2152 2842 vetn-

573 2868 809 2923 stissimo
839 2859 948 2920 ms.
975 2864 1226 2919 Vaticano
1274 2859 1444 2930 1322‘,
1498 2872 1553 2915 ut
1605 2859 1805 2930 patebit
1832 2860 1897 2914 ei:
1938 2859 2005 2930 iis
2031 2873 2149 2928 qua:

573 2937 1046 2993 animadvertimus
1069 2936 1119 2988 in
1143 2929 1619 2989 Observationibus’
1637 2932 1703 2986 ad
1720 2929 2148 2986 dissertationem

571 3009 606 3063 9
638 3007 904 3074 Quesuelli
929 3007 994 3061 de
1014 3019 1178 3061 causa
1199 3004 1385 3058 Domni
1416 3002 1909 3074 Antioclteni,tom.
1937 3001 1998 3074 ll.
2026 3000 2151 3054 llaec

571 3071 734 3149 porro
760 3078 1010 3148 primaeva
1041 3075 1354 3149 earumdem
1389 3084 1661 3149 gestorum
1693 3073 1940 3149 collectio
1981 3071 2150 3149 impe-

571 3141 735 3203 riales
761 3141 962 3212 sacras,
991 3155 1046 3201 et
1084 3141 1457 3200 allocutionem
1489 3145 1704 3206 Latine,
1741 3144 1816 3198 uti
1847 3143 2003 3212 edita:
2032 3141 2147 3195 fue-

575 3228 720 3281 runt,
739 3211 961 3285 recepit.
976 3215 1291 3280 Quesnellus
1305 3215 1664 3269 hunctitnlnm
1683 3211 2150 3285 prteﬁxitCanones

575 3291 756 3358 synodi
779 3282 1227 3358 Chalcedonensis,
1259 3293 1450 3358 printer
1470 3284 1708 3358 Thuanei
1730 3292 1785 3358 e_t
1815 3283 1978 3358 nostri
2005 3282 2152 3358 codi-

573 3353 654 3412 cis
679 3356 1100 3412 Vindebonensis
1129 3356 1304 3410 ﬁdem.
1343 3355 1508 3409 Porro
1538 3356 1696 3408 verba
1738 3354 1927 3420 Incipit
1955 3353 2148 3422 prittcih

573 3429 716 3497 pium
758 3426 941 3498 synodi
998 3425 1417 3498 Chalcedonensis
1469 3425 2145 3498 subiectam__impcria'e_m

569 3495 743 3569 legem
769 3495 1080 3566 rcSpiciunt,
1112 3511 1214 3566 qua
1244 3497 1528 3569 concilium
1573 3498 1744 3569 primo
1779 3495 1970 3569 Nicaea:
2010 3495 2146 3569 indi-

569 3565 717 3625 ctum
749 3565 871 3624 fuit.
896 3569 953 3624 In
985 3583 1086 3622 ms.
1119 3565 1294 3622 autem
1349 3567 1467 3622 Vat.
1502 3567 1640 3622 i522
1664 3567 1859 3622 rectius
1879 3566 1997 3620 dure
2026 3565 2146 3619 alia:

563 3641 714 3710 leges
735 3641 1091 3710 subjiciuntur
1125 3655 1153 3692 a
1186 3647 1372 3710 nostro
1410 3639 1700 3710 collectorc
1727 3638 1940 3710 omissa:
1971 3678 1986 3702 ,
2029 3650 2146 3704 qua:

564 3707 707 3769 idem
736 3707 1021 3766 concilium
1044 3708 1217 3762 Nicma
1242 3708 1636 3776 Chalcedonem
1670 3707 2072 3762 transtulerunt.

645 3793 667 3820 ο
693 3783 819 3836 llaec
845 3782 931 3835 lex
961 3788 1171 3847 sumpta
1196 3787 1278 3832 est
1305 3794 1370 3832 ex
1405 3777 1645 3845 originali
1676 3777 1888 3842 Latino,
1920 3793 2026 3831 non
2047 3792 2144 3832 au-

569 3861 675 3906 tem
697 3867 728 3906 e
757 3849 946 3906 Graeco
975 3847 1162 3901 Latine
1192 3847 1416 3911 reddita,
1452 3849 1528 3901 uti
1577 3848 1701 3901 fecit
1729 3847 2008 3914 Rusticus,
2054 3849 2145 3914 qui

565 3922 814 3978 Latinum
868 3917 1129 3987 originale
1182 3918 1236 3970 in
1290 3918 1400 3972 suis
1441 3917 1716 3972 codicibus
1763 3933 1869 3970 non
1918 3918 2142 3972 invenit.

565 3991 808 4044 Crabbus
857 3990 992 4044 duos
1033 3987 1260 4043 codices
1283 3987 1466 4042 habuit
1498 4003 1617 4042 cum
1650 3987 2142 4042 Chalcedonensem

567 4060 846 4132 synodum
871 4058 1059 4122 edidit,
1091 4058 1316 4132 alterum
1349 4058 1510 4132 hujus
1540 4058 1874 4132 collectionis
1895 4101 1909 4123 ,
1943 4058 2144 4132 Rustici

567 4128 750 4184 alium.
808 4128 939 4184 Cum
985 4142 1116 4183 vero
1141 4128 1378 4198 codicem
1419 4129 1620 4183 Rustici
1651 4129 1916 4197 vulgavit,
1969 4128 2142 4198 quoad

566 4201 706 4255 hanc
735 4201 940 4269 legem,
975 4197 1180 4254 Rustici
1204 4199 1448 4269 versione
1493 4199 1689 4253 omissa
1714 4239 1729 4263 ,
1761 4215 1916 4267 quam
1958 4197 2141 4268 postea

565 4268 815 4326 Baluzius
855 4269 1113 4340 protulit,
1158 4268 1324 4339 ipsius
1352 4269 1611 4338 originale
1643 4270 1888 4324 Latinum
1916 4271 2143 4325 inseruit

563 4352 701 4409 part.
735 4359 783 4409 ι,
812 4358 868 4396 ιι.
899 4341 989 4397 37.
1019 4341 1153 4395 Hinc
1181 4349 1376 4410 printer
1404 4341 1642 4394 codicem
1674 4340 2138 4396 Vindebonensem

563 4412 756 4482 Crabhi
787 4426 998 4482 quoque
1025 4412 1298 4482 exemplar
1313 4413 1756 4482 irecOgnovimus.

605 4477 662 4563 ,ἀ
684 4483 767 4563 Ex
787 4477 1027 4563 utroque
1053 4496 1155 4536 ms.
1187 4477 1349 4535 Vind.
1379 4492 1434 4537 et
1460 4482 1654 4537 Crabbi
1694 4481 1998 4538 addidimus
2034 4498 2142 4537 om—

565 4562 842 4620 utpotentc,
871 4563 925 4607 et
955 4563 1140 4621 postea
1171 4568 1292 4606 esse.

640 4622 921 4696 {_Quesn.,
944 4623 998 4676 in
1025 4622 1422 4696 Chalcedonensi
1444 4640 1462 4676 :
1484 4634 1538 4679 et
1565 4624 1618 4678 in
1639 4624 1879 4693 margine
1904 4640 1920 4678 ε
1956 4623 2140 4696 Vulg.,

2178 3321 2226 3386 C

2453 2126 2482 2166 ιι
2515 2127 2654 2182 Ordo
2678 2136 2934 2199 gestorum
2959 2130 3144 2199 synodi
3172 2126 3597 2185 Chalcedonensis.

2319 2223 2451 2279 Cum
2481 2222 2813 2294 pervenisset
2851 2221 3124 2292 piissimus
3143 2232 3198 2279 et
3223 2223 3556 2280 ﬁdelissimus
3576 2223 3752 2295 impen-

2253 2329 2336 2375 tor
2365 2319 2663 2375 Marcianus
2699 2315 2715 2354 ί
2749 2316 2816 2374 ad
2843 2316 2984 2374 diem
3010 2317 3112 2374 sub
3139 2319 3303 2390 215
3334 2316 3422 2374 die
3461 2315 3755 2374 sanctissimo-

2250 2517 2370 2563 cum
2401 2520 2498 2561 suo
2519 2505 2692 2560 Oxon.
2719 2519 2842 2568 ms.,
2867 2503 3120 2558 Allocutio
3143 2501 3403 2559 Marciani
3422 2503 3756 2576 imperatoris“

2252 2579 2506 2649 synodum
2536 2576 3014 2649 Chalcedonensem.

2329 2649 2346 2688 ί
2378 2650 2602 2716 Quesn.,
2635 2648 2937 2702 Oxoniense
2964 2645 3236 2716 exemplar
3255 2656 3492 2714 secutus,
3512 2647 3572 2700 ad
3588 2645 3694 2700 diem
3711 2655 3757 2698 at

2251 2720 2624 2775 sanctissimum
2650 2718 2950 2787 martyrium
2975 2715 3203 2771 Calenici
3232 2727 3282 2771 et
3319 2718 3624 2786 Euphemus;
3660 2724 3700 2770 et
3722 2717 3758 2768 in

2253 2791 2526 2846 notatione
2555 2789 2760 2843 addidit
2784 2806 2799 2845 :
2835 2809 2851 2839 ι
2873 2790 2998 2853 Seu,
3030 2801 3087 2842 ut
3113 2789 3272 2844 habet
3303 2789 3470 2843 codex
3498 2787 3758 2842 Thuaneus:

2256 2863 2365 2917 Sub
2410 2861 2491 2914 die
2519 2859 2951 2914 sanctissimorum
2986 2871 3267 2929 martyrum
3301 2861 3464 2914 sancti
3492 2856 3702 2913 Gallenici
3727 2871 3759 2929 es

2254 2931 2571 2999 Euphemiw.
2603 2929 2728 2984 Haec
2769 2929 2930 2984 verba
2971 2928 3134 3000 longe
3166 2931 3329 2985 aliter
3358 2931 3589 2998 leguntur
3619 2939 3702 2982 tam
3723 2928 3759 2981 in

2254 3003 2372 3058 aliis
2391 3002 2639 3057 omnibus
2670 3001 3000 3056 versionibus
3027 3011 3080 3055 et
3105 3000 3382 3056 codicibus
3410 3001 3612 3066 Latinis,
3643 3011 3760 3068 quant

2257 3075 2308 3147 in
2362 3075 2478 3147 ipso
2531 3071 2740 3147 Graeco.
2793 3071 2902 3126 lloc
2949 3072 3117 3147 ita__se
3145 3071 3306 3126 habet
3335 3088 3351 3147 ς
3381 3072 3430 3126 ἐν
3471 3081 3530 3147 τῇ
3563 3071 3760 3147 ἁγιωτᾴη

2253 3145 2515 3222 Ἐκιεᾈησίᾳ
2555 3153 2645 3204 τῆς
2675 3143 2820 3205 ὁσίας
2857 3147 2940 3199 καὶ
2967 3143 3240 3222 uomitandi)
3270 3142 3760 3222 μάρτυρςιξ

2254 3209 2502 3270 Codiceni
2529 3223 2706 3268 tamen
2737 3224 2922 3268 noStro
2947 3212 3174 3268 similem
3201 3209 3370 3281 penes
3397 3209 3455 3268 δέ
3476 3209 3638 3268 habuit
3653 3209 3761 3265 card.

2256 3284 2540 3347 BarOnius,
2586 3301 2647 3338 ex
2675 3300 2782 3353 quo
2810 3285 2874 3338 ad
2902 3299 3098 3338 annum
3125 3285 3222 3340 451
3262 3300 3416 3340 num.
3450 3283 3565 3348 112,
3588 3281 3763 3353 asseruit

2256 3370 2371 3410 eam
2411 3350 2862 3410 Chalcedonensis
2891 3355 3098 3410 concilii
3129 3358 3429 3410 sessionem
3470 3362 3679 3417 sextam,
3703 3350 3764 3405 cui

2253 3427 2492 3480 interluit
2526 3426 2819 3480 Marcianus
2857 3426 3072 3491 imper.,
3103 3426 3430 3481 celebratam
3457 3439 3567 3482 esse
3589 3423 3658 3478 die
3683 3424 3766 3490 ipsa

2252 3496 2413 3550 natali
2433 3498 2678 3568 ejusdem,
2699 3498 2750 3550 in
2771 3497 2914 3568 cujus
2937 3496 3142 3550 basilica
3161 3496 3428 3568 agebatur,
3453 3495 3766 3568 gloriosissiuta

2253 3561 2467 3638 virginis
2481 3579 2526 3622 et
2547 3568 2786 3637 martyris
2811 3561 3108 3635 Euphemiat
3130 3561 3281 3638 atque
3310 3561 3542 3622 Callinici
3558 3564 3764 3634 martyris,

2251 3637 2411 3709 obque
2439 3639 2536 3693 diei
2568 3638 2900 3692 celebritatem
2925 3638 3208 3709 interfuisse
3225 3637 3552 3709 Marcianum
3578 3638 3764 3709 imperat.

2250 3719 2295 3761 et
2327 3704 2669 3763 'Pulcheriam
2720 3711 3016 3780 Augustam.
3049 3704 3158 3780 Hoc
3188 3707 3332 3780 idem
3373 3709 3558 3777 repetit
3581 3704 3766 3780 innatis

2250 3780 2316 3851 ad
2348 3774 2881 3851 Martyroliogium,'ty
2905 3777 3012 3832 kal.
3045 3779 3295 3848 Augusti,
3329 3780 3419 3847 qui
3439 3774 3552 3834 dies
3575 3774 3766 3834 S.Calli-

2251 3850 2357 3905 nici
2388 3848 2806 3924 martyris’apnd
2836 3848 3076 3918 Gangras
3105 3851 3350 3924 coronati
3384 3852 3514 3924 festo
3537 3859 3768 3924 eopsecra:

2251 3928 2338 3974 tur
2371 3938 2382 3974 :
2417 3916 2778 3988 additque,_ea
2807 3916 2978 3983 verba,
3006 3936 3118 3988 qua:
3143 3921 3194 3975 in
3225 3923 3554 3976 translatione
3579 3916 3766 3988 Dionysii

2251 3987 2441 4062 Ea‘igui
2486 3986 2598 4062 post
2627 3986 3044 4062 subscriptionem
3075 3991 3437 4062 episcoporum
3460 3992 3518 4062 in
3541 4006 3594 4045 ea
3614 3986 3767 4042 actione

2249 4060 2593 4129 reperiantur,
2636 4063 2687 4115 in
2729 4061 2906 4114 (ἱνα-σο
2932 4068 3071 4114 textu
3094 4060 3242 4115 hodie
3266 4062 3458 4117 deesse.
3481 4061 3655 4117 Verum
3676 4071 3766 4129 qua:

2249 4127 2316 4184 sit
2345 4132 2435 4186 illa
2462 4131 2699 4203 Dionysii
2731 4131 2943 4203 Exigni,
2973 4146 3130 4201 quam
3159 4127 3763 4203 commemorat,transla-

2250 4203 2346 4272 tio,
2368 4203 2526 4272 plane
2549 4198 2856 4258 néscimus.‘
2873 4198 3035 4257 Ferte
3068 4217 3132 4257 ex
3163 4202 3400 4259 llenrico
3425 4202 3633 4266 Gravio,
3659 4198 3723 4253 vel
3744 4211 3766 4249 a

2247 4271 2506 4328 Severino
2527 4273 2702 4339 Biniu,
2724 4275 2813 4344 qui
2831 4281 3054 4344 uterque
3070 4271 3424 4330 Atrebatense
3436 4273 3619 4344 codicis
3631 4283 3766 4344 escut-

2246 4344 2362 4412 plar
2384 4357 2483 4398 ms.
2519 4337 2718 4398 nostris
2741 4337 2919 4398 simile
2952 4337 3164 4408 liabuit,
3194 4344 3248 4398 in
3282 4360 3350 4400 eo
3381 4345 3561 4400 isthzec
3599 4340 3682 4411 legi
3715 4337 3766 4392 de

2246 4413 2508 4469 Callinico
2555 4423 2791 4486 martyre
2819 4413 3108 4486 didicerat,
3152 4415 3417 4485 lmjusqne
3447 4413 3674 4486 postremi
3702 4423 3766 4463 5e-

2246 4493 2398 4539 cutus
2425 4494 2508 4540 est
2532 4483 2914 4556 conjecturam,
2937 4484 3026 4553 qui
3049 4483 3287 4556 Dionysii
3309 4483 3516 4556 putavit
3535 4497 3642 4556 esse
3659 4483 3766 4534 hanc

2245 4569 2403 4623 quam
2437 4554 2673 4610 Atrebati
2709 4556 2985 4610 invenerat
3009 4554 3347 4622 versionem,
3381 4567 3439 4611 ut
3469 4557 3518 4610 in
3555 4554 3765 4623 dissertaj

2247 4617 2390 4681 tione
2413 4626 2479 4680 ad
2506 4625 2746 4682 codicem
2779 4627 2920 4680 hunc
2949 4624 3251 4681 referimus.
3275 4617 3537 4697 Quidquid
3559 4625 3639 4689 sit,
3665 4617 3764 4675 illud

564 4691 621 4766 in
650 4691 884 4756 Nicena,
913 4703 960 4746 et
980 4702 1140 4766 recte,
1175 4692 1280 4766 Ilaec
1301 4695 1432 4748 enim
1454 4697 1597 4766 prius
1628 4691 1804 4766 civitas
1830 4697 2026 4766 synodo
2055 4691 2142 4750 de;
2167 4699 2222 4761 Β
2249 4711 2407 4752 omne
2434 4697 2680 4751 haustum
2704 4697 2831 4751 mihi
2859 4697 3065 4766 videtur
3085 4711 3151 4751 ex
3176 4691 3336 4764 prava
3359 4691 3452 4753 seti
3481 4697 3680 4752 lectione
3692 4703 3765 4744 seu

565 4764 768 4834 signata
819 4772 944 4817 erat.
1001 4762 1391 4834 Revocavimus
1433 4762 1607 4818 autem
1641 4767 1692 4818 in
1724 4762 1974 4834 Nil-tina,
2019 4767 2142 4834 quia

567 4833 764 4900 praeter
813 4834 958 4902 vulg.
1011 4833 1309 4901 exemplum
1358 4833 1584 4896 Crabbi,
1634 4838 1790 4889 etiam
1828 4837 1948 4892 cod.
1985 4833 2140 4891 Vind.

565 4903 812 4973 eamdem
847 4903 1131 4958 lectionem
1163 4905 1493 4973 comprobat.
1523 4905 1671 4960 Licet
1701 4910 1840 4960 enim
1869 4907 2060 4961 haheat
2089 4908 2142 4961 in

567 4971 888 5028 Chalcedone
921 4973 1097 5028 Nica’a
1138 4971 1368 5041 civitate,
1405 4989 1589 5030 vocem
1621 4986 1798 5031 tamen
1829 4975 2144 5031 Chalcedone

565 5046 780 5116 punctis
807 5053 1042 5100 notatam
1071 5045 1476 5116 expungendam
1503 5045 1766 5116 signiﬁcat
1791 5065 1804 5100 :
1838 5047 1978 5103 unde
2005 5049 2142 5102 infra

564 5113 620 5168 Ν
626 5115 802 5184 ictuum
826 5124 1028 5170 tantum
1061 5113 1271 5184 praefert
1285 5155 1298 5168 .

641 5183 662 5222 ί
696 5185 920 5253 Quesn.,
959 5183 1360 5252 Chalcedonam;
1393 5195 1449 5242 et
1483 5189 1685 5243 notavit
1724 5207 1736 5240 :
1778 5187 1894 5242 Vox
1923 5189 2029 5244 haec
2054 5191 2142 5244 de-

564 5253 738 5328 lenda,
771 5267 823 5310 ut
845 5257 897 5311 in
925 5257 1042 5310 aliis
1070 5258 1248 5328 codd.,
1284 5257 1369 5311 ubi
1393 5258 1584 5313 Crabbi
1607 5259 1846 5313 codicem
1874 5259 2140 5328 intelligit.

565 5322 800 5403 {Vicinam
847 5343 910 5403 e_x
969 5342 1072 5403 ms.
1105 5322 1260 5403 Vind.
1314 5329 1718 5403 substituimus,
1769 5329 1845 5384 uti
1885 5322 2188 5403 etiam-in_

566 5393 755 5453 Graeco
782 5407 837 5452 et
867 5398 1068 5454 Rustici
1091 5398 1338 5453 versione
1361 5399 1572 5468 legitur.

639 5475 665 5513 ε
693 5468 919 5536 Quesn.,
967 5485 1150 5522 meam.
1189 5469 1375 5524 Melius
1423 5467 1542 5524 eod.
1600 5467 1828 5534 Crabbi,
1879 5479 2139 5537 nostram,

562 5535 751 5610 (ἰτέηερ
773 5535 920 5594 textu
943 5550 998 5594 et
1019 5539 1219 5594 Rustici
1239 5539 1680 5610 interpretatione
1701 5535 2138 5610 suifragantibus.

637 5604 664 5643 ⁸³
703 5607 792 5664 Sic
840 5610 996 5664 codd.
1053 5610 1261 5664 'l‘ltuan.
1313 5604 1551 5665 st'Vind.
1597 5609 1752 5678 hujus
1777 5604 2131 5666 collectionis.

562 5673 810 5750 Concinit
835 5679 951 5742 Vat.
979 5677 1136 5746 1522,
1163 5695 1226 5736 es
1253 5697 1354 5750 qua
1377 5673 2004 5750 antiquiori'collectione
2022 5681 2137 5736 haec

564 5745 879 5816 documenta
926 5751 1026 5806 huc
1068 5745 1310 5806 traducta
1358 5745 1691 5816 monuimus;
1742 5752 1900 5807 habet
1942 5753 2084 5807 enim
2120 5769 2133 5804 :

566 5815 707 5896 Qrdo
725 5827 974 5896 gestorum
995 5820 1285 5896 habitorum
1305 5820 1626 5896 Chalcedona
1639 5822 1972 5896 prementibus
1995 5822 2135 5878 Har-

562 5886 708 5944 t‘itmo
728 5885 774 5942 et
797 5885 1070 5945 Pulchcria
1093 5891 1436 5955 Auqnstorum
1464 5910 1480 5948 :
1504 5893 1620 5954 leae
1639 5885 1904 5962 Augustis.
1927 5894 2131 5954 Onesn.

2250 4767 2598 4822 translatione
2617 4767 2785 4822 Graeci
2809 4775 2985 4822 textus
3012 4765 3521 4824 Chalcedonensium
3550 4774 3762 4822 actorum.

2247 4839 2337 4892 ubi
2365 4852 2549 4893 vocem
2575 4839 2872 4904 καλλινίκου,
2903 4837 3328 4904 triumphatricis,
3359 4853 3453 4893 seu
3491 4847 3545 4893 ut
3587 4833 3764 4904 verbum

2246 4923 2278 4961 e
2319 4909 2482 4982 verbo
2532 4901 2898 4982 berrcvjctricis,
2942 4901 3068 4977 (μιαί
3084 4922 3180 4976 pro
3217 4901 3454 4982 epitheto
3505 4901 3765 4982 [inplicatis

2248 4979 2503 5050 ponitur,
2545 4977 2611 5033 de
2655 4978 2915 5033 Callinico
2954 4975 3185 5050 martyre
3221 4975 3489 5050 interpres
3526 4975 3761 5050 intellexit:

2246 5045 2440 5120 Contra
2493 5049 2630 5120 hanc
2679 5045 3164 5120 enim‘versioném
3193 5045 3440 5120 pugnant
3481 5066 3513 5120 :7
3531 5045 3588 5120 1⁸
3625 5051 3744 5120 testu

2247 5119 2499 5184 Graecus;
2529 5119 2588 5173 2°
2611 5133 2799 5174 omnes
2827 5117 3031 5174 Latina:
3066 5112 3372 5183 versionés;
3403 5119 3462 5173 5°
3498 5112 3766 5187 Martyrolo-

2244 5190 2388 5257 gium
2430 5189 2708 5262 Latinum;
2731 5188 2839 5262 Αή
2855 5191 3026 5262 ipsum
3065 5187 3389 5262 Graecorum
3413 5187 3764 5262 Menologium;

2246 5266 2527 5330 utrumque
2558 5261 2698 5314 enim
2723 5258 2794 5315 29
2815 5259 2936 5314 Julii
2961 5259 3099 5316 festo
3119 5259 3354 5316 Callinici
3378 5261 3533 5330 hujus
3558 5258 3766 5330 martyris

2242 5327 2495 5400 assignat;
2514 5329 2568 5382 5°
2580 5331 2720 5400 quod
2735 5331 2900 5387 verba
2912 5330 3110 5386 codicis
3129 5327 3518 5387 inuuuutetiam
3531 5327 3764 5400 basilicam

2243 5398 2302 5455 S.
2321 5391 2940 5476 _’_Euphemias_Callinico
2966 5401 3177 5476 pariter
3194 5401 3368 5473 fuisse,
3382 5401 3627 5476 dicatam;
3650 5391 3765 5476 quod

2244 5471 2424 5542 nullus
2453 5481 2637 5527 auctor
2668 5471 2943 5541 hucusque
2973 5472 3226 5541 prodidit,
3258 5471 3493 5542 nec'ipse
3519 5471 3762 5542 Evagrillgt

2243 5541 2332 5614 qui
2355 5541 2448 5614 lib.
2473 5557 2533 5607 ιι,
2562 5557 2680 5614 cap.
2713 5543 2766 5608 ὅ,
2794 5534 3048 5614 graphice
3075 5553 3130 5598 et
3157 5534 3274 5599 fuse
3295 5534 3541 5598 describit
3566 5534 3685 5594 hanc
3715 5534 3762 5589 S.

2245 5610 2561 5682 Euphemiac
2592 5610 2910 5669 basilicamf
2943 5634 2961 5666 ι
2999 5615 3122 5668 llaec
3149 5614 3256 5668 ille.
3293 5613 3561 5682 lndubium
3594 5617 3666 5682 est
3691 5619 3763 5672 po-

2245 5679 2408 5738 tiores
2424 5683 2636 5739 codices
2654 5693 2850 5740 nostra:
2865 5684 3194 5739 collectionis
3214 5683 3422 5739 Thnan.
3445 5679 3651 5739 etVind.
3666 5687 3762 5731 eam

2245 5750 2526 5825 lectionem
2558 5754 2755 5811 habere
2779 5797 2793 5820 ,
2831 5769 2988 5824 quam
3017 5755 3215 5810 idcirco
3244 5758 3404 5811 textui
3458 5749 3760 5825 inseruitnus.

2243 5822 2486 5879 Crabbus
2535 5827 2693 5879 etiam
2749 5817 2884 5879 hanc
2939 5825 3223 5881 lectionem
3275 5834 3458 5879 nactus
3511 5823 3558 5876 in
3609 5817 3760 5873 codice

2246 5893 2482 5952 eiusdem
2515 5896 2870 5953 collectionis.
2907 5895 3107 5953 Rustici
3139 5896 3362 5954 vcrsioni
3395 5893 3620 5951 inseruit.
3651 5887 3758 5944 Huic
