3992 6348
251 460 356 519 529

705 459 930 518 CODEX
968 461 1297 522 CANONUM
1335 423 1616 522 ECCLES.
1659 465 1747 521 ET
1787 465 2358 530 CONSTITUTORUM
2399 477 2456 532 S.
2499 475 2690 533 SEDIS
2731 475 3054 539 APOSTOL.

3391 482 3500 546 550

251 593 367 636 rum
390 584 686 650 martyrum
725 579 894 633 sancti
925 578 1159 636 Caleuici
1203 590 1258 638 et
1299 581 1640 652 Euphemim,
1687 598 1823 653 prte-
1848 592 1898 650 Α
1926 588 2132 644 cunctis
2155 590 2352 646 veritas
2380 592 2694 648 innotescat.
2726 591 2832 650 Nos
2853 593 2996 651 enim
3021 595 3088 650 ad
3118 593 3277 652 fidem
3303 601 3499 657 confir-

250 680 404 728 sente
447 683 515 725 es
551 668 732 723 divino
769 669 886 725 zelo
909 677 964 725 et
990 669 1201 727 fervore
1249 671 1372 728 fidei
1399 673 1559 727 etiam
1585 673 1822 745 piissima

249 773 306 822 et
330 762 782 821 Christianissima
812 763 992 834 regina
1021 767 1256 836 Augusta
1305 774 1332 802 ι
1362 763 1664 832 Pulcheria,
1695 768 1824 838 quin

250 855 416 912 etiam
434 855 971 926 magniﬁcentissimis
987 857 1381 928 magistratibus
1395 865 1451 912 et
1465 857 1825 916 illustrissimo

205 918 314 1004 lac
339 947 507 1004 nobili
523 918 733 1004 vsenatu
754 987 770 1015 ,
809 950 874 1004 ad
901 918 1260 1007 venerabilem
1297 949 1560 1022 synodum
1591 947 1621 989 δ
1646 949 1718 1006 ita
1747 951 1827 1008 lo-

247 1047 404 1096 cutus
431 1045 536 1095 est.

575 1141 598 1170 ε
626 1131 878 1187 Allocutio
899 1133 1477 1203 piiss‘mit'tmpsratorts.

318 1221 422 1279 Ubi
468 1221 700 1294 primum
747 1221 928 1278 divino
953 1223 1156 1293 judicio
1201 1223 1268 1280 ad
1305 1224 1589 1296 imperium
1639 1239 1824 1283 sumus

242 1319 428 1387 electi,
458 1319 600 1376 inter
625 1327 801 1376 tantas
829 1321 1177 1377 necessitates
1204 1321 1516 1392 reipublicae
1549 1323 1692 1380 nulla
1725 1339 1824 1381 nos

244 1414 417 1484 magis
443 1427 606 1470 causa
624 1410 652 1450 ἀ
681 1413 1001 1469 constrinxit
1028 1429 1186 1485 quam
1209 1423 1269 1469 ut
1293 1414 1588 1471 orthodoxa
1614 1426 1670 1473 et
1696 1431 1822 1473 vera

244 1505 382 1562 fides
425 1504 758 1573 Christiana,
801 1520 921 1576 qua:
951 1515 1135 1560 sancta
1163 1515 1320 1578 atque
1351 1521 1480 1576 pura
1509 1517 1590 1564 est
1617 1508 1824 1564 indubi-

243 1606 352 1652 tata
379 1597 620 1653 omnium
647 1599 840 1654 animis
868 1597 1145 1654 insideret.
1175 1599 1398 1654 Constat
1417 1600 1560 1656 enim
1600 1603 1821 1660 avaritia

241 1690 326 1745 vel
351 1689 546 1745 Studiis
572 1689 925 1760 quorumdam
955 1705 1051 1762 per
1072 1690 1244 1746 media
1271 1701 1509 1762 tempora
1551 1695 1822 1751 nonnullis

240 1783 455 1840 diversa
478 1783 853 1850 sentientibus,
884 1793 939 1840 et
966 1799 1061 1856 pro
1085 1785 1359 1841 voluntate
1381 1801 1495 1856 sua,
1528 1802 1634 1843 non
1664 1797 1824 1858 prout

239 1876 445 1931 veritas
489 1883 651 1946 atque
699 1874 941 1931 doctrina
991 1875 1209 1932 Patrum
1269 1879 1545 1948 postulat,
1594 1881 1821 1950 populos

1929 679 2209 746 mandamf,
2256 695 2362 737 non
2407 683 2472 737 ad
2501 683 2794 754 potentiam
2837 685 3068 756 aliquam
3099 690 3451 746 exercendam
3479 733 3496 760 ,

1927 774 2174 845 exemplo
2212 776 2446 846 religiosi
2477 778 2731 848 principis
2758 777 3094 836 Constantini
3126 782 3332 853 synodo
3363 784 3500 839 inte-

1927 880 2078 923 resse
2104 867 2387 935 voluimus,
2427 869 2444 906 ί
2477 885 2544 925 nc
2569 871 2654 925 vel
2683 871 2909 929 ulterius
2931 873 3108 943 pravis
3137 879 3500 945 persuasioni-
3579 867 3596 910 ν’

1927 955 2030 1012 bus
2061 958 2242 1029 populi
2273 968 2607 1030 separentur.
2640 961 2820 1019 Facile
2844 965 2985 1020 enim
3021 965 3331 1037 simplicitas
3360 984 3498 1040 quo-

1926 1048 2170 1104 rumdam
2195 1049 2448 1107 hactenus
2468 1054 2844 1110 nonnullorum
2869 1056 3116 1128 ingeniis,
3139 1068 3296 1129 atque
3313 1074 3497 1132 supcr-

1927 1140 2034 1196 ﬂua
2078 1143 2400 1200 verbositate
2427 1145 2651 1216 decepta
2681 1156 2794 1214 est;
2822 1158 2876 1203 et
2925 1159 3134 1207 constat
3160 1151 3495 1209 diversorum

1927 1236 2106 1305 pravis
2128 1236 2575 1295 insinuationibus
2597 1239 2958 1297 dissensiones
2986 1253 3040 1298 et
3066 1243 3297 1302 haereses
3323 1256 3494 1302 natas.

1927 1326 2171 1385 Studium
2199 1339 2376 1386 autem
2407 1341 2648 1387 nostrum
2689 1342 2770 1388 est
2800 1344 2860 1389 ut
2891 1335 2904 1385 i
2942 1337 3116 1392 omnis
3146 1339 3373 1408 populus
3401 1355 3496 1410 per

1927 1437 2108 1479 veram
2131 1431 2436 1480 etsanctam
2463 1424 2759 1481 doctrinam
2786 1441 2950 1482 unum
2977 1430 3240 1496 sentiens,
3271 1433 3323 1485 in
3353 1445 3499 1486 eam-

1926 1515 2049 1572 dem
2080 1516 2390 1588 religionem
2414 1517 2628 1584 redeat,
2675 1526 2729 1573 et
2753 1532 2933 1572 veram
2968 1518 3125 1574 fidem
3175 1520 3496 1578 catholicam

1926 1607 2086 1675 colat,
2109 1622 2266 1677 quam
2294 1607 2588 1664 secundum
2615 1607 2974 1666 institutiones
2998 1610 3211 1667 Patrum
3233 1626 3498 1683 exposue-

1926 1700 2063 1756 ritis.
2094 1698 2554 1757 Concordantibus
2576 1701 2603 1738 ιι
2627 1715 2754 1772 ergo
2774 1701 2986 1769 animis,
3019 1704 3205 1773 religio
3227 1713 3398 1760 vestra
3422 1705 3499 1762 fe-

1925 1794 2109 1860 stinet,
2125 1803 2386 1864 quatenus
2401 1793 2535 1852 sicut
2551 1808 2580 1848 a
2593 1793 2803 1849 Nicazna
2820 1795 3025 1866 synodo
3038 1809 3204 1866 usque
3223 1795 3290 1850 ad
3313 1811 3442 1866 prox
3454 1797 3498 1852 i-

1925 1900 2068 1940 nium
2103 1894 2314 1956 tempus
2342 1885 2614 1941 erroribus
2653 1886 2944 1954 amputatis
2975 1899 3099 1940 vera
3131 1885 3262 1942 fides
3290 1887 3498 1944 cunctis

239 1971 406 2051 216
429 1979 454 2010 '
475 1971 875 2037 seducentibus,
899 1972 953 2026 in
980 1986 1218 2028 errorem
1243 1972 1666 2044 quamplurimos
1699 1989 1820 2033 esse
1847 1984 1897 2048 Β
1926 1977 2155 2032 innotuit
2177 2021 2192 2046 ,
2223 1979 2298 2033 ita
2325 1986 2378 2032 et
2399 1993 2541 2034 nunc
2567 1993 2662 2048 per
2689 1980 2824 2033 hanc
2852 1987 3090 2033 sanctam
3120 1977 3383 2051 synodum
3407 1994 3494 2035 re-

238 2047 522 2123 deductos.
552 2065 667 2134 Qua
698 2065 764 2121 de
793 2079 850 2120 re
876 2074 1115 2120 sanctam
1152 2065 1414 2138 synodum
1450 2065 1550 2122 hoc
1577 2067 1822 2125 videlicet

237 2157 522 2228 pr0posito
542 2158 657 2214 fieri
681 2155 1001 2223 studuimus,
1025 2165 1079 2212 et
1103 2157 1257 2212 vobis
1287 2156 1520 2213 laborem
1563 2158 1820 2216 indixisse

237 2249 525 2317 videmur,
575 2258 841 2321 quatenus
881 2248 1029 2305 omni
1073 2247 1300 2319 caligine
1330 2258 1490 2320 atque
1515 2265 1700 2306 errore
1727 2251 1819 2307 dc-

235 2349 385 2397 terso
411 2384 428 2410 ,
480 2351 640 2412 prout
664 2355 724 2398 se
753 2339 1012 2396 Divinitas
1054 2339 1360 2397 hominibus
1410 2339 1430 2379 ί
1473 2342 1819 2400 manifestare

235 2433 437 2502 voluit,
468 2442 525 2489 et
551 2433 797 2489 doctrina
827 2433 1042 2489 Patrum
1070 2431 1330 2499 ostendit,
1377 2433 1564 2504 religio
1597 2445 1812 2504 nostra,

233 2543 357 2598 qua:
383 2541 519 2598 pura
539 2540 603 2582 ac
632 2533 815 2581 sancta
835 2533 948 2593 est,
979 2527 1349 2582 universorum
1377 2527 1644 2584 mentibus
1683 2529 1815 2584 insi-

235 2627 400 2674 nuata
427 2628 451 2666 ε
482 2633 596 2674 suae
623 2618 864 2674 veritatis
887 2617 1006 2675 luce
1020 2618 1302 2690 fulgescat;
1332 2634 1433 2675 nec
1455 2620 1511 2675 in
1541 2629 1814 2690 posterum

233 2711 429 2767 audeat
457 2712 738 2782 quisquam
767 2711 834 2767 de
863 2712 1138 2768 nativitate
1173 2713 1383 2768 Domini
1417 2720 1472 2769 et
1517 2713 1814 2773 Salvatoris

231 2803 403 2859 nostri
434 2803 564 2859 Jesu
589 2802 792 2860 Christi
826 2803 982 2859 aliter
1017 2803 1288 2874 disputare
1330 2820 1489 2876 quam
1517 2808 1812 2877 apostolica

230 2897 542 2969 praedicatio
581 2905 637 2953 et
685 2898 924 2954 instituta
955 2906 1314 2954 trecentorum
1362 2896 1549 2955 decem
1590 2908 1646 2956 et
1688 2911 1812 2956 octo

229 2998 538 3046 sanctorum
605 2989 817 3046 Patrum
865 2989 1038 3046 eidem
1093 2979 1466 3047 convenientia
1511 2994 1810 3062 posteritati

233 3083 516 3138 tradidisse
541 3093 860 3149 noscuntur;
894 3083 1033 3140 sicut
1055 3085 1215 3140 etiam
1238 3086 1408 3142 sancti
1433 3085 1627 3142 Leonis
1656 3102 1809 3158 papa:

232 3175 378 3230 urbis
412 3174 621 3240 Romae,
645 3174 734 3245 qui
760 3173 940 3231 sedem
962 3175 1309 3245 apostolicam
1332 3176 1615 3247 gubernat,
1644 3177 1806 3234 missa

231 3266 295 3321 ad
321 3276 525 3322 sanctae
558 3251 834 3323 memorizé
857 3266 1168 3322 Flavianum
1203 3267 1806 3340 Constantinopolitanae

1923 2070 2083 2125 motis
2112 2070 2428 2141 caliginihus
2462 2085 2582 2141 qua:
2614 2070 2668 2125 in
2707 2069 2790 2124 his
2814 2071 2995 2140 paucis
3024 2071 3210 2139 annis,
3235 2072 3373 2128 sicut
3407 2085 3493 2127 su-

1921 2163 2103 2234 perius
2128 2164 2328 2220 dictum
2356 2173 2460 2231 est,
2493 2165 2752 2234 pravitate
2781 2173 2942 2234 atque
2979 2164 3198 2220 avaritia
3240 2181 3492 2234 querunt-

1919 2256 2045 2324 dam
2058 2257 2342 2314 emersisse
2364 2255 2632 2324 vidcntur,
2660 2269 2918 2327 perpetuo
2935 2272 3053 2328 qua:
3071 2266 3266 2313 statuta
3293 2257 3491 2314 fuerint

1919 2357 2325 2404 conserventur.
2357 2347 2474 2402 Erit
2501 2355 2678 2402 autem
2705 2347 2898 2402 divina:
2926 2347 3242 2417 maiestatis,
3275 2348 3325 2404 id
3348 2349 3490 2420 quod

1918 2448 2105 2494 sancto
2146 2439 2324 2494 animo
2353 2439 2468 2494 fieri
2513 2438 2880 2496 desideramus
2923 2439 2978 2494 in
3019 2447 3276 2494 aeternum
3319 2440 3488 2496 firmi-

1919 2539 2000 2588 ter
2027 2530 2044 2568 ι
2075 2532 2361 2588 custodire.

1915 2695 1955 2724 ω
1982 2685 2174 2759 Incipit
2237 2687 2459 2759 synodus
2507 2690 2857 2830 epis;op‘orunt
2930 2692 3070 2762 apud
3112 2688 3487 2750 Chalcedonam

2643 2776 2703 2815 ac
2723 2777 2774 2814 a.

2643 2776 2774 2815 aeta.

1989 2891 2316 2948 Venerabilis
2349 2893 2510 2948 totius
2547 2893 2732 2949 mundi
2762 2902 3079 2960 conventus,
3112 2896 3201 2966 qui
3225 2910 3291 2952 ex
3319 2898 3488 2968 gratia

1913 2984 2008 3041 Dei
2037 2995 2092 3042 et
2134 2986 2350 3041 decreto
2385 2985 2922 3042 clementissimorum
2971 2995 3026 3042 et
3052 2988 3489 3059 religiosissimo-

1909 3094 2028 3136 rum
2059 3079 2441 3149 imperatorum
2472 3079 2829 3135 Valentiniani
2857 3091 2908 3135 et
2939 3080 3190 3135 Marciani
3221 3081 3485 3151 Augusto.

1910 3190 2028 3230 rum
2058 3182 2086 3210 ιι
2113 3172 2373 3227 adunatus
2417 3171 2470 3226 in
2495 3172 2915 3227 Chalcedonensi
2959 3172 3366 3241 metropolitana
3398 3173 3485 3226 Bi-

1911 3267 2129 3339 thyniae,
2153 3267 2206 3320 in
2235 3265 2492 3336 martyrio
2518 3273 2716 3320 sancta:
2743 3279 2806 3320 ac
2832 3265 3065 3320 victricis
3087 3266 3248 3338 218
3274 3263 3486 3336 Euphe-

235 3358 384 3413 urbis
421 3360 725 3430 episcopum
757 3357 781 3395 ιι
815 3359 1014 3430 scripta
1039 3368 1322 3417 testantur.
1351 3361 1591 3418 Remotis
1627 3363 1807 3434 itaque
1830 3371 1878 3436 ο
1910 3361 2055 3429 mia,
2087 3367 2112 3396 ο
2159 3358 2399 3414 decrevit
2425 3373 2545 3428 quae
2573 3359 2756 3413 subter
2782 3357 3168 3428 comprehensa
3197 3367 3341 3412 sunt.

239 3447 447 3513 studiis,
474 3449 662 3506 ablatis
691 3451 1030 3522 patrociniis,
1053 3460 1298 3509 cessante
1325 3453 1547 3509 avaritia
1572 3494 1588 3521 ,
1629 3455 1789 3526 217

231 3616 464 3688 antiquae
492 3615 694 3688 Rustici
721 3611 1149 3688 editiones_post_
1173 3609 1440 3688 Crabbum
1470 3612 1700 3688 similem
1727 3614 1801 3669 le-

228 3682 461 3742 ctionem
484 3685 760 3748 exhibent,
777 3697 896 3754 quae
912 3697 942 3754 a
958 3683 1182 3738 sinceris
1203 3682 1370 3753 ipsius
1395 3682 1595 3738 Rustici
1617 3699 1800 3739 esem-

225 3757 467 3828 plaribus
496 3758 710 3812 absunt.
739 3753 898 3828 Card.
921 3753 1179 3828 Baronius
1199 3768 1318 3828 cum
1351 3754 1486 3809 hanc
1515 3754 1800 3828 lectionem

225 3823 497 3900 allegavit,
545 3825 936 3951 “OllfeCllllarl
972 3825 1151 3894 aliquo
1179 3823 1363 3880 codice
1385 3866 1400 3890 ,
1448 3824 1543 3880 sed
1569 3825 1803 3894 antiquis

225 3898 591 3951 Coneiliorum
631 3913 659 3950 e
701 3895 948 3951 itionibus
996 3909 1122 3949 usus
1167 3904 1268 3951 est.
1327 3896 1492 3950 Error
1528 3905 1658 3951 vero
1693 3911 1802 3951 auo

223 3895 591 3956 Conciliorum
631 3895 948 3952 editionibus
996 3909 1122 3949 usus
1167 3904 1268 3952 est.
1327 3896 1492 3966 Error
1528 3905 1658 3951 vero
1693 3911 1802 3966 quo

223 3969 342 4024 dies
368 3972 428 4025 S.
461 3967 702 4025 Callinici
728 3966 976 4035 martyris
998 3980 1276 4035 perperam
1308 3965 1589 4036 praefertur
1613 3977 1801 4022 contra

225 4038 400 4096 Graeci
449 4048 624 4095 textus
657 4046 712 4094 et
739 4046 1052 4092 caeterarum
1082 4037 1387 4092 versionum
1431 4037 1586 4091 fidem
1609 4079 1624 4103 ,
1658 4037 1802 4093 unde

221 4112 490 4182 originem
535 4109 775 4182 duxerit,
805 4105 1060 4177 colligere
1091 4107 1218 4162 licet
1245 4121 1310 4162 ex
1344 4123 1446 4182 ms.
1475 4107 1599 4182 _Va_t.
1620 4106 1800 4182 Δ15*ξῇ

220 4177 565 4238 ευίἐὶιιιίιθηι
610 4180 866 4234 collector
905 4188 1086 4232 noster
1125 4193 1236 4247 pra:
1263 4178 1435 4233 oculis
1475 4177 1678 4233 habuit.
1725 4178 1801 4233 lbi

220 4262 405 4310 autem
438 4251 632 4322 legitur
665 4267 690 4322 ί
703 4249 836 4322 Cum
867 4249 1165 4322 pervenisset
1190 4248 1449 4322 piissimus
1483 4260 1528 4302 et
1561 4248 1804 4317 ﬁdelissi-

219 4341 337 4380 mus
359 4319 638 4396 imperator
663 4319 961 4396 Marcianus
987 4320 1054 4396 ad
1082 4319 1219 4372 idem
1239 4320 1585 4396 supradictum
1610 4331 1803 4396 marty-

219 4397 376 4464 rium,
401 4388 930 4467 prasenteesdivino
951 4390 1080 4455 zelo,
1104 4399 1208 4445 etc.
1231 4388 1388 4467 ;__q'u:e
1412 4391 1586 4444 verslo
1614 4388 1803 4445 Grzeco

217 4462 412 4522 textui'
444 4464 710 4534 congruit.
737 4464 937 4534 Noster
955 4469 1151 4534 autem
1163 4462 1422 4534 collector
1451 4474 1572 4514 cum
1617 4477 1802 4528 supra-

217 4539 418 4592 dictum
437 4530 736 4607 martyrium
767 4533 818 4588 in
841 4531 1028 4607 eodem
1055 4530 1240 4607 codice
1263 4541 1420 4607 antea
1447 4541 1798 4607 memoratum

215 4623 330 4663 non
373 4600 698 4677 repetisset,
737 4602 1020 4677 exﬁrteco
1056 4602 1278 4677 exordio
1309 4603 1477 4677 ipsius
1508 4600 1802 4655 Chalcedo-

213 4680 408 4736 nensis
439 4673 672 4733 actionis
701 4673 970 4745 explicare
1001 4673 1186 4745 voluit,
1217 4682 1270 4745 et
1297 4673 1571 4745 καλλινίκῳ
1612 4686 1799 4745 vocem

213 4751 364 4806 male
395 4741 785 4817 interpretans,
809 4753 1116 4815 corruptam
1142 4742 1429 4800 lectionem
1451 4743 1507 4797 in
1528 4743 1665 4799 hanc
1688 4741 1801 4798 col-

209 4820 508 4879 lectionem
539 4818 770 4874 induxit.

1970 3452 2227 3510 Dominus
2250 3459 2306 3506 et
2334 3450 2581 3507 Salvator
2610 3461 2794 3507 noster
2820 3460 2848 3500 P
2887 3448 3044 3505 Jesus
3073 3449 3322 3506 Christus
3355 3449 3482 3508 fidei

1974 3609 2004 3649 ¹ι
2030 3611 2103 3668 Ita
2119 3626 2310 3668 omnes
2329 3613 2488 3669 codd.
2513 3612 2720 3682 etvulg.
2739 3613 2898 3671 Solus
2920 3615 3120 3683 Quesn.
3135 3630 3255 3672 cum
3278 3615 3480 3683 Oxon.,

1903 3683 2116 3757 epistola
2139 3692 2368 3757 testatur.
2397 3685 2522 3740 Post
2538 3698 2702 3755 pauca
2729 3700 2830 3740 ms.
2856 3684 3076 3753 Veron.,
3099 3687 3166 3740 ad
3192 3688 3347 3757 ﬁdem
3369 3703 3483 3742 cor-

1903 3755 2272 3808 roborandam.

1982 3824 1997 3862 ί
2047 3826 2178 3880 Cod.
2237 3825 2355 3880 Vat.
2405 3827 2577 3896 primo
2643 3827 2789 3891 loco,
2845 3827 3001 3894 neque
3042 3828 3290 3894 ulterius;
3346 3844 3479 3886 mss.

1905 3895 2110 3951 Rustici
2130 3897 2268 3966 apud
2293 3895 2586 3963 Baluzium,
2609 3913 2766 3968 neque
2792 3906 2846 3952 ut
2869 3898 3102 3953 ulterius.
3139 3898 3358 3965 Verou.,
3395 3918 3484 3955 nc-

1905 3983 2002 4036 que
2032 3977 2109 4034 ut,
2135 3968 2316 4022 deleto
2348 3969 2579 4022 ulterius.

1980 4038 1994 4088 i
2042 4037 2131 4110 Sic
2155 4038 2419 4110 cumVat.
2450 4038 2569 4093 cod.
2603 4039 2781 4108 primo
2823 4038 2964 4105 loco,
2993 4049 3049 4095 et
3075 4054 3206 4096 mss.
3248 4053 3310 4096 ac
3336 4043 3484 4110 vulg.

1906 4106 2110 4192 Rustici
2132 4153 2146 4178 ,
2190 4109 2380 4164 melius
2407 4123 2564 4181 quam
2597 4106 2768 4165 onmes
2797 4111 3007 4182 populi,
3043 4112 3116 4166 uti
3158 4111 3361 4180 Quesn.
3393 4106 3483 4168 re-

1904 4191 2201 4324 ῗέῗῃῆιυις.
2231 4265 2369 4324 ουτῃ
2396 4250 2574 4324 Vind._
2595 4260 2648 4324 et
2678 4251 2803 4324 Vat.
2853 4251 3093 4324 secundo
3146 4254 3283 4320 loco,
3317 4269 3481 4324 teque.

1907 4319 2106 4392 Veron.
2136 4319 2257 4377 cum
2285 4321 2404 4378 aliis
2428 4322 2628 4376 Rustici
2669 4321 2826 4377 codd.
2847 4363 2862 4387 ,
2902 4323 3089 4392 itaque.

1980 4391 1998 4429 ι
2046 4392 2274 4452 Veron..
2297 4393 2572 4448 custodire.
2606 4392 2725 4446 Vat.
2759 4393 2930 4462 primo
2962 4391 3102 4462 leco,
3130 4403 3185 4449 ut
3231 4395 3283 4449 in
3327 4404 3480 4450 ωεστ-

1905 4479 2027 4516 num
2053 4463 2340 4532 ﬁrmentur,
2375 4464 2650 4517 custodire.

1976 4543 2014 4569 ω
2044 4532 2201 4587 Vind.
2233 4544 2288 4589 et
2321 4533 2526 4588 Thuan.
2555 4533 2770 4588 codices
2796 4532 2935 4588 hunc
2963 4533 3173 4590 titulum
3197 4535 3475 4593 exhibent.

1905 4604 2130 4672 Quesn.,
2154 4603 2298 4658 Actio
2321 4605 2502 4674 synodi
2527 4601 2971 4660 Chalcedonensis.
2989 4605 3338 4660 Estdeﬁnitio
3355 4606 3481 4666 fidei

1905 4675 1959 4746 in
1987 4677 2085 4746 hoc
2107 4676 2334 4746 c‘oncilio
2357 4675 2492 4730 lecta
2518 4683 2572 4746 et
2600 4675 2904 4746 subsignata
2929 4677 3138 4731 actione
3158 4679 3212 4732 ι.
3237 4676 3281 4732 Α
3309 4677 3480 4732 Crab-

1903 4744 1974 4800 bo
2004 4745 2144 4800 edita
2168 4744 2266 4817 fuit
2294 4746 2406 4800 haec
2435 4745 2609 4817 versio
2629 4759 2696 4817 ex
2717 4744 2901 4800 codice
2922 4746 3078 4817 hujus
3107 4746 3438 4804 collectionis
3463 4788 3480 4813 ,

1903 4827 2092 4888 estque
2121 4816 2296 4870 versio
2331 4824 2550 4888 quarta;
2581 4815 2826 4888 Baluzius
2865 4815 3249 4888 cum‘quatuor
3276 4818 3480 4874 codici-

285 4901 321 4930 ⁸
337 4961 350 4980 .
365 4890 674 4980 Primis.
698 4885 1081 4980 ,ΒΨΞΨΞΞἯ
1104 4887 1456 4980 ῘΡηέθίὶῖίξῗ
1483 4886 1796 4980 Ξεέθίξίέξὶίί
1823 4917 1878 4980 D
1904 4885 2018 4980 Ρ.Ψὲ
2029 4901 2151 4980 ⁴Ξ³1¹Ξ
2161 4885 2394 4980 Ε’Ξέίὲξξξι
2412 4885 3480 4980 1.995339.l’f‘lf‘ﬁltﬁf’ﬂEt???

211 4961 678 5018 Chalcedonensis
697 4956 1084 5014 vindicavimus
1102 4965 1289 5014 annot.
1313 4958 1381 5015 ﬂ
1405 4958 1462 5012 in
1479 4956 1638 5028 epist.
1670 4958 1764 5014 lOl
1776 4997 1793 5028 ,

209 5042 353 5089 tom.
378 5033 422 5099 l,
446 5034 552 5088 col.
577 5030 735 5087 1127.

281 5104 316 5144 b
345 5103 482 5159 Cod.
515 5103 658 5166 Vat.,
689 5103 787 5156 ista
813 5100 1011 5156 locutus
1039 5109 1130 5155 est.

287 5186 317 5214 ο
358 5174 512 5230 Hunc
559 5173 768 5228 titulum
819 5187 883 5227 ex
915 5189 1015 5228 ms.
1047 5167 1273 5226 Vindeb.
1315 5169 1402 5224 hic
1451 5169 1794 5227 inseruimus.

207 5247 466 5318 Sequens
489 5253 668 5300 autem
709 5243 959 5318 allocutio
987 5243 1176 5318 Latine
1221 5252 1277 5318 e_t
1327 5239 1799 5318 Grreccpronun-

209 5311 378 5386 tiat'a,
412 5316 501 5372 hic
555 5330 617 5370 ex
647 5313 892 5386 originali
922 5315 1110 5386 Latino
1144 5313 1444 5386 profertur,
1468 5311 1640 5367 uti’in
1671 5311 1800 5369 Vat;

206 5383 373 5445 1522⁷
389 5387 474 5444 bis
507 5383 791 5442 invenitur.
822 5383 1072 5440 Rusticus
1102 5398 1312 5454 quoque
1334 5383 1580 5438 Latinum
1611 5397 1796 5454 exemg

205 5461 334 5530 plar
363 5459 420 5514 in
440 5457 578 5530 cod.
597 5455 956 5530 Acmmetensi
979 5453 1202 5530 reperit,
1230 5463 1284 5510 et
1308 5454 1539 5530 antiquae
1561 5453 1797 5530 versioni

206 5524 628 5602 prmmisit._hls.
654 5528 733 5602 57A
746 5527 945 5602 Veron.
978 5525 1182 5602 Rustici
1213 5526 1411 5596 pariter
1445 5524 1791 5581 contulimus.

278 5597 312 5640 ιι
341 5600 479 5656 Cod.
510 5599 632 5654 Vat.
656 5598 828 5664 primo
859 5597 999 5664 loco,
1027 5597 1188 5651 anxit.

284 5681 312 5711 ο
341 5670 551 5727 Rustici
575 5667 758 5736 codd.,
785 5667 1129 5723 edocentibus.

287 5740 310 5822 ε
339 5742 570 5822 Qus-sm,
595 5734 932 5822 utanifesta'ri.
963 5736 1303 5822 Correximus
1335 5749 1458 5794 cum
1503 5749 1637 5792 mss.
1669 5734 1794 5795 Vat.

203 5809 391 5888 primo
420 5813 565 5878 loco,
601 5809 752 5866 Vind.
780 5819 834 5866 et
865 5809 1084 5884 Rustici.

284 5894 312 5933 s
345 5883 503 5953 Vulg.
533 5879 758 5952 Rustici,
784 5896 889 5937 sua
913 5879 1141 5950 vtrttttis,
1163 5887 1222 5936 et
1259 5877 1313 5936 in
1335 5889 1530 5954 marg.,
1571 5878 1792 5953 propria

202 5954 496 6014 turictats’s.

1900 4973 2020 5014 cum
2043 4957 2272 5012 Lucensi
2294 4958 2382 5024 88,
2406 4957 2505 5028 qui
2525 4969 2607 5012 esr
2633 4957 2822 5012 similis
2840 4956 3148 5014 Colbertino
3170 4959 3479 5028 Longobar-

1901 5029 2022 5084 dico
2050 5027 2366 5083 Coustantii.
2407 5028 2466 5082 ln
2497 5027 2580 5082 his
2617 5028 2825 5083 duobus
2864 5031 3148 5098 postremis
3180 5029 3264 5083 hic
3294 5027 3478 5098 titulus

1901 5100 2194 5169 prmﬁgitur
2227 5117 2238 5152 :
2273 5098 2514 5170 Synodus
2538 5099 2840 5169 cpiswpalis
2870 5097 3303 5170 Chalcedonensis
3326 5097 3476 5150 habi-

1901 5166 1981 5225 tus
2006 5166 2346 5240 aqquingegtti's
2368 5179 2415 5224 et
2443 5169 2618 5239 viginti
2647 5166 2895 5240 episcopis
2915 5179 3091 5222 contra
3117 5166 3403 5240 Eutychen.

1969 5249 1998 5277 ιλ
2035 5237 2428 5295 Cod."l‘liuan.
2465 5237 2612 5294 addit
2635 5237 2683 5292 et
2725 5239 3112 5293 Germanorum.
3165 5238 3285 5292 Mox
3334 5237 3478 5292 idem

1900 5310 2022 5367 cod.
2048 5311 2208 5365 habet
2254 5311 2309 5364 in
2355 5309 2754 5366 Chalcedonensi
2805 5309 3021 5362 civitate.
3071 5307 3327 5362 Lucensis
3357 5347 3374 5375 ,
3422 5307 3478 5362 in

1903 5381 2305 5437 Chalcedonensi
2331 5381 2718 5451 metropolitana
2746 5379 3000 5451 Bithynice
3038 5379 3257 5432 civitate.

1975 5461 2000 5488 ο
2040 5453 2266 5518 Qucsn.,
2295 5467 2408 5521 qua:
2436 5445 2736 5521 decreverit,
2769 5445 2887 5521 sunt
2916 5449 3084 5503 subter
3103 5463 3322 5502 annm.
3345 5445 3478 5503 ϐοτ-
3503 5445 3510 5518 ξ

1902 5524 2138 5580 reximus
2167 5537 2231 5577 ex
2254 5518 2472 5607 optimis
2499 5536 2629 5603 mss.
2646 5519 2766 5574 Vat.
2791 5527 2844 5600 et
2863 5518 3064 5574 Lucen.
3386 5571 3398 5581 ,
3494 5575 3500 5592 ,

1973 5603 2002 5644 ι’
2042 5591 2392 5672 lose-$1989:
2419 5591 2660 5672 ,ίιέτεσιῑιε
2689 5589 2885 5672 εφέιιφ
2916 5605 2979 5672 ex
3013 5589 3166 5672 V812.
3183 5588 3402 5672 Emi;
3423 5596 3479 5648 ει

1902 5679 2034 5721 mss.
2065 5664 2286 5718 Baluzii.
2321 5662 2453 5718 Cod.
2489 5661 2646 5716 Vind.
2681 5660 2824 5714 addit
2845 5668 3050 5714 tantum
3072 5658 3323 5715 Christus.
3353 5659 3478 5716 Mox

1901 5736 2101 5800 0x0n.,
2124 5734 2244 5804 ﬁdei
2272 5732 2530 5788 intellectu
2550 5746 2723 5802 pacem
2746 5730 3006 5804 discipulis
3025 5731 3321 5804 conﬁrmari
3341 5747 3480 5801 pra:-

1897 5809 2050 5885 ccpit.
2074 5801 2289 5885 sum.)
2308 5804 2429 5873 ﬁdei
2455 5801 2708 5885 intellectu
2731 5801 3323 5885 discipulosconﬁrrnari
3353 5816 3480 5884 prte-
3527 5857 3533 5872 ι

1899 5871 2092 5945 cipiens
2117 5877 2208 5930 ait.
2235 5871 2434 5943 Quesn.
2463 5887 2583 5930 cum
2612 5871 2869 5938 Thuan.,
2903 5872 3023 5940 ﬁdei
3075 5872 3387 5926 intellectum
3425 5871 3480 5925 in

1904 5947 2166 6008 discipulis
2201 5944 2506 6008 conﬁrmare
2530 5944 2685 5999 voluit
2709 5945 2902 6001 dicens.
2924 5942 3106 6001 Secuti
3139 5957 3322 6002 sumus
3349 5941 3481 5996 cod.
