  <div class='ocr_page' id='page_1' title='image "/cluster/home/n/w/nwhite01/storage/ocr_20150623/56/hvd.32044015471600/273.png"; bbox 0 0 3992 6348; ppageno 0'>
   <div class='ocr_carea' id='block_1_1' title="bbox 514 317 623 376">
    <p class='ocr_par' dir='ltr' id='par_1_1' title="bbox 514 317 623 376">
     <span class='ocr_line' id='line_1_1' title="bbox 514 317 623 376; baseline -0.037 0"><span class='ocrx_word' id='word_1_1' title='bbox 514 317 623 376; x_wconf 69' lang='lat'><strong>535</strong></span> 
     </span>
    </p>
   </div>
   <div class='ocr_carea' id='block_1_2' title="bbox 1437 302 3723 379">
    <p class='ocr_par' dir='ltr' id='par_1_2' title="bbox 1437 302 3723 379">
     <span class='ocr_line' id='line_1_2' title="bbox 1437 302 3723 379; baseline 0.006 -18"><span class='ocrx_word' id='word_1_2' title='bbox 1437 303 1778 362; x_wconf 80' lang='lat' dir='ltr'><strong>APPENDIX</strong></span> <span class='ocrx_word' id='word_1_3' title='bbox 1817 303 1908 360; x_wconf 79' lang='lat' dir='ltr'><strong>AD</strong></span> <span class='ocrx_word' id='word_1_4' title='bbox 1948 303 2007 359; x_wconf 90' lang='lat' dir='ltr'><strong>S.</strong></span> <span class='ocrx_word' id='word_1_5' title='bbox 2053 302 2291 362; x_wconf 79' lang='lat' dir='ltr'><strong>LEONIS</strong></span> <span class='ocrx_word' id='word_1_6' title='bbox 2331 305 2547 363; x_wconf 81' lang='lat' dir='ltr'><strong>MAGNI</strong></span> <span class='ocrx_word' id='word_1_7' title='bbox 2586 304 2817 364; x_wconf 77' lang='lat' dir='ltr'><strong>OPERA</strong></span> <span class='ocrx_word' id='word_1_8' title='bbox 3636 317 3723 379; x_wconf 74' lang='lat'><strong>536</strong></span> 
     </span>
    </p>
   </div>
   <div class='ocr_carea' id='block_1_3' title="bbox 513 409 3726 498">
    <p class='ocr_par' dir='ltr' id='par_1_3' title="bbox 513 409 3726 498">
     <span class='ocr_line' id='line_1_3' title="bbox 513 409 3726 498; baseline -0.001 -13"><span class='ocrx_word' id='word_1_9' title='bbox 513 439 679 484; x_wconf 86' lang='lat' dir='ltr'><strong>tatem</strong></span> <span class='ocrx_word' id='word_1_10' title='bbox 708 422 851 480; x_wconf 86' lang='lat' dir='ltr'><strong>unici</strong></span> <span class='ocrx_word' id='word_1_11' title='bbox 897 421 1040 488; x_wconf 78' lang='lat' dir='ltr'><strong>Filii,</strong></span> <span class='ocrx_word' id='word_1_12' title='bbox 1081 409 1177 476; x_wconf 82' lang='lat' dir='ltr'><strong>hos</strong></span> <span class='ocrx_word' id='word_1_13' title='bbox 1213 419 1553 490; x_wconf 85' lang='lat' dir='ltr'><strong>repellendos</strong></span> <span class='ocrx_word' id='word_1_14' title='bbox 1596 419 1666 475; x_wconf 91' lang='lat' dir='ltr'><strong>de</strong></span> <span class='ocrx_word' id='word_1_15' title='bbox 1707 419 1854 474; x_wconf 92' lang='lat' dir='ltr'><strong>omni</strong></span> <span class='ocrx_word' id='word_1_16' title='bbox 1885 418 2092 490; x_wconf 84' lang='lat' dir='ltr'><strong>synodo</strong></span> <span class='ocrx_word' id='word_1_17' title='bbox 2115 426 2172 488; x_wconf 73' lang='grc' dir='ltr'>Α</span> <span class='ocrx_word' id='word_1_18' title='bbox 2196 420 2450 490; x_wconf 87' lang='lat' dir='ltr'><strong>tabiliter,</strong></span> <span class='ocrx_word' id='word_1_19' title='bbox 2501 421 2734 480; x_wconf 76' lang='lat' dir='ltr'><strong>indivise</strong></span> <span class='ocrx_word' id='word_1_20' title='bbox 2779 421 3234 492; x_wconf 84' lang='lat' dir='ltr'><strong>cognoscendum,</strong></span> <span class='ocrx_word' id='word_1_21' title='bbox 3285 424 3340 480; x_wconf 90' lang='lat' dir='ltr'><strong>in</strong></span> <span class='ocrx_word' id='word_1_22' title='bbox 3369 423 3508 481; x_wconf 93' lang='lat' dir='ltr'><strong>nullo</strong></span> <span class='ocrx_word' id='word_1_23' title='bbox 3532 425 3726 498; x_wconf 77' lang='lat' dir='ltr'><strong>duplicis</strong></span> 
     </span>
    </p>
   </div>
   <div class='ocr_carea' id='block_1_4' title="bbox 514 511 2093 591">
    <p class='ocr_par' dir='ltr' id='par_1_4' title="bbox 514 511 2093 591">
     <span class='ocr_line' id='line_1_4' title="bbox 514 511 2093 591; baseline -0.006 -14"><span class='ocrx_word' id='word_1_24' title='bbox 514 525 756 591; x_wconf 79' lang='lat' dir='ltr'><strong>oportet;</strong></span> <span class='ocrx_word' id='word_1_25' title='bbox 787 529 992 572; x_wconf 82' lang='lat' dir='ltr'><strong>necnon</strong></span> <span class='ocrx_word' id='word_1_26' title='bbox 1023 512 1196 569; x_wconf 91' lang='lat' dir='ltr'><strong>ethos</strong></span> <span class='ocrx_word' id='word_1_27' title='bbox 1224 512 1313 580; x_wconf 86' lang='lat' dir='ltr'><strong>qui</strong></span> <span class='ocrx_word' id='word_1_28' title='bbox 1341 511 1570 582; x_wconf 85' lang='lat' dir='ltr'><strong>duplicis</strong></span> <span class='ocrx_word' id='word_1_29' title='bbox 1598 519 1804 568; x_wconf 72' lang='lat' dir='ltr'><strong>natura:</strong></span> <span class='ocrx_word' id='word_1_30' title='bbox 1829 513 2093 569; x_wconf 86' lang='lat' dir='ltr'><strong>commix-</strong></span> 
     </span>
    </p>
   </div>
   <div class='ocr_carea' id='block_1_5' title="bbox 513 605 2093 678">
    <p class='ocr_par' dir='ltr' id='par_1_5' title="bbox 513 605 2093 678">
     <span class='ocr_line' id='line_1_5' title="bbox 513 605 2093 678; baseline -0.003 -10"><span class='ocrx_word' id='word_1_31' title='bbox 513 614 718 668; x_wconf 90' lang='lat' dir='ltr'><strong>tionem</strong></span> <span class='ocrx_word' id='word_1_32' title='bbox 745 618 771 648; x_wconf 77' lang='grc' dir='ltr'>ι</span> <span class='ocrx_word' id='word_1_33' title='bbox 797 616 854 665; x_wconf 90' lang='lat' dir='ltr'><strong>et</strong></span> <span class='ocrx_word' id='word_1_34' title='bbox 883 606 1249 663; x_wconf 77' lang='lat' dir='ltr'><strong>confusionem</strong></span> <span class='ocrx_word' id='word_1_35' title='bbox 1271 605 1484 661; x_wconf 90' lang='lat' dir='ltr'><strong>Domini</strong></span> <span class='ocrx_word' id='word_1_36' title='bbox 1515 607 1685 663; x_wconf 89' lang='lat' dir='ltr'><strong>nostri</strong></span> <span class='ocrx_word' id='word_1_37' title='bbox 1708 614 2093 678; x_wconf 88' lang='lat' dir='ltr'><strong>argumentan-</strong></span> 
     </span>
    </p>
   </div>
   <div class='ocr_carea' id='block_1_6' title="bbox 517 700 2094 774">
    <p class='ocr_par' dir='ltr' id='par_1_6' title="bbox 517 700 2094 774">
     <span class='ocr_line' id='line_1_6' title="bbox 517 700 2094 774; baseline -0.004 -11"><span class='ocrx_word' id='word_1_38' title='bbox 517 716 628 772; x_wconf 86' lang='lat' dir='ltr'><strong>tur,</strong></span> <span class='ocrx_word' id='word_1_39' title='bbox 655 706 994 774; x_wconf 77' lang='lat' dir='ltr'><strong>impugnare;</strong></span> <span class='ocrx_word' id='word_1_40' title='bbox 1025 711 1078 756; x_wconf 93' lang='lat' dir='ltr'><strong>et</strong></span> <span class='ocrx_word' id='word_1_41' title='bbox 1115 701 1203 770; x_wconf 90' lang='lat' dir='ltr'><strong>qui</strong></span> <span class='ocrx_word' id='word_1_42' title='bbox 1225 700 1523 770; x_wconf 79' lang='lat' dir='ltr'><strong>ctelestem,</strong></span> <span class='ocrx_word' id='word_1_43' title='bbox 1555 701 1640 758; x_wconf 83' lang='lat' dir='ltr'><strong>vel</strong></span> <span class='ocrx_word' id='word_1_44' title='bbox 1668 701 1831 758; x_wconf 89' lang='lat' dir='ltr'><strong>etiam</strong></span> <span class='ocrx_word' id='word_1_45' title='bbox 1857 701 2094 758; x_wconf 82' lang='lat' dir='ltr'><strong>consub-</strong></span> 
     </span>
    </p>
   </div>
   <div class='ocr_carea' id='block_1_7' title="bbox 517 793 2096 866">
    <p class='ocr_par' dir='ltr' id='par_1_7' title="bbox 517 793 2096 866">
     <span class='ocr_line' id='line_1_7' title="bbox 517 793 2096 866; baseline -0.003 -10"><span class='ocrx_word' id='word_1_46' title='bbox 517 799 819 856; x_wconf 86' lang='lat' dir='ltr'><strong>stantialem</strong></span> <span class='ocrx_word' id='word_1_47' title='bbox 856 795 1237 861; x_wconf 90' lang='lat' dir='ltr'><strong>substantiam,</strong></span> <span class='ocrx_word' id='word_1_48' title='bbox 1285 810 1443 866; x_wconf 91' lang='lat' dir='ltr'><strong>quam</strong></span> <span class='ocrx_word' id='word_1_49' title='bbox 1478 810 1542 851; x_wconf 83' lang='lat' dir='ltr'><strong>ex</strong></span> <span class='ocrx_word' id='word_1_50' title='bbox 1575 795 1730 851; x_wconf 90' lang='lat' dir='ltr'><strong>nobis</strong></span> <span class='ocrx_word' id='word_1_51' title='bbox 1757 793 1784 835; x_wconf 71' lang='grc' dir='ltr'>δ</span> <span class='ocrx_word' id='word_1_52' title='bbox 1822 795 2096 853; x_wconf 78' lang='lat' dir='ltr'><strong>credimus</strong></span> 
     </span>
    </p>
   </div>
   <div class='ocr_carea' id='block_1_8' title="bbox 519 888 2097 960">
    <p class='ocr_par' dir='ltr' id='par_1_8' title="bbox 519 888 2097 960">
     <span class='ocr_line' id='line_1_8' title="bbox 519 888 2097 960; baseline -0.003 -10"><span class='ocrx_word' id='word_1_53' title='bbox 519 899 847 951; x_wconf 87' lang='lat' dir='ltr'><strong>concretam.</strong></span> <span class='ocrx_word' id='word_1_54' title='bbox 882 890 1030 960; x_wconf 89' lang='lat' dir='ltr'><strong>Ipsos</strong></span> <span class='ocrx_word' id='word_1_55' title='bbox 1063 903 1189 960; x_wconf 86' lang='lat' dir='ltr'><strong>ergo</strong></span> <span class='ocrx_word' id='word_1_56' title='bbox 1225 888 1447 958; x_wconf 75' lang='lat' dir='ltr'><strong>figuram</strong></span> <span class='ocrx_word' id='word_1_57' title='bbox 1477 888 1636 960; x_wconf 68' lang='lat'><strong>223</strong></span> <span class='ocrx_word' id='word_1_58' title='bbox 1665 888 1976 958; x_wconf 88' lang='lat' dir='ltr'><strong>delirantes,</strong></span> <span class='ocrx_word' id='word_1_59' title='bbox 2007 889 2097 946; x_wconf 89' lang='lat' dir='ltr'><strong>vel</strong></span> 
     </span>
    </p>
   </div>
   <div class='ocr_carea' id='block_1_9' title="bbox 518 979 2097 1060">
    <p class='ocr_par' dir='ltr' id='par_1_9' title="bbox 518 979 2097 1060">
     <span class='ocr_line' id='line_1_9' title="bbox 518 979 2097 1060; baseline -0.003 -19"><span class='ocrx_word' id='word_1_60' title='bbox 518 983 851 1041; x_wconf 80' lang='lat' dir='ltr'><strong>insanientes</strong></span> <span class='ocrx_word' id='word_1_61' title='bbox 888 981 1141 1060; x_wconf 87' lang='lat' dir='ltr'><strong>dicimus;</strong></span> <span class='ocrx_word' id='word_1_62' title='bbox 1181 988 1238 1036; x_wconf 89' lang='lat' dir='ltr'><strong>et</strong></span> <span class='ocrx_word' id='word_1_63' title='bbox 1274 979 1373 1035; x_wconf 89' lang='lat' dir='ltr'><strong>hos</strong></span> <span class='ocrx_word' id='word_1_64' title='bbox 1415 980 1504 1051; x_wconf 92' lang='lat' dir='ltr'><strong>qui</strong></span> <span class='ocrx_word' id='word_1_65' title='bbox 1537 982 1672 1035; x_wconf 90' lang='lat' dir='ltr'><strong>duas</strong></span> <span class='ocrx_word' id='word_1_66' title='bbox 1696 989 1820 1036; x_wconf 89' lang='lat' dir='ltr'><strong>ante</strong></span> <span class='ocrx_word' id='word_1_67' title='bbox 1845 981 2097 1038; x_wconf 84' lang='lat' dir='ltr'><strong>nativita-</strong></span> 
     </span>
    </p>
   </div>
   <div class='ocr_carea' id='block_1_10' title="bbox 517 1072 2101 1142">
    <p class='ocr_par' dir='ltr' id='par_1_10' title="bbox 517 1072 2101 1142">
     <span class='ocr_line' id='line_1_10' title="bbox 517 1072 2101 1142; baseline 0.001 -11"><span class='ocrx_word' id='word_1_68' title='bbox 517 1085 629 1131; x_wconf 87' lang='lat' dir='ltr'><strong>tem</strong></span> <span class='ocrx_word' id='word_1_69' title='bbox 658 1085 680 1112; x_wconf 76' lang='grc' dir='ltr'><strong><em>ο</em></strong></span> <span class='ocrx_word' id='word_1_70' title='bbox 711 1083 929 1128; x_wconf 89' lang='lat' dir='ltr'><strong>naturas</strong></span> <span class='ocrx_word' id='word_1_71' title='bbox 963 1072 1197 1141; x_wconf 88' lang='lat' dir='ltr'><strong>Domini,</strong></span> <span class='ocrx_word' id='word_1_72' title='bbox 1248 1087 1404 1127; x_wconf 91' lang='lat' dir='ltr'><strong>unam</strong></span> <span class='ocrx_word' id='word_1_73' title='bbox 1438 1081 1557 1142; x_wconf 91' lang='lat' dir='ltr'><strong>post</strong></span> <span class='ocrx_word' id='word_1_74' title='bbox 1596 1073 1864 1128; x_wconf 90' lang='lat' dir='ltr'><strong>unitarum</strong></span> <span class='ocrx_word' id='word_1_75' title='bbox 1895 1074 2101 1132; x_wconf 86' lang='lat' dir='ltr'><strong>insulse</strong></span> 
     </span>
    </p>
   </div>
   <div class='ocr_carea' id='block_1_11' title="bbox 519 1166 2101 1239">
    <p class='ocr_par' dir='ltr' id='par_1_11' title="bbox 519 1166 2101 1239">
     <span class='ocr_line' id='line_1_11' title="bbox 519 1166 2101 1239; baseline 0.001 -16"><span class='ocrx_word' id='word_1_76' title='bbox 519 1168 801 1239; x_wconf 80' lang='lat' dir='ltr'><strong>ﬁngentes,</strong></span> <span class='ocrx_word' id='word_1_77' title='bbox 833 1167 1296 1222; x_wconf 84' lang='lat' dir='ltr'><strong>excommunicare</strong></span> <span class='ocrx_word' id='word_1_78' title='bbox 1330 1175 1554 1236; x_wconf 84' lang='lat' dir='ltr'><strong>oportet.</strong></span> <span class='ocrx_word' id='word_1_79' title='bbox 1610 1166 1910 1236; x_wconf 74' lang='lat' dir='ltr'><strong>Sequemur</strong></span> <span class='ocrx_word' id='word_1_80' title='bbox 1935 1168 2101 1238; x_wconf 79' lang='lat' dir='ltr'><strong>igitur</strong></span> 
     </span>
    </p>
   </div>
   <div class='ocr_carea' id='block_1_12' title="bbox 518 1256 2101 1322">
    <p class='ocr_par' dir='ltr' id='par_1_12' title="bbox 518 1256 2101 1322">
     <span class='ocr_line' id='line_1_12' title="bbox 518 1256 2101 1322; baseline -0.001 -9"><span class='ocrx_word' id='word_1_81' title='bbox 518 1259 738 1313; x_wconf 88' lang='lat' dir='ltr'><strong>Patrum</strong></span> <span class='ocrx_word' id='word_1_82' title='bbox 781 1266 1086 1314; x_wconf 90' lang='lat' dir='ltr'><strong>nostrorum</strong></span> <span class='ocrx_word' id='word_1_83' title='bbox 1130 1257 1482 1322; x_wconf 89' lang='lat' dir='ltr'><strong>sententiam,</strong></span> <span class='ocrx_word' id='word_1_84' title='bbox 1537 1271 1700 1311; x_wconf 91' lang='lat' dir='ltr'><strong>unum</strong></span> <span class='ocrx_word' id='word_1_85' title='bbox 1754 1264 1808 1311; x_wconf 90' lang='lat' dir='ltr'><strong>et</strong></span> <span class='ocrx_word' id='word_1_86' title='bbox 1851 1256 2101 1312; x_wconf 88' lang='lat' dir='ltr'><strong>eumdem</strong></span> 
     </span>
    </p>
   </div>
   <div class='ocr_carea' id='block_1_13' title="bbox 522 1345 2104 1415">
    <p class='ocr_par' dir='ltr' id='par_1_13' title="bbox 522 1345 2104 1415">
     <span class='ocr_line' id='line_1_13' title="bbox 522 1345 2104 1415; baseline -0.002 -10"><span class='ocrx_word' id='word_1_87' title='bbox 522 1352 838 1406; x_wconf 83' lang='lat' dir='ltr'><strong>conﬁtentes</strong></span> <span class='ocrx_word' id='word_1_88' title='bbox 868 1348 1152 1404; x_wconf 90' lang='lat' dir='ltr'><strong>Dominum</strong></span> <span class='ocrx_word' id='word_1_89' title='bbox 1183 1349 1364 1404; x_wconf 85' lang='lat' dir='ltr'><strong>Jesum</strong></span> <span class='ocrx_word' id='word_1_90' title='bbox 1395 1345 1692 1415; x_wconf 87' lang='lat' dir='ltr'><strong>Christum,</strong></span> <span class='ocrx_word' id='word_1_91' title='bbox 1715 1348 2104 1403; x_wconf 82' lang='lat' dir='ltr'><strong>convenienter</strong></span> 
     </span>
    </p>
   </div>
   <div class='ocr_carea' id='block_1_14' title="bbox 521 1444 2104 1516">
    <p class='ocr_par' dir='ltr' id='par_1_14' title="bbox 521 1444 2104 1516">
     <span class='ocr_line' id='line_1_14' title="bbox 521 1444 2104 1516; baseline -0.002 -14"><span class='ocrx_word' id='word_1_92' title='bbox 521 1448 810 1502; x_wconf 88' lang='lat' dir='ltr'><strong>edocentes</strong></span> <span class='ocrx_word' id='word_1_93' title='bbox 850 1445 1146 1516; x_wconf 79' lang='lat' dir='ltr'><strong>perfectum</strong></span> <span class='ocrx_word' id='word_1_94' title='bbox 1189 1444 1436 1500; x_wconf 87' lang='lat' dir='ltr'><strong>eumdem</strong></span> <span class='ocrx_word' id='word_1_95' title='bbox 1469 1447 1520 1499; x_wconf 91' lang='lat' dir='ltr'><strong>in</strong></span> <span class='ocrx_word' id='word_1_96' title='bbox 1552 1444 1868 1513; x_wconf 89' lang='lat' dir='ltr'><strong>Divinitate,</strong></span> <span class='ocrx_word' id='word_1_97' title='bbox 1898 1453 1954 1501; x_wconf 90' lang='lat' dir='ltr'><strong>et</strong></span> <span class='ocrx_word' id='word_1_98' title='bbox 1983 1460 2104 1514; x_wconf 87' lang='lat' dir='ltr'><strong>per-</strong></span> 
     </span>
    </p>
   </div>
   <div class='ocr_carea' id='block_1_15' title="bbox 521 1532 2100 1602">
    <p class='ocr_par' dir='ltr' id='par_1_15' title="bbox 521 1532 2100 1602">
     <span class='ocr_line' id='line_1_15' title="bbox 521 1532 2100 1602; baseline -0.003 -9"><span class='ocrx_word' id='word_1_99' title='bbox 521 1536 720 1593; x_wconf 76' lang='lat' dir='ltr'><strong>fectum</strong></span> <span class='ocrx_word' id='word_1_100' title='bbox 743 1540 988 1591; x_wconf 86' lang='lat' dir='ltr'><strong>eumdem</strong></span> <span class='ocrx_word' id='word_1_101' title='bbox 1007 1532 1035 1572; x_wconf 72' lang='grc' dir='ltr'>ά</span> <span class='ocrx_word' id='word_1_102' title='bbox 1058 1536 1330 1590; x_wconf 86' lang='lat' dir='ltr'><strong>carnalem</strong></span> <span class='ocrx_word' id='word_1_103' title='bbox 1359 1535 1651 1602; x_wconf 88' lang='lat' dir='ltr'><strong>hominem,</strong></span> <span class='ocrx_word' id='word_1_104' title='bbox 1683 1535 1848 1590; x_wconf 89' lang='lat' dir='ltr'><strong>Deum</strong></span> <span class='ocrx_word' id='word_1_105' title='bbox 1875 1543 2100 1601; x_wconf 90' lang='lat' dir='ltr'><strong>certum,</strong></span> 
     </span>
    </p>
   </div>
   <div class='ocr_carea' id='block_1_16' title="bbox 524 1626 2104 1693">
    <p class='ocr_par' dir='ltr' id='par_1_16' title="bbox 524 1626 2104 1693">
     <span class='ocr_line' id='line_1_16' title="bbox 524 1626 2104 1693; baseline -0.003 -8"><span class='ocrx_word' id='word_1_106' title='bbox 524 1630 768 1686; x_wconf 90' lang='lat' dir='ltr'><strong>eumdem</strong></span> <span class='ocrx_word' id='word_1_107' title='bbox 795 1629 1064 1684; x_wconf 88' lang='lat' dir='ltr'><strong>hominem</strong></span> <span class='ocrx_word' id='word_1_108' title='bbox 1085 1637 1308 1693; x_wconf 91' lang='lat' dir='ltr'><strong>certum,</strong></span> <span class='ocrx_word' id='word_1_109' title='bbox 1343 1627 1588 1682; x_wconf 89' lang='lat' dir='ltr'><strong>eumdem</strong></span> <span class='ocrx_word' id='word_1_110' title='bbox 1632 1642 1699 1682; x_wconf 82' lang='lat' dir='ltr'><strong>ex</strong></span> <span class='ocrx_word' id='word_1_111' title='bbox 1728 1627 1906 1681; x_wconf 91' lang='lat' dir='ltr'><strong>anima</strong></span> <span class='ocrx_word' id='word_1_112' title='bbox 1936 1626 2104 1682; x_wconf 91' lang='lat' dir='ltr'><strong>ratio-</strong></span> 
     </span>
    </p>
   </div>
   <div class='ocr_carea' id='block_1_17' title="bbox 522 1718 2101 1790">
    <p class='ocr_par' dir='ltr' id='par_1_17' title="bbox 522 1718 2101 1790">
     <span class='ocr_line' id='line_1_17' title="bbox 522 1718 2101 1790; baseline -0.001 -14"><span class='ocrx_word' id='word_1_113' title='bbox 522 1721 688 1776; x_wconf 86' lang='lat' dir='ltr'><strong>nabili</strong></span> <span class='ocrx_word' id='word_1_114' title='bbox 714 1730 767 1776; x_wconf 92' lang='lat' dir='ltr'><strong>et</strong></span> <span class='ocrx_word' id='word_1_115' title='bbox 794 1721 1035 1790; x_wconf 89' lang='lat' dir='ltr'><strong>corporis</strong></span> <span class='ocrx_word' id='word_1_116' title='bbox 1074 1720 1406 1776; x_wconf 88' lang='lat' dir='ltr'><strong>substantia:</strong></span> <span class='ocrx_word' id='word_1_117' title='bbox 1437 1719 1583 1774; x_wconf 85' lang='lat' dir='ltr'><strong>Patri</strong></span> <span class='ocrx_word' id='word_1_118' title='bbox 1630 1718 1684 1773; x_wconf 93' lang='lat' dir='ltr'><strong>in</strong></span> <span class='ocrx_word' id='word_1_119' title='bbox 1714 1718 2000 1775; x_wconf 89' lang='lat' dir='ltr'><strong>Divinitate</strong></span> <span class='ocrx_word' id='word_1_120' title='bbox 2026 1719 2101 1775; x_wconf 86' lang='lat' dir='ltr'><strong>si-</strong></span> 
     </span>
    </p>
   </div>
   <div class='ocr_carea' id='block_1_18' title="bbox 2199 512 3726 586">
    <p class='ocr_par' dir='ltr' id='par_1_18' title="bbox 2199 512 3726 586">
     <span class='ocr_line' id='line_1_18' title="bbox 2199 512 3726 586; baseline 0.008 -18"><span class='ocrx_word' id='word_1_121' title='bbox 2199 521 2404 568; x_wconf 74' lang='lat' dir='ltr'><strong>naturm</strong></span> <span class='ocrx_word' id='word_1_122' title='bbox 2426 513 2723 570; x_wconf 86' lang='lat' dir='ltr'><strong>substantia</strong></span> <span class='ocrx_word' id='word_1_123' title='bbox 2747 512 3070 586; x_wconf 85' lang='lat' dir='ltr'><strong>interempta</strong></span> <span class='ocrx_word' id='word_1_124' title='bbox 3098 524 3318 586; x_wconf 86' lang='lat' dir='ltr'><strong>propter</strong></span> <span class='ocrx_word' id='word_1_125' title='bbox 3337 515 3595 586; x_wconf 88' lang='lat' dir='ltr'><strong>unitatem,</strong></span> <span class='ocrx_word' id='word_1_126' title='bbox 3608 523 3726 582; x_wconf 79' lang='lat' dir='ltr'><strong>salva</strong></span> 
     </span>
    </p>
   </div>
   <div class='ocr_carea' id='block_1_19' title="bbox 2197 605 3728 680">
    <p class='ocr_par' dir='ltr' id='par_1_19' title="bbox 2197 605 3728 680">
     <span class='ocr_line' id='line_1_19' title="bbox 2197 605 3728 680; baseline 0.004 -20"><span class='ocrx_word' id='word_1_127' title='bbox 2197 605 2526 675; x_wconf 84' lang='lat' dir='ltr'><strong>proprietate</strong></span> <span class='ocrx_word' id='word_1_128' title='bbox 2554 605 2832 677; x_wconf 88' lang='lat' dir='ltr'><strong>utriusque</strong></span> <span class='ocrx_word' id='word_1_129' title='bbox 2856 615 3062 662; x_wconf 66' lang='lat' dir='ltr'><strong>naturae</strong></span> <span class='ocrx_word' id='word_1_130' title='bbox 3088 607 3190 662; x_wconf 88' lang='lat' dir='ltr'><strong>sub</strong></span> <span class='ocrx_word' id='word_1_131' title='bbox 3217 621 3320 662; x_wconf 88' lang='lat' dir='ltr'><strong>una</strong></span> <span class='ocrx_word' id='word_1_132' title='bbox 3348 623 3563 680; x_wconf 80' lang='lat' dir='ltr'><strong>persona</strong></span> <span class='ocrx_word' id='word_1_133' title='bbox 3587 607 3612 648; x_wconf 65' lang='grc' dir='ltr'><strong>ιι</strong></span> <span class='ocrx_word' id='word_1_134' title='bbox 3631 615 3728 671; x_wconf 83' lang='lat' dir='ltr'><strong>sub-</strong></span> 
     </span>
    </p>
   </div>
   <div class='ocr_carea' id='block_1_20' title="bbox 2199 696 3730 772">
    <p class='ocr_par' dir='ltr' id='par_1_20' title="bbox 2199 696 3730 772">
     <span class='ocr_line' id='line_1_20' title="bbox 2199 696 3730 772; baseline 0.008 -20"><span class='ocrx_word' id='word_1_135' title='bbox 2199 696 2394 753; x_wconf 87' lang='lat' dir='ltr'><strong>stantia</strong></span> <span class='ocrx_word' id='word_1_136' title='bbox 2421 697 2804 765; x_wconf 86' lang='lat' dir='ltr'><strong>conveniente;</strong></span> <span class='ocrx_word' id='word_1_137' title='bbox 2849 697 3011 771; x_wconf 60' lang='lat'><strong>225</strong></span> <span class='ocrx_word' id='word_1_138' title='bbox 3035 713 3211 770; x_wconf 87' lang='lat' dir='ltr'><strong>neque</strong></span> <span class='ocrx_word' id='word_1_139' title='bbox 3237 699 3295 755; x_wconf 90' lang='lat' dir='ltr'><strong>in</strong></span> <span class='ocrx_word' id='word_1_140' title='bbox 3323 698 3452 755; x_wconf 87' lang='lat' dir='ltr'><strong>duas</strong></span> <span class='ocrx_word' id='word_1_141' title='bbox 3478 700 3649 772; x_wconf 82' lang='lat' dir='ltr'><strong>ﬁguras</strong></span> <span class='ocrx_word' id='word_1_142' title='bbox 3666 707 3730 764; x_wconf 67' lang='lat' dir='ltr'><strong>di«</strong></span> 
     </span>
    </p>
   </div>
   <div class='ocr_carea' id='block_1_21' title="bbox 2200 790 3728 866">
    <p class='ocr_par' dir='ltr' id='par_1_21' title="bbox 2200 790 3728 866">
     <span class='ocr_line' id='line_1_21' title="bbox 2200 790 3728 866; baseline 0.005 -21"><span class='ocrx_word' id='word_1_143' title='bbox 2200 790 2373 845; x_wconf 86' lang='lat' dir='ltr'><strong>visum</strong></span> <span class='ocrx_word' id='word_1_144' title='bbox 2413 799 2572 861; x_wconf 89' lang='lat' dir='ltr'><strong>atque</strong></span> <span class='ocrx_word' id='word_1_145' title='bbox 2615 791 2890 861; x_wconf 90' lang='lat' dir='ltr'><strong>partitum,</strong></span> <span class='ocrx_word' id='word_1_146' title='bbox 2922 791 3016 846; x_wconf 89' lang='lat' dir='ltr'><strong>sed</strong></span> <span class='ocrx_word' id='word_1_147' title='bbox 3064 806 3230 846; x_wconf 92' lang='lat' dir='ltr'><strong>unum</strong></span> <span class='ocrx_word' id='word_1_148' title='bbox 3273 791 3514 848; x_wconf 90' lang='lat' dir='ltr'><strong>eumdem</strong></span> <span class='ocrx_word' id='word_1_149' title='bbox 3549 794 3728 866; x_wconf 86' lang='lat' dir='ltr'><strong>Filium,</strong></span> 
     </span>
    </p>
   </div>
   <div class='ocr_carea' id='block_1_22' title="bbox 2201 883 3728 960">
    <p class='ocr_par' dir='ltr' id='par_1_22' title="bbox 2201 883 3728 960">
     <span class='ocr_line' id='line_1_22' title="bbox 2201 883 3728 960; baseline 0.007 -22"><span class='ocrx_word' id='word_1_150' title='bbox 2201 884 2418 940; x_wconf 91' lang='lat' dir='ltr'><strong>unicum</strong></span> <span class='ocrx_word' id='word_1_151' title='bbox 2444 883 2730 940; x_wconf 89' lang='lat' dir='ltr'><strong>Dominum</strong></span> <span class='ocrx_word' id='word_1_152' title='bbox 2784 883 3020 940; x_wconf 90' lang='lat' dir='ltr'><strong>Verbum</strong></span> <span class='ocrx_word' id='word_1_153' title='bbox 3048 885 3218 942; x_wconf 87' lang='lat' dir='ltr'><strong>Deum</strong></span> <span class='ocrx_word' id='word_1_154' title='bbox 3266 885 3448 944; x_wconf 85' lang='lat' dir='ltr'><strong>Jesum</strong></span> <span class='ocrx_word' id='word_1_155' title='bbox 3473 885 3728 960; x_wconf 85' lang='lat' dir='ltr'><strong>Christum;</strong></span> 
     </span>
    </p>
   </div>
   <div class='ocr_carea' id='block_1_23' title="bbox 2201 977 3730 1054">
    <p class='ocr_par' dir='ltr' id='par_1_23' title="bbox 2201 977 3730 1054">
     <span class='ocr_line' id='line_1_23' title="bbox 2201 977 3730 1054; baseline 0.005 -20"><span class='ocrx_word' id='word_1_156' title='bbox 2201 977 2344 1034; x_wconf 84' lang='lat' dir='ltr'><strong>sicut</strong></span> <span class='ocrx_word' id='word_1_157' title='bbox 2385 978 2675 1047; x_wconf 89' lang='lat' dir='ltr'><strong>antiquitus</strong></span> <span class='ocrx_word' id='word_1_158' title='bbox 2714 977 2990 1049; x_wconf 68' lang='lat' dir='ltr'><strong>prophetae</strong></span> <span class='ocrx_word' id='word_1_159' title='bbox 3040 995 3138 1051; x_wconf 88' lang='lat' dir='ltr'><strong>pro</strong></span> <span class='ocrx_word' id='word_1_160' title='bbox 3187 995 3278 1050; x_wconf 90' lang='lat' dir='ltr'><strong>eo,</strong></span> <span class='ocrx_word' id='word_1_161' title='bbox 3325 991 3381 1037; x_wconf 92' lang='lat' dir='ltr'><strong>et</strong></span> <span class='ocrx_word' id='word_1_162' title='bbox 3413 980 3639 1054; x_wconf 80' lang='lat' dir='ltr'><strong>iamipse</strong></span> <span class='ocrx_word' id='word_1_163' title='bbox 3655 1001 3730 1044; x_wconf 80' lang='lat' dir='ltr'><strong>nos</strong></span> 
     </span>
    </p>
   </div>
   <div class='ocr_carea' id='block_1_24' title="bbox 2203 1069 3732 1140">
    <p class='ocr_par' dir='ltr' id='par_1_24' title="bbox 2203 1069 3732 1140">
     <span class='ocr_line' id='line_1_24' title="bbox 2203 1069 3732 1140; baseline 0.005 -12"><span class='ocrx_word' id='word_1_164' title='bbox 2203 1070 2360 1128; x_wconf 83' lang='lat' dir='ltr'><strong>Jesus</strong></span> <span class='ocrx_word' id='word_1_165' title='bbox 2400 1069 2644 1128; x_wconf 86' lang='lat' dir='ltr'><strong>Christus</strong></span> <span class='ocrx_word' id='word_1_166' title='bbox 2691 1070 2954 1140; x_wconf 88' lang='lat' dir='ltr'><strong>erudivit,</strong></span> <span class='ocrx_word' id='word_1_167' title='bbox 2999 1080 3055 1128; x_wconf 92' lang='lat' dir='ltr'><strong>et</strong></span> <span class='ocrx_word' id='word_1_168' title='bbox 3093 1072 3314 1129; x_wconf 86' lang='lat' dir='ltr'><strong>Patrum</strong></span> <span class='ocrx_word' id='word_1_169' title='bbox 3364 1075 3515 1130; x_wconf 87' lang='lat' dir='ltr'><strong>nobis</strong></span> <span class='ocrx_word' id='word_1_170' title='bbox 3555 1075 3732 1136; x_wconf 78' lang='lat' dir='ltr'><strong>tradidit</strong></span> 
     </span>
    </p>
   </div>
   <div class='ocr_carea' id='block_1_25' title="bbox 2205 1162 2525 1233">
    <p class='ocr_par' dir='ltr' id='par_1_25' title="bbox 2205 1162 2525 1233">
     <span class='ocr_line' id='line_1_25' title="bbox 2205 1162 2525 1233; baseline 0.003 -15"><span class='ocrx_word' id='word_1_171' title='bbox 2205 1162 2525 1233; x_wconf 87' lang='lat' dir='ltr'><strong>symbolum.</strong></span> 
     </span>
    </p>
   </div>
   <div class='ocr_carea' id='block_1_26' title="bbox 2284 1252 3731 1330">
    <p class='ocr_par' dir='ltr' id='par_1_26' title="bbox 2284 1252 3731 1330">
     <span class='ocr_line' id='line_1_26' title="bbox 2284 1252 3731 1330; baseline 0.007 -21"><span class='ocrx_word' id='word_1_172' title='bbox 2284 1252 2302 1291; x_wconf 81' lang='grc' dir='ltr'><strong>ί</strong></span> <span class='ocrx_word' id='word_1_173' title='bbox 2332 1255 2457 1310; x_wconf 65' lang='lat' dir='ltr'><strong>Haec</strong></span> <span class='ocrx_word' id='word_1_174' title='bbox 2487 1255 2666 1326; x_wconf 88' lang='lat' dir='ltr'><strong>itaque</strong></span> <span class='ocrx_word' id='word_1_175' title='bbox 2693 1271 2813 1312; x_wconf 92' lang='lat' dir='ltr'><strong>cum</strong></span> <span class='ocrx_word' id='word_1_176' title='bbox 2845 1256 2992 1312; x_wconf 89' lang='lat' dir='ltr'><strong>omni</strong></span> <span class='ocrx_word' id='word_1_177' title='bbox 3021 1255 3246 1313; x_wconf 79' lang='lat' dir='ltr'><strong>veritate</strong></span> <span class='ocrx_word' id='word_1_178' title='bbox 3275 1265 3434 1330; x_wconf 89' lang='lat' dir='ltr'><strong>atque</strong></span> <span class='ocrx_word' id='word_1_179' title='bbox 3469 1260 3731 1319; x_wconf 72' lang='lat' dir='ltr'><strong>suavitates</strong></span> 
     </span>
    </p>
   </div>
   <div class='ocr_carea' id='block_1_27' title="bbox 2206 1347 3731 1414">
    <p class='ocr_par' dir='ltr' id='par_1_27' title="bbox 2206 1347 3731 1414">
     <span class='ocr_line' id='line_1_27' title="bbox 2206 1347 3731 1414; baseline 0.007 -13"><span class='ocrx_word' id='word_1_180' title='bbox 2206 1347 2362 1402; x_wconf 88' lang='lat' dir='ltr'><strong>nobis</strong></span> <span class='ocrx_word' id='word_1_181' title='bbox 2383 1347 2656 1414; x_wconf 90' lang='lat' dir='ltr'><strong>ordinata;</strong></span> <span class='ocrx_word' id='word_1_182' title='bbox 2691 1349 2878 1404; x_wconf 82' lang='lat' dir='ltr'><strong>statuit</strong></span> <span class='ocrx_word' id='word_1_183' title='bbox 2899 1349 3222 1406; x_wconf 88' lang='lat' dir='ltr'><strong>venerabilis</strong></span> <span class='ocrx_word' id='word_1_184' title='bbox 3238 1361 3293 1406; x_wconf 88' lang='lat' dir='ltr'><strong>et</strong></span> <span class='ocrx_word' id='word_1_185' title='bbox 3315 1351 3571 1408; x_wconf 87' lang='lat' dir='ltr'><strong>mundana</strong></span> <span class='ocrx_word' id='word_1_186' title='bbox 3587 1353 3731 1411; x_wconf 79' lang='lat' dir='ltr'><strong>Eccle-</strong></span> 
     </span>
    </p>
   </div>
   <div class='ocr_carea' id='block_1_28' title="bbox 2207 1440 3731 1516">
    <p class='ocr_par' dir='ltr' id='par_1_28' title="bbox 2207 1440 3731 1516">
     <span class='ocr_line' id='line_1_28' title="bbox 2207 1440 3731 1516; baseline 0.007 -22"><span class='ocrx_word' id='word_1_187' title='bbox 2207 1440 2286 1495; x_wconf 90' lang='lat' dir='ltr'><strong>sia</strong></span> <span class='ocrx_word' id='word_1_188' title='bbox 2315 1441 2514 1496; x_wconf 90' lang='lat' dir='ltr'><strong>nullam</strong></span> <span class='ocrx_word' id='word_1_189' title='bbox 2547 1441 2704 1496; x_wconf 90' lang='lat' dir='ltr'><strong>aliam</strong></span> <span class='ocrx_word' id='word_1_190' title='bbox 2749 1441 2906 1498; x_wconf 78' lang='lat' dir='ltr'><strong>(idem</strong></span> <span class='ocrx_word' id='word_1_191' title='bbox 2936 1441 3102 1499; x_wconf 88' lang='lat' dir='ltr'><strong>licere</strong></span> <span class='ocrx_word' id='word_1_192' title='bbox 3124 1442 3373 1514; x_wconf 87' lang='lat' dir='ltr'><strong>cuiquam</strong></span> <span class='ocrx_word' id='word_1_193' title='bbox 3402 1444 3638 1516; x_wconf 82' lang='lat' dir='ltr'><strong>proferre,</strong></span> <span class='ocrx_word' id='word_1_194' title='bbox 3663 1456 3731 1506; x_wconf 88' lang='lat' dir='ltr'><strong>aut</strong></span> 
     </span>
    </p>
   </div>
   <div class='ocr_carea' id='block_1_29' title="bbox 2208 1533 3733 1612">
    <p class='ocr_par' dir='ltr' id='par_1_29' title="bbox 2208 1533 3733 1612">
     <span class='ocr_line' id='line_1_29' title="bbox 2208 1533 3733 1612; baseline 0.005 -24"><span class='ocrx_word' id='word_1_195' title='bbox 2208 1533 2389 1601; x_wconf 87' lang='lat' dir='ltr'><strong>edere,</strong></span> <span class='ocrx_word' id='word_1_196' title='bbox 2437 1534 2520 1590; x_wconf 86' lang='lat' dir='ltr'><strong>vel</strong></span> <span class='ocrx_word' id='word_1_197' title='bbox 2549 1534 2764 1602; x_wconf 89' lang='lat' dir='ltr'><strong>docere,</strong></span> <span class='ocrx_word' id='word_1_198' title='bbox 2796 1537 2878 1592; x_wconf 89' lang='lat' dir='ltr'><strong>vel</strong></span> <span class='ocrx_word' id='word_1_199' title='bbox 2920 1535 3132 1592; x_wconf 88' lang='lat' dir='ltr'><strong>tradere</strong></span> <span class='ocrx_word' id='word_1_200' title='bbox 3161 1537 3176 1588; x_wconf 89' lang='lat' dir='ltr'><strong>t</strong></span> <span class='ocrx_word' id='word_1_201' title='bbox 3315 1537 3536 1594; x_wconf 86' lang='lat' dir='ltr'><strong>alterum</strong></span> <span class='ocrx_word' id='word_1_202' title='bbox 3560 1541 3733 1612; x_wconf 74' lang='lat' dir='ltr'><strong>syme</strong></span> 
     </span>
    </p>
   </div>
   <div class='ocr_carea' id='block_1_30' title="bbox 2207 1624 3732 1706">
    <p class='ocr_par' dir='ltr' id='par_1_30' title="bbox 2207 1624 3732 1706">
     <span class='ocr_line' id='line_1_30' title="bbox 2207 1624 3732 1706; baseline 0.007 -26"><span class='ocrx_word' id='word_1_203' title='bbox 2207 1624 2318 1680; x_wconf 92' lang='lat' dir='ltr'><strong>lum</strong></span> <span class='ocrx_word' id='word_1_204' title='bbox 2361 1626 2630 1706; x_wconf 74' lang='lat' dir='ltr'><strong>corripere</strong></span> <span class='ocrx_word' id='word_1_205' title='bbox 2673 1626 2975 1682; x_wconf 88' lang='lat' dir='ltr'><strong>volentibus</strong></span> <span class='ocrx_word' id='word_1_206' title='bbox 3011 1627 3078 1682; x_wconf 87' lang='lat' dir='ltr'><strong>ad</strong></span> <span class='ocrx_word' id='word_1_207' title='bbox 3127 1626 3409 1683; x_wconf 88' lang='lat' dir='ltr'><strong>scientiam</strong></span> <span class='ocrx_word' id='word_1_208' title='bbox 3438 1629 3655 1686; x_wconf 84' lang='lat' dir='ltr'><strong>veritatis</strong></span> <span class='ocrx_word' id='word_1_209' title='bbox 3685 1645 3732 1691; x_wconf 81' lang='lat' dir='ltr'><strong>et</strong></span> 
     </span>
    </p>
   </div>
   <div class='ocr_carea' id='block_1_31' title="bbox 2211 1716 3734 1790">
    <p class='ocr_par' dir='ltr' id='par_1_31' title="bbox 2211 1716 3734 1790">
     <span class='ocr_line' id='line_1_31' title="bbox 2211 1716 3734 1790; baseline 0.005 -21"><span class='ocrx_word' id='word_1_210' title='bbox 2211 1716 2599 1787; x_wconf 87' lang='lat' dir='ltr'><strong>paganitarum.</strong></span> <span class='ocrx_word' id='word_1_211' title='bbox 2643 1726 2736 1770; x_wconf 92' lang='lat' dir='ltr'><strong>aut</strong></span> <span class='ocrx_word' id='word_1_212' title='bbox 2771 1716 3034 1786; x_wconf 61' lang='lat' dir='ltr'><strong>iudaice,</strong></span> <span class='ocrx_word' id='word_1_213' title='bbox 3068 1725 3161 1772; x_wconf 94' lang='lat' dir='ltr'><strong>aut</strong></span> <span class='ocrx_word' id='word_1_214' title='bbox 3199 1717 3465 1774; x_wconf 64' lang='lat' dir='ltr'><strong>haeretica:</strong></span> <span class='ocrx_word' id='word_1_215' title='bbox 3503 1719 3734 1790; x_wconf 84' lang='lat' dir='ltr'><strong>cuiusllbet</strong></span> 
     </span>
    </p>
   </div>
   <div class='ocr_carea' id='block_1_32' title="bbox 523 1807 3734 1882">
    <p class='ocr_par' dir='ltr' id='par_1_32' title="bbox 523 1807 3734 1882">
     <span class='ocr_line' id='line_1_32' title="bbox 523 1807 3734 1882; baseline -0.001 -13"><span class='ocrx_word' id='word_1_216' title='bbox 523 1813 729 1882; x_wconf 89' lang='lat' dir='ltr'><strong>milem,</strong></span> <span class='ocrx_word' id='word_1_217' title='bbox 751 1813 874 1867; x_wconf 90' lang='lat' dir='ltr'><strong>item</strong></span> <span class='ocrx_word' id='word_1_218' title='bbox 892 1822 946 1867; x_wconf 88' lang='lat' dir='ltr'><strong>et</strong></span> <span class='ocrx_word' id='word_1_219' title='bbox 968 1812 1118 1868; x_wconf 88' lang='lat' dir='ltr'><strong>nobis</strong></span> <span class='ocrx_word' id='word_1_220' title='bbox 1148 1826 1244 1881; x_wconf 92' lang='lat' dir='ltr'><strong>per</strong></span> <span class='ocrx_word' id='word_1_221' title='bbox 1265 1811 1442 1866; x_wconf 83' lang='lat' dir='ltr'><strong>omnia</strong></span> <span class='ocrx_word' id='word_1_222' title='bbox 1470 1810 1524 1865; x_wconf 92' lang='lat' dir='ltr'><strong>in</strong></span> <span class='ocrx_word' id='word_1_223' title='bbox 1555 1809 1788 1865; x_wconf 89' lang='lat' dir='ltr'><strong>humana</strong></span> <span class='ocrx_word' id='word_1_224' title='bbox 1810 1810 2102 1869; x_wconf 86' lang='lat' dir='ltr'><strong>substantia</strong></span> <span class='ocrx_word' id='word_1_225' title='bbox 2131 1815 2182 1878; x_wconf 83' lang='grc' dir='ltr'><strong>Β</strong></span> <span class='ocrx_word' id='word_1_226' title='bbox 2207 1818 2387 1864; x_wconf 68' lang='lat' dir='ltr'><strong>sectis.</strong></span> <span class='ocrx_word' id='word_1_227' title='bbox 2434 1807 2545 1863; x_wconf 82' lang='lat' dir='ltr'><strong>Hos</strong></span> <span class='ocrx_word' id='word_1_228' title='bbox 2571 1823 2724 1876; x_wconf 89' lang='lat' dir='ltr'><strong>vero,</strong></span> <span class='ocrx_word' id='word_1_229' title='bbox 2753 1809 2867 1865; x_wconf 91' lang='lat' dir='ltr'><strong>sive</strong></span> <span class='ocrx_word' id='word_1_230' title='bbox 2893 1809 3002 1865; x_wconf 87' lang='lat' dir='ltr'><strong>sint</strong></span> <span class='ocrx_word' id='word_1_231' title='bbox 3027 1809 3268 1880; x_wconf 87' lang='lat' dir='ltr'><strong>episcopi</strong></span> <span class='ocrx_word' id='word_1_232' title='bbox 3297 1819 3393 1866; x_wconf 90' lang='lat' dir='ltr'><strong>aut</strong></span> <span class='ocrx_word' id='word_1_233' title='bbox 3416 1810 3604 1878; x_wconf 90' lang='lat' dir='ltr'><strong>clerici,</strong></span> <span class='ocrx_word' id='word_1_234' title='bbox 3637 1811 3734 1866; x_wconf 85' lang='lat' dir='ltr'><strong>alie-</strong></span> 
     </span>
    </p>
   </div>
   <div class='ocr_carea' id='block_1_33' title="bbox 523 1901 2103 1974">
    <p class='ocr_par' dir='ltr' id='par_1_33' title="bbox 523 1901 2103 1974">
     <span class='ocr_line' id='line_1_33' title="bbox 523 1901 2103 1974; baseline -0.001 -12"><span class='ocrx_word' id='word_1_235' title='bbox 523 1905 755 1962; x_wconf 88' lang='lat' dir='ltr'><strong>similem</strong></span> <span class='ocrx_word' id='word_1_236' title='bbox 805 1911 998 1973; x_wconf 81' lang='lat' dir='ltr'><strong>praeter</strong></span> <span class='ocrx_word' id='word_1_237' title='bbox 1047 1911 1358 1974; x_wconf 90' lang='lat' dir='ltr'><strong>peccatum;</strong></span> <span class='ocrx_word' id='word_1_238' title='bbox 1405 1911 1531 1957; x_wconf 87' lang='lat' dir='ltr'><strong>ante</strong></span> <span class='ocrx_word' id='word_1_239' title='bbox 1581 1901 1778 1957; x_wconf 64' lang='lat' dir='ltr'><strong>saecula</strong></span> <span class='ocrx_word' id='word_1_240' title='bbox 1822 1917 1887 1958; x_wconf 79' lang='lat' dir='ltr'><strong>ex</strong></span> <span class='ocrx_word' id='word_1_241' title='bbox 1943 1902 2103 1960; x_wconf 90' lang='lat' dir='ltr'><strong>Patre</strong></span> 
     </span>
    </p>
   </div>
   <div class='ocr_carea' id='block_1_34' title="bbox 528 1993 2104 2058">
    <p class='ocr_par' dir='ltr' id='par_1_34' title="bbox 528 1993 2104 2058">
     <span class='ocr_line' id='line_1_34' title="bbox 528 1993 2104 2058; baseline -0.001 -6"><span class='ocrx_word' id='word_1_242' title='bbox 528 2006 554 2034; x_wconf 78' lang='grc' dir='ltr'><strong><em>ο</em></strong></span> <span class='ocrx_word' id='word_1_243' title='bbox 574 2007 754 2052; x_wconf 90' lang='lat' dir='ltr'><strong>natum</strong></span> <span class='ocrx_word' id='word_1_244' title='bbox 783 1995 1074 2051; x_wconf 90' lang='lat' dir='ltr'><strong>secundum</strong></span> <span class='ocrx_word' id='word_1_245' title='bbox 1099 1995 1466 2058; x_wconf 90' lang='lat' dir='ltr'><strong>Divinitatem,</strong></span> <span class='ocrx_word' id='word_1_246' title='bbox 1497 1993 1592 2049; x_wconf 89' lang='lat' dir='ltr'><strong>sed</strong></span> <span class='ocrx_word' id='word_1_247' title='bbox 1613 1993 1667 2048; x_wconf 91' lang='lat' dir='ltr'><strong>in</strong></span> <span class='ocrx_word' id='word_1_248' title='bbox 1692 1993 1892 2048; x_wconf 88' lang='lat' dir='ltr'><strong>ultimis</strong></span> <span class='ocrx_word' id='word_1_249' title='bbox 1915 1993 2104 2052; x_wconf 89' lang='lat' dir='ltr'><strong>diebus</strong></span> 
     </span>
    </p>
   </div>
   <div class='ocr_carea' id='block_1_35' title="bbox 525 2086 2104 2158">
    <p class='ocr_par' dir='ltr' id='par_1_35' title="bbox 525 2086 2104 2158">
     <span class='ocr_line' id='line_1_35' title="bbox 525 2086 2104 2158; baseline -0.001 -14"><span class='ocrx_word' id='word_1_250' title='bbox 525 2088 776 2144; x_wconf 88' lang='lat' dir='ltr'><strong>eumdem</strong></span> <span class='ocrx_word' id='word_1_251' title='bbox 820 2096 1034 2158; x_wconf 91' lang='lat' dir='ltr'><strong>propter</strong></span> <span class='ocrx_word' id='word_1_252' title='bbox 1062 2102 1160 2142; x_wconf 91' lang='lat' dir='ltr'><strong>nos</strong></span> <span class='ocrx_word' id='word_1_253' title='bbox 1187 2095 1241 2141; x_wconf 88' lang='lat' dir='ltr'><strong>et</strong></span> <span class='ocrx_word' id='word_1_254' title='bbox 1271 2094 1491 2156; x_wconf 88' lang='lat' dir='ltr'><strong>propter</strong></span> <span class='ocrx_word' id='word_1_255' title='bbox 1516 2094 1756 2142; x_wconf 90' lang='lat' dir='ltr'><strong>nostram</strong></span> <span class='ocrx_word' id='word_1_256' title='bbox 1787 2086 2015 2142; x_wconf 83' lang='lat' dir='ltr'><strong>salutem</strong></span> <span class='ocrx_word' id='word_1_257' title='bbox 2038 2103 2104 2143; x_wconf 82' lang='lat' dir='ltr'><strong>ex</strong></span> 
     </span>
    </p>
   </div>
   <div class='ocr_carea' id='block_1_36' title="bbox 523 2176 2107 2249">
    <p class='ocr_par' dir='ltr' id='par_1_36' title="bbox 523 2176 2107 2249">
     <span class='ocr_line' id='line_1_36' title="bbox 523 2176 2107 2249; baseline -0.001 -14"><span class='ocrx_word' id='word_1_258' title='bbox 523 2181 690 2236; x_wconf 84' lang='lat' dir='ltr'><strong>Maria</strong></span> <span class='ocrx_word' id='word_1_259' title='bbox 747 2178 962 2249; x_wconf 82' lang='lat' dir='ltr'><strong>Virgine</strong></span> <span class='ocrx_word' id='word_1_260' title='bbox 1000 2177 1166 2234; x_wconf 81' lang='lat' dir='ltr'><strong>divini</strong></span> <span class='ocrx_word' id='word_1_261' title='bbox 1225 2177 1460 2232; x_wconf 90' lang='lat' dir='ltr'><strong>numinis</strong></span> <span class='ocrx_word' id='word_1_262' title='bbox 1511 2176 1770 2231; x_wconf 88' lang='lat' dir='ltr'><strong>creatrice</strong></span> <span class='ocrx_word' id='word_1_263' title='bbox 1813 2177 2107 2234; x_wconf 84' lang='lat' dir='ltr'><strong>secundum</strong></span> 
     </span>
    </p>
   </div>
   <div class='ocr_carea' id='block_1_37' title="bbox 523 2267 2106 2342">
    <p class='ocr_par' dir='ltr' id='par_1_37' title="bbox 523 2267 2106 2342">
     <span class='ocr_line' id='line_1_37' title="bbox 523 2267 2106 2342; baseline -0.004 -10"><span class='ocrx_word' id='word_1_264' title='bbox 523 2275 821 2340; x_wconf 86' lang='lat' dir='ltr'><strong>hominem,</strong></span> <span class='ocrx_word' id='word_1_265' title='bbox 854 2289 1015 2329; x_wconf 90' lang='lat' dir='ltr'><strong>unum</strong></span> <span class='ocrx_word' id='word_1_266' title='bbox 1042 2271 1396 2342; x_wconf 86' lang='lat' dir='ltr'><strong>cumdemque</strong></span> <span class='ocrx_word' id='word_1_267' title='bbox 1425 2270 1700 2326; x_wconf 86' lang='lat' dir='ltr'><strong>Christum</strong></span> <span class='ocrx_word' id='word_1_268' title='bbox 1730 2267 1750 2306; x_wconf 69' lang='grc' dir='ltr'><strong>ί</strong></span> <span class='ocrx_word' id='word_1_269' title='bbox 1779 2269 1975 2325; x_wconf 87' lang='lat' dir='ltr'><strong>Filium</strong></span> <span class='ocrx_word' id='word_1_270' title='bbox 1998 2271 2106 2326; x_wconf 79' lang='lat' dir='ltr'><strong>Do-</strong></span> 
     </span>
    </p>
   </div>
   <div class='ocr_carea' id='block_1_38' title="bbox 526 2363 2108 2437">
    <p class='ocr_par' dir='ltr' id='par_1_38' title="bbox 526 2363 2108 2437">
     <span class='ocr_line' id='line_1_38' title="bbox 526 2363 2108 2437; baseline -0.004 -11"><span class='ocrx_word' id='word_1_271' title='bbox 526 2372 729 2426; x_wconf 91' lang='lat' dir='ltr'><strong>minum</strong></span> <span class='ocrx_word' id='word_1_272' title='bbox 756 2371 970 2426; x_wconf 91' lang='lat' dir='ltr'><strong>unicum</strong></span> <span class='ocrx_word' id='word_1_273' title='bbox 996 2369 1048 2423; x_wconf 92' lang='lat' dir='ltr'><strong>in</strong></span> <span class='ocrx_word' id='word_1_274' title='bbox 1072 2367 1268 2437; x_wconf 88' lang='lat' dir='ltr'><strong>duplici</strong></span> <span class='ocrx_word' id='word_1_275' title='bbox 1301 2373 1486 2420; x_wconf 89' lang='lat' dir='ltr'><strong>natura</strong></span> <span class='ocrx_word' id='word_1_276' title='bbox 1514 2363 1828 2435; x_wconf 39' lang='lat' dir='ltr'><strong>.inconluse,</strong></span> <span class='ocrx_word' id='word_1_277' title='bbox 1856 2373 1882 2411; x_wconf 74' lang='grc' dir='ltr'><em>ε</em></span> <span class='ocrx_word' id='word_1_278' title='bbox 1912 2364 2108 2420; x_wconf 88' lang='lat' dir='ltr'><strong>immu-</strong></span> 
     </span>
    </p>
   </div>
   <div class='ocr_carea' id='block_1_39' title="bbox 601 2525 2105 2599">
    <p class='ocr_par' dir='ltr' id='par_1_39' title="bbox 601 2525 2105 2599">
     <span class='ocr_line' id='line_1_39' title="bbox 601 2525 2105 2599; baseline -0.004 -14"><span class='ocrx_word' id='word_1_279' title='bbox 601 2540 627 2567; x_wconf 71' lang='grc' dir='ltr'><strong>τι</strong></span> <span class='ocrx_word' id='word_1_280' title='bbox 655 2531 788 2585; x_wconf 85' lang='lat' dir='ltr'><strong>Male</strong></span> <span class='ocrx_word' id='word_1_281' title='bbox 809 2531 945 2599; x_wconf 90' lang='lat' dir='ltr'><strong>apud</strong></span> <span class='ocrx_word' id='word_1_282' title='bbox 962 2529 1185 2595; x_wconf 88' lang='lat' dir='ltr'><strong>Quesn.,</strong></span> <span class='ocrx_word' id='word_1_283' title='bbox 1208 2538 1255 2582; x_wconf 87' lang='lat' dir='ltr'><strong>et</strong></span> <span class='ocrx_word' id='word_1_284' title='bbox 1276 2527 1670 2599; x_wconf 71' lang='lat' dir='ltr'><strong>confessionem.</strong></span> <span class='ocrx_word' id='word_1_285' title='bbox 1690 2525 2105 2584; x_wconf 86' lang='lat' dir='ltr'><strong>Emendavimus</strong></span> 
     </span>
    </p>
   </div>
   <div class='ocr_carea' id='block_1_40' title="bbox 529 2598 2102 2669">
    <p class='ocr_par' dir='ltr' id='par_1_40' title="bbox 529 2598 2102 2669">
     <span class='ocr_line' id='line_1_40' title="bbox 529 2598 2102 2669; baseline -0.003 -13"><span class='ocrx_word' id='word_1_286' title='bbox 529 2617 598 2656; x_wconf 80' lang='lat' dir='ltr'><strong>ex</strong></span> <span class='ocrx_word' id='word_1_287' title='bbox 627 2603 756 2656; x_wconf 83' lang='lat' dir='ltr'><strong>Luc.</strong></span> <span class='ocrx_word' id='word_1_288' title='bbox 781 2598 1042 2655; x_wconf 35' lang='lat' dir='ltr'><strong>et’Baluz.</strong></span> <span class='ocrx_word' id='word_1_289' title='bbox 1076 2599 1229 2656; x_wconf 90' lang='lat' dir='ltr'><strong>codd.</strong></span> <span class='ocrx_word' id='word_1_290' title='bbox 1262 2598 1382 2653; x_wconf 83' lang='lat' dir='ltr'><strong>Mox</strong></span> <span class='ocrx_word' id='word_1_291' title='bbox 1411 2599 1552 2654; x_wconf 90' lang='lat' dir='ltr'><strong>idem</strong></span> <span class='ocrx_word' id='word_1_292' title='bbox 1573 2599 1773 2668; x_wconf 86' lang='lat' dir='ltr'><strong>Quesn.</strong></span> <span class='ocrx_word' id='word_1_293' title='bbox 1801 2611 2102 2669; x_wconf 87' lang='lat' dir='ltr'><strong>perperam,</strong></span> 
     </span>
    </p>
   </div>
   <div class='ocr_carea' id='block_1_41' title="bbox 531 2681 2102 2797">
    <p class='ocr_par' dir='ltr' id='par_1_41' title="bbox 531 2681 2102 2797">
     <span class='ocr_line' id='line_1_41' title="bbox 531 2681 935 2739; baseline -0.002 -14"><span class='ocrx_word' id='word_1_294' title='bbox 531 2681 935 2739; x_wconf 79' lang='lat' dir='ltr'><strong>argumentatur.</strong></span> 
     </span>
     <span class='ocr_line' id='line_1_42' title="bbox 603 2739 2102 2797; baseline -0.002 -2"><span class='ocrx_word' id='word_1_295' title='bbox 603 2743 629 2781; x_wconf 72' lang='grc' dir='ltr'>δ</span> <span class='ocrx_word' id='word_1_296' title='bbox 665 2741 817 2796; x_wconf 83' lang='lat' dir='ltr'><strong>Vind.</strong></span> <span class='ocrx_word' id='word_1_297' title='bbox 859 2743 985 2797; x_wconf 89' lang='lat' dir='ltr'><strong>Luc.</strong></span> <span class='ocrx_word' id='word_1_298' title='bbox 1033 2747 1089 2795; x_wconf 84' lang='lat' dir='ltr'><strong>et</strong></span> <span class='ocrx_word' id='word_1_299' title='bbox 1137 2740 1314 2795; x_wconf 85' lang='lat' dir='ltr'><strong>Baluz.</strong></span> <span class='ocrx_word' id='word_1_300' title='bbox 1359 2754 1490 2794; x_wconf 89' lang='lat' dir='ltr'><strong>tnss.</strong></span> <span class='ocrx_word' id='word_1_301' title='bbox 1537 2741 1788 2796; x_wconf 82' lang='lat' dir='ltr'><strong>omittunt</strong></span> <span class='ocrx_word' id='word_1_302' title='bbox 1829 2739 2102 2793; x_wconf 79' lang='lat' dir='ltr'><strong>credimus.</strong></span> 
     </span>
    </p>
   </div>
   <div class='ocr_carea' id='block_1_42' title="bbox 531 2809 2101 2886">
    <p class='ocr_par' dir='ltr' id='par_1_42' title="bbox 531 2809 2101 2886">
     <span class='ocr_line' id='line_1_43' title="bbox 531 2809 2101 2886; baseline -0.003 -19"><span class='ocrx_word' id='word_1_303' title='bbox 531 2811 688 2886; x_wconf 72' lang='lat' dir='ltr'><strong>Dein.</strong></span> <span class='ocrx_word' id='word_1_304' title='bbox 739 2823 1069 2886; x_wconf 82' lang='lat' dir='ltr'><strong>conc_r_eatunt_</strong></span> <span class='ocrx_word' id='word_1_305' title='bbox 1098 2825 1195 2882; x_wconf 92' lang='lat' dir='ltr'><strong>pro</strong></span> <span class='ocrx_word' id='word_1_306' title='bbox 1234 2820 1523 2886; x_wconf 67' lang='lat' dir='ltr'><strong>concretum</strong></span> <span class='ocrx_word' id='word_1_307' title='bbox 1563 2812 1759 2886; x_wconf 38' lang='lat' dir='ltr'><strong>in&#39;ms.</strong></span> <span class='ocrx_word' id='word_1_308' title='bbox 1802 2809 1932 2864; x_wconf 89' lang='lat' dir='ltr'><strong>Luc.</strong></span> <span class='ocrx_word' id='word_1_309' title='bbox 1962 2810 2101 2874; x_wconf 82' lang='lat' dir='ltr'><strong>Mox,</strong></span> 
     </span>
    </p>
   </div>
   <div class='ocr_carea' id='block_1_43' title="bbox 533 2882 2104 2954">
    <p class='ocr_par' dir='ltr' id='par_1_43' title="bbox 533 2882 2104 2954">
     <span class='ocr_line' id='line_1_44' title="bbox 533 2882 2104 2954; baseline -0.003 -17"><span class='ocrx_word' id='word_1_310' title='bbox 533 2884 754 2954; x_wconf 84' lang='lat' dir='ltr'><strong>ﬁguram</strong></span> <span class='ocrx_word' id='word_1_311' title='bbox 772 2897 834 2938; x_wconf 85' lang='lat' dir='ltr'><strong>ex</strong></span> <span class='ocrx_word' id='word_1_312' title='bbox 857 2883 1015 2937; x_wconf 90' lang='lat' dir='ltr'><strong>Vind.</strong></span> <span class='ocrx_word' id='word_1_313' title='bbox 1040 2882 1179 2954; x_wconf 73' lang='lat' dir='ltr'><strong>Luc.</strong></span> <span class='ocrx_word' id='word_1_314' title='bbox 1211 2890 1265 2954; x_wconf 88' lang='lat' dir='ltr'><strong>et</strong></span> <span class='ocrx_word' id='word_1_315' title='bbox 1285 2882 1499 2954; x_wconf 86' lang='lat' dir='ltr'><strong>Baluzio</strong></span> <span class='ocrx_word' id='word_1_316' title='bbox 1529 2882 1851 2952; x_wconf 88' lang='lat' dir='ltr'><strong>recepimus,</strong></span> <span class='ocrx_word' id='word_1_317' title='bbox 1886 2895 1983 2950; x_wconf 86' lang='lat' dir='ltr'><strong>pro</strong></span> <span class='ocrx_word' id='word_1_318' title='bbox 2003 2895 2104 2950; x_wconf 89' lang='lat' dir='ltr'><strong>qua</strong></span> 
     </span>
    </p>
   </div>
   <div class='ocr_carea' id='block_1_44' title="bbox 531 2952 1463 3023">
    <p class='ocr_par' dir='ltr' id='par_1_44' title="bbox 531 2952 1463 3023">
     <span class='ocr_line' id='line_1_45' title="bbox 531 2952 1463 3023; baseline 0 -17"><span class='ocrx_word' id='word_1_319' title='bbox 531 2952 664 3009; x_wconf 86' lang='lat' dir='ltr'><strong>voce</strong></span> <span class='ocrx_word' id='word_1_320' title='bbox 693 2954 1008 3019; x_wconf 87' lang='lat' dir='ltr'><strong>Quesnellns</strong></span> <span class='ocrx_word' id='word_1_321' title='bbox 1038 2952 1196 3006; x_wconf 87' lang='lat' dir='ltr'><strong>habet</strong></span> <span class='ocrx_word' id='word_1_322' title='bbox 1223 2953 1463 3023; x_wconf 80' lang='lat' dir='ltr'><strong>fugimus.</strong></span> 
     </span>
    </p>
   </div>
   <div class='ocr_carea' id='block_1_45' title="bbox 610 3022 2112 3091">
    <p class='ocr_par' dir='ltr' id='par_1_45' title="bbox 610 3022 2112 3091">
     <span class='ocr_line' id='line_1_46' title="bbox 610 3022 2112 3091; baseline -0.002 -15"><span class='ocrx_word' id='word_1_323' title='bbox 610 3036 630 3062; x_wconf 75' lang='grc' dir='ltr'><em>ε</em></span> <span class='ocrx_word' id='word_1_324' title='bbox 665 3024 888 3091; x_wconf 83' lang='lat' dir='ltr'><strong>Quesn.,</strong></span> <span class='ocrx_word' id='word_1_325' title='bbox 939 3026 991 3077; x_wconf 88' lang='lat' dir='ltr'><strong>in</strong></span> <span class='ocrx_word' id='word_1_326' title='bbox 1032 3024 1226 3077; x_wconf 82' lang='lat' dir='ltr'><strong>unitate</strong></span> <span class='ocrx_word' id='word_1_327' title='bbox 1261 3022 1473 3076; x_wconf 88' lang='lat' dir='ltr'><strong>naturas</strong></span> <span class='ocrx_word' id='word_1_328' title='bbox 1501 3022 1708 3077; x_wconf 86' lang='lat' dir='ltr'><strong>Domini</strong></span> <span class='ocrx_word' id='word_1_329' title='bbox 1757 3023 1954 3084; x_wconf 85' lang='lat' dir='ltr'><strong>dicunt,</strong></span> <span class='ocrx_word' id='word_1_330' title='bbox 1999 3030 2112 3090; x_wconf 84' lang='lat' dir='ltr'><strong>post</strong></span> 
     </span>
    </p>
   </div>
   <div class='ocr_carea' id='block_1_46' title="bbox 534 3091 2110 3161">
    <p class='ocr_par' dir='ltr' id='par_1_46' title="bbox 534 3091 2110 3161">
     <span class='ocr_line' id='line_1_47' title="bbox 534 3091 2110 3161; baseline -0.003 -12"><span class='ocrx_word' id='word_1_331' title='bbox 534 3096 737 3150; x_wconf 84' lang='lat' dir='ltr'><strong>unicam</strong></span> <span class='ocrx_word' id='word_1_332' title='bbox 759 3095 963 3148; x_wconf 83' lang='lat' dir='ltr'><strong>insulse.</strong></span> <span class='ocrx_word' id='word_1_333' title='bbox 992 3093 1214 3148; x_wconf 86' lang='lat' dir='ltr'><strong>Nostros</strong></span> <span class='ocrx_word' id='word_1_334' title='bbox 1242 3102 1296 3147; x_wconf 88' lang='lat' dir='ltr'><strong>et</strong></span> <span class='ocrx_word' id='word_1_335' title='bbox 1322 3093 1520 3149; x_wconf 83' lang='lat' dir='ltr'><strong>Baluzii</strong></span> <span class='ocrx_word' id='word_1_336' title='bbox 1550 3095 1706 3148; x_wconf 87' lang='lat' dir='ltr'><strong>codd.</strong></span> <span class='ocrx_word' id='word_1_337' title='bbox 1735 3094 2029 3161; x_wconf 86' lang='lat' dir='ltr'><strong>sequimur,</strong></span> <span class='ocrx_word' id='word_1_338' title='bbox 2053 3091 2110 3161; x_wconf 89' lang='lat' dir='ltr'><strong>in</strong></span> 
     </span>
    </p>
   </div>
   <div class='ocr_carea' id='block_1_47' title="bbox 534 3160 2112 3234">
    <p class='ocr_par' dir='ltr' id='par_1_47' title="bbox 534 3160 2112 3234">
     <span class='ocr_line' id='line_1_48' title="bbox 534 3160 2112 3234; baseline -0.002 -14"><span class='ocrx_word' id='word_1_339' title='bbox 534 3166 727 3234; x_wconf 89' lang='lat' dir='ltr'><strong>quibus</strong></span> <span class='ocrx_word' id='word_1_340' title='bbox 757 3174 866 3234; x_wconf 83' lang='lat' dir='ltr'><strong>post</strong></span> <span class='ocrx_word' id='word_1_341' title='bbox 906 3166 1144 3218; x_wconf 88' lang='lat' dir='ltr'><strong>unionem</strong></span> <span class='ocrx_word' id='word_1_342' title='bbox 1192 3164 1476 3232; x_wconf 88' lang='lat' dir='ltr'><strong>legendum</strong></span> <span class='ocrx_word' id='word_1_343' title='bbox 1517 3164 1755 3229; x_wconf 86' lang='lat' dir='ltr'><strong>videtur,</strong></span> <span class='ocrx_word' id='word_1_344' title='bbox 1805 3160 1863 3218; x_wconf 88' lang='lat' dir='ltr'><strong>ut</strong></span> <span class='ocrx_word' id='word_1_345' title='bbox 1903 3163 1956 3216; x_wconf 94' lang='lat' dir='ltr'><strong>in</strong></span> <span class='ocrx_word' id='word_1_346' title='bbox 1993 3160 2112 3217; x_wconf 90' lang='lat' dir='ltr'><strong>aliis</strong></span> 
     </span>
    </p>
   </div>
   <div class='ocr_carea' id='block_1_48' title="bbox 536 3236 894 3290">
    <p class='ocr_par' dir='ltr' id='par_1_48' title="bbox 536 3236 894 3290">
     <span class='ocr_line' id='line_1_49' title="bbox 536 3236 894 3290; baseline -0.003 -2"><span class='ocrx_word' id='word_1_347' title='bbox 536 3236 894 3290; x_wconf 85' lang='lat' dir='ltr'><strong>versionihus.</strong></span> 
     </span>
    </p>
   </div>
   <div class='ocr_carea' id='block_1_49' title="bbox 606 3301 2105 3369">
    <p class='ocr_par' dir='ltr' id='par_1_49' title="bbox 606 3301 2105 3369">
     <span class='ocr_line' id='line_1_50' title="bbox 606 3301 2105 3369; baseline -0.001 -11"><span class='ocrx_word' id='word_1_348' title='bbox 606 3304 634 3342; x_wconf 73' lang='grc' dir='ltr'>ά</span> <span class='ocrx_word' id='word_1_349' title='bbox 665 3305 738 3360; x_wconf 88' lang='lat' dir='ltr'><strong>ita</strong></span> <span class='ocrx_word' id='word_1_350' title='bbox 766 3305 923 3360; x_wconf 92' lang='lat' dir='ltr'><strong>codd.</strong></span> <span class='ocrx_word' id='word_1_351' title='bbox 957 3304 1177 3369; x_wconf 86' lang='lat' dir='ltr'><strong>Baluzii,</strong></span> <span class='ocrx_word' id='word_1_352' title='bbox 1217 3318 1338 3359; x_wconf 90' lang='lat' dir='ltr'><strong>cum</strong></span> <span class='ocrx_word' id='word_1_353' title='bbox 1389 3305 1581 3369; x_wconf 90' lang='lat' dir='ltr'><strong>quibus</strong></span> <span class='ocrx_word' id='word_1_354' title='bbox 1623 3304 1908 3359; x_wconf 91' lang='lat' dir='ltr'><strong>concinnut</strong></span> <span class='ocrx_word' id='word_1_355' title='bbox 1945 3301 2105 3357; x_wconf 90' lang='lat' dir='ltr'><strong>Vind.</strong></span> 
     </span>
    </p>
   </div>
   <div class='ocr_carea' id='block_1_50' title="bbox 2211 1906 3734 1976">
    <p class='ocr_par' dir='ltr' id='par_1_50' title="bbox 2211 1906 3734 1976">
     <span class='ocr_line' id='line_1_51' title="bbox 2211 1906 3734 1976; baseline 0.001 -14"><span class='ocrx_word' id='word_1_356' title='bbox 2211 1919 2309 1962; x_wconf 91' lang='lat' dir='ltr'><strong>nos</strong></span> <span class='ocrx_word' id='word_1_357' title='bbox 2334 1920 2456 1962; x_wconf 87' lang='lat' dir='ltr'><strong>esse</strong></span> <span class='ocrx_word' id='word_1_358' title='bbox 2483 1907 2552 1962; x_wconf 88' lang='lat' dir='ltr'><strong>ab</strong></span> <span class='ocrx_word' id='word_1_359' title='bbox 2572 1906 2883 1976; x_wconf 90' lang='lat' dir='ltr'><strong>episcopatu</strong></span> <span class='ocrx_word' id='word_1_360' title='bbox 2921 1915 2975 1962; x_wconf 90' lang='lat' dir='ltr'><strong>et</strong></span> <span class='ocrx_word' id='word_1_361' title='bbox 3009 1907 3193 1974; x_wconf 92' lang='lat' dir='ltr'><strong>clero,</strong></span> <span class='ocrx_word' id='word_1_362' title='bbox 3237 1906 3356 1974; x_wconf 90' lang='lat' dir='ltr'><strong>sed,</strong></span> <span class='ocrx_word' id='word_1_363' title='bbox 3395 1907 3514 1962; x_wconf 84' lang='lat' dir='ltr'><strong>etsi</strong></span> <span class='ocrx_word' id='word_1_364' title='bbox 3537 1906 3734 1964; x_wconf 85' lang='lat' dir='ltr'><strong>monachi</strong></span> 
     </span>
    </p>
   </div>
   <div class='ocr_carea' id='block_1_51' title="bbox 2211 1996 3518 2066">
    <p class='ocr_par' dir='ltr' id='par_1_51' title="bbox 2211 1996 3518 2066">
     <span class='ocr_line' id='line_1_52' title="bbox 2211 1996 3518 2066; baseline -0.002 -14"><span class='ocrx_word' id='word_1_365' title='bbox 2211 1998 2319 2052; x_wconf 89' lang='lat' dir='ltr'><strong>sint</strong></span> <span class='ocrx_word' id='word_1_366' title='bbox 2347 2006 2438 2052; x_wconf 89' lang='lat' dir='ltr'><strong>aut</strong></span> <span class='ocrx_word' id='word_1_367' title='bbox 2466 1996 2609 2064; x_wconf 89' lang='lat' dir='ltr'><strong>laici,</strong></span> <span class='ocrx_word' id='word_1_368' title='bbox 2643 1996 2742 2051; x_wconf 90' lang='lat' dir='ltr'><strong>hos</strong></span> <span class='ocrx_word' id='word_1_369' title='bbox 2770 1996 3230 2052; x_wconf 72' lang='lat' dir='ltr'><strong>excommuniCari</strong></span> <span class='ocrx_word' id='word_1_370' title='bbox 3255 1997 3518 2066; x_wconf 87' lang='lat' dir='ltr'><strong>iubemus.</strong></span> 
     </span>
    </p>
   </div>
   <div class='ocr_carea' id='block_1_52' title="bbox 2212 2108 3735 2180">
    <p class='ocr_par' dir='ltr' id='par_1_52' title="bbox 2212 2108 3735 2180">
     <span class='ocr_line' id='line_1_53' title="bbox 2212 2108 3735 2180; baseline -0.001 -14"><span class='ocrx_word' id='word_1_371' title='bbox 2212 2108 2240 2150; x_wconf 76' lang='grc' dir='ltr'><strong>¹ι</strong></span> <span class='ocrx_word' id='word_1_372' title='bbox 2265 2110 2493 2166; x_wconf 85' lang='lat' dir='ltr'><strong>Canones</strong></span> <span class='ocrx_word' id='word_1_373' title='bbox 2526 2111 2743 2180; x_wconf 71' lang='lat' dir='ltr'><strong>expositi</strong></span> <span class='ocrx_word' id='word_1_374' title='bbox 2768 2128 2799 2165; x_wconf 90' lang='lat' dir='ltr'><strong>a</strong></span> <span class='ocrx_word' id='word_1_375' title='bbox 2827 2113 3016 2165; x_wconf 84' lang='lat' dir='ltr'><strong>sanctis</strong></span> <span class='ocrx_word' id='word_1_376' title='bbox 3036 2110 3280 2164; x_wconf 87' lang='lat' dir='ltr'><strong>Patribus</strong></span> <span class='ocrx_word' id='word_1_377' title='bbox 3309 2111 3396 2180; x_wconf 86' lang='lat' dir='ltr'><strong>qui</strong></span> <span class='ocrx_word' id='word_1_378' title='bbox 3419 2109 3735 2165; x_wconf 74' lang='lat' dir='ltr'><strong>Chalcedonam</strong></span> 
     </span>
    </p>
   </div>
   <div class='ocr_carea' id='block_1_53' title="bbox 2285 2180 3736 2253">
    <p class='ocr_par' dir='ltr' id='par_1_53' title="bbox 2285 2180 3736 2253">
     <span class='ocr_line' id='line_1_54' title="bbox 2285 2180 3736 2253; baseline 0.001 -18"><span class='ocrx_word' id='word_1_379' title='bbox 2285 2191 2617 2253; x_wconf 82' lang='lat' dir='ltr'><strong>conuenerunt</strong></span> <span class='ocrx_word' id='word_1_380' title='bbox 2644 2180 2662 2218; x_wconf 78' lang='grc' dir='ltr'>ι</span> <span class='ocrx_word' id='word_1_381' title='bbox 2707 2183 2758 2253; x_wconf 85' lang='lat' dir='ltr'><strong>in</strong></span> <span class='ocrx_word' id='word_1_382' title='bbox 2777 2182 3186 2253; x_wconf 76' lang='lat' dir='ltr'><strong>quingentesimo</strong></span> <span class='ocrx_word' id='word_1_383' title='bbox 3207 2197 3347 2236; x_wconf 83' lang='lat' dir='ltr'><strong>anno</strong></span> <span class='ocrx_word' id='word_1_384' title='bbox 3377 2181 3468 2236; x_wconf 88' lang='lat' dir='ltr'><strong>sub</strong></span> <span class='ocrx_word' id='word_1_385' title='bbox 3488 2183 3736 2253; x_wconf 73' lang='lat' dir='ltr'><strong>imperatore</strong></span> 
     </span>
    </p>
   </div>
   <div class='ocr_carea' id='block_1_54' title="bbox 2285 2251 3021 2323">
    <p class='ocr_par' dir='ltr' id='par_1_54' title="bbox 2285 2251 3021 2323">
     <span class='ocr_line' id='line_1_55' title="bbox 2285 2251 3021 2323; baseline 0.001 -17"><span class='ocrx_word' id='word_1_386' title='bbox 2285 2261 2461 2307; x_wconf 83' lang='lat' dir='ltr'><strong>nostro</strong></span> <span class='ocrx_word' id='word_1_387' title='bbox 2485 2252 2712 2323; x_wconf 75' lang='lat' dir='ltr'><strong>piissimo</strong></span> <span class='ocrx_word' id='word_1_388' title='bbox 2736 2251 3021 2308; x_wconf 81' lang='lat' dir='ltr'><strong>Marciano.</strong></span> 
     </span>
    </p>
   </div>
   <div class='ocr_carea' id='block_1_55' title="bbox 2287 2365 3736 2442">
    <p class='ocr_par' dir='ltr' id='par_1_55' title="bbox 2287 2365 3736 2442">
     <span class='ocr_line' id='line_1_56' title="bbox 2287 2365 3736 2442; baseline -0.002 -16"><span class='ocrx_word' id='word_1_389' title='bbox 2287 2367 2448 2440; x_wconf 76' lang='lat'><strong>225</strong></span> <span class='ocrx_word' id='word_1_390' title='bbox 2487 2377 2526 2405; x_wconf 79' lang='grc' dir='ltr'>ω</span> <span class='ocrx_word' id='word_1_391' title='bbox 2553 2365 2733 2423; x_wconf 67' lang='grc' dir='ltr'><strong>ϐλαοκ</strong></span> <span class='ocrx_word' id='word_1_392' title='bbox 2773 2367 2814 2424; x_wconf 86' lang='grc' dir='ltr'><strong>ι.</strong></span> <span class='ocrx_word' id='word_1_393' title='bbox 2853 2367 3100 2424; x_wconf 90' lang='lat' dir='ltr'><strong>Canones</strong></span> <span class='ocrx_word' id='word_1_394' title='bbox 3125 2369 3218 2440; x_wconf 90' lang='lat' dir='ltr'><strong>qui</strong></span> <span class='ocrx_word' id='word_1_395' title='bbox 3249 2383 3346 2440; x_wconf 88' lang='lat' dir='ltr'><strong>per</strong></span> <span class='ocrx_word' id='word_1_396' title='bbox 3372 2368 3593 2442; x_wconf 87' lang='lat' dir='ltr'><strong>singulas</strong></span> <span class='ocrx_word' id='word_1_397' title='bbox 3615 2380 3736 2441; x_wconf 56' lang='lat' dir='ltr'><strong>syno.</strong></span> 
     </span>
    </p>
   </div>
   <div class='ocr_carea' id='block_1_56' title="bbox 2216 2529 3736 2596">
    <p class='ocr_par' dir='ltr' id='par_1_56' title="bbox 2216 2529 3736 2596">
     <span class='ocr_line' id='line_1_57' title="bbox 2216 2529 3736 2596; baseline 0.003 -14"><span class='ocrx_word' id='word_1_398' title='bbox 2216 2536 2303 2584; x_wconf 90' lang='lat' dir='ltr'><strong>tur</strong></span> <span class='ocrx_word' id='word_1_399' title='bbox 2329 2529 2539 2586; x_wconf 89' lang='lat' dir='ltr'><strong>actione</strong></span> <span class='ocrx_word' id='word_1_400' title='bbox 2565 2529 2652 2594; x_wconf 77' lang='grc'><strong>15,</strong></span> <span class='ocrx_word' id='word_1_401' title='bbox 2685 2530 2884 2585; x_wconf 89' lang='lat' dir='ltr'><strong>conditi</strong></span> <span class='ocrx_word' id='word_1_402' title='bbox 2915 2539 3091 2587; x_wconf 87' lang='lat' dir='ltr'><strong>tamen</strong></span> <span class='ocrx_word' id='word_1_403' title='bbox 3125 2532 3346 2589; x_wconf 82' lang='lat' dir='ltr'><strong>fuerunt</strong></span> <span class='ocrx_word' id='word_1_404' title='bbox 3379 2531 3575 2589; x_wconf 90' lang='lat' dir='ltr'><strong>actione</strong></span> <span class='ocrx_word' id='word_1_405' title='bbox 3597 2531 3642 2596; x_wconf 86' lang='lat'><strong>7,</strong></span> <span class='ocrx_word' id='word_1_406' title='bbox 3679 2529 3736 2587; x_wconf 89' lang='lat' dir='ltr'><strong>nti</strong></span> 
     </span>
    </p>
   </div>
   <div class='ocr_carea' id='block_1_57' title="bbox 2215 2600 3737 2670">
    <p class='ocr_par' dir='ltr' id='par_1_57' title="bbox 2215 2600 3737 2670">
     <span class='ocr_line' id='line_1_58' title="bbox 2215 2600 3737 2670; baseline 0.002 -16"><span class='ocrx_word' id='word_1_407' title='bbox 2215 2602 2558 2669; x_wconf 89' lang='lat' dir='ltr'><strong>probavimus</strong></span> <span class='ocrx_word' id='word_1_408' title='bbox 2603 2600 2656 2654; x_wconf 91' lang='lat' dir='ltr'><strong>in</strong></span> <span class='ocrx_word' id='word_1_409' title='bbox 2685 2601 3160 2658; x_wconf 90' lang='lat' dir='ltr'><strong>Observationibus</strong></span> <span class='ocrx_word' id='word_1_410' title='bbox 3191 2604 3260 2659; x_wconf 89' lang='lat' dir='ltr'><strong>ad</strong></span> <span class='ocrx_word' id='word_1_411' title='bbox 3302 2603 3516 2659; x_wconf 81' lang='lat' dir='ltr'><strong>dissert.</strong></span> <span class='ocrx_word' id='word_1_412' title='bbox 3551 2603 3576 2658; x_wconf 99' lang='grc'><strong>1</strong></span> <span class='ocrx_word' id='word_1_413' title='bbox 3608 2603 3737 2670; x_wconf 83' lang='lat' dir='ltr'><strong>Ques-</strong></span> 
     </span>
    </p>
   </div>
   <div class='ocr_carea' id='block_1_58' title="bbox 2215 2671 3738 2740">
    <p class='ocr_par' dir='ltr' id='par_1_58' title="bbox 2215 2671 3738 2740">
     <span class='ocr_line' id='line_1_59' title="bbox 2215 2671 3738 2740; baseline 0.001 -16"><span class='ocrx_word' id='word_1_414' title='bbox 2215 2671 2344 2725; x_wconf 90' lang='lat' dir='ltr'><strong>nelli</strong></span> <span class='ocrx_word' id='word_1_415' title='bbox 2393 2671 2458 2726; x_wconf 91' lang='lat' dir='ltr'><strong>ad</strong></span> <span class='ocrx_word' id='word_1_416' title='bbox 2492 2688 2579 2726; x_wconf 90' lang='lat' dir='ltr'><strong>an.</strong></span> <span class='ocrx_word' id='word_1_417' title='bbox 2609 2673 2737 2738; x_wconf 68' lang='grc'><strong>151,</strong></span> <span class='ocrx_word' id='word_1_418' title='bbox 2773 2682 2886 2728; x_wconf 87' lang='lat' dir='ltr'><strong>not.</strong></span> <span class='ocrx_word' id='word_1_419' title='bbox 2923 2673 2990 2727; x_wconf 90' lang='grc'>18</span> <span class='ocrx_word' id='word_1_420' title='bbox 3031 2682 3159 2728; x_wconf 91' lang='lat' dir='ltr'><strong>tom.</strong></span> <span class='ocrx_word' id='word_1_421' title='bbox 3187 2674 3256 2740; x_wconf 84' lang='lat' dir='ltr'><strong>li,</strong></span> <span class='ocrx_word' id='word_1_422' title='bbox 3304 2674 3412 2731; x_wconf 93' lang='lat' dir='ltr'><strong>col.</strong></span> <span class='ocrx_word' id='word_1_423' title='bbox 3441 2673 3556 2729; x_wconf 81' lang='grc'><strong>501.</strong></span> <span class='ocrx_word' id='word_1_424' title='bbox 3594 2673 3738 2729; x_wconf 84' lang='lat' dir='ltr'><strong>Versio</strong></span> 
     </span>
    </p>
   </div>
   <div class='ocr_carea' id='block_1_59' title="bbox 2215 2743 3737 2814">
    <p class='ocr_par' dir='ltr' id='par_1_59' title="bbox 2215 2743 3737 2814">
     <span class='ocr_line' id='line_1_60' title="bbox 2215 2743 3737 2814; baseline 0.003 -20"><span class='ocrx_word' id='word_1_425' title='bbox 2215 2752 2394 2814; x_wconf 82' lang='lat' dir='ltr'><strong>autem</strong></span> <span class='ocrx_word' id='word_1_426' title='bbox 2427 2743 2616 2814; x_wconf 77' lang='lat' dir='ltr'><strong>horum</strong></span> <span class='ocrx_word' id='word_1_427' title='bbox 2646 2757 2909 2798; x_wconf 89' lang='lat' dir='ltr'><strong>canonum</strong></span> <span class='ocrx_word' id='word_1_428' title='bbox 2939 2743 3143 2814; x_wconf 84' lang='lat' dir='ltr'><strong>illaest</strong></span> <span class='ocrx_word' id='word_1_429' title='bbox 3162 2761 3307 2814; x_wconf 71' lang='lat' dir='ltr'><strong>quae,</strong></span> <span class='ocrx_word' id='word_1_430' title='bbox 3339 2761 3406 2801; x_wconf 82' lang='lat' dir='ltr'><strong>ex</strong></span> <span class='ocrx_word' id='word_1_431' title='bbox 3434 2743 3737 2800; x_wconf 78' lang='lat' dir='ltr'><strong>vetustissimo</strong></span> 
     </span>
    </p>
   </div>
   <div class='ocr_carea' id='block_1_60' title="bbox 2215 2812 3737 2885">
    <p class='ocr_par' dir='ltr' id='par_1_60' title="bbox 2215 2812 3737 2885">
     <span class='ocr_line' id='line_1_61' title="bbox 2215 2812 3737 2885; baseline 0.003 -20"><span class='ocrx_word' id='word_1_432' title='bbox 2215 2812 2401 2885; x_wconf 83' lang='lat' dir='ltr'><strong>codice</strong></span> <span class='ocrx_word' id='word_1_433' title='bbox 2425 2829 2456 2885; x_wconf 83' lang='lat' dir='ltr'><strong>a</strong></span> <span class='ocrx_word' id='word_1_434' title='bbox 2482 2813 2705 2885; x_wconf 80' lang='lat' dir='ltr'><strong>Justello</strong></span> <span class='ocrx_word' id='word_1_435' title='bbox 2753 2814 2912 2875; x_wconf 88' lang='lat' dir='ltr'><strong>edita.</strong></span> <span class='ocrx_word' id='word_1_436' title='bbox 2961 2813 3141 2871; x_wconf 86' lang='lat' dir='ltr'><strong>ethoc</strong></span> <span class='ocrx_word' id='word_1_437' title='bbox 3179 2812 3336 2872; x_wconf 78' lang='lat' dir='ltr'><strong>tomo</strong></span> <span class='ocrx_word' id='word_1_438' title='bbox 3382 2831 3474 2885; x_wconf 90' lang='lat' dir='ltr'><strong>per</strong></span> <span class='ocrx_word' id='word_1_439' title='bbox 3500 2829 3588 2870; x_wconf 89' lang='lat' dir='ltr'><strong>nos</strong></span> <span class='ocrx_word' id='word_1_440' title='bbox 3616 2829 3737 2885; x_wconf 49' lang='lat' dir='ltr'><strong>recti:</strong></span> 
     </span>
    </p>
   </div>
   <div class='ocr_carea' id='block_1_61' title="bbox 2215 2882 3739 2952">
    <p class='ocr_par' dir='ltr' id='par_1_61' title="bbox 2215 2882 3739 2952">
     <span class='ocr_line' id='line_1_62' title="bbox 2215 2882 3739 2952; baseline 0.002 -17"><span class='ocrx_word' id='word_1_441' title='bbox 2215 2883 2411 2949; x_wconf 89' lang='lat' dir='ltr'><strong>denda,</strong></span> <span class='ocrx_word' id='word_1_442' title='bbox 2444 2883 2622 2938; x_wconf 71' lang='lat' dir='ltr'><strong>Prisca</strong></span> <span class='ocrx_word' id='word_1_443' title='bbox 2662 2885 3031 2952; x_wconf 88' lang='lat' dir='ltr'><strong>interpretatio</strong></span> <span class='ocrx_word' id='word_1_444' title='bbox 3061 2895 3303 2942; x_wconf 90' lang='lat' dir='ltr'><strong>vocatur.</strong></span> <span class='ocrx_word' id='word_1_445' title='bbox 3355 2882 3548 2942; x_wconf 66' lang='lat' dir='ltr'><strong>Praeter</strong></span> <span class='ocrx_word' id='word_1_446' title='bbox 3568 2882 3739 2940; x_wconf 85' lang='lat' dir='ltr'><strong>Justelli</strong></span> 
     </span>
    </p>
   </div>
   <div class='ocr_carea' id='block_1_62' title="bbox 2215 2955 3738 3027">
    <p class='ocr_par' dir='ltr' id='par_1_62' title="bbox 2215 2955 3738 3027">
     <span class='ocr_line' id='line_1_63' title="bbox 2215 2955 3738 3027; baseline 0.003 -23"><span class='ocrx_word' id='word_1_447' title='bbox 2215 2968 2345 3027; x_wconf 81' lang='lat' dir='ltr'><strong>vero</strong></span> <span class='ocrx_word' id='word_1_448' title='bbox 2374 2955 2632 3027; x_wconf 81' lang='lat' dir='ltr'><strong>codicem,</strong></span> <span class='ocrx_word' id='word_1_449' title='bbox 2674 2965 2734 3027; x_wconf 78' lang='lat' dir='ltr'><strong>et</strong></span> <span class='ocrx_word' id='word_1_450' title='bbox 2761 2966 2957 3027; x_wconf 71' lang='lat' dir='ltr'><strong>prmter</strong></span> <span class='ocrx_word' id='word_1_451' title='bbox 2983 2956 3309 3027; x_wconf 77' lang='lat' dir='ltr'><strong>exemplaria</strong></span> <span class='ocrx_word' id='word_1_452' title='bbox 3340 2957 3492 3025; x_wconf 89' lang='lat' dir='ltr'><strong>huius</strong></span> <span class='ocrx_word' id='word_1_453' title='bbox 3515 2955 3738 3027; x_wconf 81' lang='lat' dir='ltr'><strong>collectio-</strong></span> 
     </span>
    </p>
   </div>
   <div class='ocr_carea' id='block_1_63' title="bbox 2216 3024 3738 3093">
    <p class='ocr_par' dir='ltr' id='par_1_63' title="bbox 2216 3024 3738 3093">
     <span class='ocr_line' id='line_1_64' title="bbox 2216 3024 3738 3093; baseline 0.001 -17"><span class='ocrx_word' id='word_1_454' title='bbox 2216 3024 2320 3089; x_wconf 90' lang='lat' dir='ltr'><strong>nis,</strong></span> <span class='ocrx_word' id='word_1_455' title='bbox 2349 3034 2522 3079; x_wconf 76' lang='lat' dir='ltr'><strong>exstat</strong></span> <span class='ocrx_word' id='word_1_456' title='bbox 2565 3026 2615 3078; x_wconf 91' lang='lat' dir='ltr'><strong>in</strong></span> <span class='ocrx_word' id='word_1_457' title='bbox 2654 3025 2823 3081; x_wconf 89' lang='lat' dir='ltr'><strong>tribus</strong></span> <span class='ocrx_word' id='word_1_458' title='bbox 2849 3026 2966 3080; x_wconf 90' lang='lat' dir='ltr'><strong>aliis</strong></span> <span class='ocrx_word' id='word_1_459' title='bbox 2993 3024 3581 3093; x_wconf 58' lang='lat' dir='ltr'><strong>mss.&#39;collectionibus,</strong></span> <span class='ocrx_word' id='word_1_460' title='bbox 3616 3025 3738 3080; x_wconf 85' lang='lat' dir='ltr'><strong>nimi-</strong></span> 
     </span>
    </p>
   </div>
   <div class='ocr_carea' id='block_1_64' title="bbox 2215 3094 3736 3165">
    <p class='ocr_par' dir='ltr' id='par_1_64' title="bbox 2215 3094 3736 3165">
     <span class='ocr_line' id='line_1_65' title="bbox 2215 3094 3736 3165; baseline 0.001 -17"><span class='ocrx_word' id='word_1_461' title='bbox 2215 3109 2335 3165; x_wconf 69' lang='lat' dir='ltr'><strong>rum</strong></span> <span class='ocrx_word' id='word_1_462' title='bbox 2369 3094 2419 3148; x_wconf 92' lang='lat' dir='ltr'><strong>in</strong></span> <span class='ocrx_word' id='word_1_463' title='bbox 2450 3095 2564 3149; x_wconf 79' lang='lat' dir='ltr'><strong>Vat.</strong></span> <span class='ocrx_word' id='word_1_464' title='bbox 2596 3096 2812 3165; x_wconf 65' lang='lat' dir='ltr'><strong>Reginae</strong></span> <span class='ocrx_word' id='word_1_465' title='bbox 2845 3097 3002 3163; x_wconf 76' lang='lat' dir='ltr'><strong>i997,</strong></span> <span class='ocrx_word' id='word_1_466' title='bbox 3029 3097 3082 3151; x_wconf 90' lang='lat' dir='ltr'><strong>in</strong></span> <span class='ocrx_word' id='word_1_467' title='bbox 3113 3096 3354 3153; x_wconf 85' lang='lat' dir='ltr'><strong>Colbert.</strong></span> <span class='ocrx_word' id='word_1_468' title='bbox 3378 3099 3500 3164; x_wconf 72' lang='grc'><strong>784,</strong></span> <span class='ocrx_word' id='word_1_469' title='bbox 3545 3094 3736 3152; x_wconf 89' lang='lat' dir='ltr'><strong>et</strong></span> 
     </span>
    </p>
   </div>
   <div class='ocr_carea' id='block_1_65' title="bbox 2215 3163 3736 3237">
    <p class='ocr_par' dir='ltr' id='par_1_65' title="bbox 2215 3163 3736 3237">
     <span class='ocr_line' id='line_1_66' title="bbox 2215 3163 3736 3237; baseline 0.001 -20"><span class='ocrx_word' id='word_1_470' title='bbox 2215 3163 2441 3220; x_wconf 70' lang='lat' dir='ltr'><strong>Luc-ensi</strong></span> <span class='ocrx_word' id='word_1_471' title='bbox 2472 3166 2539 3221; x_wconf 85' lang='lat'><strong>88</strong></span> <span class='ocrx_word' id='word_1_472' title='bbox 2562 3168 2649 3237; x_wconf 82' lang='lat' dir='ltr'><strong>(ex</strong></span> <span class='ocrx_word' id='word_1_473' title='bbox 2673 3163 2778 3236; x_wconf 85' lang='lat' dir='ltr'><strong>quo</strong></span> <span class='ocrx_word' id='word_1_474' title='bbox 2800 3175 3072 3237; x_wconf 89' lang='lat' dir='ltr'><strong>postremo</strong></span> <span class='ocrx_word' id='word_1_475' title='bbox 3097 3168 3286 3224; x_wconf 76' lang='lat' dir='ltr'><strong>codice</strong></span> <span class='ocrx_word' id='word_1_476' title='bbox 3316 3168 3414 3224; x_wconf 88' lang='lat' dir='ltr'><strong>hos</strong></span> <span class='ocrx_word' id='word_1_477' title='bbox 3439 3181 3648 3224; x_wconf 86' lang='lat' dir='ltr'><strong>canones</strong></span> <span class='ocrx_word' id='word_1_478' title='bbox 3669 3179 3736 3220; x_wconf 87' lang='lat' dir='ltr'><strong>no-</strong></span> 
     </span>
    </p>
   </div>
   <div class='ocr_carea' id='block_1_66' title="bbox 2215 3236 3737 3307">
    <p class='ocr_par' dir='ltr' id='par_1_66' title="bbox 2215 3236 3737 3307">
     <span class='ocr_line' id='line_1_67' title="bbox 2215 3236 3737 3307; baseline 0.002 -19"><span class='ocrx_word' id='word_1_479' title='bbox 2215 3237 2436 3302; x_wconf 86' lang='lat' dir='ltr'><strong>vissime</strong></span> <span class='ocrx_word' id='word_1_480' title='bbox 2483 3236 2650 3291; x_wconf 88' lang='lat' dir='ltr'><strong>edidit</strong></span> <span class='ocrx_word' id='word_1_481' title='bbox 2689 3237 2748 3292; x_wconf 89' lang='lat' dir='ltr'><strong>P.</strong></span> <span class='ocrx_word' id='word_1_482' title='bbox 2774 3236 3082 3292; x_wconf 89' lang='lat' dir='ltr'><strong>Dominicus</strong></span> <span class='ocrx_word' id='word_1_483' title='bbox 3108 3238 3345 3294; x_wconf 81' lang='lat' dir='ltr'><strong>Mansius</strong></span> <span class='ocrx_word' id='word_1_484' title='bbox 3374 3237 3737 3307; x_wconf 77' lang='lat' dir='ltr'><strong>tom.lSupple-</strong></span> 
     </span>
    </p>
   </div>
   <div class='ocr_carea' id='block_1_67' title="bbox 2217 3307 3735 3378">
    <p class='ocr_par' dir='ltr' id='par_1_67' title="bbox 2217 3307 3735 3378">
     <span class='ocr_line' id='line_1_68' title="bbox 2217 3307 3735 3378; baseline 0 -17"><span class='ocrx_word' id='word_1_485' title='bbox 2217 3309 2382 3378; x_wconf 80' lang='lat' dir='ltr'><strong>menti</strong></span> <span class='ocrx_word' id='word_1_486' title='bbox 2417 3307 2798 3378; x_wconf 81' lang='lat' dir='ltr'><strong>Conciliorum,</strong></span> <span class='ocrx_word' id='word_1_487' title='bbox 2846 3309 2950 3362; x_wconf 92' lang='lat' dir='ltr'><strong>col.</strong></span> <span class='ocrx_word' id='word_1_488' title='bbox 2997 3307 3146 3378; x_wconf 73' lang='lat'><strong>529),</strong></span> <span class='ocrx_word' id='word_1_489' title='bbox 3187 3324 3254 3365; x_wconf 88' lang='lat' dir='ltr'><strong>ac</strong></span> <span class='ocrx_word' id='word_1_490' title='bbox 3293 3309 3501 3365; x_wconf 87' lang='lat' dir='ltr'><strong>tandem</strong></span> <span class='ocrx_word' id='word_1_491' title='bbox 3537 3309 3584 3364; x_wconf 93' lang='lat' dir='ltr'><strong>in</strong></span> <span class='ocrx_word' id='word_1_492' title='bbox 3609 3307 3735 3363; x_wconf 76' lang='lat' dir='ltr'><strong>Bari).</strong></span> 
     </span>
    </p>
   </div>
   <div class='ocr_carea' id='block_1_68' title="bbox 537 3374 3736 3449">
    <p class='ocr_par' dir='ltr' id='par_1_68' title="bbox 537 3374 3736 3449">
     <span class='ocr_line' id='line_1_69' title="bbox 537 3374 3736 3449; baseline 0 -18"><span class='ocrx_word' id='word_1_493' title='bbox 537 3385 590 3431; x_wconf 88' lang='lat' dir='ltr'><strong>et</strong></span> <span class='ocrx_word' id='word_1_494' title='bbox 615 3376 842 3449; x_wconf 85' lang='lat' dir='ltr'><strong>Luccns.</strong></span> <span class='ocrx_word' id='word_1_495' title='bbox 869 3376 1095 3444; x_wconf 85' lang='lat' dir='ltr'><strong>Quesn.,</strong></span> <span class='ocrx_word' id='word_1_496' title='bbox 1114 3378 1180 3449; x_wconf 74' lang='lat' dir='ltr'><strong>in</strong></span> <span class='ocrx_word' id='word_1_497' title='bbox 1201 3392 1350 3430; x_wconf 86' lang='lat' dir='ltr'><strong>carne</strong></span> <span class='ocrx_word' id='word_1_498' title='bbox 1382 3375 1684 3442; x_wconf 88' lang='lat' dir='ltr'><strong>Dominum,</strong></span> <span class='ocrx_word' id='word_1_499' title='bbox 1718 3374 1974 3429; x_wconf 84' lang='lat' dir='ltr'><strong>hominem</strong></span> <span class='ocrx_word' id='word_1_500' title='bbox 2001 3388 2110 3427; x_wconf 85' lang='lat' dir='ltr'><strong>cer-</strong></span> <span class='ocrx_word' id='word_1_501' title='bbox 2137 3382 2184 3446; x_wconf 74' lang='grc' dir='ltr'>α</span> <span class='ocrx_word' id='word_1_502' title='bbox 2213 3377 2355 3433; x_wconf 74' lang='grc'>2888</span> <span class='ocrx_word' id='word_1_503' title='bbox 2383 3387 2436 3434; x_wconf 91' lang='lat' dir='ltr'><strong>et</strong></span> <span class='ocrx_word' id='word_1_504' title='bbox 2461 3378 2581 3432; x_wconf 85' lang='lat' dir='ltr'><strong>Vat.</strong></span> <span class='ocrx_word' id='word_1_505' title='bbox 2618 3377 2776 3449; x_wconf 67' lang='grc'><strong>1542,</strong></span> <span class='ocrx_word' id='word_1_506' title='bbox 2807 3394 2926 3449; x_wconf 64' lang='lat' dir='ltr'><strong>qua:</strong></span> <span class='ocrx_word' id='word_1_507' title='bbox 2954 3374 3140 3434; x_wconf 79' lang='lat' dir='ltr'><strong>omnes</strong></span> <span class='ocrx_word' id='word_1_508' title='bbox 3174 3380 3522 3436; x_wconf 86' lang='lat' dir='ltr'><strong>collectioncs</strong></span> <span class='ocrx_word' id='word_1_509' title='bbox 3545 3393 3673 3449; x_wconf 63' lang='lat' dir='ltr'><strong>atque</strong></span> <span class='ocrx_word' id='word_1_510' title='bbox 3689 3391 3736 3431; x_wconf 84' lang='lat' dir='ltr'><strong>ac</strong></span> 
     </span>
    </p>
   </div>
   <div class='ocr_carea' id='block_1_69' title="bbox 538 3447 1362 3512">
    <p class='ocr_par' dir='ltr' id='par_1_69' title="bbox 538 3447 1362 3512">
     <span class='ocr_line' id='line_1_70' title="bbox 538 3447 1362 3512; baseline -0.001 -12"><span class='ocrx_word' id='word_1_511' title='bbox 538 3459 666 3512; x_wconf 86' lang='lat' dir='ltr'><strong>tum,</strong></span> <span class='ocrx_word' id='word_1_512' title='bbox 696 3448 924 3501; x_wconf 87' lang='lat' dir='ltr'><strong>eumdem</strong></span> <span class='ocrx_word' id='word_1_513' title='bbox 951 3464 1014 3501; x_wconf 77' lang='lat' dir='ltr'><strong>ea:</strong></span> <span class='ocrx_word' id='word_1_514' title='bbox 1039 3447 1226 3511; x_wconf 81' lang='lat' dir='ltr'><strong>animo,</strong></span> <span class='ocrx_word' id='word_1_515' title='bbox 1259 3457 1362 3501; x_wconf 82' lang='lat' dir='ltr'><strong>etc.</strong></span> 
     </span>
    </p>
   </div>
   <div class='ocr_carea' id='block_1_70' title="bbox 609 3517 2110 3598">
    <p class='ocr_par' dir='ltr' id='par_1_70' title="bbox 609 3517 2110 3598">
     <span class='ocr_line' id='line_1_71' title="bbox 609 3517 2110 3598; baseline -0.002 -27"><span class='ocrx_word' id='word_1_516' title='bbox 609 3518 885 3598; x_wconf 43' lang='lat' dir='ltr'><strong>°.Luc_._ct</strong></span> <span class='ocrx_word' id='word_1_517' title='bbox 914 3517 1118 3598; x_wconf 62' lang='lat' dir='ltr'><strong>Balnz.,</strong></span> <span class='ocrx_word' id='word_1_518' title='bbox 1147 3518 1484 3598; x_wconf 66' lang='lat' dir='ltr'><strong>progenitum.</strong></span> <span class='ocrx_word' id='word_1_519' title='bbox 1518 3517 1656 3598; x_wconf 40' lang='lat' dir='ltr'><strong>.Post</strong></span> <span class='ocrx_word' id='word_1_520' title='bbox 1685 3530 1862 3598; x_wconf 48' lang='lat' dir='ltr'><strong>pauca.</strong></span> <span class='ocrx_word' id='word_1_521' title='bbox 1876 3529 1980 3598; x_wconf 81' lang='lat' dir='ltr'><strong>pro</strong></span> <span class='ocrx_word' id='word_1_522' title='bbox 2007 3531 2110 3568; x_wconf 87' lang='lat' dir='ltr'><strong>nu-</strong></span> 
     </span>
    </p>
   </div>
   <div class='ocr_carea' id='block_1_71' title="bbox 536 3585 2112 3657">
    <p class='ocr_par' dir='ltr' id='par_1_71' title="bbox 536 3585 2112 3657">
     <span class='ocr_line' id='line_1_72' title="bbox 536 3585 2112 3657; baseline -0.001 -14"><span class='ocrx_word' id='word_1_523' title='bbox 536 3589 708 3654; x_wconf 85' lang='lat' dir='ltr'><strong>minis,</strong></span> <span class='ocrx_word' id='word_1_524' title='bbox 748 3589 879 3642; x_wconf 90' lang='lat' dir='ltr'><strong>alias</strong></span> <span class='ocrx_word' id='word_1_525' title='bbox 921 3585 1161 3642; x_wconf 62' lang='lat' dir='ltr'><strong>nominis;</strong></span> <span class='ocrx_word' id='word_1_526' title='bbox 1209 3585 1299 3643; x_wconf 84' lang='lat' dir='ltr'><strong>Sic</strong></span> <span class='ocrx_word' id='word_1_527' title='bbox 1342 3587 1488 3642; x_wconf 91' lang='lat' dir='ltr'><strong>rudis</strong></span> <span class='ocrx_word' id='word_1_528' title='bbox 1515 3587 1780 3657; x_wconf 87' lang='lat' dir='ltr'><strong>interpres</strong></span> <span class='ocrx_word' id='word_1_529' title='bbox 1818 3585 2112 3641; x_wconf 82' lang='lat' dir='ltr'><strong>Theotocon</strong></span> 
     </span>
    </p>
   </div>
   <div class='ocr_carea' id='block_1_72' title="bbox 537 3660 1004 3714">
    <p class='ocr_par' dir='ltr' id='par_1_72' title="bbox 537 3660 1004 3714">
     <span class='ocr_line' id='line_1_73' title="bbox 537 3660 1004 3714; baseline -0.004 0"><span class='ocrx_word' id='word_1_530' title='bbox 537 3660 732 3714; x_wconf 88' lang='lat' dir='ltr'><strong>Latine</strong></span> <span class='ocrx_word' id='word_1_531' title='bbox 755 3660 1004 3713; x_wconf 88' lang='lat' dir='ltr'><strong>reddidit.</strong></span> 
     </span>
    </p>
   </div>
   <div class='ocr_carea' id='block_1_73' title="bbox 613 3725 2111 3797">
    <p class='ocr_par' dir='ltr' id='par_1_73' title="bbox 613 3725 2111 3797">
     <span class='ocr_line' id='line_1_74' title="bbox 613 3725 2111 3797; baseline 0.001 -16"><span class='ocrx_word' id='word_1_532' title='bbox 613 3729 630 3767; x_wconf 71' lang='grc' dir='ltr'><strong>ί</strong></span> <span class='ocrx_word' id='word_1_533' title='bbox 661 3731 861 3795; x_wconf 81' lang='lat' dir='ltr'><strong>Quesn.</strong></span> <span class='ocrx_word' id='word_1_534' title='bbox 887 3745 1009 3783; x_wconf 88' lang='lat' dir='ltr'><strong>cum</strong></span> <span class='ocrx_word' id='word_1_535' title='bbox 1039 3743 1139 3782; x_wconf 89' lang='lat' dir='ltr'><strong>ms.</strong></span> <span class='ocrx_word' id='word_1_536' title='bbox 1174 3727 1358 3795; x_wconf 90' lang='lat' dir='ltr'><strong>Vind.,</strong></span> <span class='ocrx_word' id='word_1_537' title='bbox 1401 3729 1627 3797; x_wconf 79' lang='lat' dir='ltr'><strong>ﬁrmant.</strong></span> <span class='ocrx_word' id='word_1_538' title='bbox 1679 3726 1868 3782; x_wconf 84' lang='lat' dir='ltr'><strong>Melius</strong></span> <span class='ocrx_word' id='word_1_539' title='bbox 1912 3725 2111 3782; x_wconf 76' lang='lat' dir='ltr'><strong>Baluzii</strong></span> 
     </span>
    </p>
   </div>
   <div class='ocr_carea' id='block_1_74' title="bbox 538 3800 1637 3865">
    <p class='ocr_par' dir='ltr' id='par_1_74' title="bbox 538 3800 1637 3865">
     <span class='ocr_line' id='line_1_75' title="bbox 538 3800 1637 3865; baseline -0.005 -11"><span class='ocrx_word' id='word_1_540' title='bbox 538 3801 661 3854; x_wconf 89' lang='lat' dir='ltr'><strong>cod.</strong></span> <span class='ocrx_word' id='word_1_541' title='bbox 684 3809 738 3853; x_wconf 87' lang='lat' dir='ltr'><strong>ct</strong></span> <span class='ocrx_word' id='word_1_542' title='bbox 765 3800 1044 3862; x_wconf 90' lang='lat' dir='ltr'><strong>Lucensis,</strong></span> <span class='ocrx_word' id='word_1_543' title='bbox 1074 3812 1208 3865; x_wconf 90' lang='lat' dir='ltr'><strong>quos</strong></span> <span class='ocrx_word' id='word_1_544' title='bbox 1236 3800 1402 3853; x_wconf 90' lang='lat' dir='ltr'><strong>secuti</strong></span> <span class='ocrx_word' id='word_1_545' title='bbox 1432 3813 1637 3852; x_wconf 83' lang='lat' dir='ltr'><strong>sumus.</strong></span> 
     </span>
    </p>
   </div>
   <div class='ocr_carea' id='block_1_75' title="bbox 610 3865 2109 3923">
    <p class='ocr_par' dir='ltr' id='par_1_75' title="bbox 610 3865 2109 3923">
     <span class='ocr_line' id='line_1_76' title="bbox 610 3865 2109 3923; baseline -0.001 0"><span class='ocrx_word' id='word_1_546' title='bbox 610 3878 634 3915; x_wconf 74' lang='grc' dir='ltr'><strong>κ</strong></span> <span class='ocrx_word' id='word_1_547' title='bbox 659 3870 750 3923; x_wconf 86' lang='lat' dir='ltr'><strong>Sic</strong></span> <span class='ocrx_word' id='word_1_548' title='bbox 773 3869 971 3922; x_wconf 85' lang='lat' dir='ltr'><strong>Baluzii</strong></span> <span class='ocrx_word' id='word_1_549' title='bbox 1001 3867 1158 3921; x_wconf 83' lang='lat' dir='ltr'><strong>codd.</strong></span> <span class='ocrx_word' id='word_1_550' title='bbox 1186 3883 1304 3922; x_wconf 89' lang='lat' dir='ltr'><strong>cum</strong></span> <span class='ocrx_word' id='word_1_551' title='bbox 1332 3868 1518 3923; x_wconf 74' lang='lat' dir='ltr'><strong>Grmco</strong></span> <span class='ocrx_word' id='word_1_552' title='bbox 1543 3877 1596 3922; x_wconf 91' lang='lat' dir='ltr'><strong>et</strong></span> <span class='ocrx_word' id='word_1_553' title='bbox 1615 3867 1732 3922; x_wconf 90' lang='lat' dir='ltr'><strong>aliis</strong></span> <span class='ocrx_word' id='word_1_554' title='bbox 1750 3865 2109 3922; x_wconf 73' lang='lat' dir='ltr'><strong>rersionibus.</strong></span> 
     </span>
    </p>
   </div>
   <div class='ocr_carea' id='block_1_76' title="bbox 539 3937 2110 4005">
    <p class='ocr_par' dir='ltr' id='par_1_76' title="bbox 539 3937 2110 4005">
     <span class='ocr_line' id='line_1_77' title="bbox 539 3937 2110 4005; baseline 0.001 -15"><span class='ocrx_word' id='word_1_555' title='bbox 539 3940 764 4005; x_wconf 81' lang='lat' dir='ltr'><strong>Quesn.,</strong></span> <span class='ocrx_word' id='word_1_556' title='bbox 792 3937 951 3992; x_wconf 91' lang='lat' dir='ltr'><strong>Vind.</strong></span> <span class='ocrx_word' id='word_1_557' title='bbox 975 3947 1030 3992; x_wconf 90' lang='lat' dir='ltr'><strong>et</strong></span> <span class='ocrx_word' id='word_1_558' title='bbox 1058 3937 1213 4002; x_wconf 91' lang='lat' dir='ltr'><strong>Luc.,</strong></span> <span class='ocrx_word' id='word_1_559' title='bbox 1242 3939 1629 3993; x_wconf 84' lang='lat' dir='ltr'><strong>immutabilem.</strong></span> <span class='ocrx_word' id='word_1_560' title='bbox 1680 3939 1820 4002; x_wconf 83' lang='lat' dir='ltr'><strong>Mox,</strong></span> <span class='ocrx_word' id='word_1_561' title='bbox 1867 3953 1962 4003; x_wconf 87' lang='lat' dir='ltr'><strong>pro</strong></span> <span class='ocrx_word' id='word_1_562' title='bbox 1983 3938 2110 3991; x_wconf 85' lang='lat' dir='ltr'><strong>sub-</strong></span> 
     </span>
    </p>
   </div>
   <div class='ocr_carea' id='block_1_77' title="bbox 540 4007 2108 4075">
    <p class='ocr_par' dir='ltr' id='par_1_77' title="bbox 540 4007 2108 4075">
     <span class='ocr_line' id='line_1_78' title="bbox 540 4007 2108 4075; baseline 0.001 -13"><span class='ocrx_word' id='word_1_563' title='bbox 540 4011 723 4062; x_wconf 85' lang='lat' dir='ltr'><strong>stantia</strong></span> <span class='ocrx_word' id='word_1_564' title='bbox 747 4022 874 4062; x_wconf 87' lang='lat' dir='ltr'><strong>mss.</strong></span> <span class='ocrx_word' id='word_1_565' title='bbox 892 4007 1074 4075; x_wconf 87' lang='lat' dir='ltr'><strong>Vind.,</strong></span> <span class='ocrx_word' id='word_1_566' title='bbox 1100 4007 1296 4062; x_wconf 89' lang='lat' dir='ltr'><strong>anen.</strong></span> <span class='ocrx_word' id='word_1_567' title='bbox 1319 4024 1438 4062; x_wconf 89' lang='lat' dir='ltr'><strong>cum</strong></span> <span class='ocrx_word' id='word_1_568' title='bbox 1455 4009 1658 4073; x_wconf 87' lang='lat' dir='ltr'><strong>Balnz.,</strong></span> <span class='ocrx_word' id='word_1_569' title='bbox 1674 4009 1932 4070; x_wconf 84' lang='lat' dir='ltr'><strong>distantia,</strong></span> <span class='ocrx_word' id='word_1_570' title='bbox 1949 4009 2108 4068; x_wconf 88' lang='lat' dir='ltr'><strong>male.</strong></span> 
     </span>
    </p>
   </div>
   <div class='ocr_carea' id='block_1_78' title="bbox 613 4076 2112 4145">
    <p class='ocr_par' dir='ltr' id='par_1_78' title="bbox 613 4076 2112 4145">
     <span class='ocr_line' id='line_1_79' title="bbox 613 4076 2112 4145; baseline 0.001 -12"><span class='ocrx_word' id='word_1_571' title='bbox 613 4076 643 4115; x_wconf 73' lang='grc' dir='ltr'><strong>ιι</strong></span> <span class='ocrx_word' id='word_1_572' title='bbox 669 4078 758 4134; x_wconf 88' lang='lat' dir='ltr'><strong>Sic</strong></span> <span class='ocrx_word' id='word_1_573' title='bbox 774 4078 932 4132; x_wconf 73' lang='lat' dir='ltr'><strong>Vind.</strong></span> <span class='ocrx_word' id='word_1_574' title='bbox 955 4078 1291 4145; x_wconf 87' lang='lat' dir='ltr'><strong>Quesnellus,</strong></span> <span class='ocrx_word' id='word_1_575' title='bbox 1313 4088 1357 4132; x_wconf 92' lang='lat' dir='ltr'><strong>et</strong></span> <span class='ocrx_word' id='word_1_576' title='bbox 1374 4078 1678 4132; x_wconf 85' lang='lat' dir='ltr'><strong>substantia.</strong></span> <span class='ocrx_word' id='word_1_577' title='bbox 1705 4079 1829 4132; x_wconf 80' lang='lat' dir='ltr'><strong>Mss.</strong></span> <span class='ocrx_word' id='word_1_578' title='bbox 1854 4078 2037 4134; x_wconf 87' lang='lat' dir='ltr'><strong>Baluz.</strong></span> <span class='ocrx_word' id='word_1_579' title='bbox 2059 4089 2112 4134; x_wconf 88' lang='lat' dir='ltr'><strong>et</strong></span> 
     </span>
    </p>
   </div>
   <div class='ocr_carea' id='block_1_79' title="bbox 542 4149 2112 4215">
    <p class='ocr_par' dir='ltr' id='par_1_79' title="bbox 542 4149 2112 4215">
     <span class='ocr_line' id='line_1_80' title="bbox 542 4149 2112 4215; baseline 0.001 -12"><span class='ocrx_word' id='word_1_580' title='bbox 542 4149 698 4215; x_wconf 89' lang='lat' dir='ltr'><strong>Luc.,</strong></span> <span class='ocrx_word' id='word_1_581' title='bbox 723 4165 821 4201; x_wconf 87' lang='lat' dir='ltr'><strong>non</strong></span> <span class='ocrx_word' id='word_1_582' title='bbox 851 4149 940 4201; x_wconf 88' lang='lat' dir='ltr'><strong>sub</strong></span> <span class='ocrx_word' id='word_1_583' title='bbox 967 4165 1068 4202; x_wconf 87' lang='lat' dir='ltr'><strong>una</strong></span> <span class='ocrx_word' id='word_1_584' title='bbox 1088 4149 1368 4202; x_wconf 87' lang='lat' dir='ltr'><strong>substantia</strong></span> <span class='ocrx_word' id='word_1_585' title='bbox 1395 4150 1758 4203; x_wconf 82' lang='lat' dir='ltr'><strong>convenientes.</strong></span> <span class='ocrx_word' id='word_1_586' title='bbox 1783 4149 1921 4212; x_wconf 80' lang='lat' dir='ltr'><strong>Mox,</strong></span> <span class='ocrx_word' id='word_1_587' title='bbox 1949 4150 2112 4204; x_wconf 85' lang='lat' dir='ltr'><strong>divisa</strong></span> 
     </span>
    </p>
   </div>
   <div class='ocr_carea' id='block_1_80' title="bbox 542 4219 2112 4290">
    <p class='ocr_par' dir='ltr' id='par_1_80' title="bbox 542 4219 2112 4290">
     <span class='ocr_line' id='line_1_81' title="bbox 542 4219 2112 4290; baseline -0.001 -16"><span class='ocrx_word' id='word_1_588' title='bbox 542 4231 693 4288; x_wconf 87' lang='lat' dir='ltr'><strong>atque</strong></span> <span class='ocrx_word' id='word_1_589' title='bbox 730 4220 918 4290; x_wconf 85' lang='lat' dir='ltr'><strong>partita</strong></span> <span class='ocrx_word' id='word_1_590' title='bbox 962 4219 1102 4288; x_wconf 87' lang='lat' dir='ltr'><strong>apud</strong></span> <span class='ocrx_word' id='word_1_591' title='bbox 1139 4220 1339 4286; x_wconf 84' lang='lat' dir='ltr'><strong>Quesn.</strong></span> <span class='ocrx_word' id='word_1_592' title='bbox 1390 4220 1611 4274; x_wconf 88' lang='lat' dir='ltr'><strong>Codices</strong></span> <span class='ocrx_word' id='word_1_593' title='bbox 1654 4219 1834 4286; x_wconf 76' lang='lat' dir='ltr'><strong>Vind.,</strong></span> <span class='ocrx_word' id='word_1_594' title='bbox 1887 4219 2013 4274; x_wconf 92' lang='lat' dir='ltr'><strong>Luc.</strong></span> <span class='ocrx_word' id='word_1_595' title='bbox 2055 4228 2112 4274; x_wconf 89' lang='lat' dir='ltr'><strong>et</strong></span> 
     </span>
    </p>
   </div>
   <div class='ocr_carea' id='block_1_81' title="bbox 541 4290 2110 4361">
    <p class='ocr_par' dir='ltr' id='par_1_81' title="bbox 541 4290 2110 4361">
     <span class='ocr_line' id='line_1_82' title="bbox 541 4290 2110 4361; baseline 0.001 -16"><span class='ocrx_word' id='word_1_596' title='bbox 541 4291 746 4352; x_wconf 89' lang='lat' dir='ltr'><strong>Balnz.,</strong></span> <span class='ocrx_word' id='word_1_597' title='bbox 766 4291 978 4345; x_wconf 83' lang='lat' dir='ltr'><strong>divisam</strong></span> <span class='ocrx_word' id='word_1_598' title='bbox 1007 4301 1155 4361; x_wconf 86' lang='lat' dir='ltr'><strong>atque</strong></span> <span class='ocrx_word' id='word_1_599' title='bbox 1177 4291 1437 4358; x_wconf 85' lang='lat' dir='ltr'><strong>partitam.</strong></span> <span class='ocrx_word' id='word_1_600' title='bbox 1458 4290 1818 4361; x_wconf 72' lang='lat' dir='ltr'><strong>Correximns,</strong></span> <span class='ocrx_word' id='word_1_601' title='bbox 1842 4290 2110 4346; x_wconf 86' lang='lat' dir='ltr'><strong>sententia</strong></span> 
     </span>
    </p>
   </div>
   <div class='ocr_carea' id='block_1_82' title="bbox 542 4359 2108 4432">
    <p class='ocr_par' dir='ltr' id='par_1_82' title="bbox 542 4359 2108 4432">
     <span class='ocr_line' id='line_1_83' title="bbox 542 4359 2108 4432; baseline 0.001 -18"><span class='ocrx_word' id='word_1_602' title='bbox 542 4369 820 4432; x_wconf 75' lang='lat' dir='ltr'><strong>contextus</strong></span> <span class='ocrx_word' id='word_1_603' title='bbox 847 4359 1111 4432; x_wconf 75' lang='lat' dir='ltr'><strong>exigente.</strong></span> <span class='ocrx_word' id='word_1_604' title='bbox 1135 4362 1272 4432; x_wconf 77' lang='lat' dir='ltr'><strong>Dein</strong></span> <span class='ocrx_word' id='word_1_605' title='bbox 1294 4362 1490 4416; x_wconf 85' lang='lat' dir='ltr'><strong>Lucen.</strong></span> <span class='ocrx_word' id='word_1_606' title='bbox 1508 4360 1652 4430; x_wconf 91' lang='lat' dir='ltr'><strong>cod.,</strong></span> <span class='ocrx_word' id='word_1_607' title='bbox 1673 4359 1870 4416; x_wconf 88' lang='lat' dir='ltr'><strong>Filium</strong></span> <span class='ocrx_word' id='word_1_608' title='bbox 1898 4363 2108 4416; x_wconf 86' lang='lat' dir='ltr'><strong>unicum</strong></span> 
     </span>
    </p>
   </div>
   <div class='ocr_carea' id='block_1_83' title="bbox 541 4430 1404 4486">
    <p class='ocr_par' dir='ltr' id='par_1_83' title="bbox 541 4430 1404 4486">
     <span class='ocr_line' id='line_1_84' title="bbox 541 4430 1404 4486; baseline 0 -2"><span class='ocrx_word' id='word_1_609' title='bbox 541 4430 708 4484; x_wconf 89' lang='lat' dir='ltr'><strong>Deum</strong></span> <span class='ocrx_word' id='word_1_610' title='bbox 733 4447 903 4485; x_wconf 84' lang='lat' dir='ltr'><strong>verum</strong></span> <span class='ocrx_word' id='word_1_611' title='bbox 925 4430 1100 4486; x_wconf 71' lang='lat' dir='ltr'><strong>Iesum</strong></span> <span class='ocrx_word' id='word_1_612' title='bbox 1131 4431 1404 4486; x_wconf 85' lang='lat' dir='ltr'><strong>Christum.</strong></span> 
     </span>
    </p>
   </div>
   <div class='ocr_carea' id='block_1_84' title="bbox 619 4499 2108 4570">
    <p class='ocr_par' dir='ltr' id='par_1_84' title="bbox 619 4499 2108 4570">
     <span class='ocr_line' id='line_1_85' title="bbox 619 4499 2108 4570; baseline 0.001 -15"><span class='ocrx_word' id='word_1_613' title='bbox 619 4501 635 4538; x_wconf 75' lang='grc' dir='ltr'><strong>ί</strong></span> <span class='ocrx_word' id='word_1_614' title='bbox 669 4499 824 4555; x_wconf 87' lang='lat' dir='ltr'><strong>Vind.</strong></span> <span class='ocrx_word' id='word_1_615' title='bbox 844 4511 897 4556; x_wconf 88' lang='lat' dir='ltr'><strong>et</strong></span> <span class='ocrx_word' id='word_1_616' title='bbox 915 4502 1137 4567; x_wconf 68' lang='lat' dir='ltr'><strong>Lucem,</strong></span> <span class='ocrx_word' id='word_1_617' title='bbox 1161 4502 1203 4554; x_wconf 88' lang='grc' dir='ltr'><em>Η</em></span> <span class='ocrx_word' id='word_1_618' title='bbox 1213 4517 1356 4556; x_wconf 79' lang='lat' dir='ltr'><strong>orum</strong></span> <span class='ocrx_word' id='word_1_619' title='bbox 1378 4505 1584 4570; x_wconf 86' lang='lat' dir='ltr'><strong>itaque;</strong></span> <span class='ocrx_word' id='word_1_620' title='bbox 1615 4501 1880 4570; x_wconf 87' lang='lat' dir='ltr'><strong>Baluzius,</strong></span> <span class='ocrx_word' id='word_1_621' title='bbox 1903 4501 2108 4556; x_wconf 87' lang='lat' dir='ltr'><strong>Horum</strong></span> 
     </span>
    </p>
   </div>
   <div class='ocr_carea' id='block_1_85' title="bbox 543 4572 2108 4641">
    <p class='ocr_par' dir='ltr' id='par_1_85' title="bbox 543 4572 2108 4641">
     <span class='ocr_line' id='line_1_86' title="bbox 543 4572 2108 4641; baseline 0.003 -17"><span class='ocrx_word' id='word_1_622' title='bbox 543 4572 714 4641; x_wconf 87' lang='lat' dir='ltr'><strong>itaque</strong></span> <span class='ocrx_word' id='word_1_623' title='bbox 740 4573 992 4625; x_wconf 86' lang='lat' dir='ltr'><strong>communi</strong></span> <span class='ocrx_word' id='word_1_624' title='bbox 1015 4575 1220 4626; x_wconf 85' lang='lat' dir='ltr'><strong>veritate</strong></span> <span class='ocrx_word' id='word_1_625' title='bbox 1251 4589 1270 4626; x_wconf 91' lang='lat'><strong><em>:</em></strong></span> <span class='ocrx_word' id='word_1_626' title='bbox 1301 4574 1580 4641; x_wconf 87' lang='lat' dir='ltr'><strong>utrobique</strong></span> <span class='ocrx_word' id='word_1_627' title='bbox 1604 4574 1779 4628; x_wconf 90' lang='lat' dir='ltr'><strong>minus</strong></span> <span class='ocrx_word' id='word_1_628' title='bbox 1805 4581 1966 4628; x_wconf 90' lang='lat' dir='ltr'><strong>recte.</strong></span> <span class='ocrx_word' id='word_1_629' title='bbox 2000 4573 2108 4628; x_wconf 82' lang='lat' dir='ltr'><strong>Ne-</strong></span> 
     </span>
    </p>
   </div>
   <div class='ocr_carea' id='block_1_86' title="bbox 544 4642 2104 4712">
    <p class='ocr_par' dir='ltr' id='par_1_86' title="bbox 544 4642 2104 4712">
     <span class='ocr_line' id='line_1_87' title="bbox 544 4642 2104 4712; baseline 0.003 -18"><span class='ocrx_word' id='word_1_630' title='bbox 544 4656 650 4712; x_wconf 88' lang='lat' dir='ltr'><strong>que</strong></span> <span class='ocrx_word' id='word_1_631' title='bbox 677 4656 803 4712; x_wconf 84' lang='lat' dir='ltr'><strong>vero</strong></span> <span class='ocrx_word' id='word_1_632' title='bbox 827 4642 1094 4706; x_wconf 87' lang='lat' dir='ltr'><strong>Quesnelli</strong></span> <span class='ocrx_word' id='word_1_633' title='bbox 1126 4643 1284 4696; x_wconf 80' lang='lat' dir='ltr'><strong>lectio</strong></span> <span class='ocrx_word' id='word_1_634' title='bbox 1310 4642 1436 4696; x_wconf 80' lang='grc' dir='ltr'><strong>Ηωσ</strong></span> <span class='ocrx_word' id='word_1_635' title='bbox 1466 4645 1634 4712; x_wconf 87' lang='lat' dir='ltr'><strong>itaque</strong></span> <span class='ocrx_word' id='word_1_636' title='bbox 1661 4643 1880 4698; x_wconf 89' lang='lat' dir='ltr'><strong>omnino</strong></span> <span class='ocrx_word' id='word_1_637' title='bbox 1908 4645 2104 4712; x_wconf 85' lang='lat' dir='ltr'><strong>placet.</strong></span> 
     </span>
    </p>
   </div>
   <div class='ocr_carea' id='block_1_87' title="bbox 545 4711 2109 4780">
    <p class='ocr_par' dir='ltr' id='par_1_87' title="bbox 545 4711 2109 4780">
     <span class='ocr_line' id='line_1_88' title="bbox 545 4711 2109 4780; baseline 0.003 -16"><span class='ocrx_word' id='word_1_638' title='bbox 545 4711 710 4780; x_wconf 85' lang='lat' dir='ltr'><strong>Magis</strong></span> <span class='ocrx_word' id='word_1_639' title='bbox 741 4711 973 4780; x_wconf 81' lang='lat' dir='ltr'><strong>placeret</strong></span> <span class='ocrx_word' id='word_1_640' title='bbox 997 4726 1118 4766; x_wconf 91' lang='lat' dir='ltr'><strong>cum</strong></span> <span class='ocrx_word' id='word_1_641' title='bbox 1147 4713 1354 4766; x_wconf 85' lang='lat' dir='ltr'><strong>caeteris</strong></span> <span class='ocrx_word' id='word_1_642' title='bbox 1385 4711 1715 4768; x_wconf 75' lang='lat' dir='ltr'><strong>versiOnibns</strong></span> <span class='ocrx_word' id='word_1_643' title='bbox 1743 4711 1977 4769; x_wconf 81' lang='lat' dir='ltr'><strong>scribere</strong></span> <span class='ocrx_word' id='word_1_644' title='bbox 2008 4713 2109 4768; x_wconf 83' lang='lat' dir='ltr'><strong>His</strong></span> 
     </span>
    </p>
   </div>
   <div class='ocr_carea' id='block_1_88' title="bbox 545 4781 2109 4855">
    <p class='ocr_par' dir='ltr' id='par_1_88' title="bbox 545 4781 2109 4855">
     <span class='ocr_line' id='line_1_89' title="bbox 545 4781 2109 4855; baseline 0.004 -22"><span class='ocrx_word' id='word_1_645' title='bbox 545 4783 715 4855; x_wconf 76' lang='lat' dir='ltr'><strong>itaque</strong></span> <span class='ocrx_word' id='word_1_646' title='bbox 745 4781 1104 4855; x_wconf 32' lang='lat' dir='ltr'><strong>..._‘ordinatis,</strong></span> <span class='ocrx_word' id='word_1_647' title='bbox 1153 4783 1197 4836; x_wconf 89' lang='lat' dir='ltr'><strong>si</strong></span> <span class='ocrx_word' id='word_1_648' title='bbox 1228 4783 1316 4852; x_wconf 92' lang='lat' dir='ltr'><strong>qui</strong></span> <span class='ocrx_word' id='word_1_649' title='bbox 1345 4783 1556 4838; x_wconf 90' lang='lat' dir='ltr'><strong>codices</strong></span> <span class='ocrx_word' id='word_1_650' title='bbox 1597 4783 1754 4854; x_wconf 89' lang='lat' dir='ltr'><strong>huius</strong></span> <span class='ocrx_word' id='word_1_651' title='bbox 1794 4785 2109 4855; x_wconf 84' lang='lat' dir='ltr'><strong>interpreta-</strong></span> 
     </span>
    </p>
   </div>
   <div class='ocr_carea' id='block_1_89' title="bbox 546 4851 1806 4920">
    <p class='ocr_par' dir='ltr' id='par_1_89' title="bbox 546 4851 1806 4920">
     <span class='ocr_line' id='line_1_90' title="bbox 546 4851 1806 4920; baseline 0.004 -18"><span class='ocrx_word' id='word_1_652' title='bbox 546 4851 707 4906; x_wconf 89' lang='lat' dir='ltr'><strong>tionis</strong></span> <span class='ocrx_word' id='word_1_653' title='bbox 731 4851 1163 4920; x_wconf 86' lang='lat' dir='ltr'><strong>sull&#39;ragarcntur.</strong></span> <span class='ocrx_word' id='word_1_654' title='bbox 1246 4851 1257 4852; x_wconf 30' lang='grc' dir='ltr'>ί</span> <span class='ocrx_word' id='word_1_655' title='bbox 1667 4851 1679 4854; x_wconf 75' lang='grc'><em>’</em></span> <span class='ocrx_word' id='word_1_656' title='bbox 1796 4866 1806 4876; x_wconf 91' lang='grc'><strong>·</strong></span> 
     </span>
    </p>
   </div>
   <div class='ocr_carea' id='block_1_90' title="bbox 619 4922 2111 4986">
    <p class='ocr_par' dir='ltr' id='par_1_90' title="bbox 619 4922 2111 4986">
     <span class='ocr_line' id='line_1_91' title="bbox 619 4922 2111 4986; baseline 0.005 -13"><span class='ocrx_word' id='word_1_657' title='bbox 619 4923 634 4973; x_wconf 84' lang='lat' dir='ltr'><strong>t</strong></span> <span class='ocrx_word' id='word_1_658' title='bbox 678 4923 766 4976; x_wconf 78' lang='lat' dir='ltr'><strong>Sic</strong></span> <span class='ocrx_word' id='word_1_659' title='bbox 792 4922 974 4986; x_wconf 90' lang='lat' dir='ltr'><strong>Vind.,</strong></span> <span class='ocrx_word' id='word_1_660' title='bbox 1007 4923 1204 4978; x_wconf 87' lang='lat' dir='ltr'><strong>Lucen.</strong></span> <span class='ocrx_word' id='word_1_661' title='bbox 1238 4932 1292 4978; x_wconf 90' lang='lat' dir='ltr'><strong>et</strong></span> <span class='ocrx_word' id='word_1_662' title='bbox 1319 4923 1517 4978; x_wconf 87' lang='lat' dir='ltr'><strong>Baluzii</strong></span> <span class='ocrx_word' id='word_1_663' title='bbox 1547 4925 1779 4981; x_wconf 89' lang='lat' dir='ltr'><strong>codices.</strong></span> <span class='ocrx_word' id='word_1_664' title='bbox 1811 4925 1907 4980; x_wconf 83' lang='lat' dir='ltr'><strong>Hic</strong></span> <span class='ocrx_word' id='word_1_665' title='bbox 1935 4933 2111 4981; x_wconf 90' lang='lat' dir='ltr'><strong>autem</strong></span> 
     </span>
    </p>
   </div>
   <div class='ocr_carea' id='block_1_91' title="bbox 544 4992 2112 5076">
    <p class='ocr_par' dir='ltr' id='par_1_91' title="bbox 544 4992 2112 5076">
     <span class='ocr_line' id='line_1_92' title="bbox 544 4992 2112 5076; baseline 0.002 -28"><span class='ocrx_word' id='word_1_666' title='bbox 544 5005 642 5076; x_wconf 78' lang='lat' dir='ltr'><strong>per</strong></span> <span class='ocrx_word' id='word_1_667' title='bbox 670 4992 866 5076; x_wconf 77' lang='lat' dir='ltr'><strong>saltum</strong></span> <span class='ocrx_word' id='word_1_668' title='bbox 895 4992 1068 5076; x_wconf 85' lang='lat' dir='ltr'><strong>aliqua</strong></span> <span class='ocrx_word' id='word_1_669' title='bbox 1095 4994 1322 5076; x_wconf 53' lang='lat' dir='ltr'><strong>desunt:</strong></span> <span class='ocrx_word' id='word_1_670' title='bbox 1348 5009 1584 5076; x_wconf 62' lang='lat' dir='ltr'><strong>cumque</strong></span> <span class='ocrx_word' id='word_1_671' title='bbox 1615 4996 1742 5076; x_wconf 73' lang='lat' dir='ltr'><strong>nulli</strong></span> <span class='ocrx_word' id='word_1_672' title='bbox 1781 4996 1992 5076; x_wconf 78' lang='lat' dir='ltr'><strong>codices</strong></span> <span class='ocrx_word' id='word_1_673' title='bbox 2014 4997 2112 5051; x_wconf 87' lang='lat' dir='ltr'><strong>ad-</strong></span> 
     </span>
    </p>
   </div>
   <div class='ocr_carea' id='block_1_92' title="bbox 540 5063 2111 5137">
    <p class='ocr_par' dir='ltr' id='par_1_92' title="bbox 540 5063 2111 5137">
     <span class='ocr_line' id='line_1_93' title="bbox 540 5063 2111 5137; baseline 0.001 -18"><span class='ocrx_word' id='word_1_674' title='bbox 540 5063 750 5137; x_wconf 76' lang='lat' dir='ltr'><strong>iuvent,</strong></span> <span class='ocrx_word' id='word_1_675' title='bbox 770 5063 1006 5137; x_wconf 83' lang='lat' dir='ltr'><strong>delectus</strong></span> <span class='ocrx_word' id='word_1_676' title='bbox 1021 5065 1420 5137; x_wconf 85' lang='lat' dir='ltr'><strong>antiquissimus</strong></span> <span class='ocrx_word' id='word_1_677' title='bbox 1435 5063 1536 5120; x_wconf 86' lang='lat' dir='ltr'><strong>est.</strong></span> <span class='ocrx_word' id='word_1_678' title='bbox 1553 5066 1918 5137; x_wconf 90' lang='lat' dir='ltr'><strong>Supplendnm</strong></span> <span class='ocrx_word' id='word_1_679' title='bbox 1935 5076 2111 5121; x_wconf 90' lang='lat' dir='ltr'><strong>autem</strong></span> 
     </span>
    </p>
   </div>
   <div class='ocr_carea' id='block_1_93' title="bbox 465 5135 2111 5203">
    <p class='ocr_par' dir='ltr' id='par_1_93' title="bbox 465 5135 2111 5203">
     <span class='ocr_line' id='line_1_94' title="bbox 465 5135 2111 5203; baseline 0.002 -15"><span class='ocrx_word' id='word_1_680' title='bbox 465 5185 472 5196; x_wconf 89' lang='grc'><strong>,</strong></span> <span class='ocrx_word' id='word_1_681' title='bbox 545 5135 754 5189; x_wconf 89' lang='lat' dir='ltr'><strong>videtur</strong></span> <span class='ocrx_word' id='word_1_682' title='bbox 771 5151 835 5190; x_wconf 79' lang='lat' dir='ltr'><strong>ex</strong></span> <span class='ocrx_word' id='word_1_683' title='bbox 865 5135 965 5188; x_wconf 90' lang='lat' dir='ltr'><strong>alia</strong></span> <span class='ocrx_word' id='word_1_684' title='bbox 990 5135 1255 5201; x_wconf 87' lang='lat' dir='ltr'><strong>versione,</strong></span> <span class='ocrx_word' id='word_1_685' title='bbox 1284 5151 1440 5202; x_wconf 91' lang='lat' dir='ltr'><strong>quam</strong></span> <span class='ocrx_word' id='word_1_686' title='bbox 1471 5135 1744 5193; x_wconf 34' lang='lat' dir='ltr'><strong>annot’.&#39;49</strong></span> <span class='ocrx_word' id='word_1_687' title='bbox 1766 5136 2111 5203; x_wconf 89' lang='lat' dir='ltr'><strong>subiecimus,</strong></span> 
     </span>
    </p>
   </div>
   <div class='ocr_carea' id='block_1_94' title="bbox 546 5203 2113 5276">
    <p class='ocr_par' dir='ltr' id='par_1_94' title="bbox 546 5203 2113 5276">
     <span class='ocr_line' id='line_1_95' title="bbox 546 5203 2113 5276; baseline 0.003 -18"><span class='ocrx_word' id='word_1_688' title='bbox 546 5203 713 5258; x_wconf 85' lang='lat' dir='ltr'><strong>aliter.</strong></span> <span class='ocrx_word' id='word_1_689' title='bbox 750 5205 852 5259; x_wconf 84' lang='lat' dir='ltr'><strong>Eos</strong></span> <span class='ocrx_word' id='word_1_690' title='bbox 880 5215 1047 5258; x_wconf 87' lang='lat' dir='ltr'><strong>autem</strong></span> <span class='ocrx_word' id='word_1_691' title='bbox 1073 5208 1160 5275; x_wconf 90' lang='lat' dir='ltr'><strong>qui</strong></span> <span class='ocrx_word' id='word_1_692' title='bbox 1201 5207 1312 5260; x_wconf 82' lang='lat' dir='ltr'><strong>ausi</strong></span> <span class='ocrx_word' id='word_1_693' title='bbox 1339 5215 1457 5260; x_wconf 87' lang='lat' dir='ltr'><strong>sunt</strong></span> <span class='ocrx_word' id='word_1_694' title='bbox 1485 5221 1781 5276; x_wconf 81' lang='lat' dir='ltr'><strong>componere</strong></span> <span class='ocrx_word' id='word_1_695' title='bbox 1811 5208 1962 5274; x_wconf 82' lang='lat' dir='ltr'><strong>fidem</strong></span> <span class='ocrx_word' id='word_1_696' title='bbox 1987 5210 2113 5262; x_wconf 86' lang='lat' dir='ltr'><strong>alte-</strong></span> 
     </span>
    </p>
   </div>
   <div class='ocr_carea' id='block_1_95' title="bbox 543 5277 2112 5348">
    <p class='ocr_par' dir='ltr' id='par_1_95' title="bbox 543 5277 2112 5348">
     <span class='ocr_line' id='line_1_96' title="bbox 543 5277 2112 5348; baseline 0.003 -20"><span class='ocrx_word' id='word_1_697' title='bbox 543 5291 677 5348; x_wconf 83' lang='lat' dir='ltr'><strong>ram,</strong></span> <span class='ocrx_word' id='word_1_698' title='bbox 704 5285 791 5329; x_wconf 88' lang='lat' dir='ltr'><strong>aut</strong></span> <span class='ocrx_word' id='word_1_699' title='bbox 821 5277 1066 5346; x_wconf 78' lang='lat' dir='ltr'><strong>proferre,</strong></span> <span class='ocrx_word' id='word_1_700' title='bbox 1091 5286 1178 5330; x_wconf 86' lang='lat' dir='ltr'><strong>aut</strong></span> <span class='ocrx_word' id='word_1_701' title='bbox 1199 5278 1394 5341; x_wconf 84' lang='lat' dir='ltr'><strong>docere,</strong></span> <span class='ocrx_word' id='word_1_702' title='bbox 1416 5286 1504 5348; x_wconf 88' lang='lat' dir='ltr'><strong>aut</strong></span> <span class='ocrx_word' id='word_1_703' title='bbox 1529 5279 1727 5331; x_wconf 85' lang='lat' dir='ltr'><strong>tradere</strong></span> <span class='ocrx_word' id='word_1_704' title='bbox 1746 5281 1961 5332; x_wconf 85' lang='lat' dir='ltr'><strong>alterum</strong></span> <span class='ocrx_word' id='word_1_705' title='bbox 1977 5295 2112 5348; x_wconf 76' lang='lat' dir='ltr'><strong>sym-</strong></span> 
     </span>
    </p>
   </div>
   <div class='ocr_carea' id='block_1_96' title="bbox 547 5345 2114 5416">
    <p class='ocr_par' dir='ltr' id='par_1_96' title="bbox 547 5345 2114 5416">
     <span class='ocr_line' id='line_1_97' title="bbox 547 5345 2114 5416; baseline 0.003 -19"><span class='ocrx_word' id='word_1_706' title='bbox 547 5345 737 5412; x_wconf 88' lang='lat' dir='ltr'><strong>bolum,</strong></span> <span class='ocrx_word' id='word_1_707' title='bbox 769 5347 1023 5416; x_wconf 80' lang='lat' dir='ltr'><strong>corripere</strong></span> <span class='ocrx_word' id='word_1_708' title='bbox 1041 5364 1094 5401; x_wconf 90' lang='lat' dir='ltr'><strong>se</strong></span> <span class='ocrx_word' id='word_1_709' title='bbox 1119 5349 1395 5402; x_wconf 84' lang='lat' dir='ltr'><strong>volentibus</strong></span> <span class='ocrx_word' id='word_1_710' title='bbox 1422 5347 1490 5399; x_wconf 86' lang='lat' dir='ltr'><strong>ad</strong></span> <span class='ocrx_word' id='word_1_711' title='bbox 1518 5349 1775 5402; x_wconf 85' lang='lat' dir='ltr'><strong>scientiam</strong></span> <span class='ocrx_word' id='word_1_712' title='bbox 1801 5345 2025 5402; x_wconf 76' lang='lat' dir='ltr'><strong>veritatii</strong></span> <span class='ocrx_word' id='word_1_713' title='bbox 2051 5365 2114 5402; x_wconf 73' lang='lat' dir='ltr'><strong>ea:</strong></span> 
     </span>
    </p>
   </div>
   <div class='ocr_carea' id='block_1_97' title="bbox 545 5417 2115 5485">
    <p class='ocr_par' dir='ltr' id='par_1_97' title="bbox 545 5417 2115 5485">
     <span class='ocr_line' id='line_1_98' title="bbox 545 5417 2115 5485; baseline 0.004 -18"><span class='ocrx_word' id='word_1_714' title='bbox 545 5417 648 5468; x_wconf 86' lang='lat' dir='ltr'><strong>ritu</strong></span> <span class='ocrx_word' id='word_1_715' title='bbox 673 5418 1050 5485; x_wconf 87' lang='lat' dir='ltr'><strong>paganitarum,</strong></span> <span class='ocrx_word' id='word_1_716' title='bbox 1102 5426 1206 5472; x_wconf 91' lang='lat' dir='ltr'><strong>etc.</strong></span> <span class='ocrx_word' id='word_1_717' title='bbox 1253 5420 1453 5484; x_wconf 86' lang='lat' dir='ltr'><strong>Quesn.</strong></span> <span class='ocrx_word' id='word_1_718' title='bbox 1484 5417 1625 5472; x_wconf 89' lang='lat' dir='ltr'><strong>hunc</strong></span> <span class='ocrx_word' id='word_1_719' title='bbox 1665 5418 1928 5474; x_wconf 81' lang='lat' dir='ltr'><strong>delectum</strong></span> <span class='ocrx_word' id='word_1_720' title='bbox 1976 5418 2115 5474; x_wconf 87' lang='lat' dir='ltr'><strong>haud</strong></span> 
     </span>
    </p>
   </div>
   <div class='ocr_carea' id='block_1_98' title="bbox 545 5487 2114 5558">
    <p class='ocr_par' dir='ltr' id='par_1_98' title="bbox 545 5487 2114 5558">
     <span class='ocr_line' id='line_1_99' title="bbox 545 5487 2114 5558; baseline 0.003 -20"><span class='ocrx_word' id='word_1_721' title='bbox 545 5488 845 5553; x_wconf 83' lang='lat' dir='ltr'><strong>suspicatus</strong></span> <span class='ocrx_word' id='word_1_722' title='bbox 875 5489 1175 5543; x_wconf 70' lang='lat' dir='ltr'><strong>emendavit</strong></span> <span class='ocrx_word' id='word_1_723' title='bbox 1195 5489 1293 5554; x_wconf 79' lang='lat' dir='ltr'><strong>sic,</strong></span> <span class='ocrx_word' id='word_1_724' title='bbox 1311 5489 1526 5542; x_wconf 87' lang='lat' dir='ltr'><strong>alterum</strong></span> <span class='ocrx_word' id='word_1_725' title='bbox 1550 5489 1856 5558; x_wconf 85' lang='lat' dir='ltr'><strong>symbolum.</strong></span> <span class='ocrx_word' id='word_1_726' title='bbox 1875 5487 2114 5542; x_wconf 83' lang='lat' dir='ltr'><strong>Corrum-</strong></span> 
     </span>
    </p>
   </div>
   <div class='ocr_carea' id='block_1_99' title="bbox 547 5558 2116 5630">
    <p class='ocr_par' dir='ltr' id='par_1_99' title="bbox 547 5558 2116 5630">
     <span class='ocr_line' id='line_1_100' title="bbox 547 5558 2116 5630; baseline 0.004 -24"><span class='ocrx_word' id='word_1_727' title='bbox 547 5570 664 5622; x_wconf 86' lang='lat' dir='ltr'><strong>pere</strong></span> <span class='ocrx_word' id='word_1_728' title='bbox 679 5558 904 5630; x_wconf 70' lang='lat' dir='ltr'><strong>palentes</strong></span> <span class='ocrx_word' id='word_1_729' title='bbox 945 5559 1012 5609; x_wconf 85' lang='lat' dir='ltr'><strong>ad</strong></span> <span class='ocrx_word' id='word_1_730' title='bbox 1033 5559 1301 5630; x_wconf 76' lang='lat' dir='ltr'><strong>scientiam</strong></span> <span class='ocrx_word' id='word_1_731' title='bbox 1341 5559 1562 5613; x_wconf 81' lang='lat' dir='ltr'><strong>ueritatis</strong></span> <span class='ocrx_word' id='word_1_732' title='bbox 1601 5575 1665 5614; x_wconf 80' lang='lat' dir='ltr'><strong>ea:</strong></span> <span class='ocrx_word' id='word_1_733' title='bbox 1695 5560 2116 5630; x_wconf 79' lang='lat' dir='ltr'><strong>paganitistarum</strong></span> 
     </span>
    </p>
   </div>
   <div class='ocr_carea' id='block_1_100' title="bbox 549 5624 2116 5705">
    <p class='ocr_par' dir='ltr' id='par_1_100' title="bbox 549 5624 2116 5705">
     <span class='ocr_line' id='line_1_101' title="bbox 549 5624 2116 5705; baseline 0.006 -30"><span class='ocrx_word' id='word_1_734' title='bbox 549 5634 637 5676; x_wconf 86' lang='lat' dir='ltr'><strong>aut</strong></span> <span class='ocrx_word' id='word_1_735' title='bbox 661 5624 892 5705; x_wconf 71' lang='lat' dir='ltr'><strong>udaica:</strong></span> <span class='ocrx_word' id='word_1_736' title='bbox 913 5639 998 5682; x_wconf 89' lang='lat' dir='ltr'><strong>aut</strong></span> <span class='ocrx_word' id='word_1_737' title='bbox 1022 5628 1269 5684; x_wconf 71' lang='lat' dir='ltr'><strong>Itwrcticw</strong></span> <span class='ocrx_word' id='word_1_738' title='bbox 1295 5630 1562 5702; x_wconf 83' lang='lat' dir='ltr'><strong>cujuslibet</strong></span> <span class='ocrx_word' id='word_1_739' title='bbox 1590 5624 1864 5697; x_wconf 69' lang='lat' dir='ltr'><strong>secta,3ive</strong></span> <span class='ocrx_word' id='word_1_740' title='bbox 1890 5629 1987 5684; x_wconf 84' lang='lat' dir='ltr'><strong>sint</strong></span> <span class='ocrx_word' id='word_1_741' title='bbox 2007 5629 2116 5684; x_wconf 81' lang='lat' dir='ltr'><strong>cni-</strong></span> 
     </span>
    </p>
   </div>
   <div class='ocr_carea' id='block_1_101' title="bbox 547 5705 844 5760">
    <p class='ocr_par' dir='ltr' id='par_1_101' title="bbox 547 5705 844 5760">
     <span class='ocr_line' id='line_1_102' title="bbox 547 5705 844 5760; baseline 0.007 -12"><span class='ocrx_word' id='word_1_742' title='bbox 547 5709 710 5760; x_wconf 77' lang='lat' dir='ltr'><strong>scOpi,</strong></span> <span class='ocrx_word' id='word_1_743' title='bbox 741 5705 844 5750; x_wconf 91' lang='lat' dir='ltr'><strong>ctc.</strong></span> 
     </span>
    </p>
   </div>
   <div class='ocr_carea' id='block_1_102' title="bbox 620 5761 2113 5830">
    <p class='ocr_par' dir='ltr' id='par_1_102' title="bbox 620 5761 2113 5830">
     <span class='ocr_line' id='line_1_103' title="bbox 620 5761 2113 5830; baseline 0.007 -13"><span class='ocrx_word' id='word_1_744' title='bbox 620 5761 649 5802; x_wconf 73' lang='grc' dir='ltr'><strong>ιι</strong></span> <span class='ocrx_word' id='word_1_745' title='bbox 675 5764 740 5820; x_wconf 85' lang='grc' dir='ltr'><strong>1ιί</strong></span> <span class='ocrx_word' id='word_1_746' title='bbox 766 5779 996 5825; x_wconf 85' lang='lat' dir='ltr'><strong>canones</strong></span> <span class='ocrx_word' id='word_1_747' title='bbox 1020 5769 1143 5826; x_wconf 90' lang='lat' dir='ltr'><strong>licet</strong></span> <span class='ocrx_word' id='word_1_748' title='bbox 1167 5771 1220 5828; x_wconf 91' lang='lat' dir='ltr'><strong>in</strong></span> <span class='ocrx_word' id='word_1_749' title='bbox 1249 5772 1475 5830; x_wconf 78' lang='lat' dir='ltr'><strong>vulaatis</strong></span> <span class='ocrx_word' id='word_1_750' title='bbox 1494 5770 1852 5828; x_wconf 90' lang='lat' dir='ltr'><strong>Conciliorum</strong></span> <span class='ocrx_word' id='word_1_751' title='bbox 1876 5769 2113 5827; x_wconf 87' lang='lat' dir='ltr'><strong>habean-</strong></span> 
     </span>
    </p>
   </div>
   <div class='ocr_carea' id='block_1_103' title="bbox 2216 3447 3734 3574">
    <p class='ocr_par' dir='ltr' id='par_1_103' title="bbox 2216 3447 3734 3574">
     <span class='ocr_line' id='line_1_104' title="bbox 2216 3447 3734 3574; baseline 0 -72"><span class='ocrx_word' id='word_1_752' title='bbox 2216 3459 2400 3574; x_wconf 57' lang='lat' dir='ltr'><strong>gostra</strong></span> <span class='ocrx_word' id='word_1_753' title='bbox 2446 3464 2678 3505; x_wconf 87' lang='lat' dir='ltr'><strong>canones</strong></span> <span class='ocrx_word' id='word_1_754' title='bbox 2703 3447 3163 3506; x_wconf 73' lang='lat' dir='ltr'><strong>Clialcedonenses</strong></span> <span class='ocrx_word' id='word_1_755' title='bbox 3210 3466 3283 3506; x_wconf 77' lang='lat' dir='ltr'><strong>ex</strong></span> <span class='ocrx_word' id='word_1_756' title='bbox 3316 3451 3494 3507; x_wconf 91' lang='lat' dir='ltr'><strong>Prisca</strong></span> <span class='ocrx_word' id='word_1_757' title='bbox 3535 3447 3734 3506; x_wconf 79' lang='lat' dir='ltr'><strong>versione</strong></span> 
     </span>
     <span class='ocr_line' id='line_1_105' title="bbox 2255 3528 2546 3574; baseline 0 0"><span class='ocrx_word' id='word_1_758' title='bbox 2255 3528 2546 3574; x_wconf 83' lang='lat' dir='ltr'><strong>envarunt.</strong></span> 
     </span>
    </p>
   </div>
   <div class='ocr_carea' id='block_1_104' title="bbox 2255 3521 2546 3574">
    <p class='ocr_par' dir='ltr' id='par_1_104' title="bbox 2255 3521 2546 3574">
     <span class='ocr_line' id='line_1_106' title="bbox 2255 3521 2546 3574; baseline 0 0"><span class='ocrx_word' id='word_1_759' title='bbox 2255 3521 2546 3574; x_wconf 82' lang='lat' dir='ltr'><strong>erivarunt.</strong></span> 
     </span>
    </p>
   </div>
   <div class='ocr_carea' id='block_1_105' title="bbox 2293 3588 3736 3660">
    <p class='ocr_par' dir='ltr' id='par_1_105' title="bbox 2293 3588 3736 3660">
     <span class='ocr_line' id='line_1_107' title="bbox 2293 3588 3736 3660; baseline -0.003 -13"><span class='ocrx_word' id='word_1_760' title='bbox 2293 3588 2310 3628; x_wconf 83' lang='grc'><strong>¹</strong></span> <span class='ocrx_word' id='word_1_761' title='bbox 2343 3591 2433 3647; x_wconf 91' lang='lat' dir='ltr'><strong>Sic</strong></span> <span class='ocrx_word' id='word_1_762' title='bbox 2463 3591 2515 3645; x_wconf 90' lang='lat' dir='ltr'><strong>in</strong></span> <span class='ocrx_word' id='word_1_763' title='bbox 2561 3590 3001 3660; x_wconf 60' lang='lat' dir='ltr'><strong>praettantissimo</strong></span> <span class='ocrx_word' id='word_1_764' title='bbox 3036 3591 3157 3646; x_wconf 85' lang='lat' dir='ltr'><strong>cod.</strong></span> <span class='ocrx_word' id='word_1_765' title='bbox 3195 3591 3425 3648; x_wconf 79' lang='lat' dir='ltr'><strong>Vindeb.</strong></span> <span class='ocrx_word' id='word_1_766' title='bbox 3454 3593 3538 3655; x_wconf 79' lang='lat'><strong>39,</strong></span> <span class='ocrx_word' id='word_1_767' title='bbox 3577 3591 3622 3644; x_wconf 88' lang='lat' dir='ltr'><strong>in</strong></span> <span class='ocrx_word' id='word_1_768' title='bbox 3656 3601 3736 3658; x_wconf 86' lang='lat' dir='ltr'><strong>quo</strong></span> 
     </span>
    </p>
   </div>
   <div class='ocr_carea' id='block_1_106' title="bbox 2214 3661 3734 3731">
    <p class='ocr_par' dir='ltr' id='par_1_106' title="bbox 2214 3661 3734 3731">
     <span class='ocr_line' id='line_1_108' title="bbox 2214 3661 3734 3731; baseline -0.004 -14"><span class='ocrx_word' id='word_1_769' title='bbox 2214 3661 2446 3717; x_wconf 88' lang='lat' dir='ltr'><strong>secunda</strong></span> <span class='ocrx_word' id='word_1_770' title='bbox 2487 3676 2643 3716; x_wconf 89' lang='lat' dir='ltr'><strong>manu</strong></span> <span class='ocrx_word' id='word_1_771' title='bbox 2689 3675 2787 3731; x_wconf 90' lang='lat' dir='ltr'><strong>pro</strong></span> <span class='ocrx_word' id='word_1_772' title='bbox 2830 3661 3261 3731; x_wconf 76' lang='lat' dir='ltr'><strong>insultatitutum</strong></span> <span class='ocrx_word' id='word_1_773' title='bbox 3304 3664 3403 3718; x_wconf 78' lang='lat' dir='ltr'><strong>fuit</strong></span> <span class='ocrx_word' id='word_1_774' title='bbox 3436 3661 3674 3717; x_wconf 80' lang='lat' dir='ltr'><strong>indictione</strong></span> <span class='ocrx_word' id='word_1_775' title='bbox 3693 3673 3734 3731; x_wconf 64' lang='grc' dir='ltr'><strong>γ.</strong></span> 
     </span>
    </p>
   </div>
   <div class='ocr_carea' id='block_1_107' title="bbox 2215 3729 3735 3804">
    <p class='ocr_par' dir='ltr' id='par_1_107' title="bbox 2215 3729 3735 3804">
     <span class='ocr_line' id='line_1_109' title="bbox 2215 3729 3735 3804; baseline -0.003 -17"><span class='ocrx_word' id='word_1_776' title='bbox 2215 3733 2366 3787; x_wconf 83' lang='lat' dir='ltr'><strong>Alius</strong></span> <span class='ocrx_word' id='word_1_777' title='bbox 2395 3732 2523 3804; x_wconf 67' lang='lat' dir='ltr'><strong>cod.</strong></span> <span class='ocrx_word' id='word_1_778' title='bbox 2561 3729 2834 3787; x_wconf 71' lang='lat' dir='ltr'><strong>Caesareus</strong></span> <span class='ocrx_word' id='word_1_779' title='bbox 2872 3729 3301 3788; x_wconf 88' lang='lat' dir='ltr'><strong>Vindebonensis</strong></span> <span class='ocrx_word' id='word_1_780' title='bbox 3329 3733 3400 3788; x_wconf 72' lang='grc'><strong>42</strong></span> <span class='ocrx_word' id='word_1_781' title='bbox 3435 3734 3579 3804; x_wconf 88' lang='lat' dir='ltr'><strong>paulo</strong></span> <span class='ocrx_word' id='word_1_782' title='bbox 3609 3729 3735 3785; x_wconf 85' lang='lat' dir='ltr'><strong>dissi-</strong></span> 
     </span>
    </p>
   </div>
   <div class='ocr_carea' id='block_1_108' title="bbox 2215 3802 3734 3874">
    <p class='ocr_par' dir='ltr' id='par_1_108' title="bbox 2215 3802 3734 3874">
     <span class='ocr_line' id='line_1_110' title="bbox 2215 3802 3734 3874; baseline -0.003 -18"><span class='ocrx_word' id='word_1_783' title='bbox 2215 3804 2412 3858; x_wconf 87' lang='lat' dir='ltr'><strong>militer</strong></span> <span class='ocrx_word' id='word_1_784' title='bbox 2442 3802 2624 3869; x_wconf 86' lang='lat' dir='ltr'><strong>habet,</strong></span> <span class='ocrx_word' id='word_1_785' title='bbox 2670 3812 3008 3874; x_wconf 72' lang='lat' dir='ltr'><strong>convenerunt</strong></span> <span class='ocrx_word' id='word_1_786' title='bbox 3038 3804 3368 3874; x_wconf 70' lang='lat' dir='ltr'><strong>temporibus</strong></span> <span class='ocrx_word' id='word_1_787' title='bbox 3403 3802 3456 3858; x_wconf 80' lang='lat' dir='ltr'><strong>in</strong></span> <span class='ocrx_word' id='word_1_788' title='bbox 3491 3803 3734 3874; x_wconf 72' lang='lat' dir='ltr'><strong>quingente-</strong></span> 
     </span>
    </p>
   </div>
   <div class='ocr_carea' id='block_1_109' title="bbox 2215 3870 3732 3946">
    <p class='ocr_par' dir='ltr' id='par_1_109' title="bbox 2215 3870 3732 3946">
     <span class='ocr_line' id='line_1_111' title="bbox 2215 3870 3732 3946; baseline -0.002 -20"><span class='ocrx_word' id='word_1_789' title='bbox 2215 3874 2343 3927; x_wconf 87' lang='lat' dir='ltr'><strong>simo</strong></span> <span class='ocrx_word' id='word_1_790' title='bbox 2362 3889 2531 3946; x_wconf 77' lang='lat' dir='ltr'><strong>anno,</strong></span> <span class='ocrx_word' id='word_1_791' title='bbox 2565 3883 2669 3946; x_wconf 87' lang='lat' dir='ltr'><strong>et_c.</strong></span> <span class='ocrx_word' id='word_1_792' title='bbox 2690 3890 2726 3946; x_wconf 85' lang='lat'><strong>;_</strong></span> <span class='ocrx_word' id='word_1_793' title='bbox 2747 3883 2802 3946; x_wconf 86' lang='lat' dir='ltr'><strong>et</strong></span> <span class='ocrx_word' id='word_1_794' title='bbox 2831 3870 3180 3946; x_wconf 66' lang='lat' dir='ltr'><strong>Hubertinum</strong></span> <span class='ocrx_word' id='word_1_795' title='bbox 3196 3875 3470 3946; x_wconf 78' lang='lat' dir='ltr'><strong>exemplar</strong></span> <span class='ocrx_word' id='word_1_796' title='bbox 3489 3870 3614 3942; x_wconf 81' lang='lat' dir='ltr'><strong>apud</strong></span> <span class='ocrx_word' id='word_1_797' title='bbox 3625 3870 3732 3926; x_wconf 86' lang='lat' dir='ltr'><strong>Cou-</strong></span> 
     </span>
    </p>
   </div>
   <div class='ocr_carea' id='block_1_110' title="bbox 2214 3943 3731 4015">
    <p class='ocr_par' dir='ltr' id='par_1_110' title="bbox 2214 3943 3731 4015">
     <span class='ocr_line' id='line_1_112' title="bbox 2214 3943 3731 4015; baseline -0.003 -17"><span class='ocrx_word' id='word_1_798' title='bbox 2214 3944 2466 3998; x_wconf 88' lang='lat' dir='ltr'><strong>stantiutn</strong></span> <span class='ocrx_word' id='word_1_799' title='bbox 2524 3952 2562 3998; x_wconf 93' lang='lat' dir='ltr'><strong>t.</strong></span> <span class='ocrx_word' id='word_1_800' title='bbox 2613 3943 2628 3996; x_wconf 96' lang='grc' dir='ltr'><strong>Ι</strong></span> <span class='ocrx_word' id='word_1_801' title='bbox 2687 3943 2858 4015; x_wconf 82' lang='lat' dir='ltr'><strong>Epist.</strong></span> <span class='ocrx_word' id='word_1_802' title='bbox 2924 3943 3081 4015; x_wconf 66' lang='lat' dir='ltr'><strong>Rom.</strong></span> <span class='ocrx_word' id='word_1_803' title='bbox 3141 3943 3505 4015; x_wconf 51' lang='lat' dir='ltr'><strong>pontilfpag.</strong></span> <span class='ocrx_word' id='word_1_804' title='bbox 3555 3954 3731 4015; x_wconf 66' lang='lat' dir='ltr'><strong>uuln,</strong></span> 
     </span>
    </p>
   </div>
   <div class='ocr_carea' id='block_1_111' title="bbox 2214 4013 3734 4090">
    <p class='ocr_par' dir='ltr' id='par_1_111' title="bbox 2214 4013 3734 4090">
     <span class='ocr_line' id='line_1_113' title="bbox 2214 4013 3734 4090; baseline -0.003 -22"><span class='ocrx_word' id='word_1_805' title='bbox 2214 4022 2552 4068; x_wconf 82' lang='lat' dir='ltr'><strong>convenerunt</strong></span> <span class='ocrx_word' id='word_1_806' title='bbox 2581 4013 2886 4090; x_wconf 68' lang='lat' dir='ltr'><strong>temporibus</strong></span> <span class='ocrx_word' id='word_1_807' title='bbox 2912 4013 2998 4069; x_wconf 87' lang='lat' dir='ltr'><strong>In.</strong></span> <span class='ocrx_word' id='word_1_808' title='bbox 3031 4030 3063 4090; x_wconf 66' lang='grc' dir='ltr'>γ</span> <span class='ocrx_word' id='word_1_809' title='bbox 3083 4013 3482 4090; x_wconf 77' lang='lat' dir='ltr'><strong>quingentesimo</strong></span> <span class='ocrx_word' id='word_1_810' title='bbox 3502 4014 3591 4090; x_wconf 75' lang='lat' dir='ltr'><strong>sub</strong></span> <span class='ocrx_word' id='word_1_811' title='bbox 3608 4013 3734 4090; x_wconf 47' lang='lat' dir='ltr'><strong>impc‘</strong></span> 
     </span>
    </p>
   </div>
   <div class='ocr_carea' id='block_1_112' title="bbox 2214 4084 3730 4152">
    <p class='ocr_par' dir='ltr' id='par_1_112' title="bbox 2214 4084 3730 4152">
     <span class='ocr_line' id='line_1_114' title="bbox 2214 4084 3730 4152; baseline -0.003 -14"><span class='ocrx_word' id='word_1_812' title='bbox 2214 4093 2403 4150; x_wconf 85' lang='lat' dir='ltr'><strong>rotare,</strong></span> <span class='ocrx_word' id='word_1_813' title='bbox 2447 4096 2552 4140; x_wconf 91' lang='lat' dir='ltr'><strong>etc.</strong></span> <span class='ocrx_word' id='word_1_814' title='bbox 2583 4084 2923 4152; x_wconf 83' lang='lat' dir='ltr'><strong>Quesnellus,</strong></span> <span class='ocrx_word' id='word_1_815' title='bbox 2947 4084 3160 4140; x_wconf 89' lang='lat' dir='ltr'><strong>omissis</strong></span> <span class='ocrx_word' id='word_1_816' title='bbox 3187 4084 3291 4141; x_wconf 86' lang='lat' dir='ltr'><strong>hoc</strong></span> <span class='ocrx_word' id='word_1_817' title='bbox 3319 4086 3438 4141; x_wconf 90' lang='lat' dir='ltr'><strong>loco</strong></span> <span class='ocrx_word' id='word_1_818' title='bbox 3471 4085 3662 4140; x_wconf 88' lang='lat' dir='ltr'><strong>vocibus</strong></span> <span class='ocrx_word' id='word_1_819' title='bbox 3690 4084 3730 4134; x_wconf 79' lang='lat' dir='ltr'><strong>in</strong></span> 
     </span>
    </p>
   </div>
   <div class='ocr_carea' id='block_1_113' title="bbox 2213 4154 3732 4233">
    <p class='ocr_par' dir='ltr' id='par_1_113' title="bbox 2213 4154 3732 4233">
     <span class='ocr_line' id='line_1_115' title="bbox 2213 4154 3732 4233; baseline -0.002 -24"><span class='ocrx_word' id='word_1_820' title='bbox 2213 4157 2613 4233; x_wconf 75' lang='lat' dir='ltr'><strong>quingentesimo</strong></span> <span class='ocrx_word' id='word_1_821' title='bbox 2631 4154 2912 4233; x_wconf 86' lang='lat' dir='ltr'><strong>anno,_has</strong></span> <span class='ocrx_word' id='word_1_822' title='bbox 2939 4165 3058 4233; x_wconf 80' lang='lat' dir='ltr'><strong>post</strong></span> <span class='ocrx_word' id='word_1_823' title='bbox 3084 4171 3279 4233; x_wconf 82' lang='lat' dir='ltr'><strong>nomen</strong></span> <span class='ocrx_word' id='word_1_824' title='bbox 3313 4155 3732 4233; x_wconf 41' lang='lat' dir='ltr'><strong>Marcionodraas:</strong></span> 
     </span>
    </p>
   </div>
   <div class='ocr_carea' id='block_1_114' title="bbox 2215 4223 3730 4296">
    <p class='ocr_par' dir='ltr' id='par_1_114' title="bbox 2215 4223 3730 4296">
     <span class='ocr_line' id='line_1_116' title="bbox 2215 4223 3730 4296; baseline -0.003 -15"><span class='ocrx_word' id='word_1_825' title='bbox 2215 4223 2360 4282; x_wconf 58' lang='lat' dir='ltr'><strong>tulit&#39;</strong></span> <span class='ocrx_word' id='word_1_826' title='bbox 2379 4227 2456 4281; x_wconf 81' lang='lat' dir='ltr'><strong>sic</strong></span> <span class='ocrx_word' id='word_1_827' title='bbox 2499 4244 2513 4280; x_wconf 89' lang='lat'><strong>:</strong></span> <span class='ocrx_word' id='word_1_828' title='bbox 2543 4226 2688 4280; x_wconf 77' lang='lat' dir='ltr'><strong>Anno</strong></span> <span class='ocrx_word' id='word_1_829' title='bbox 2725 4223 3123 4296; x_wconf 73' lang='lat' dir='ltr'><strong>quingentesimo</strong></span> <span class='ocrx_word' id='word_1_830' title='bbox 3163 4225 3539 4282; x_wconf 86' lang='lat' dir='ltr'><strong>Incarnationis</strong></span> <span class='ocrx_word' id='word_1_831' title='bbox 3562 4223 3730 4296; x_wconf 65' lang='lat' dir='ltr'><strong>Domini</strong></span> 
     </span>
    </p>
   </div>
   <div class='ocr_carea' id='block_1_115' title="bbox 2213 4293 3730 4365">
    <p class='ocr_par' dir='ltr' id='par_1_115' title="bbox 2213 4293 3730 4365">
     <span class='ocr_line' id='line_1_117' title="bbox 2213 4293 3730 4365; baseline -0.003 -15"><span class='ocrx_word' id='word_1_832' title='bbox 2213 4297 2488 4352; x_wconf 85' lang='lat' dir='ltr'><strong>indictione</strong></span> <span class='ocrx_word' id='word_1_833' title='bbox 2514 4312 2572 4360; x_wconf 90' lang='lat' dir='ltr'><strong>v;</strong></span> <span class='ocrx_word' id='word_1_834' title='bbox 2604 4311 2721 4365; x_wconf 59' lang='lat' dir='ltr'><strong>quae</strong></span> <span class='ocrx_word' id='word_1_835' title='bbox 2738 4293 2982 4351; x_wconf 52' lang='lat' dir='ltr'><strong>&#39;formula</strong></span> <span class='ocrx_word' id='word_1_836' title='bbox 3009 4296 3160 4353; x_wconf 88' lang='lat' dir='ltr'><strong>abest</strong></span> <span class='ocrx_word' id='word_1_837' title='bbox 3183 4297 3252 4353; x_wconf 88' lang='lat' dir='ltr'><strong>ab</strong></span> <span class='ocrx_word' id='word_1_838' title='bbox 3279 4297 3521 4352; x_wconf 90' lang='lat' dir='ltr'><strong>omnibus</strong></span> <span class='ocrx_word' id='word_1_839' title='bbox 3545 4293 3730 4362; x_wconf 83' lang='lat' dir='ltr'><strong>antiquis</strong></span> 
     </span>
    </p>
   </div>
   <div class='ocr_carea' id='block_1_116' title="bbox 2213 4366 3729 4433">
    <p class='ocr_par' dir='ltr' id='par_1_116' title="bbox 2213 4366 3729 4433">
     <span class='ocr_line' id='line_1_118' title="bbox 2213 4366 3729 4433; baseline -0.006 -9"><span class='ocrx_word' id='word_1_840' title='bbox 2213 4384 2342 4424; x_wconf 88' lang='lat' dir='ltr'><strong>mss.</strong></span> <span class='ocrx_word' id='word_1_841' title='bbox 2375 4376 2486 4423; x_wconf 87' lang='lat' dir='ltr'><strong>tum</strong></span> <span class='ocrx_word' id='word_1_842' title='bbox 2515 4366 2693 4433; x_wconf 88' lang='lat' dir='ltr'><strong>huius,</strong></span> <span class='ocrx_word' id='word_1_843' title='bbox 2745 4376 2854 4422; x_wconf 91' lang='lat' dir='ltr'><strong>tum</strong></span> <span class='ocrx_word' id='word_1_844' title='bbox 2883 4376 3200 4423; x_wconf 61' lang='lat' dir='ltr'><strong>ceterarum</strong></span> <span class='ocrx_word' id='word_1_845' title='bbox 3245 4369 3603 4425; x_wconf 88' lang='lat' dir='ltr'><strong>collectionum</strong></span> <span class='ocrx_word' id='word_1_846' title='bbox 3627 4373 3729 4433; x_wconf 75' lang='lat' dir='ltr'><strong>quas</strong></span> 
     </span>
    </p>
   </div>
   <div class='ocr_carea' id='block_1_117' title="bbox 2213 4437 3727 4564">
    <p class='ocr_par' dir='ltr' id='par_1_117' title="bbox 2213 4437 3727 4564">
     <span class='ocr_line' id='line_1_119' title="bbox 2213 4437 3727 4564; baseline -0.004 -70"><span class='ocrx_word' id='word_1_847' title='bbox 2213 4442 2452 4496; x_wconf 79' lang='lat' dir='ltr'><strong>annot.i</strong></span> <span class='ocrx_word' id='word_1_848' title='bbox 2506 4437 2860 4504; x_wconf 87' lang='lat' dir='ltr'><strong>laudavimus,</strong></span> <span class='ocrx_word' id='word_1_849' title='bbox 2910 4447 2965 4495; x_wconf 90' lang='lat' dir='ltr'><strong>et</strong></span> <span class='ocrx_word' id='word_1_850' title='bbox 3003 4453 3034 4493; x_wconf 89' lang='lat' dir='ltr'><strong>a</strong></span> <span class='ocrx_word' id='word_1_851' title='bbox 3081 4439 3249 4496; x_wconf 87' lang='lat' dir='ltr'><strong>veteri</strong></span> <span class='ocrx_word' id='word_1_852' title='bbox 3277 4441 3419 4512; x_wconf 86' lang='lat' dir='ltr'><strong>stylo</strong></span> <span class='ocrx_word' id='word_1_853' title='bbox 3461 4437 3727 4564; x_wconf 54' lang='grc' dir='ltr'><strong>εὲἓιᾶἒιω.</strong></span> 
     </span>
    </p>
   </div>
   <div class='ocr_carea' id='block_1_118' title="bbox 2285 4640 3757 4718">
    <p class='ocr_par' dir='ltr' id='par_1_118' title="bbox 2285 4640 3757 4718">
     <span class='ocr_line' id='line_1_120' title="bbox 2285 4640 3757 4718; baseline -0.005 -20"><span class='ocrx_word' id='word_1_854' title='bbox 2285 4653 2323 4718; x_wconf 63' lang='lat' dir='ltr'><strong>{ﬂ</strong></span> <span class='ocrx_word' id='word_1_855' title='bbox 2353 4641 2572 4718; x_wconf 82' lang='lat' dir='ltr'><strong>Codices</strong></span> <span class='ocrx_word' id='word_1_856' title='bbox 2596 4641 2824 4707; x_wconf 84' lang='lat' dir='ltr'><strong>Justelli,</strong></span> <span class='ocrx_word' id='word_1_857' title='bbox 2864 4640 2980 4718; x_wconf 80' lang='lat' dir='ltr'><strong>Vat.</strong></span> <span class='ocrx_word' id='word_1_858' title='bbox 3015 4641 3251 4714; x_wconf 68' lang='lat' dir='ltr'><strong>Reginae,</strong></span> <span class='ocrx_word' id='word_1_859' title='bbox 3286 4652 3341 4699; x_wconf 91' lang='lat' dir='ltr'><strong>et</strong></span> <span class='ocrx_word' id='word_1_860' title='bbox 3369 4643 3485 4718; x_wconf 80' lang='lat' dir='ltr'><strong>Vat.</strong></span> <span class='ocrx_word' id='word_1_861' title='bbox 3506 4641 3643 4697; x_wconf 83' lang='lat' dir='ltr'><strong>Barb.</strong></span> <span class='ocrx_word' id='word_1_862' title='bbox 3668 4645 3757 4718; x_wconf 43' lang='lat' dir='ltr'><strong>tat.</strong></span> 
     </span>
    </p>
   </div>
   <div class='ocr_carea' id='block_1_119' title="bbox 2214 4713 3730 4784">
    <p class='ocr_par' dir='ltr' id='par_1_119' title="bbox 2214 4713 3730 4784">
     <span class='ocr_line' id='line_1_121' title="bbox 2214 4713 3730 4784; baseline -0.005 -16"><span class='ocrx_word' id='word_1_863' title='bbox 2214 4713 2391 4768; x_wconf 87' lang='lat' dir='ltr'><strong>bulam</strong></span> <span class='ocrx_word' id='word_1_864' title='bbox 2425 4714 2695 4768; x_wconf 86' lang='lat' dir='ltr'><strong>titulorum</strong></span> <span class='ocrx_word' id='word_1_865' title='bbox 2737 4713 3111 4784; x_wconf 32' lang='lat' dir='ltr'><strong>prmmittunt.’</strong></span> <span class='ocrx_word' id='word_1_866' title='bbox 3139 4724 3195 4768; x_wconf 90' lang='lat' dir='ltr'><strong>et</strong></span> <span class='ocrx_word' id='word_1_867' title='bbox 3229 4730 3328 4769; x_wconf 90' lang='lat' dir='ltr'><strong>suo</strong></span> <span class='ocrx_word' id='word_1_868' title='bbox 3368 4715 3550 4784; x_wconf 88' lang='lat' dir='ltr'><strong>cuique</strong></span> <span class='ocrx_word' id='word_1_869' title='bbox 3575 4713 3730 4784; x_wconf 64' lang='lat' dir='ltr'><strong>canant</strong></span> 
     </span>
    </p>
   </div>
   <div class='ocr_carea' id='block_1_120' title="bbox 2217 4779 3731 4854">
    <p class='ocr_par' dir='ltr' id='par_1_120' title="bbox 2217 4779 3731 4854">
     <span class='ocr_line' id='line_1_122' title="bbox 2217 4779 3731 4854; baseline -0.004 -16"><span class='ocrx_word' id='word_1_870' title='bbox 2217 4784 2424 4838; x_wconf 90' lang='lat' dir='ltr'><strong>titulum</strong></span> <span class='ocrx_word' id='word_1_871' title='bbox 2449 4779 2919 4852; x_wconf 61' lang='lat' dir='ltr'><strong>repetitum&#39;etiam</strong></span> <span class='ocrx_word' id='word_1_872' title='bbox 2950 4783 3250 4852; x_wconf 64' lang='lat' dir='ltr'><strong>praeﬁgunt.</strong></span> <span class='ocrx_word' id='word_1_873' title='bbox 3284 4784 3448 4854; x_wconf 87' lang='lat' dir='ltr'><strong>Huius</strong></span> <span class='ocrx_word' id='word_1_874' title='bbox 3470 4779 3584 4839; x_wconf 72' lang='lat' dir='ltr'><strong>vero</strong></span> <span class='ocrx_word' id='word_1_875' title='bbox 3600 4779 3731 4854; x_wconf 73' lang='lat' dir='ltr'><strong>colle-</strong></span> 
     </span>
    </p>
   </div>
   <div class='ocr_carea' id='block_1_121' title="bbox 2216 4850 3730 4922">
    <p class='ocr_par' dir='ltr' id='par_1_121' title="bbox 2216 4850 3730 4922">
     <span class='ocr_line' id='line_1_123' title="bbox 2216 4850 3730 4922; baseline -0.004 -12"><span class='ocrx_word' id='word_1_876' title='bbox 2216 4854 2410 4910; x_wconf 90' lang='lat' dir='ltr'><strong>ctionis</strong></span> <span class='ocrx_word' id='word_1_877' title='bbox 2441 4850 2570 4908; x_wconf 83' lang='lat' dir='ltr'><strong>mss.</strong></span> <span class='ocrx_word' id='word_1_878' title='bbox 2594 4853 2917 4922; x_wconf 75' lang='lat' dir='ltr'><strong>exemplaria</strong></span> <span class='ocrx_word' id='word_1_879' title='bbox 2946 4850 3122 4909; x_wconf 79' lang='lat' dir='ltr'><strong>tabula</strong></span> <span class='ocrx_word' id='word_1_880' title='bbox 3153 4850 3425 4922; x_wconf 76' lang='lat' dir='ltr'><strong>praemissa</strong></span> <span class='ocrx_word' id='word_1_881' title='bbox 3451 4861 3633 4922; x_wconf 89' lang='lat' dir='ltr'><strong>carent.</strong></span> <span class='ocrx_word' id='word_1_882' title='bbox 3655 4850 3730 4905; x_wconf 90' lang='lat' dir='ltr'><strong>So-</strong></span> 
     </span>
    </p>
   </div>
   <div class='ocr_carea' id='block_1_122' title="bbox 2214 4921 3731 4997">
    <p class='ocr_par' dir='ltr' id='par_1_122' title="bbox 2214 4921 3731 4997">
     <span class='ocr_line' id='line_1_124' title="bbox 2214 4921 3731 4997; baseline -0.005 -17"><span class='ocrx_word' id='word_1_883' title='bbox 2214 4925 2320 4981; x_wconf 88' lang='lat' dir='ltr'><strong>lum</strong></span> <span class='ocrx_word' id='word_1_884' title='bbox 2348 4925 2399 4979; x_wconf 90' lang='lat' dir='ltr'><strong>in</strong></span> <span class='ocrx_word' id='word_1_885' title='bbox 2433 4933 2656 4994; x_wconf 91' lang='lat' dir='ltr'><strong>utroque</strong></span> <span class='ocrx_word' id='word_1_886' title='bbox 2683 4921 2867 4997; x_wconf 85' lang='lat' dir='ltr'><strong>codice</strong></span> <span class='ocrx_word' id='word_1_887' title='bbox 2891 4922 3116 4997; x_wconf 85' lang='lat' dir='ltr'><strong>Vindeb.</strong></span> <span class='ocrx_word' id='word_1_888' title='bbox 3144 4921 3212 4981; x_wconf 79' lang='lat'><strong>39</strong></span> <span class='ocrx_word' id='word_1_889' title='bbox 3240 4937 3292 4981; x_wconf 91' lang='lat' dir='ltr'><strong>et</strong></span> <span class='ocrx_word' id='word_1_890' title='bbox 3310 4926 3384 4980; x_wconf 68' lang='grc' dir='ltr'>η</span> <span class='ocrx_word' id='word_1_891' title='bbox 3404 4925 3530 4997; x_wconf 82' lang='lat' dir='ltr'><strong>tituli</strong></span> <span class='ocrx_word' id='word_1_892' title='bbox 3547 4921 3731 4997; x_wconf 48' lang='lat' dir='ltr'><strong>alligas;</strong></span> 
     </span>
    </p>
   </div>
   <div class='ocr_carea' id='block_1_123' title="bbox 2218 4995 3730 5065">
    <p class='ocr_par' dir='ltr' id='par_1_123' title="bbox 2218 4995 3730 5065">
     <span class='ocr_line' id='line_1_125' title="bbox 2218 4995 3730 5065; baseline -0.001 -16"><span class='ocrx_word' id='word_1_893' title='bbox 2218 5008 2303 5050; x_wconf 91' lang='lat' dir='ltr'><strong>tur</strong></span> <span class='ocrx_word' id='word_1_894' title='bbox 2329 4997 2380 5050; x_wconf 93' lang='lat' dir='ltr'><strong>in</strong></span> <span class='ocrx_word' id='word_1_895' title='bbox 2405 5011 2668 5050; x_wconf 87' lang='lat' dir='ltr'><strong>canonum</strong></span> <span class='ocrx_word' id='word_1_896' title='bbox 2700 4995 2954 5065; x_wconf 77' lang='lat' dir='ltr'><strong>margine,</strong></span> <span class='ocrx_word' id='word_1_897' title='bbox 2987 4996 3126 5065; x_wconf 88' lang='lat' dir='ltr'><strong>iique</strong></span> <span class='ocrx_word' id='word_1_898' title='bbox 3165 4997 3287 5051; x_wconf 89' lang='lat' dir='ltr'><strong>aliis</strong></span> <span class='ocrx_word' id='word_1_899' title='bbox 3329 4995 3497 5051; x_wconf 90' lang='lat' dir='ltr'><strong>verbis</strong></span> <span class='ocrx_word' id='word_1_900' title='bbox 3533 4995 3730 5065; x_wconf 62' lang='lat' dir='ltr'><strong>expressi</strong></span> 
     </span>
    </p>
   </div>
   <div class='ocr_carea' id='block_1_124' title="bbox 2216 5059 3730 5132">
    <p class='ocr_par' dir='ltr' id='par_1_124' title="bbox 2216 5059 3730 5132">
     <span class='ocr_line' id='line_1_126' title="bbox 2216 5059 3730 5132; baseline -0.006 -12"><span class='ocrx_word' id='word_1_901' title='bbox 2216 5076 2341 5120; x_wconf 87' lang='lat' dir='ltr'><strong>sunt</strong></span> <span class='ocrx_word' id='word_1_902' title='bbox 2378 5080 2442 5121; x_wconf 92' lang='lat' dir='ltr'><strong>ac</strong></span> <span class='ocrx_word' id='word_1_903' title='bbox 2480 5067 2531 5120; x_wconf 91' lang='lat' dir='ltr'><strong>in</strong></span> <span class='ocrx_word' id='word_1_904' title='bbox 2563 5059 2841 5120; x_wconf 75' lang='lat' dir='ltr'><strong>codicibus</strong></span> <span class='ocrx_word' id='word_1_905' title='bbox 2873 5059 3095 5121; x_wconf 80' lang='lat' dir='ltr'><strong>aliarum</strong></span> <span class='ocrx_word' id='word_1_906' title='bbox 3125 5067 3511 5130; x_wconf 88' lang='lat' dir='ltr'><strong>collectionum,</strong></span> <span class='ocrx_word' id='word_1_907' title='bbox 3539 5059 3640 5132; x_wconf 70' lang='lat' dir='ltr'><strong>qua:</strong></span> <span class='ocrx_word' id='word_1_908' title='bbox 3661 5059 3730 5114; x_wconf 85' lang='lat' dir='ltr'><strong>Ju-</strong></span> 
     </span>
    </p>
   </div>
   <div class='ocr_carea' id='block_1_125' title="bbox 2215 5133 3774 5209">
    <p class='ocr_par' dir='ltr' id='par_1_125' title="bbox 2215 5133 3774 5209">
     <span class='ocr_line' id='line_1_127' title="bbox 2215 5133 3774 5209; baseline -0.006 -17"><span class='ocrx_word' id='word_1_909' title='bbox 2215 5137 2494 5209; x_wconf 58' lang='lat' dir='ltr'><strong>stellianog</strong></span> <span class='ocrx_word' id='word_1_910' title='bbox 2506 5137 2714 5209; x_wconf 75' lang='lat' dir='ltr'><strong>titulos</strong></span> <span class='ocrx_word' id='word_1_911' title='bbox 2741 5135 2994 5209; x_wconf 70' lang='lat' dir='ltr'><strong>similiter</strong></span> <span class='ocrx_word' id='word_1_912' title='bbox 3013 5136 3295 5209; x_wconf 50' lang='lat' dir='ltr'><strong>exhibent.</strong></span> <span class='ocrx_word' id='word_1_913' title='bbox 3320 5136 3448 5209; x_wconf 85' lang='lat' dir='ltr'><strong>Hinc</strong></span> <span class='ocrx_word' id='word_1_914' title='bbox 3483 5133 3729 5209; x_wconf 73' lang='lat' dir='ltr'><strong>peculiares</strong></span> <span class='ocrx_word' id='word_1_915' title='bbox 3770 5199 3774 5206; x_wconf 24' lang='grc' dir='ltr'><strong><em>η</em></strong></span> 
     </span>
    </p>
   </div>
   <div class='ocr_carea' id='block_1_126' title="bbox 2219 5200 3768 5283">
    <p class='ocr_par' dir='ltr' id='par_1_126' title="bbox 2219 5200 3768 5283">
     <span class='ocr_line' id='line_1_128' title="bbox 2219 5200 3768 5283; baseline -0.006 -23"><span class='ocrx_word' id='word_1_916' title='bbox 2219 5207 2375 5276; x_wconf 86' lang='lat' dir='ltr'><strong>huius</strong></span> <span class='ocrx_word' id='word_1_917' title='bbox 2415 5202 2746 5283; x_wconf 61' lang='lat' dir='ltr'><strong>collectionis</strong></span> <span class='ocrx_word' id='word_1_918' title='bbox 2774 5206 2956 5260; x_wconf 89' lang='lat' dir='ltr'><strong>titulos</strong></span> <span class='ocrx_word' id='word_1_919' title='bbox 2982 5207 3034 5283; x_wconf 60' lang='lat' dir='ltr'><strong>in</strong></span> <span class='ocrx_word' id='word_1_920' title='bbox 3061 5200 3496 5283; x_wconf 77' lang='lat' dir='ltr'><strong>annotationibus</strong></span> <span class='ocrx_word' id='word_1_921' title='bbox 3527 5200 3729 5283; x_wconf 43' lang='lat' dir='ltr'><strong>recitabif</strong></span> <span class='ocrx_word' id='word_1_922' title='bbox 3760 5209 3768 5265; x_wconf 64' lang='grc' dir='ltr'><em>ι</em></span> 
     </span>
    </p>
   </div>
   <div class='ocr_carea' id='block_1_127' title="bbox 2219 5272 3727 5342">
    <p class='ocr_par' dir='ltr' id='par_1_127' title="bbox 2219 5272 3727 5342">
     <span class='ocr_line' id='line_1_129' title="bbox 2219 5272 3727 5342; baseline -0.007 -10"><span class='ocrx_word' id='word_1_923' title='bbox 2219 5272 2356 5342; x_wconf 66' lang='lat' dir='ltr'><strong>mus,</strong></span> <span class='ocrx_word' id='word_1_924' title='bbox 2401 5277 2478 5332; x_wconf 91' lang='lat' dir='ltr'><strong>uti</strong></span> <span class='ocrx_word' id='word_1_925' title='bbox 2515 5279 2566 5330; x_wconf 92' lang='lat' dir='ltr'><strong>in</strong></span> <span class='ocrx_word' id='word_1_926' title='bbox 2609 5277 2793 5331; x_wconf 91' lang='lat' dir='ltr'><strong>iisdem</strong></span> <span class='ocrx_word' id='word_1_927' title='bbox 2823 5290 2952 5330; x_wconf 88' lang='lat' dir='ltr'><strong>mss.</strong></span> <span class='ocrx_word' id='word_1_928' title='bbox 2980 5275 3243 5335; x_wconf 59' lang='lat' dir='ltr'><strong>Cmsareis</strong></span> <span class='ocrx_word' id='word_1_929' title='bbox 3286 5272 3727 5342; x_wconf 77' lang='lat' dir='ltr'><strong>Vindebonensibus</strong></span> 
     </span>
    </p>
   </div>
   <div class='ocr_carea' id='block_1_128' title="bbox 2219 5339 3728 5417">
    <p class='ocr_par' dir='ltr' id='par_1_128' title="bbox 2219 5339 3728 5417">
     <span class='ocr_line' id='line_1_130' title="bbox 2219 5339 3728 5417; baseline -0.006 -15"><span class='ocrx_word' id='word_1_930' title='bbox 2219 5339 2541 5412; x_wconf 83' lang='lat' dir='ltr'><strong>invenimus,</strong></span> <span class='ocrx_word' id='word_1_931' title='bbox 2579 5347 2630 5401; x_wconf 92' lang='lat' dir='ltr'><strong>in</strong></span> <span class='ocrx_word' id='word_1_932' title='bbox 2665 5348 2854 5416; x_wconf 88' lang='lat' dir='ltr'><strong>quibus</strong></span> <span class='ocrx_word' id='word_1_933' title='bbox 2881 5346 3182 5417; x_wconf 86' lang='lat' dir='ltr'><strong>aliquorum</strong></span> <span class='ocrx_word' id='word_1_934' title='bbox 3211 5361 3486 5417; x_wconf 81' lang='lat' dir='ltr'><strong>canonum</strong></span> <span class='ocrx_word' id='word_1_935' title='bbox 3507 5342 3628 5399; x_wconf 91' lang='lat' dir='ltr'><strong>tituli</strong></span> <span class='ocrx_word' id='word_1_936' title='bbox 3653 5339 3728 5417; x_wconf 59' lang='lat' dir='ltr'><strong>deo</strong></span> 
     </span>
    </p>
   </div>
   <div class='ocr_carea' id='block_1_129' title="bbox 2219 5407 3728 5488">
    <p class='ocr_par' dir='ltr' id='par_1_129' title="bbox 2219 5407 3728 5488">
     <span class='ocr_line' id='line_1_131' title="bbox 2219 5407 3728 5488; baseline -0.008 -14"><span class='ocrx_word' id='word_1_937' title='bbox 2219 5407 2539 5488; x_wconf 54' lang='lat' dir='ltr'><strong>siderantur;</strong></span> <span class='ocrx_word' id='word_1_938' title='bbox 2583 5407 2745 5472; x_wconf 79' lang='lat' dir='ltr'><strong>Primi</strong></span> <span class='ocrx_word' id='word_1_939' title='bbox 2786 5407 3006 5472; x_wconf 74' lang='lat' dir='ltr'><strong>canonis</strong></span> <span class='ocrx_word' id='word_1_940' title='bbox 3049 5418 3232 5473; x_wconf 91' lang='lat' dir='ltr'><strong>titulus</strong></span> <span class='ocrx_word' id='word_1_941' title='bbox 3261 5419 3336 5473; x_wconf 89' lang='lat' dir='ltr'><strong>sic</strong></span> <span class='ocrx_word' id='word_1_942' title='bbox 3371 5407 3728 5488; x_wconf 59' lang='lat' dir='ltr'><strong>profertur-mc</strong></span> 
     </span>
    </p>
   </div>
   <div class='ocr_carea' id='block_1_130' title="bbox 2219 5480 3726 5561">
    <p class='ocr_par' dir='ltr' id='par_1_130' title="bbox 2219 5480 3726 5561">
     <span class='ocr_line' id='line_1_132' title="bbox 2219 5480 3726 5561; baseline -0.004 -19"><span class='ocrx_word' id='word_1_943' title='bbox 2219 5480 2499 5561; x_wconf 77' lang='lat' dir='ltr'><strong>c&#39;anonibus</strong></span> <span class='ocrx_word' id='word_1_944' title='bbox 2546 5490 2943 5561; x_wconf 76' lang='lat' dir='ltr'><strong>uniuscujusque</strong></span> <span class='ocrx_word' id='word_1_945' title='bbox 2994 5487 3292 5561; x_wconf 77' lang='lat' dir='ltr'><strong>uenerabilis</strong></span> <span class='ocrx_word' id='word_1_946' title='bbox 3331 5480 3538 5542; x_wconf 75' lang='lat' dir='ltr'><strong>concilii.</strong></span> <span class='ocrx_word' id='word_1_947' title='bbox 3572 5480 3726 5561; x_wconf 61' lang='lat' dir='ltr'><strong>Crateri</strong></span> 
     </span>
    </p>
   </div>
   <div class='ocr_carea' id='block_1_131' title="bbox 2218 5548 3728 5629">
    <p class='ocr_par' dir='ltr' id='par_1_131' title="bbox 2218 5548 3728 5629">
     <span class='ocr_line' id='line_1_133' title="bbox 2218 5548 3728 5629; baseline -0.006 -15"><span class='ocrx_word' id='word_1_948' title='bbox 2218 5559 2432 5615; x_wconf 89' lang='lat' dir='ltr'><strong>codices</strong></span> <span class='ocrx_word' id='word_1_949' title='bbox 2473 5575 2594 5614; x_wconf 92' lang='lat' dir='ltr'><strong>cum</strong></span> <span class='ocrx_word' id='word_1_950' title='bbox 2624 5548 3021 5615; x_wconf 69' lang='lat' dir='ltr'><strong>Justéllo&#39;hunc</strong></span> <span class='ocrx_word' id='word_1_951' title='bbox 3051 5559 3278 5629; x_wconf 89' lang='lat' dir='ltr'><strong>primum</strong></span> <span class='ocrx_word' id='word_1_952' title='bbox 3306 5571 3548 5613; x_wconf 89' lang='lat' dir='ltr'><strong>canonem</strong></span> <span class='ocrx_word' id='word_1_953' title='bbox 3575 5548 3728 5629; x_wconf 67' lang='lat' dir='ltr'><strong>pratia-</strong></span> 
     </span>
    </p>
   </div>
   <div class='ocr_carea' id='block_1_132' title="bbox 2222 5628 3724 5700">
    <p class='ocr_par' dir='ltr' id='par_1_132' title="bbox 2222 5628 3724 5700">
     <span class='ocr_line' id='line_1_134' title="bbox 2222 5628 3724 5700; baseline -0.003 -16"><span class='ocrx_word' id='word_1_954' title='bbox 2222 5629 2383 5700; x_wconf 86' lang='lat' dir='ltr'><strong>tionis</strong></span> <span class='ocrx_word' id='word_1_955' title='bbox 2403 5631 2574 5685; x_wconf 85' lang='lat' dir='ltr'><strong>instar</strong></span> <span class='ocrx_word' id='word_1_956' title='bbox 2596 5629 2946 5700; x_wconf 70' lang='lat' dir='ltr'><strong>prmmittunt.</strong></span> <span class='ocrx_word' id='word_1_957' title='bbox 2975 5628 3066 5684; x_wconf 88' lang='lat' dir='ltr'><strong>vel</strong></span> <span class='ocrx_word' id='word_1_958' title='bbox 3095 5629 3419 5699; x_wconf 89' lang='lat' dir='ltr'><strong>inseriptioni</strong></span> <span class='ocrx_word' id='word_1_959' title='bbox 3442 5628 3724 5700; x_wconf 69' lang='lat' dir='ltr'><strong>annectunt;</strong></span> 
     </span>
    </p>
   </div>
   <div class='ocr_carea' id='block_1_133' title="bbox 2153 5692 3726 5773">
    <p class='ocr_par' dir='ltr' id='par_1_133' title="bbox 2153 5692 3726 5773">
     <span class='ocr_line' id='line_1_135' title="bbox 2153 5692 3726 5773; baseline -0.009 -16"><span class='ocrx_word' id='word_1_960' title='bbox 2153 5725 2157 5730; x_wconf 58' lang='grc' dir='ltr'>ε</span> <span class='ocrx_word' id='word_1_961' title='bbox 2220 5707 2277 5756; x_wconf 89' lang='lat' dir='ltr'><strong>et</strong></span> <span class='ocrx_word' id='word_1_962' title='bbox 2309 5699 2535 5773; x_wconf 80' lang='lat' dir='ltr'><strong>primum</strong></span> <span class='ocrx_word' id='word_1_963' title='bbox 2564 5692 2822 5760; x_wconf 79' lang='lat' dir='ltr'><strong>canonem</strong></span> <span class='ocrx_word' id='word_1_964' title='bbox 2847 5692 3115 5770; x_wconf 80' lang='lat' dir='ltr'><strong>referunt,</strong></span> <span class='ocrx_word' id='word_1_965' title='bbox 3144 5701 3237 5773; x_wconf 85' lang='lat' dir='ltr'><strong>qui</strong></span> <span class='ocrx_word' id='word_1_966' title='bbox 3263 5692 3317 5758; x_wconf 83' lang='lat' dir='ltr'><strong>in</strong></span> <span class='ocrx_word' id='word_1_967' title='bbox 3340 5700 3435 5756; x_wconf 85' lang='lat' dir='ltr'><strong>hac</strong></span> <span class='ocrx_word' id='word_1_968' title='bbox 3460 5692 3726 5754; x_wconf 75' lang='lat' dir='ltr'><strong>collectione</strong></span> 
     </span>
    </p>
   </div>
   <div class='ocr_carea' id='block_1_134' title="bbox 2218 5771 2608 5828">
    <p class='ocr_par' dir='ltr' id='par_1_134' title="bbox 2218 5771 2608 5828">
     <span class='ocr_line' id='line_1_136' title="bbox 2218 5771 2608 5828; baseline -0.003 0"><span class='ocrx_word' id='word_1_969' title='bbox 2218 5771 2486 5828; x_wconf 88' lang='lat' dir='ltr'><strong>secundus</strong></span> <span class='ocrx_word' id='word_1_970' title='bbox 2507 5779 2608 5828; x_wconf 89' lang='lat' dir='ltr'><strong>est.</strong></span> 
     </span>
    </p>
   </div>
  </div>
