3992 6348
202 425 294 486 537

199 635 312 694 bere
337 633 643 690 ﬁrmitatem
671 631 1000 690 censuimus.

192 775 196 780 _
259 737 282 768 ι
315 723 379 782 11.
418 724 478 782 Si
501 724 623 797 quis
644 724 929 795 episcopus
952 722 1341 797 ordinationem
1363 736 1460 793 per
1482 719 1760 792 pecuniam

199 821 404 890 fecerit,
431 827 488 876 et
514 817 803 874 vindiderit
831 833 947 875 rem
978 833 1098 889 quae
1127 817 1229 873 nisi
1265 815 1294 856 δ
1321 815 1491 886 gratia
1531 831 1638 874 non
1667 831 1762 873 ac-

200 913 434 987 quiritur,
479 919 534 967 et
561 911 660 966 sub
689 909 910 982 pecunia
949 907 1280 965 ordinaverit
1307 908 1640 979 episcopum,
1672 916 1765 966 aut

198 1002 568 1079 provincialem
597 1003 930 1074 episcOpum,
967 1003 1080 1059 sive
1109 1001 1501 1074 presbyterum,
1531 1001 1614 1056 vel
1653 999 1765 1056 dia-

199 1111 401 1162 conum,
429 1106 523 1152 aut
547 1109 733 1150 eorum
752 1108 1070 1166 quemquam
1095 1093 1187 1166 qui
1217 1093 1270 1148 in
1293 1107 1518 1149 numero
1543 1092 1766 1149 clerico-

196 1202 300 1246 rum
329 1187 694 1255 continentur,
733 1193 826 1241 aut
863 1197 885 1224 ο
911 1193 1129 1256 accepta
1155 1183 1382 1254 pecunia
1407 1183 1592 1240 fecerit
1619 1197 1766 1240 teco-

197 1295 428 1350 nomum,
451 1288 543 1335 aut
561 1279 920 1348 defensorem,
945 1278 1030 1335 vel
1053 1279 1350 1343 ostiarium,
1375 1279 1458 1334 vel
1481 1293 1764 1350 quemcun-

197 1390 288 1444 que
307 1372 678 1443 hujuscemodi
699 1387 797 1442 pro
813 1372 945 1428 lucri
967 1371 1324 1442 turpitudine;
1350 1371 1439 1442 qui
1457 1385 1586 1441 ergo
1606 1371 1766 1442 226

196 1465 286 1522 boc
307 1465 506 1522 fecisse
528 1464 802 1535 probatur,
822 1464 905 1520 sui
926 1464 1120 1534 gradus
1142 1463 1434 1534 periculum
1456 1462 1762 1518 sustinebit.

195 1558 289 1616 Sed
317 1567 379 1614 et
404 1560 450 1613 is
472 1557 561 1629 qui
590 1557 884 1623 ordinatur,
917 1556 1050 1612 nihil
1073 1571 1138 1613 ex
1165 1556 1503 1612 ordinatione
1524 1570 1642 1624 quae
1666 1570 1768 1624 per

194 1649 599 1720 negotiationem
636 1650 891 1719 processit
918 1649 1162 1705 utilitatis
1184 1649 1459 1720 acquirat;
1491 1648 1586 1704 sed
1622 1646 1650 1686 ά
1675 1649 1767 1704 tiat

192 1743 460 1817 dignitatis
485 1743 569 1800 vel
598 1743 674 1800 rei
701 1758 819 1815 qua:
847 1743 946 1814 ipsi
975 1758 1076 1814 pro
1099 1743 1318 1814 pecunia
1349 1741 1638 1799 commissa
1659 1750 1759 1811 est,

192 1835 414 1891 alienus.
443 1835 500 1891 Si
523 1835 640 1904 quis
669 1843 848 1891 autem
883 1845 906 1874 ο
936 1835 1020 1890 bis
1045 1843 1152 1892 tam
1196 1834 1438 1905 turpibus
1464 1844 1519 1890 et
1543 1834 1765 1891 nefariis

627 418 856 478 CODEX
891 419 1217 478 CANONUM
1259 418 1536 478 ECCLES.
1582 419 1672 477 ET
1708 417 2293 480 CONSTI‘I‘UTORUM
2330 423 2389 480 S.
2428 420 2623 481 SEDIS
2660 422 2988 482 APOSTOL.

202 554 285 602 los
306 557 338 597 a
362 539 565 597 sanctis
589 536 834 595 Patribus
872 537 1147 594 constituti
1177 545 1301 594 sunt
1337 537 1616 607 hactenus,
1654 537 1753 594 ha-
1776 538 1826 602 Α

3332 425 3440 485 558

1930 537 1952 577 ί
1995 539 2126 594 Item
2151 538 2256 594 alio
2286 541 2397 594 loco
2420 557 2440 596 :
2474 542 2682 598 clericos
2709 542 2787 596 vel
2811 543 2968 596 laicos
2999 543 3216 600 volentes
3247 545 3441 618 episco-

1862 650 1954 706 pos
1974 633 2056 688 vel
2083 633 2291 688 clericos
2322 644 2348 682 ε
2380 651 2622 690 accusare
2647 653 2750 691 non
2792 637 2975 705 debite,
3018 654 3334 711 nequaquam
3371 639 3442 696 ad

1862 727 2208 782 accusandum
2247 728 2437 797 suscipi
2463 728 2659 798 debere,
2697 729 2800 784 nisi
2835 730 2978 802 prius
3005 747 3180 786 eorum
3209 730 3236 769 ³³
3267 733 3443 806 opinio

1864 817 2015 889 fuerit
2043 819 2291 875 discussa.

1933 917 2090 988 227
2137 912 2271 970 illl.
2312 913 2559 972 Pervenit
2603 917 2669 972 ad
2695 928 2934 975 sanctam
2961 921 3259 993 synodum,
3303 937 3441 995 quo.

1865 1007 2007 1063 niam
2038 1007 2254 1077 quidam
2290 1007 2605 1064 clericorum
2638 1019 2854 1080 propter
2883 1012 3014 1069 lucri
3059 1015 3439 1085 turpitudinem

1863 1098 2157 1155 alienarum
2187 1099 2585 1169 possessionum
2610 1103 2964 1161 conductores
2989 1105 3003 1156 i
3040 1107 3360 1176 efficiuntur,
3385 1117 3441 1169 et

1866 1207 1966 1263 pro
1993 1193 2168 1248 causis
2193 1194 2540 1250 saecularibus
2573 1196 2865 1252 tractandis
2896 1199 3188 1258 ministeria
3221 1201 3316 1257 Dei
3351 1217 3441 1259 ne.

1865 1285 2066 1356 gligunt
2085 1328 2099 1353 ,
2128 1284 2152 1322 ι
2186 1285 2521 1341 saecularium
2551 1286 2741 1342 domos
2771 1288 3155 1359 discurrentes,
3196 1302 3250 1348 et
3280 1299 3443 1364 patris

1865 1377 2165 1432 moniorum
2193 1393 2349 1434 curas
2381 1389 2598 1449 prapter
2620 1379 2897 1434 avaritiam
2929 1383 3304 1452 suscipientes.
3339 1385 3442 1456 lgi-

1866 1480 1954 1526 tur
1975 1486 2163 1542 magna
2189 1481 2242 1527 et
2262 1480 2443 1528 sancta
2471 1472 2706 1544 synodus
2733 1473 3029 1540 constituit,
3063 1476 3264 1531 nullum
3289 1477 3443 1534 dein-

1867 1576 1996 1631 ceps
2040 1560 2056 1600 ¹
2098 1579 2270 1634 neque
2316 1563 2660 1634 episcopum,
2717 1579 2890 1634 neque
2934 1564 3224 1632 clericum,
3273 1582 3444 1638 nequa

1867 1656 2186 1712 monachum
2227 1657 2473 1732 conducti
2515 1656 2666 1711 titulo
2704 1657 3074 1726 possessiones
3104 1661 3442 1728 conducere,

1867 1759 1969 1802 nec
1993 1761 2272 1804 causarum
2300 1748 2635 1802 saecularium
2672 1761 2828 1816 posse
2849 1747 3271 1804 ordinationibus
3300 1764 3446 1805 com-

1868 1839 2110 1895 misceri:
2145 1839 2246 1894 nisi
2276 1839 2410 1895 forte
2437 1849 2656 1895 vocetur
2681 1839 2874 1908 aliquis
2899 1839 3193 1895 secundum
3217 1841 3362 1913 leges
3381 1843 3446 1903 ad

191 1927 341 1984 lucris
396 1927 605 1983 medius
642 1927 952 1985 interfuisse
999 1927 1243 1994 videtur,
1283 1936 1341 1984 et
1379 1928 1462 1996 is,
1502 1927 1763 1998 siquidem
1793 1944 1843 2008 Β
1869 1930 2094 1987 minoris
2124 1933 2295 1986 aetatis
2326 1932 2576 1999 tutelam,
2603 1941 2642 1969 ω
2678 1947 2798 2001 quae
2836 1933 3137 1987 excusanda
3180 1948 3285 1989 non
3328 1944 3445 2003 est;

191 2021 410 2076 clericus
444 2020 622 2088 fuerit,
652 2020 1008 2093 degradetur;
1039 2023 1085 2078 si
1111 2036 1238 2078 vero
1271 2021 1436 2079 laicus
1464 2029 1554 2078 aut
1582 2037 1765 2078 mona-

190 2110 330 2181 chus,
359 2111 844 2170 anathematizetur

189 2227 359 2303 Codex
387 2229 621 2303 Justelli.
644 2230 735 2303 qui
764 2230 1000 2288 Priscam
1023 2229 1330 2303 Grtecorum
1353 2244 1616 2303 canonum
1639 2245 1760 2286 ver-

189 2299 680 2372 sionemgcontinet',
709 2302 850 2358 hunc
875 2304 1085 2357 titulum
1115 2302 1318 2370 profert
1356 2321 1368 2355 :
1416 2301 1610 2372 Incipit
1635 2319 1758 2357 con-

190 2371 357 2444 cilium
372 2370 794 2444 Chalcidonense.
818 2373 1229 2444 Quingentesimo
1252 2390 1387 2428 anno
1420 2374 1511 2428 sub
1532 2370 1758 2444 impera-

191 2449 288 2512 tore
309 2443 548 2512 piissimo
571 2443 856 2499 Marciano.
887 2443 1143 2500 Similiter
1173 2445 1225 2500 in
1254 2445 1572 2500 collectione
1596 2443 1755 2500 Bari).

189 2510 318 2581 2888
359 2521 423 2569 et
467 2513 586 2569 Vat.
615 2513 772 2581 1542,
818 2525 870 2570 et
910 2517 962 2570 in
1007 2515 1112 2571 alia
1143 2515 1368 2570 Lucensi
1410 2515 1755 2571 Colbertiua:

190 2580 474 2658 Incipiunt
485 2594 705 2658 statuta.
734 2580 1146 2658 Quingentesimo
1177 2602 1314 2642 anno
1339 2587 1432 2658 sub
1461 2588 1760 2658 imperatore

190 2653 732 2728 piissinto_Marciano.
785 2655 841 2711 ln
873 2653 1202 2728 collectione
1251 2673 1352 2712 ms.
1391 2657 1510 2712 Vat.
1530 2653 1760 2728 '[leginze

191 2723 316 2796 {997
362 2742 380 2779 :
420 2724 684 2796 Incipiunt
727 2745 942 2783 canones
971 2727 1456 2783 Chalcidonensium
1496 2746 1528 2781 α
1569 2723 1759 2784 sanctis

191 2793 432 2870 _Patribsts
477 2793 751 2865 constituti,
798 2799 856 2870 id
899 2808 991 2866 est,
1043 2800 1440 2870 quingentesimo
1483 2816 1621 2853 anno
1664 2801 1758 2854 sub

190 2867 492 2935 imperatore
538 2869 762 2934 piissimo
805 2867 1090 2925 Marciano.
1143 2867 1205 2925 P.
1250 2870 1594 2925 Constantius
1641 2871 1758 2926 loco

191 2937 417 3010 allegato
442 2940 760 3009 peculiarem
797 2941 1194 3010 inscriptionem
1230 2940 1382 2996 all'ert
1407 2940 1608 2996 codicis
1636 2942 1759 2996 Col-

191 3007 404 3082 bertini,
443 3007 575 3082 olim
604 3009 865 3082 Thuanei,
910 3007 999 3082 qui
1025 3012 1092 3066 ad
1121 3022 1360 3067 nostram
1387 3012 1756 3067 colleCtionem

191 3079 440 3147 pertinet,
485 3080 568 3136 bis
614 3081 790 3137 verbis
835 3079 1442 3149 expressamzlmnones
1486 3084 1759 3149 expositia

191 3148 296 3223 ξε,
333 3151 581 3223 Patribus
619 3154 707 3223 qui
727 3148 1048 3208 Chalcedona
1088 3162 1423 3208 convenerunt
1454 3148 1757 3222 temporibus

197 3219 454 3295 Valentini
476 3219 1017 3295 [lege'Valentiniaui]
1045 3232 1092 3278 et
1116 3224 1370 3278 Marciani
1411 3219 1759 3295 Augustorum

193 3291 366 3367 indict.
391 3291 590 3361 quinta,
614 3295 706 3348 sub
723 3291 1026 3367 imperatori:
1041 3305 1212 3351 nostro
1228 3295 1455 3365 piissimo
1472 3291 1749 3351 Marciano.

195 3361 342 3436 lianc
368 3373 544 3419 autem
577 3361 807 3421 caeteris
835 3361 1421 3436 przefereudam'putat,
1469 3383 1531 3420 ac
1556 3382 1758 3436 expun-

198 3432 425 3507 gendum
449 3449 639 3507 annum
671 3432 1170 3507 quingentesimum.
1203 3432 1323 3492 cum
1355 3432 1756 3492 Chalcedonen-

193 3503 272 3558 sis
299 3505 532 3578 synodus
569 3503 748 3562 habita
785 3503 857 3563 sit
895 3523 1001 3563 non
1029 3522 1170 3563 anno
1207 3507 1629 3578 quingentesimo.
1662 3509 1754 3563 sed

191 3576 714 3648 quadringentesimo
755 3579 1192 3648 quinquagesimo
1220 3576 1445 3648 ‘priiuo,
1495 3579 1578 3634 cui
1625 3593 1758 3636 sane

190 3658 376 3720 mense
406 3647 628 3720 Octobri
670 3647 946 3705 indictio’v
989 3647 1255 3720 congruit.
1305 3651 1373 3704 At
1401 3651 1759 3718 manuscripta

187 3718 423 3786 quinque
462 3719 799 3791 diversarum
849 3718 1444 3791 antiquissimarumque
1481 3721 1757 3776 collectio-

189 3801 310 3862 uum
340 3789 469 3843 anni
488 3791 878 3862 quingentesimi
915 3789 1239 3848 notationem
1266 3792 1605 3847 concorditer
1636 3807 1762 3862 pro-

184 3854 334 3932 bant;
382 3854 512 3932 nec'
539 3854 727 3916 unicus
770 3861 940 3917 codex
967 3862 1253 3918 Thuaneus
1283 3864 1496 3918 caeteris
1517 3854 1757 3932 ejusdem

185 3929 522 4008 collectionis
551 3932 914 4008 praeferendus
939 3943 1040 3988 est.
1086 3933 1197 4008 Nec
1221 3949 1474 4008 excessus
1509 3929 1759 4008 quingen-

185 4002 344 4076 ξςεὲΜὶ
372 4003 504 4057 anni
533 4002 1141 4076 difficultateminovere
1168 4004 1351 4067 debet,
1381 4019 1500 4058 cum
1522 4002 1760 4060 sub'hoc

183 4068 318 4146 idem
342 4081 561 4142 tempus
591 4074 650 4128 S.
679 4074 870 4129 Petrus
898 4073 1257 4146 Chrysologus
1286 4089 1450 4130 serm.
1484 4075 1585 4131 145
1623 4078 1759 4130 circa

181 4141 487 4215 quingentos
529 4160 692 4215 annos
741 4154 862 4213 post
905 4141 1234 4202 nativitatem
1275 4145 1470 4200 Christi
1513 4146 1759 4202 similiter

181 4215 594 4288 corriputaverit.
626 4214 823 4288 Confer
848 4216 950 4270 alia
976 4219 1216 4288 exempla
1244 4232 1362 4287 qua:
1394 4217 1446 4288 in
1464 4217 1615 4288 hanc
1643 4233 1755 4272 rem

180 4281 495 4354 collegimus
519 4287 570 4340 in
592 4286 824 4341 editione
849 4301 1069 4354 operum
1093 4281 1150 4344 Si
1175 4281 1405 4342 Zenonis
1432 4287 1759 4343 Veronensis

179 4353 444 4430 episcopi,
477 4357 692 4413 dissert.
725 4359 776 4430 l,
803 4374 854 4430 c7.
882 4353 938 4423 Ξ,
975 4357 1084 4430 ξι.
1116 4374 1233 4427 pag.
1261 4373 1418 4413 xxxv:
1445 4369 1499 4414 et
1521 4375 1718 4413 xxxv".

244 4426 520 4500 I[Titulus
549 4443 680 4483 mss.
716 4426 1068 4500 Viudebq'Si
1103 4426 1368 4500 cpiscopus
1407 4445 1501 4500 pro
1544 4432 1758 4500 pecunia

176 4496 560 4569 ordinationem
585 4500 776 4569 fecerit.
809 4499 866 4553 ln
897 4515 1102 4556 canone
1129 4496 1294 4555 eodcx
1327 4496 1619 4566 Ox'on.,'Si
1646 4502 1758 4569 quis

175 4566 395 4641 episcopi
419 4566 814 4641 ordinationem,
843 4581 948 4626 etc.
983 4571 1101 4625 Mox
1130 4573 1182 4626 iu
1206 4571 1523 4627 Justelliano
1552 4566 1675 4638 ms.,
1703 4573 1756 4627 in

172 4631 299 4713 Luc.
319 4631 391 4713 et
412 4640 549 4713 Vat.
583 4641 738 4713 hujus
767 4631 1048 4706 versionis,
1083 4659 1171 4712 per
1199 4643 1485 4713 pecuniam.

242 4707 268 4785 ἢ
304 4709 490 4785 (Eadd.
523 4707 754 4785 Justelli,
781 4713 978 4785 Lucen.
1003 4722 1056 4768 et
1083 4707 1209 4767 Vati
1229 4711 1387 4785 1542,
1419 4729 1510 4784 per
1536 4713 1757 4785 gratiam

173 4774 286 4854 Dei.
319 4781 466 4854 Dein
501 4783 664 4837 verba
695 4774 783 4836 aut
819 4783 1182 4853 provincialem
1223 4774 1516 4854 episcopum
1536 4774 1756 4841 "desunt

170 4851 221 4904 in
253 4852 456 4924 iisde_m
489 4867 620 4908 mss.
652 4866 707 4909 et
739 4855 793 4909 in
821 4851 1002 4909 Oxon.
1039 4851 1272 4924 Cunjicit
1310 4851 1628 4920 Quesnellus
1671 4855 1754 4910 his

1874 2031 1966 2077 aut
2002 2023 2284 2093 episcopus
2309 2023 2540 2078 civitatis
2577 2022 3062 2079 ecclesiasticarum
3093 2041 3272 2081 rerum
3295 2035 3324 2064 ιι
3353 2041 3445 2082 cu-

1873 2131 1986 2173 ram
2005 2117 2132 2173 velit
2153 2117 2509 2184 committere,
2529 2125 2621 2172 aut
2641 2116 3132 2186 orphanorum,aut
3147 2119 3446 2187 viduarum,

1865 2231 2116 2287 stissimre
2143 2232 2380 2287 omnium
2421 2230 2752 2285 collectionis
2785 2229 2901 2284 Vat.
2935 2229 3150 2300 Reginae
3183 2233 3340 2298 1997,
3375 2247 3446 2289 ex

1860 2319 1963 2374 qua
1994 2315 2176 2359 noster
2205 2301 2678 2374 collectoreadem
2720 2301 2882 2374 verba
2912 2300 3246 2371 decerpsisse
3290 2304 3442 2359 vide-

1861 2372 1966 2440 tur,
1993 2390 2112 2430 cum
2137 2376 2190 2428 in
2212 2375 2328 2428 aliis
2351 2373 2619 2442 plerisque
2638 2372 2896 2427 lectiones
2917 2373 3078 2428 etiam
3097 2375 3444 2431 conveniant.

1863 2445 2064 2500 Desunt
2097 2453 2274 2499 autem
2311 2445 2366 2498 in
2392 2443 2513 2498 cad.
2546 2443 2778 2507 Justelli,
2812 2443 2944 2497 etin
2973 2458 3104 2498 tuss.
3141 2443 3257 2500 Vat.
3306 2446 3447 2501 15ιῖ

1859 2530 1924 2570 ac
1950 2515 2260 2571 Colhertino
2287 2516 2410 2570 78‘.
2454 2515 2510 2569 In
2550 2515 2776 2569 Lucensi
2823 2527 2952 2567 vero
2997 2515 3273 2584 exemplo,
3316 2515 3445 2572 licet

1863 2587 1998 2642 hanc
2025 2587 2386 2642 Colbertinam
2417 2586 2788 2640 collectionem
2819 2585 3121 2649 contineat,
3169 2594 3312 2640 totus
3352 2585 3442 2643 hic

1866 2673 2034 2713 canon
2079 2660 2366 2724 omittitur,
2417 2666 2474 2711 ut
2515 2672 2582 2711 ex
2612 2656 2848 2728 editione
2896 2656 2955 2710 P.
2993 2656 3156 2710 Mansi
3189 2657 3443 2728 colligere

1862 2728 2040 2794 licuit;
2073 2742 2127 2784 et
2155 2730 2373 2796 rectius,
2402 2729 2598 2798 quippe
2623 2727 2709 2782 hic
2732 2726 2879 2798 idem
2894 2740 3068 2780 canon
3089 2729 3308 2796 proprio
3327 2726 3447 2784 loco

1860 2799 2084 2854 inferius
2116 2802 2378 2868 repetitur
2407 2797 2456 2854 c.
2488 2801 2580 2852 2i.
2613 2797 2913 2852 Probabilis
2943 2809 3118 2852 autem
3146 2799 3313 2854 videri
3346 2814 3442 2868 po-

1862 2880 1966 2925 test
1994 2873 2263 2935 Quesnelli
2294 2871 2603 2940 conjectura
2644 2869 2726 2940 his
2765 2869 2943 2940 verbis
2983 2884 3234 2937 expressa
3282 2889 3296 2924 :
3332 2871 3447 2936 Qua

1860 2943 2122 2996 occasione
2150 2945 2226 2996 vel
2254 2943 2451 2996 ratione
2480 2941 2598 2994 huic
2633 2939 2743 2992 loco
2772 2939 2962 2992 inserta
2994 2941 3095 2994 sint
3128 2941 3278 2994 verba
3311 2941 3447 3008 ista;

1859 3013 2088 3067 divinare
2115 3029 2216 3066 non
2262 3028 2487 3080 possunt.
2519 3011 2650 3064 [Iwc
2685 3019 2823 3064 certa
2851 3019 3002 3064 sunt:
3030 3012 3217 3080 primo,
3259 3028 3350 3064 nec
3375 3013 3444 3065 ad

1860 3085 2225 3155 prarcedentem
2254 3099 2518 3146 canonem,
2548 3080 2731 3155 necati
2758 3081 3137 3155 subsequentem
3167 3084 3440 3155 pertinere.

1859 3147 1914 3208 9.
1950 3155 2074 3208 Esse
2119 3157 2284 3225 ipsum
2322 3169 2566 3208 canonem
2603 3153 2668 3206 21
2700 3153 2854 3225 huius
2896 3147 3320 3225 Chalcedonensis
3361 3170 3450 3224 sy-

1860 3227 2003 3279 nodi.
2037 3227 2090 3281 5.
2141 3224 2316 3296 Hujus
2345 3226 2624 3279 versionem
2664 3224 2914 3296 diversam
2953 3237 3060 3296 esse
3092 3234 3198 3296 tam,
3237 3224 3299 3277 ab
3331 3225 3446 3280 aliis

1861 3297 2093 3351 omnibus
2123 3294 2292 3361 editis,
2325 3313 2475 3367 quam
2513 3295 2811 3367 aversione
2837 3294 3025 3367 decreti
3053 3295 3280 3367 ej_ttsdent
3309 3297 3448 3362 vige-

1859 3368 1990 3421 simo
2026 3370 2188 3434 primo
2219 3363 2345 3422 loco
2369 3367 2521 3437 positi
2549 3366 2600 3418 in
2625 3364 2728 3420 hoc
2757 3365 3042 3437 codice.__-i.
3073 3363 3328 3418 Eumdem
3363 3384 3448 3420 ca-

1861 3454 2043 3491 nonem
2075 3440 2174 3509 legi
2203 3439 2300 3492 hoc
2328 3434 2437 3492 loco
2465 3439 2530 3489 ad
2555 3434 2976 3509 calcenisecundi
2997 3434 3050 3488 in
3073 3444 3283 3509 utroque
3309 3438 3449 3509 codi-

1861 3509 1932 3561 cis
1965 3504 2232 3574 liuius'rns.
2265 3509 2545 3579 exemplari
2567 3515 2615 3560 et
2644 3510 2697 3559 in
2724 3504 3060 3579 .lustelliano.
3090 3504 3324 3579 Studiosi
3343 3509 3448 3560 ali-

1861 3581 2007 3648 cujus
2053 3581 2230 3649 procul
2273 3576 2426 3632 dubio
2468 3595 2593 3648 opus
2621 3586 2694 3649 est
2729 3576 2837 3649 htec
2872 3576 3070 3649 additio
3093 3616 3107 3640 ,
3143 3577 3233 3646 qui
3269 3593 3448 3649 nempe

1859 3665 1977 3702 cum
2001 3647 2186 3720 legeret
2211 3666 2411 3719 pinnam
2431 3647 2765 3719 depositionis
2785 3647 3036 3720 superiori
3056 3663 3257 3720 canone,
3273 3647 3449 3704 decre-

1863 3729 1964 3772 tam
2002 3719 2244 3775 adversus
2287 3721 2498 3775 clericos
2542 3720 2704 3788 turpis
2746 3727 2794 3772 et
2822 3719 3087 3771 simoniaci
3129 3719 3259 3772 lucri
3298 3735 3445 3782 reos,

1861 3793 2033 3845 statim
2061 3809 2123 3845 ex
2151 3794 2362 3846 canonis
2390 3792 2455 3845 21
2490 3790 2702 3845 lectione
2728 3805 2931 3842 monere
2953 3788 3113 3842 voluit
3134 3805 3286 3856 quam
3306 3799 3448 3844 caute

1859 3879 1920 3915 ac
1957 3865 2316 3931 circumspecte
2349 3863 2657 3933 recipienda
2682 3868 2812 3914 esset
2849 3860 3108 3914 accusatio
3151 3861 3448 3927 huiusmodi

1859 3933 2100 4005 adversus
2127 3935 2410 4005 episcOpos,
2439 3932 2563 4005 quos
2587 3932 2706 3987 talis
2734 3947 2880 4005 pana
2908 3933 3177 4005 damnatos
3200 3942 3447 4005 maneret.

1860 4004 1978 4060 Mox
2011 4000 2189 4065 Vind.,
2217 4000 2461 4070 clericus,
2475 4004 2552 4059 vel
2579 4005 2740 4057 laicus
2766 4003 3007 4056 volentes.
3032 4000 3209 4069 Colb.,
3230 4001 3370 4057 Just.
3397 4011 3449 4061 ct

1861 4073 1983 4128 Vat.
2016 4076 2171 4137 15η.
2195 4076 2388 4140 clerici,
2422 4074 2498 4129 vel
2525 4076 2668 4128 laici.

1933 4156 1958 4194 κ
2000 4146 2097 4200 Ms.
2136 4147 2285 4200 Coll).
2319 4145 2459 4214 apud
2493 4145 2553 4199 P.
2589 4145 2982 4207 Coustmtium,
3024 4159 3264 4198 accusare
3293 4143 3443 4214 inde-

1859 4216 1978 4272 bite.
2014 4216 2194 4275 Vind.,
2217 4211 2456 4271 accusare
2487 4233 2589 4269 non
2617 4215 2855 4280 indebite,
2888 4231 2950 4268 ne
2974 4229 3272 4285 quocunque
3296 4211 3449 4285 [lege

1859 4287 2339 4360 quomodocunque]
2359 4289 2426 4360 ad
2443 4290 2808 4360 accusandum.
2827 4287 2968 4360 Just.
2988 4295 3042 4340 et
3063 4285 3178 4339 Vat.
3207 4285 3444 4360 Reginae,

1859 4355 2129 4421 accusare,
2176 4355 2276 4412 non
2318 4355 2566 4422 indebite,
2601 4374 2662 4411 ne
2700 4358 3033 4426 quodcunque
3076 4355 3446 4412 accusandum.

1861 4429 1981 4486 Vat.
2012 4429 2145 4484 1542
2165 4444 2285 4484 cum
2307 4428 2619 4484 Colhertino
2643 4427 2702 4485 P.
2725 4425 3024 4481 Constantii
3046 4427 3333 4492 similiter;
3359 4439 3447 4480 so-

1863 4500 1970 4554 lum
1996 4501 2188 4555 melius
2221 4515 2315 4568 pro
2345 4515 2407 4553 ne
2436 4499 2636 4553 habent
2666 4515 2774 4552 nec.

1931 4569 1960 4608 ιι
1997 4572 2155 4626 Solus
2187 4585 2288 4624 ms.
2321 4569 2668 4636 cod..0xon.,
2691 4569 2984 4640 oppositio.

1940 4643 1955 4678 ί
2002 4641 2210 4696 Titulus
2235 4642 2287 4695 iu
2308 4641 2554 4714 margine
2583 4638 3106 4714 codicuui_Vindeb_.,
3132 4638 3449 4714 Nequeepi-

1857 4729 2062 4784 scapus,
2087 4729 2243 4784 neque
2268 4710 2502 4784 clericus,
2526 4711 2916 4784 aut‘monachus
2941 4710 3274 4784 conductores
3294 4710 3445 4781 ﬁant.

1934 4781 1955 4835 i
1996 4781 2167 4851 .lust.,
2193 4783 2310 4838 Vat.
2343 4781 2503 4847 ιω,
2535 4791 2588 4836 et
2620 4782 2876 4853 Lucens.,
2904 4783 3258 4853 eﬂiciantur...
3291 4786 3449 4853 negli—

1859 4853 2146 4927 gant._Mox
2169 4855 2328 4910 codd.
2366 4853 2546 4927 Vind.,
2577 4853 2733 4927 Luc,
2765 4852 2903 4909 Just.
2934 4862 2988 4909 et
3019 4852 3168 4922 Vat.,
3201 4864 3250 4908 et
3279 4852 3450 4908 causis

170 4923 350 4997 verbis
370 4922 618 4978 Graecam
642 4940 812 4978 vocem
834 4928 863 4985 ἢ
892 4922 1287 4997 χωρεπίσέὸῖτον
1308 4926 1522 4980 reddere
1540 4927 1756 4982 voluisse
1780 4925 1836 4988 D
1858 4922 2188 4982 stccularibus
2222 4924 2575 4981 tractantibus.
2607 4925 2817 4980 'l‘buan.
2837 4969 2850 4994 ,
2893 4933 2938 4980 et
2966 4941 3148 4980 causas
3175 4927 3447 4980 sweulares

169 4994 346 5048 rudem
373 4998 727 5064 interpretem.
759 4994 930 5051 Codd;
957 4994 1072 5052 Vat.
1111 5008 1164 5052 et
1194 4995 1418 5062 Lucen.,
1448 4997 1757 5053 ordinauerit

168 5066 463 5134 episcopos,
485 5075 575 5120 aut
603 5066 941 5137 presbyteros,
971 5070 1046 5122 vel
1075 5068 1340 5121 diaconos.

239 5144 265 5174 ο
307 5137 479 5192 Solus
507 5139 708 5203 Quesn.
744 5138 892 5192 addit
919 5140 1091 5193 etiam.
1121 5139 1241 5193 Mox
1279 5139 1418 5193 Just.
1450 5147 1505 5194 et
1529 5138 1753 5207 Lucen.,

166 5222 260 5280 pro
282 5208 670 5280 turpitudinem
699 5210 850 5265 lucri.
883 5210 1072 5280 Melius
1103 5209 1225 5265 Vat.
1252 5209 1490 5280 Reginae,
1529 5227 1618 5280 per
1645 5222 1753 5265 tur-

167 5279 459 5346 pitudinem
497 5281 646 5334 lucri.
679 5280 810 5335 Dein
840 5281 1000 5336 codd.
1033 5279 1216 5348 Vind.,
1243 5279 1378 5336 Jusi.
1403 5290 1457 5336 et
1481 5279 1596 5336 Vat.
1623 5282 1756 5353 Reg.

165 5348 349 5402 delent
377 5365 527 5402 εναο.

199 5359 349 5404 elent
377 5365 527 5405 προ.

228 5367 670 5494 ἒιειὲοἵιίοάυειη
703 5419 823 5477 Vat.
854 5421 992 5494 1542
1030 5432 1086 5478 et
1111 5423 1336 5486 Lucen.,
1377 5424 1468 5493 fiat
1497 5423 1759 5494 dignitatis

158 5506 310 5556 rens,-
341 5495 400 5547 in
435 5491 554 5549 Vat.
599 5501 777 5549 autem
800 5493 1014 5549 additur
1040 5494 1325 5565 posteriori
1349 5491 1508 5550 manu
1539 5491 1584 5548 et
1607 5494 1669 5548 ob
1695 5513 1755 5550 (α

156 5578 291 5632 qua,
327 5573 450 5618 etc.

229 5644 254 5672 θ
296 5634 634 5691 Addidimus
653 5637 706 5690 in
723 5650 791 5690 ex
817 5649 917 5690 ms.
939 5635 1097 5692 Vind.
1120 5636 1342 5693 Codices
1363 5636 1524 5704 Just.,
1550 5636 1750 5693 Lucen.

155 5715 208 5783 et
232 5704 390 5783 Vat_.,
415 5707 475 5783 in
495 5707 575 5783 his
595 5717 698 5760 tam
719 5706 969 5777 turpibus,
996 5716 1053 5763 et
1073 5723 1197 5764 mox
1221 5708 1470 5778 videatur,
1497 5717 1544 5763 et
1574 5711 1616 5763 is
1640 5710 1727 5783 qui
1742 5739 1753 5750 -

153 5778 266 5831 dem
295 5779 348 5832 si
370 5777 619 5832 clericus.

227 5848 250 5889 ί
288 5849 430 5904 ΙΙςεε
461 5850 619 5905 verba
651 5847 782 5905 Item
801 5851 905 5904 alio
927 5849 1036 5904 loco
1067 5849 1317 5920 leguntur
1345 5868 1449 5907 non
1481 5853 1653 5907 Solum
1697 5853 1746 5908 in

150 5934 287 5978 mss.
320 5922 494 5982 hujus
521 5921 873 5981 collectionis.
907 5935 1089 5978 verum
1119 5921 1280 5980 etiam
1315 5923 1367 5980 in
1390 5925 1573 5981 codice
1596 5935 1747 5981 vetu-

1866 5007 2160 5063 tractantes,
2194 4997 2407 5052 melius.

1936 5068 1961 5107 ¹ί
2001 5068 2200 5120 Onesn.
2232 5069 2380 5120 addit
2412 5085 2520 5120 uer.
2561 5081 2658 5120 oro
2705 5082 2808 5120 una
2850 5068 3228 5120 praepositione
3267 5065 3386 5120 Just

1936 5068 1961 5107 ¹ί
2001 5068 2200 5135 Quesn.
2232 5069 2380 5124 addit
2412 5085 2520 5139 per,
2561 5081 2658 5134 pro
2705 5082 2808 5138 qua
2850 5068 3228 5137 praepositione
3267 5068 3443 5128 Just..

1862 5139 2215 5265 .Vat.
2239 5140 2438 5196 habent
2459 5149 2525 5195 et.
2552 5139 2844 5210 Utrumque
2867 5140 3047 5194 delent
3069 5136 3225 5193 Vind.
3249 5144 3303 5192 et
3330 5135 3446 5191 Vat.

1981 5227 2101 5266 inze.
3463 5263 3466 5268 _

1912 5225 1973 5320 εξ
1988 5283 2160 5365 Voces
2179 5298 2340 5354 neque
2360 5284 2669 5365 episcopum,
2691 5279 3439 5365 aQuesnello_omissas,_§up-

1823 5397 1830 5402 .
1862 5355 2126 5423 plevimus
2157 5369 2223 5410 ex
2255 5346 2505 5408 omnibus
2528 5346 2737 5409 nostris
2759 5346 2818 5406 et
2853 5351 3074 5423 Justclli
3095 5347 3251 5404 codd.
3285 5346 3400 5402 Mox
3424 5387 3438 5411 ,

1862 5422 2002 5494 apud
2033 5425 2198 5494 Just.,
2228 5425 2528 5478 conductitii
2560 5439 2654 5494 pro
2692 5424 2952 5476 conducti.
2988 5422 3141 5484 Dein,
3183 5434 3280 5490 pro
3319 5434 3444 5472 con-

1865 5496 2049 5550 ducere
2069 5495 2233 5560 .lust.,
2262 5495 2389 5550 Luc.
2419 5505 2474 5550 et
2503 5494 2647 5560 νειμ,
2676 5494 2858 5547 habere
2885 5494 3052 5547 liccat.

1819 5567 1832 5582 '
1935 5576 1973 5604 ω
2017 5567 2150 5620 Tres
2182 5565 2342 5621 iidem
2371 5566 2528 5622 codd.
2553 5565 2714 5633 Just.,
2740 5564 2869 5622 Luc.
2899 5574 2953 5618 et
2986 5563 3128 5631 Vat.,
3157 5577 3270 5632 qutv
3293 5576 3445 5615 επα-

1859 5639 1965 5694 sari
1985 5653 2086 5692 non
2107 5638 2243 5692 licet.

1930 5711 1960 5746 ιτ
1994 5709 2312 5778 Quesnellus
2333 5707 2557 5763 inseruit
2577 5707 2658 5772 ei;
2691 5706 2873 5762 delent
2903 5704 3059 5760 Vind.
3084 5713 3137 5760 et
3158 5703 3278 5778 Vat.
3308 5704 3440 5775 Reg.

1857 5777 2049 5837 Ceteri
2093 5791 2201 5836 tres
2236 5779 2392 5833 codd.
2426 5795 2520 5852 pro
2549 5779 2596 5832 ei
2626 5777 2872 5852 supplent
2912 5777 3095 5838 clerico
3126 5777 3202 5838 sic
3227 5795 3240 5832 :
3264 5793 3439 5836 curant

1855 5853 2040 5909 clerico
2063 5853 2273 5910 voluerit
2297 5850 2625 5913 conmittere,
