3992 6348
197 433 316 494 545
655 432 884 492 CODEX
921 402 1252 491 CANONUM
1290 429 1571 489 ECCLES.
1613 429 1702 490 ET
1744 431 2321 494 CONSTITUTORUM
2358 434 2418 492 S.
2459 433 2658 492 SEDIS
2697 429 3026 491 APOSTOL‘
3362 415 3478 492 546.

194 550 505 622 provinciis
532 589 549 618 ,
581 549 923 606 inconvulsas
971 563 1190 605 manere
1235 548 1610 605 constituimus
1649 547 1788 620 apu‘d
1818 551 1873 613 Α
1969 548 1996 588 ιι
2026 550 2142 607 XX.
2177 550 2410 607 Clericos
2439 551 2490 606 in
2523 550 2760 607 Ecclesia
2793 551 3113 617 militantes,
3145 548 3306 621 236
3331 547 3470 604 sicut

194 648 496 719 episcopos
541 647 634 717 qui
663 661 754 703 eas
782 646 1023 703 detinere
1046 646 1322 711 videntur,
1366 644 1598 701 maxime
1630 645 1674 698 si
1705 659 1798 700 eas
1886 646 1996 716 jam
2019 645 2410 709 constituimus,
2436 661 2540 698 non
2573 636 2744 700 licere’
2775 643 2828 698 in
2860 644 3078 698 alterius
3098 643 3328 696 civitatis
3358 640 3466 696 Ec-

194 740 364 796 annis
391 738 614 810 triginta
640 738 942 794 detinentes
969 737 1219 794 inviolate
1233 737 1715 808 dispensaverunt;
1746 735 1794 792 si
1889 738 2050 793 clesia
2079 738 2328 805 militare,
2370 737 2463 791 sed
2486 737 2577 791 illa
2599 745 2886 792 contentos
2912 748 3031 791 esse
3055 733 3106 789 in
3129 749 3231 804 qua
3257 749 3288 787 a
3319 733 3467 804 prin-

193 846 338 888 vero
367 840 394 869 ι
429 831 570 886 intra
590 844 761 886 annos
791 831 1004 901 triginta
1028 829 1162 885 facta
1189 837 1291 899 est,
1317 837 1408 884 aut
1436 829 1594 900 235
1618 827 1710 882 ﬁat
1732 827 1799 882 de
1889 830 2031 900 cipio
2089 828 2394 884 ministrare
2440 837 2780 893 meruerunt;
2803 837 2953 883 extra
3001 841 3096 882 eos
3138 824 3229 895 qui
3264 826 3462 881 amissa

196 923 322 979 illis
351 922 608 994 quaestio,
637 923 721 978 his
751 921 915 979 licere
938 921 1285 993 quaestionem
1309 935 1524 976 movere
1549 920 1688 991 apud
1711 934 1804 990 sy-
1892 922 2059 991 patria
2083 921 2147 975 ad
2175 919 2468 976 Ecclesiam
2505 919 2658 974 aliam
2694 917 2711 956 ί
2747 919 3068 974 necessitate
3098 925 3378 972 venerunt.
3405 917 3463 972 Si

198 1013 419 1070 nodum
448 1013 747 1085 provincia:
765 1057 781 1083 ,
813 1014 904 1084 qui
934 1011 963 1052 δ
993 1013 1099 1068 vim
1133 1029 1192 1069 se
1219 1013 1502 1084 pertulisse
1528 1020 1796 1068 asserunt.
1890 1014 2011 1085 quis
2035 1023 2212 1069 autem
2236 1013 2608 1082 episcoporum
2635 1020 2757 1082 post
2783 1011 2885 1066 hoc
2907 1009 3275 1077 constitutum,
3306 1007 3467 1063 cleri-

192 1105 411 1177 Siquis
443 1117 622 1163 autem
648 1104 1107 1176 ametropolitano
1133 1120 1230 1161 suo
1255 1107 1505 1177 episcopo
1531 1105 1668 1160 male
1694 1115 1803 1160 tra-
1890 1122 2012 1164 cum
2037 1106 2101 1161 ad
2128 1106 2290 1162 alium
2321 1107 2675 1177 pertinentem
2707 1103 3020 1174 susceperit,
3047 1101 3245 1173 placuit
3271 1115 3466 1156 acom-

192 1208 414 1264 ctetur,
448 1200 588 1272 apud
612 1200 836 1271 primam
864 1199 1048 1256 sedem
1078 1215 1191 1255 sunt
1213 1200 1524 1270 provincias,
1555 1199 1640 1255 vel
1661 1199 1800 1270 apud

195 1293 862 1364 Constantinopolitanam
885 1337 900 1363 ,
947 1308 1160 1349 causam
1191 1293 1354 1362 dicat,
1383 1294 1524 1350 sicut
1550 1294 1801 1364 superius

193 1386 672 1457 comprehensum
709 1395 810 1444 est.
848 1387 904 1443 Si
928 1401 1031 1457 qua
1063 1401 1191 1442 vero
1221 1393 1489 1456 potestate
1537 1385 1800 1456 imperiali

191 1491 346 1533 nova
377 1479 673 1535 constituta
711 1487 796 1534 est
825 1477 1012 1534 civitas
1036 1520 1050 1544 ,
1087 1486 1182 1533 aut
1213 1488 1361 1534 certe
1403 1480 1758 1534 constituatur
1781 1523 1798 1550 ,

190 1569 465 1627 civilibus
487 1579 544 1626 et
575 1570 798 1642 publicis
819 1571 1085 1639 formulis,
1122 1573 1284 1627 etiam
1314 1569 1684 1641 parochiarum
1705 1586 1800 1628 ec-

193 1659 649 1718 clesiasticarum
683 1661 817 1718 ordo
850 1661 1175 1718 celebretur.

274 1765 303 1795 ο
340 1754 538 1812 XVIII.
591 1755 990 1827 Conjurationis
1027 1756 1113 1813 vel
1140 1758 1553 1828 conspirationis
1592 1756 1801 1814 crimen

191 1849 376 1907 etiam
430 1849 574 1921 apud
624 1850 960 1907 extrinsecas
1014 1850 1158 1923 leges
1199 1852 1414 1922 penitus
1465 1860 1796 1924 amputatur;

1891 1201 2150 1254 munione
2185 1197 2438 1268 suspendi
2469 1207 2522 1253 et
2547 1211 2669 1253 eum
2691 1195 2780 1266 qui
2800 1194 3056 1264 suscepit,
3095 1193 3258 1264 etqui
3282 1206 3467 1249 susce-

1890 1300 2012 1362 ptus
2034 1300 2148 1358 est,
2180 1304 2458 1361 quousque
2490 1291 2503 1340 l
2543 1287 2774 1345 clericus
2801 1287 2892 1357 qui
2917 1285 3196 1342 transitum
3231 1285 3356 1340 fecit
3397 1284 3465 1340 ad

1893 1401 2044 1444 suam
2077 1389 2258 1445 redeat
2285 1389 2601 1444 Ecclesiam.

1965 1479 1991 1518 ιι
2021 1480 2164 1536 XXI.
2195 1481 2432 1536 Clericos
2460 1481 2544 1536 vel
2575 1479 2738 1535 Iaicos
2768 1477 2857 1550 qui
2885 1486 3137 1534 accusant
3182 1475 3465 1547 episcopos

1891 1573 1975 1630 vel
2005 1574 2232 1629 clericos
2256 1573 2737 1644 quomodocunque
2753 1580 2806 1626 et
2826 1571 2944 1626 sine
2965 1569 3185 1641 iudicio,
3215 1584 3322 1624 non
3350 1583 3466 1624 sus-

1891 1669 1996 1740 cipi
2029 1667 2094 1722 ad
2124 1666 2486 1723 accusandum
2515 1665 2746 1732 debere,
2772 1662 2875 1720 nisi
2905 1665 3053 1734 prius
3073 1675 3258 1719 eorum
3282 1659 3464 1718 existi-

1892 1761 2058 1818 matio
2081 1760 2240 1816 fuerit
2269 1759 2529 1815 discussa.

1965 1849 1985 1890 ι
2033 1851 2197 1907 XXII.
2229 1851 2449 1908 Clericis
2491 1865 2594 1904 non
2628 1848 2789 1905 licere
2817 1855 2939 1918 post
2976 1854 3204 1902 mortem
3231 1843 3467 1914 episcopi

190 1943 386 2000 multo
432 1944 606 2014 magis
648 1944 703 1999 in
729 1944 968 2000 Ecclesia
1004 1943 1097 2001 Dei
1141 1945 1242 2001 hoc
1279 1962 1348 2004 ne
1386 1947 1477 2002 fiat
1524 1947 1788 2016 prohiberi
1819 1967 1870 2031 Β
1895 1944 1978 2002 sui
2005 1959 2068 2001 ea
2097 1944 2328 2014 diripere
2355 1957 2474 2014 quae
2503 1941 2576 1997 illi
2615 1949 2920 2010 competere
2962 1946 3001 1974 ω
3045 1945 3299 2008 possunt,
3330 1935 3469 1992 sicut

185 2044 448 2108 oportet.
475 2036 642 2108 Igitur
681 2037 726 2092 si
753 2037 934 2094 clerici
964 2046 1057 2092 aut
1087 2040 1333 2095 monachi
1367 2040 1568 2096 inventi
1599 2041 1795 2097 fuerint

187 2130 481 2202 coniurati
505 2126 532 2167 ἀ
559 2138 651 2186 aut
679 2146 771 2202 per
793 2131 1220 2202 coniurationem
1247 2133 1566 2189 calumniam
1591 2134 1794 2190 machi-

187 2232 400 2280 nantes
445 2222 718 2295 episcopis
768 2223 854 2280 vel
905 2223 1116 2281 clericis
1148 2267 1165 2295 ,
1216 2227 1491 2298 praprium
1548 2228 1796 2284 amittant

185 2313 461 2386 gradum.

269 2416 297 2444 ο
329 2403 484 2461 XIX.
513 2403 596 2462 Ad
626 2420 783 2462 aures
814 2415 1025 2464 nostras
1051 2409 1564 2481 pervenitquoniam
1594 2409 1648 2465 in
1671 2425 1796 2482 pro-

188 2499 398 2556 vinciis
423 2513 534 2555 non
555 2497 888 2570 ﬁuntsynodi
914 2500 1289 2571 episcOporum
1315 2503 1609 2560 secundum
1635 2519 1799 2559 cano-

189 2608 334 2650 num
363 2593 684 2661 constituta,
704 2601 758 2648 et
783 2593 854 2650 ob
880 2592 982 2649 hoc
1002 2595 1167 2650 multa
1198 2609 1379 2651 rerum
1409 2596 1796 2652 ecclesiastica-

191 2700 320 2743 rum
349 2700 480 2756 quas
505 2683 835 2740 emendanda
865 2693 992 2741 sunt
1019 2687 1238 2757 negligi.
1292 2686 1491 2743 Sancta
1523 2687 1682 2757 igitur
1708 2700 1797 2757 sy-

193 2779 383 2836 nodus
413 2781 692 2836 constituit
725 2776 745 2817 (
781 2779 1076 2835 secundum
1117 2795 1352 2836 canones
1383 2780 1600 2835 Patrum
1632 2780 1713 2835 bis
1743 2780 1798 2833 in

192 2888 350 2930 anno
377 2875 437 2930 in
469 2871 521 2929 id
573 2873 746 2944 ipsum
775 2875 1058 2945 episcopos
1106 2891 1202 2944 per
1224 2875 1463 2946 singulas
1496 2873 1798 2945 provincias

192 2967 506 3025 convenire
535 2967 626 3022 ubi
655 2968 1100 3037 metropolitanus
1120 2968 1406 3038 episcopus
1434 2965 1796 3034 constituerit,

194 3069 257 3117 et
283 3060 479 3117 omnia
508 3075 842 3133 quaecunque
865 3062 1184 3117 emerserint
1212 3062 1506 3132 corrigere.
1536 3060 1790 3132 Episcopi

194 3167 340 3210 vero
367 3152 464 3223 qui
493 3167 602 3208 non
628 3153 976 3209 convenerint
1005 3162 1030 3201 ε
1057 3153 1110 3207 in
1133 3154 1364 3224 propriis
1395 3153 1553 3224 positi
1570 3152 1800 3209 civitati-

197 3247 335 3315 bus,
359 3255 419 3302 et
439 3261 548 3302 non
579 3261 674 3318 per
694 3245 1081 3317 profectionem
1107 3245 1386 3314 absentes,
1418 3246 1649 3300 maxime
1671 3260 1798 3316 sup-

1897 2046 1953 2094 et
1973 2036 2328 2093 anterioribus
2347 2034 2642 2091 canonibus
2657 2043 2871 2089 cautum
2895 2042 3007 2099 est;
3032 2030 3264 2102 alioquin
3282 2045 3376 2086 eos
3399 2029 3468 2086 de

1897 2129 2152 2202 gradibus
2179 2129 2290 2184 suis
2320 2142 2479 2198 posse
2504 2126 2814 2194 periclitari.

1968 2231 1996 2260 ιι
2021 2221 2307 2284 XXlll.Ad
2327 2235 2482 2275 aures
2509 2230 2709 2275 sancta:
2734 2218 2924 2290 synodi
2945 2217 3186 2288 pervenit
3215 2215 3466 2287 quoniam

1897 2313 2113 2384 quidam
2145 2309 2325 2365 clerici
2348 2317 2402 2364 et
2430 2308 2676 2364 monachi
2707 2309 2898 2378 quibus
2921 2322 3019 2365 nec
3048 2305 3244 2377 aliquid
3272 2307 3336 2362 ab
3357 2305 3470 2374 epia

1898 2419 2063 2474 scopo
2087 2417 2186 2458 suo
2215 2403 2561 2456 commissum
2595 2409 2677 2455 est
2698 2439 2714 2466 ,
2738 2399 3004 2455 interdum
3026 2399 3186 2453 etiam
3212 2399 3278 2452 ab
3305 2397 3470 2466 ipsius

1897 2496 2274 2552 communione
2292 2495 2559 2566 suspensi,
2586 2493 2651 2549 ad
2675 2492 3313 2563 Constantinopolitanam
3340 2489 3472 2544 civi.

1902 2601 2061 2647 tatem
2082 2600 2338 2661 pergunt.
2365 2596 2421 2643 et
2445 2588 2641 2643 ibidem
2672 2587 2761 2642 diu
2791 2592 3126 2644 remorantes
3147 2581 3472 2640 ecclesiasti-

1899 2695 2015 2739 eam
2061 2684 2396 2754 disciplinam
2442 2682 2778 2747 disturbant,
2825 2677 3178 2750 quorumdam
3247 2684 3472 2732 °autcm

1900 2777 2058 2834 etiam
2090 2777 2279 2831 domos
2327 2774 2660 2831 subvertunt.
2697 2773 2836 2842 Ergo
2866 2782 3050 2826 sancta
3081 2768 3316 2839 synodus
3345 2782 3472 2822 con-

1900 2871 2072 2926 stituit
2100 2869 2247 2940 prius
2267 2869 2484 2940 quidem
2508 2865 2812 2939 hujusmodi
2842 2864 3085 2919 homines
3103 2873 3130 2912 Ρ
3158 2879 3251 2933 per
3271 2871 3471 2918 sanctae

1903 2966 2158 3021 Ecclesiae
2184 2963 2790 3033 ConstantinOpolitante
2828 2961 3166 3016 defensorem
3195 2956 3472 3013 admoneri

1904 3067 1961 3114 ut
1987 3073 2017 3112 a
2037 3057 2251 3112 civitate
2277 3055 2420 3126 regia
2447 3054 2750 3118 discedant;
2783 3066 2967 3107 verum
2987 3052 3032 3105 si
3055 3061 3083 3100 ιι
3105 3051 3244 3105 inter
3265 3047 3470 3118 negotia

1900 3147 2099 3204 fuerint
2139 3159 2234 3218 per
2261 3144 2644 3216 impudentiam
2669 3143 2940 3212 remorati,
2969 3141 3112 3210 ipsos
3139 3140 3300 3195 etiam
3330 3137 3471 3193 invi-

1903 3249 1985 3296 tos
2011 3240 2166 3312 237
2201 3255 2296 3310 per
2316 3238 2565 3295 eumdem
2595 3236 2930 3293 defensorem
2957 3233 3241 3306 jactari,et
3268 3231 3336 3288 ad
3352 3231 3472 3288 loca

199 3340 498 3412 peditante
540 3339 727 3407 salute,
769 3349 824 3395 et
867 3356 898 3394 a
939 3339 1258 3395 necessariis
1310 3347 1364 3396 et
1403 3339 1798 3396 excusabilibus
1821 3342 1870 3408 ο
1901 3338 2116 3406 propria
2145 3335 2262 3402 cogi
2295 3331 2570 3387 festinare.

207 3433 661 3504 occupationibus
719 3433 912 3502 liberi,
966 3432 1322 3490 fraternitatis
1379 3435 1573 3490 intuitu
1627 3434 1796 3490 corri-
1879 3471 1885 3478 -

203 3527 462 3600 piantur.

281 3668 313 3698 ⁸
350 3659 529 3730 Just.,
550 3656 923 3730 intratriginta
937 3659 1111 3714 annis.
1136 3656 1282 3725 Val.,
1307 3657 1360 3712 in
1390 3659 1600 3730 triginta
1630 3659 1796 3714 annis.

201 3731 378 3796 Luc.,
407 3729 558 3784 annis
587 3728 814 3798 triginta.
867 3728 996 3784 Dein
1027 3730 1164 3784 Jttst.
1188 3771 1203 3794 ,
1247 3743 1335 3784 aut
1363 3731 1408 3784 si
1433 3728 1547 3798 ﬁat.
1588 3731 1644 3785 In
1666 3731 1796 3786 Luc.

204 3804 544 3857 omittuntur
571 3813 731 3853 voces
765 3799 829 3852 de
857 3799 984 3853 illis.
1022 3799 1213 3854 Postea
1253 3800 1306 3854 hi
1335 3812 1440 3855 tres
1490 3802 1649 3858 codd.
1679 3817 1800 3858 cum

204 3872 338 3932 Vat.
375 3869 619 3941 Reginae,
651 3873 787 3939 apud
816 3870 1068 3940 synodum
1091 3885 1196 3924 sua:
1222 3873 1515 3940 provinciae.

282 3943 313 3982 δ
343 3939 487 3998 Cod:
526 3939 758 4001 Thuan..
784 3939 882 3994 vim
904 3942 1170 4009 pertulisse
1197 3939 1513 3998 asseruntur.

283 4027 310 4055 ε
346 4013 463 4070 Tit.
496 4013 549 4067 in
573 4025 699 4066 mss.
727 4011 904 4084 Vind.,,
923 4012 1021 4076 Qui
1051 4016 1469 4084 conjuratiouem,
1502 4032 1604 4070 non
1632 4025 1802 4072 autem

201 4086 538 4142 calumniam
580 4093 757 4137 contra
810 4083 1102 4152 cpiscOpum
1140 4083 1361 4154 faciunt.
1415 4085 1471 4140 In
1515 4086 1632 4142 Vat.
1665 4087 1802 4144 1542

202 4167 364 4215 totus
396 4157 488 4211 hic
529 4166 702 4226 canon
748 4167 815 4208 ex
851 4154 1085 4226 Dienysii
1129 4154 1566 4224 interpretatione
1591 4160 1801 4226 penitus

202 4224 734 4298 inseritur.Criinen
775 4224 1143 4298 conjurationis
1166 4227 1251 4298 vel
1271 4224 1658 4298 conspirationis
1699 4239 1801 4283 eta

203 4299 471 4356 veteribus
498 4296 690 4370 legibus
717 4305 788 4350 est
807 4295 1026 4370 omnino
1045 4296 1364 4370 prohibitum
1387 4295 1402 4366 ς
1430 4310 1483 4354 et
1515 4300 1718 4370 reliqua
1743 4310 1800 4355 ut

201 4371 260 4428 in
293 4366 584 4441 Dionysio}
607 4367 724 4441 Mox
754 4366 903 4441 etiam
943 4367 1276 4441 desideratur
1323 4369 1377 4422 in
1421 4385 1551 4426 mss.
1581 4366 1718 4426 Just.
1746 4378 1802 4427 et

200 4443 380 4504 Luc.,
412 4436 505 4510 qui
533 4437 658 4510 dein
687 4436 884 4510 habent
909 4439 1165 4508 amputari
1189 4440 1371 4492 solere.

279 4511 311 4550 ά
348 4508 527 4566 Codd.
557 4509 694 4564 Just.
727 4513 782 4564 et
807 4508 932 4562 Luc.
957 4548 973 4574 ,
1002 4515 1049 4562 et
1071 4524 1160 4579 per
1185 4511 1586 4577 conjurationem
1614 4515 1802 4568 calum-

202 4585 364 4639 niam
413 4581 659 4653 facientes
685 4579 955 4650 episwpis,
994 4583 1068 4632 vel
1100 4580 1400 4653 quibuslibet
1430 4585 1650 4640 clericis.
1682 4585 1801 4639 Mox

203 4649 429 4724 Quesn.
455 4666 576 4708 cum
618 4649 822 4724 0x_on.‘,
850 4659 1082 4724 amittant
1116 4650 1306 4724 lo_cum.
1339 4654 1661 4723 Scripsimus
1681 4671 1801 4724 gra-

202 4720 342 4780 Jum
377 4739 498 4779 cum
527 4720 856 4786 mss.Vind.,
888 4720 1118 4786 Thuan.,
1151 4721 1362 4777 Just.et
1391 4720 1520 4779 Luc.

286 4807 315 4834 ο
364 4795 476 4850 Tit.
509 4791 668 4848 codd.
691 4791 884 4864 Vind.,
908 4789 1148 4864 Synodus
1180 4792 1261 4864 bis
1278 4810 1413 4848 anno
1432 4795 1542 4864 ﬁat.
1567 4795 1714 4861 Mox,
1747 4796 1802 4850 in

201 4867 531 4940 quibusdam
558 4862 826 4940 prouinciis
843 4861 1041 4940 habent
1059 4862 1221 4928 Just.,
1244 4863 1374 4920 Luc.
1397 4861 1450 4920 et
1484 4866 1596 4940 Vat.
1622 4881 1804 4922 exem-

204 4933 425 5010 plaria;
450 4949 520 5010 _ac
548 4933 671 4989 dein
702 4974 717 4999 ,
755 4933 1032 5010 secundum
1072 4949 1316 4988 canonem
1357 4938 1684 5010 constitutum
1708 4978 1726 5005 ,
1757 4947 1804 4992 et

206 5003 313 5065 hoc
346 5005 516 5060 multa
537 5020 709 5060 rerum
725 5003 1174 5078 ecclesiasticarum
1200 5021 1316 5076 qua:
1338 5009 1660 5078 corripienda
1679 5003 1802 5062 sunt

206 5081 294 5136 vel
321 5077 632 5148 corrigenda
658 5075 867 5148 negligi.

289 5093 293 5129 .'
321 5093 632 5148 corrigenda
658 5093 792 5145 negti
830 5093 867 5128 ι.

289 5150 315 5191 f
353 5149 489 5204 Tres
508 5093 864 5220 iidenicodti”
886 5147 1207 5220 concinente
1217 5147 1337 5220 Vat.
1357 5147 1593 5220 Reginae,
1625 5167 1802 5206 secun-

206 5224 349 5277 dum
383 5233 598 5290 canones
641 5215 858 5290 Patrum
881 5218 967 5286 qui
991 5220 1138 5290 apud
1155 5216 1368 5273 Niciam
1392 5215 1647 5290 Bithynia
1675 5238 1800 5275 con-

206 5291 394 5348 stituti
412 5300 552 5358 sunt,
577 5289 654 5343 bis
681 5289 736 5342 in
760 5305 893 5360 anno
917 5329 934 5355 ,
950 5297 1070 5360 _etc.
1093 5289 1230 5345 Male
1253 5293 1304 5345 in
1335 5291 1441 5345 illis
1466 5289 1804 5360 praemittitur

206 5375 270 5444 ut
288 5372 426 5444 ante
449 5361 750 5444 secundum.
782 5358 916 5416 Dein
940 5358 1077 5416 Just.
1110 5370 1166 5417 et
1182 5360 1326 5429 Vat.,
1357 5377 1420 5417 ex
1445 5358 1662 5433 singulis
1683 5378 1803 5433 pro-

204 5449 405 5492 vinctis
432 5449 716 5489 convenire.

293 5516 323 5554 s
355 5503 498 5559 Just.
515 5519 638 5559 cum
658 5503 785 5559 Luc.
809 5511 863 5558 et
882 5501 1029 5575 Vat.,
1059 5510 1106 5558 et
1127 5506 1181 5558 in
1209 5505 1432 5574 propriis
1457 5506 1606 5575 positi
1633 5506 1806 5561 ciuita-

207 5577 388 5642 tibus,
405 5584 452 5629 et
476 5591 576 5629 non
595 5575 828 5646 profecti,
852 5574 940 5628 sed
963 5574 1198 5646 absentis,
1221 5576 1438 5630 maxime
1453 5574 1808 5646 suppeditante

205 5650 395 5704 salute
414 5643 706 5721 secesserint
717 5644 884 5721 [Vat.,
907 5643 1167 5721 cesserint]
1190 5643 1615 5721 inexcusabilibus
1627 5646 1808 5721 [Luc.,

205 5716 636 5846 incusaeblizlibus;
667 5716 811 5786 Vat.,
857 5716 1230 5790 excausalibus]
1281 5716 1697 5789 occupationibus
1739 5719 1809 5774 li-

247 5805 368 5846 en.
493 5829 508 5844 .

247 5791 368 5857 eri,
402 5797 508 5845 etc.

292 5858 325 5899 ιι
356 5859 469 5916 Tit.
501 5859 554 5914 in
597 5874 729 5916 mss.
758 5857 915 5916 Vind.
944 5879 958 5917 :
998 5859 1098 5929 Qui
1125 5859 1285 5916 alium
1307 5860 1546 5918 clericum
1569 5862 1807 5931 suscipit,

213 5948 262 5993 α
287 5931 655 5994 σαιυηαηὶοηε
667 5932 932 5996 suspendi.
953 5931 1092 6000 Mox,
1119 5939 1228 5990 tres
1249 5932 1448 5990 laudati
1471 5934 1654 5999 codd.,
1679 5935 1812 5990 sicut

1828 4973 1885 5036 D

1978 3437 1999 3464 τ
2025 3425 2210 3480 XXIV.
2236 3425 2366 3492 Quae
2397 3424 2506 3479 Deo
2537 3424 2706 3479 semel
2735 3430 2942 3478 sacrata
2981 3427 3106 3476 sunt
3147 3418 3472 3476 monasteria

1905 3520 2196 3580 secundum
2230 3519 2602 3590 episcoporum
2643 3532 2963 3584 consensum
3015 3522 3230 3575 ooortet
3263 3515 3314 3570 in
3355 3527 3478 3584 per-

1892 3661 2011 3734 jam
2035 3660 2366 3714 constitutum
2393 3664 2487 3712 est.
2524 3655 2676 3734 Dein,
2710 3655 2964 3734 mendose
2990 3656 3042 3711 in
3064 3653 3213 3734 _Just.
3243 3663 3298 3711 et
3327 3653 3478 3724 Vat.;

1902 3727 2190 3787 contentum
2218 3746 2325 3785 esse
2474 3730 2689 3793 meruit;
2713 3728 2831 3782 Vat.
2859 3727 3116 3783 meruerit.

1982 3802 1998 3841 ί
2035 3803 2198 3858 Iidem
2229 3801 2386 3856 codd.
2423 3812 2549 3862 tres,
2586 3815 2692 3865 pra:
2730 3799 3024 3853 necessitate
3067 3803 3325 3852 venerunt.
3377 3795 3476 3864 Qui

1902 3891 2017 3956 vero
2045 3875 2402 3944 episcoporum
2547 3871 2754 3925 alterius
2781 3869 3018 3924 Ecclesia:
3041 3869 3282 3924 clericum
3306 3883 3476 3923 susce-

1903 3957 2052 4017 pem.

1977 4020 1992 4067 l
2042 4015 2355 4072 Addidiinus
2375 4014 2588 4070 clericus
2615 4028 2681 4068 ex
2709 4010 2865 4066 Vind.
2895 4011 3000 4068 Alii
3024 4011 3204 4080 codd.,
3235 4010 3478 4065 clericum

1883 4089 1991 4160 qui
2021 4088 2301 4160 translatus
2317 4097 2410 4155 est,
2442 4086 2614 4160 fecerit
2640 4085 2708 4160 ad
2727 4100 2873 4160 suam
2900 4084 3080 4138 reverti
3102 4080 3405 4160 Ecclesiam.

1977 4158 2003 4197 ῑί
2031 4158 2237 4213 Titulus
2266 4160 2318 4214 in
2362 4153 2492 4214 mss.
2523 4155 2680 4210 Vind.
2714 4171 2730 4210 :
2765 4155 2864 4220 Qui
2893 4162 3135 4208 accusant
3163 4153 3477 4223 episcopum.

1903 4230 2057 4300 Apud
2086 4228 2221 4284 Just.
2247 4271 2262 4294 ,
2296 4231 2425 4284 Luc.
2452 4237 2506 4282 et
2537 4225 2653 4282 Vat.
2685 4241 2854 4300 canon
2883 4227 2963 4300 sic
2991 4225 3209 4300 effertur
3240 4241 3252 4276 :
3283 4221 3476 4300 Clerici

1903 4293 1980 4357 υέι
2011 4301 2132 4354 laici
2152 4301 2241 4370 qui
2250 4293 2529 4369 episcopos
2552 4297 2963 4370 accusarint,_vel
2983 4295 3225 4370 quoslibet
3245 4293 3476 4358 clericos,

1904 4374 2112 4428 omnino
2146 4365 2254 4425 sine
2277 4365 2476 4440 iudicio
2507 4385 2588 4423 eos
2615 4366 2937 4440 itottAsuscipi
2961 4366 3108 4440 ,Λιρίδί
3139 4365 3279 4440 prius
3301 4379 3478 4440 eorum

1903 4443 2175 4498 (estimatio
2221 4434 2373 4511 fuerit
2416 4441 2688 4511 diligenter
2715 4436 2908 4511 [Luc.,
2939 4434 3252 4511 diligentiusl
3283 4434 3477 4511 amariti—

1905 4524 2046 4568 nata.
2079 4512 2190 4567 Cod
2221 4505 2410 4578 'Colb.,
2452 4505 2642 4564 similis
2671 4505 2895 4561 Lucensi
2924 4508 3060 4575 apud
3085 4505 3477 4578 Qoustantium,

1907 4586 2005 4640 nisi
2041 4585 2185 4655 prius
2213 4573 2588 4655 eorumcpinio
2619 4579 2772 4649 fuerit
2801 4573 3050 4655 discussa.
3089 4575 3246 4629 Vind.
3277 4590 3386 4655 ms._
3413 4573 3481 4654 ab

1906 4646 2051 4710 edito
2095 4663 2244 4709 textu
2266 4646 2737 4720 solum'discrepat
2764 4664 2780 4706 :
2811 4648 2908 4703 nisi
2936 4648 3079 4720 prius
3105 4663 3278 4702 eorum
3306 4646 3482 4701 existi-

1905 4727 2146 4791 mationis
2177 4723 2332 4794 fuerit
2359 4722 2530 4794 opinio
2561 4719 2808 4794 discussa.

1984 4794 2001 4834 1
2033 4787 2360 4864 Hic‘q'uoque
2384 4787 2640 4864 i'canongin
2671 4804 2798 4864 mss.
2833 4789 2996 4864 Vind.
3013 4787 3373 4864 titulocaret.

1979 4877 2016 4904 ω
2044 4857 2181 4921 Male
2201 4857 2342 4934 apud
2373 4863 2536 4929 Just.,
2566 4862 2720 4928 Luc.,
2756 4861 2869 4916 Vat.
2904 4859 3064 4925 1542,
3089 4869 3143 4916 et
3168 4859 3281 4914 Vat.
3308 4857 3478 4934 Iteg.,

1907 4938 2120 4993 additur
2145 4931 2406 5006 particula
2433 4947 2570 5000 non;
2598 4949 2716 5006 quae
2741 4934 2908 5002 probe
2934 4941 3287 5002 congrueret,
3312 4931 3356 4986 si
3381 4944 3480 4999 pro

1906 5010 1985 5065 illi
2007 5010 2269 5078 legeretur
2295 5007 2417 5061 illis.

1979 5089 2007 5116 ιι
2039 5074 2146 5206 ’ξὶιτ
2178 5079 2231 5162 in
2263 5093 2393 5134 mss.
2424 5075 2618 5146 Vind.,
2645 5074 2714 5133 Ut
2745 5076 2812 5130 ad
2833 5075 2946 5130 loca
2984 5075 3192 5144 prapria
3216 5079 3479 5127 revertan-

1979 5168 1994 5195 ι·
2025 5167 2050 5204 c
2074 5167 2214 5205 erret.

1909 5162 1994 5207 tur
2025 5152 2214 5206 clerici.

1943 5233 2007 5350 ἀς)
2026 5221 2226 5305 Quesn.
2250 5221 2394 5279 delet
2416 5229 2607 5288 autem,
2635 5233 2734 5276 nos
2760 5234 2827 5275 ex
2858 5215 3056 5274 nostris
3087 5229 3216 5271 mss.
3251 5226 3314 5268 ac
3339 5211 3481 5270 Just.

1978 5308 2222 5350 iecimus.

1907 5308 2222 5350 adiecimus.

1975 5310 2427 5438 {tegimentum
2457 5381 2565 5433 per,
2582 5358 2709 5438 mox
2742 5362 2904 5438 habet
2931 5359 3223 5438 admonere.
3236 5350 3484 5438 Deinvo-

1911 5428 2201 5562 qemdrleﬂi:
2244 5436 2429 5492 delent
2458 5428 2594 5491 cum
2620 5435 2760 5491 Just.
2812 5433 3051 5503 plerique
3089 5428 3271 5495 codd.,
3319 5428 3484 5483 etiam

1961 5524 2012 5562 Ill
2055 5522 2084 5562 e
2125 5522 2156 5562 ο
2201 5545 2217 5562 .

1961 5521 2217 5562 maeoon.

1985 5557 2216 5643 ﬂigi?
2243 5577 2374 5634 Luc.
2407 5586 2462 5634 et
2491 5576 2610 5633 Vat.
2634 5619 2650 5644 ,
2682 5576 2828 5647 inter
2849 5574 3050 5647 negotia
3081 5579 3132 5626 et
3163 5567 3484 5647 impudentia
3577 5557 3580 5562 ’

1913 5649 2104 5720 fuerint
2132 5642 2401 5715 remorati;
2422 5664 2524 5720 eos
2544 5642 2700 5720 etiam
2726 5642 3028 5720 invitos"...
3067 5652 3115 5698 et
3142 5642 3211 5696 ad
3232 5643 3344 5695 loca
3365 5656 3488 5711 ρω-

1913 5718 2030 5791 pria
2055 5723 2305 5775 revocari.
2331 5722 2386 5791 In
2405 5719 2577 5791 Vind.
2591 5719 2762 5791 ‘deest
2776 5718 2910 5791 cOgi.

1989 5799 2011 5828 ν
2043 5791 2150 5846 Tit.
2180 5792 2235 5847 in
2282 5790 2440 5847 codd.
2472 5787 2656 5856 Vind.,
2689 5788 2908 5856 Quando
2931 5797 3134 5843 sacrata
3169 5793 3286 5842 sunt
3311 5799 3488 5838 mona-

1915 5864 2092 5928 steria,
2133 5862 2394 5917 clunacula
2417 5862 2688 5932 sacularia
2710 5876 2811 5914 non
2841 5859 2990 5928 ﬁant.
3012 5859 3161 5931 Mox,
3194 5870 3291 5932 pro
3329 5869 3489 5912 reser-

1917 5935 2047 5997 vari.
2072 5933 2201 5992 alias
2229 5932 2439 5999 servari,
2467 5931 2553 5992 vel
2581 5933 2886 5990 conservari.
