3992 6348
565 432 667 491 551

1416 434 1422 448 '
1486 428 1829 487 APPENDIX
1868 430 1961 486 Al)
1999 430 2058 487 S.
2098 429 2342 487 LEONIS
2378 432 2595 488 MAGNI
2632 430 2862 489 OPERA

3702 429 3793 493 559

564 562 706 616 mus,
730 543 822 601 sed
845 544 999 601 iterat
1035 542 1315 599 clementia
1354 550 1536 598 nostra
1560 544 1856 614 jussionem
1888 553 1947 600 ut
1985 546 2037 600 in
2066 546 2147 600 fu-
2169 547 2223 609 Α
2250 546 2395 613 bolo,
2421 563 2594 618 neque
2618 548 2895 617 adjiciens,
2928 546 3022 604 sed
3052 545 3369 619 Eutychetis
3397 545 3642 619 dogmata
3664 550 3792 608 fune-

565 648 742 694 turum
770 636 1049 707 prohibitis
1076 651 1262 691 omnes
1290 635 1610 705 abstineant,
1645 653 1743 694 nec
1770 638 2140 693 conventicula

563 732 811 802 colligant
851 746 1011 801 super
1059 730 1314 800 religione
1361 741 1661 799 certantes;
1700 732 1823 801 quia
1865 733 1915 787 in
1963 733 2142 803 hujus-

563 829 705 884 modi
732 827 1081 899 perversitate
1107 836 1159 882 et
1180 828 1649 884 vanitatedetecti
1688 838 1909 884 statutas
1940 828 2140 885 dudum

562 920 853 990 suscipient
874 935 1086 990 ptenas,
1118 929 1173 976 et
1192 921 1473 990 judiciario
1500 930 1666 989 motu,
1697 930 1854 990 prout
1876 922 2142 991 religiosis

561 1012 891 1082 temporibus
918 1013 1187 1078 convenit,
1214 1014 1526 1083 punientur.
1556 1015 1780 1085 Oportet
1813 1014 1954 1070 enim
1980 1014 2143 1070 Chal-

558 1104 911 1160 cedonensem
940 1105 1199 1175 synodum
1245 1106 1418 1175 sequi,
1461 1106 1515 1161 in
1547 1121 1647 1175 qua
1671 1106 1918 1161 omnibus
1948 1106 2144 1177 quaesi-

557 1197 627 1251 tis
652 1194 957 1265 diligenter,
984 1210 1045 1250 ea
1077 1194 1295 1251 definita
1325 1206 1449 1251 sunt
1481 1212 1599 1267 qua:
1630 1197 1834 1267 pridem
1864 1206 1973 1252 tres
2005 1212 2144 1267 prm-

558 1287 689 1347 dicti
725 1296 899 1344 cintus
928 1289 1276 1358 apostolicam
1318 1291 1475 1345 fidem
1524 1292 1717 1359 secuti,
1763 1291 2007 1346 omnibus
2049 1290 2145 1346 ob-

558 1382 820 1441 servanda
852 1391 875 1419 ει
901 1381 1283 1452 praedixerunt.
1319 1383 1451 1437 Data
1475 1382 1503 1421 δ
1538 1384 1697 1439 tertio
1746 1384 1863 1439 idus
1903 1382 2140 1452 Martias,

558 1474 1043 1545 Constantinopoli,
1079 1475 1324 1546 Sporatio
1350 1476 1466 1530 viro
1491 1476 1787 1532 clarissimo
1817 1478 2059 1543 consule,
2088 1481 2145 1531 et

558 1569 649 1640 qui
670 1568 831 1624 fuerit
861 1569 1159 1623 nuntiatus.

1018 1658 1414 1715 CAPITULUM
1454 1659 1693 1716 XXVI“.

562 1763 585 1793 ο
620 1751 754 1807 Item
782 1752 886 1807 alia
929 1753 1156 1823 ejusdem
1191 1751 1447 1806 Marciani
1473 1754 1692 1823 Augusti
1735 1753 2044 1807 Constitutio
2080 1752 2145 1807 de

629 1825 732 1892 ﬁde
757 1822 1003 1877 catholica
1030 1824 1300 1877 obtinenda
1326 1833 1372 1877 et
1394 1824 1456 1878 de
1484 1822 1889 1895 Eu’tycltianistis
1910 1835 1956 1878 et
1980 1824 2141 1894 Apol-

636 1896 904 1962 linaristis,
935 1910 1204 1964 eorumque
1230 1897 1410 1965 poenis.

705 2007 847 2063 Idem
876 2006 1153 2064 Aucesrus
1175 2008 1445 2064 PALLADIO
1470 2008 1719 2079 prmfecto
1746 2010 2001 2082 praetorii.

635 2115 827 2175 “Licet
847 2120 958 2189 jam
1006 2121 1367 2176 sacratissima
1408 2124 1791 2180 constitutione
1836 2132 2145 2181 mansuetu-

560 2212 697 2269 dinis
735 2222 931 2268 nostrae
958 2223 1172 2282 cautum
1212 2229 1274 2269 ac
1304 2214 1581 2271 definitum
1612 2218 1680 2272 sit
1716 2233 1835 2288 quae
1858 2219 1908 2272 in
1934 2232 2028 2273 eos
2058 2232 2144 2273 se-

558 2305 753 2359 veritas
782 2304 1078 2360 exercenda
1109 2306 1178 2359 sit
1206 2307 1320 2376 qui,
1350 2307 1664 2378 Eutychetis
1689 2310 1769 2363 vel
1800 2308 2143 2378 Apollinaris

559 2398 866 2453 hacreticam
905 2399 1311 2468 perversitatem
1358 2402 1551 2469 secuti,
1584 2418 1611 2455 a
1656 2402 1914 2474 religione
1954 2412 2007 2459 et
2039 2403 2143 2459 fide

559 2488 823 2545 catholica
853 2489 1135 2545 deviarunt
1169 2509 1182 2543 :
1218 2490 1591 2548 Alexandrina:
1624 2502 1802 2548 tamen
1830 2495 1974 2550 urbis
2000 2497 2144 2552 cives

560 2590 719 2652 atque
747 2581 1074 2637 habitatores
1106 2582 1266 2637 tantis
1301 2594 1426 2638 sunt
1456 2584 1789 2654 Apollinaris
1830 2586 2011 2643 infecti
2041 2588 2144 2659 ;ve-

557 2677 733 2745 uenis,
759 2665 821 2731 ’ut
849 2677 1211 2733 necessarium
1242 2675 1404 2731 fuerit
1439 2692 1503 2733 ea
1532 2694 1652 2748 qua:
1672 2679 1781 2748 jam
1809 2690 1934 2736 ante
1960 2683 2143 2736 sanxi-

556 2781 679 2827 mus
727 2769 953 2839 repetita
1002 2782 1143 2822 nunc
1189 2767 1348 2823 etiam
1402 2767 1519 2839 lege
1557 2769 1869 2826 decernere.
1923 2773 2145 2842 Oportet

557 2862 702 2917 enim
729 2869 788 2915 ut
813 2862 881 2915 sit
912 2876 1199 2917 numerosa
1245 2862 1503 2917 severitas
1548 2864 1908 2935 sanetionum,
1940 2866 2030 2920 ubi
2060 2874 2144 2922 est

562 2953 749 3010 crebra
779 2953 993 3009 licentia
1018 2954 1315 3024 culparum.
1357 2954 1732 3011 Custodiendae
1760 2970 2022 3028 prmterea
2054 2976 2145 3015 or-

561 3051 809 3107 thodoxaa
837 3050 960 3107 fidei
992 3060 1138 3107 tanto
1184 3066 1215 3105 a
1262 3052 1551 3107 serenitate
1580 3068 1699 3109 mea
1745 3068 1876 3108 cura
1902 3052 2143 3108 adhib’eri

558 3144 851 3213 impensior
894 3144 1077 3210 debet,
1108 3143 1265 3215 243
1300 3156 1500 3214 quanto
1538 3161 1625 3201 res
1663 3145 1922 3199 humanas
1949 3144 2145 3200 divina:

559 3235 886 3302 praecedunt.
928 3234 1240 3305 Quicunque
1290 3251 1417 3307 ergo
1455 3237 1537 3292 vel
1572 3237 1624 3299 in
1656 3236 1756 3290 hac
1801 3251 1949 3293 sacra
1981 3236 2135 3303 urbe,

559 3326 644 3382 vel
676 3328 726 3381 in
752 3326 1108 3383 Alexandrina
1151 3327 1390 3394 civitate,
1420 3329 1502 3383 vel
1548 3331 1599 3384 in
1641 3328 1786 3384 omni
1827 3327 2139 3400 Egyptiaca

559 3424 800 3493 dimcesi,
833 3423 1167 3496 diversisque
1189 3426 1308 3480 aliis
1338 3426 1650 3497 provinciis,
1684 3426 1996 3498 Eutychetis
2018 3441 2140 3495 pro-

556 3518 729 3573 fanam
758 3517 1161 3587 perversitatem
1184 3527 1502 3588 sequuntur,
1527 3528 1582 3573 et
1609 3519 1679 3572 ita
1700 3530 1811 3572 non
1836 3519 2065 3574 credunt
2086 3528 2142 3574 ut

559 3615 777 3670 trecenti
804 3614 987 3670 decem
1022 3623 1076 3670 et
1105 3623 1228 3669 octo
1254 3613 1422 3669 sancti
1445 3615 1631 3669 Patres
1656 3612 2006 3679 tradiderunt,
2052 3628 2142 3668 ea-

558 3706 805 3762 tholicam
840 3707 999 3761 fidem
1028 3706 1084 3760 in
1122 3706 1336 3760 Nicaena
1375 3705 1589 3760 civitate
1616 3704 1929 3770 fundantes;
1962 3714 1986 3742 °
2015 3719 2141 3760 cen-

557 3808 667 3854 tum
689 3814 903 3869 quoque
920 3807 974 3853 et
999 3798 1382 3868 quinquaginta
1402 3798 1492 3851 alii
1513 3797 1850 3852 venerabiles
1878 3797 2136 3866 episcopi,

558 3892 647 3960 qui
691 3891 744 3944 in
787 3891 923 3943 alma
951 3889 1083 3942 urbe
1111 3887 1696 3957 Constantinopolitana
1730 3897 1915 3958 postea
1946 3903 2139 3944 conve-

559 3991 787 4045 nerunt;
812 3987 866 4033 et
892 3980 1028 4033 sicut
1049 3979 1396 4045 Athanasius,
1430 3989 1487 4034 et
1516 3980 1860 4049 TbeOpbilus,
1891 3989 1945 4036 et
1972 3981 2143 4052 Cyril-

560 4070 695 4128 lus‘
740 4072 909 4126 sancti
955 4072 1193 4140 episcopi
1246 4070 1626 4126 Alexandrina:
1673 4072 1908 4127 civitatis
1952 4072 2138 4129 crede-

559 4164 719 4231 bant;
752 4181 886 4235 quos
914 4166 1074 4220 etiam
1106 4164 1372 4233 Ephesina
1410 4166 1669 4238 synodus,
1698 4167 1784 4223 cui
1826 4167 1997 4223 beata:
2027 4183 2140 4223 me-

559 4257 745 4312 moria:
769 4255 999 4328 Cyrillus
1024 4258 1253 4328 praefuit,
1286 4256 1340 4311 in
1367 4273 1471 4329 qua
1504 4258 1735 4314 Nestorii
1765 4275 1916 4315 error
1946 4260 2140 4329 expul-

556 4364 649 4405 sus
694 4358 795 4414 est,
836 4359 859 4396 Β
900 4349 952 4404 in
1001 4349 1265 4405 universis
1307 4362 1489 4405 secuta
1534 4360 1646 4417 est;
1694 4368 1827 4421 quos
1875 4360 1929 4407 et
1969 4366 2141 4422 nuper

556 4439 880 4495 venerabilis
901 4439 1138 4512 synodus
1165 4439 1617 4496 Chalcedonensis
1658 4454 1741 4497 est
1769 4450 1972 4506 secuta,
1997 4442 2145 4513 prio-

556 4529 707 4585 ribus
752 4530 994 4585 conciliis
1040 4531 1377 4587 sacerdotum
1426 4547 1492 4588 ex
1540 4535 1685 4588 omni
1732 4550 1952 4604 prorsus
1994 4543 2143 4606 parte

557 4622 916 4687 consentiens,
967 4621 1207 4691 nihilque
1248 4622 1492 4678 adimens
1533 4620 1561 4659 h
1603 4636 1946 4682 sacrosancto
1999 4640 2144 4698 sym-

2247 652 2326 696 sta
2355 644 2717 700 condemnans
2746 660 2760 701 :
2793 644 2965 701 sciant
2992 659 3048 701 se
3087 644 3371 701 haereticos
3399 658 3521 701 esse
3548 646 3793 716 Apollina-

2246 734 2424 791 ristas.
2476 737 2803 808 Apollinaris
2868 737 3011 793 enim
3058 734 3568 794 facinorosissimam
3617 751 3787 797 sectam

2246 823 2516 898 Eutycbes
2559 834 2611 883 et
2645 828 2928 884 Dioscorus
2959 837 3136 884 mente
3165 827 3424 899 sacrilega
3454 837 3577 883 sunt
3612 831 3787 897 secuti;

2247 920 2475 991 ideoque
2497 920 2550 975 hi
2571 934 2758 976 omnes
2787 921 2876 992 qui
2904 920 3230 991 Apollinaris
3254 921 3339 975 vel
3372 920 3673 992 Eutychetis
3695 936 3789 991 per-

2246 1012 2559 1068 versitatem
2586 1022 2903 1083 sequuntur,
2926 1013 3037 1069 illis
3066 1012 3240 1083 poenis
3266 1028 3387 1085 quae
3408 1015 3649 1069 divorum
3673 1024 3789 1070 retro

2246 1102 2547 1173 principum
2575 1103 3046 1160 constitutionibus
3068 1112 3253 1159 contra
3288 1103 3702 1174 Apollinaristas,
3724 1106 3787 1161 vel

2247 1195 2552 1251 serenitatis
2575 1204 2773 1251 nostra:
2796 1193 3135 1262 postmodum
3154 1194 3432 1250 sanctione
3452 1204 3634 1250 contra
3653 1194 3789 1265 Euty-

2246 1288 2562 1354 cbianistas,
2607 1287 2695 1342 vel
2746 1286 2845 1343 hac
2888 1288 3003 1359 ipsa
3053 1287 3429 1358 augustissima
3476 1287 3592 1357 lege
3636 1294 3789 1343 contra

2245 1383 2463 1438 eosdem
2510 1382 2738 1438 decretae
2766 1392 2913 1449 sunt,
2951 1383 3200 1437 noverint
3242 1395 3299 1436 se
3339 1394 3463 1436 esse
3494 1379 3787 1450 plectendos.

2247 1472 2452 1530 Idcirco
2491 1473 2908 1544 Apollinaristm,
2951 1473 3002 1529 id
3046 1483 3127 1528 est
3167 1472 3582 1545 Eutycbianista:
3614 1471 3789 1541 (quibus

2247 1569 2346 1623 etsi
2376 1575 2458 1624 est
2488 1566 2540 1622 in
2569 1566 2927 1638 appellatione
2967 1565 3268 1631 diversitas,
3313 1573 3398 1619 est
3425 1574 3598 1619 tamen
3627 1564 3674 1618 in
3706 1563 3790 1618 bae-

2246 1660 2381 1715 resis
2411 1660 2672 1729 pravitate
2702 1659 3042 1729 coniunctio;
3067 1666 3120 1714 et
3146 1658 3327 1727 dispar
3354 1656 3571 1727 quidem
3604 1670 3787 1724 nomen,

2246 1752 2341 1806 sed
2369 1751 2506 1806 idem
2543 1752 2927 1822 sacrilegium),
2952 1752 3064 1807 sive
3093 1752 3143 1806 in
3173 1749 3273 1806 hac
3314 1752 3457 1805 a‘ma
3493 1750 3625 1806 urbe
3649 1750 3790 1805 diver-

2247 1843 2425 1913 sisque
2465 1843 2771 1913 provinciis,
2804 1842 2919 1899 sive
2948 1842 3001 1897 in
3045 1828 3411 1898 Alexandrina
3449 1842 3675 1910 civitate,
3700 1843 3788 1897 sive

3809 877 3815 921 l

2173 1909 2224 1971 Β
2252 1935 2305 1990 in
2336 1909 2651 2007 Egyptiaca
2692 1909 2911 1992 ditncesi
2955 1943 3102 1999 sunt,
3154 1948 3328 2005 neque
3382 1934 3457 1989 ita
3508 1909 3716 1990 credunt
3748 1939 3791 1987 ut

2248 2027 2486 2097 praedicti
2520 2027 2860 2083 venerabiles
2899 2027 3085 2082 Patres
3131 2026 3446 2093 credebant,
3498 2040 3665 2094 neque
3700 2024 3791 2081 viro

2246 2120 2684 2177 reverentissimo
2712 2119 3091 2175 Alexandrinae
3140 2119 3289 2173 urbis
3326 2118 3554 2174 antistiti
3584 2118 3791 2174 Proterio

2247 2213 2407 2269 fidem
2449 2212 2803 2268 orthodoxam
2833 2212 3036 2268 tenenti
3077 2214 3498 2276 communicant,
3536 2208 3791 2265 secundum

2246 2305 2638 2361 sacratissimas
2680 2304 2927 2359 divorum
2968 2312 3114 2359 retro
3144 2304 3445 2373 principum
3486 2300 3793 2357 constitutio-

2246 2415 2343 2457 nes
2367 2414 2486 2471 quae
2506 2398 2574 2455 de
2600 2396 2996 2469 Apollinaristis
3028 2396 3383 2467 promulgata
3420 2404 3569 2462 sunt,
3598 2408 3699 2449 non
3722 2392 3792 2449 ba-

2246 2493 2406 2549 beant
2436 2500 2755 2562 potestatem
2784 2489 3011 2545 faciendi
3059 2487 3366 2545 testamenti
3396 2484 3412 2525 ί
3447 2496 3503 2543 et
3535 2482 3794 2542 condendte

2246 2585 2447 2640 ultimae
2478 2582 2788 2650 voluntatis,
2822 2596 2994 2653 neque
3021 2580 3073 2636 ld
3105 2580 3319 2651 capiant
3339 2578 3485 2650 quod
3506 2577 3626 2641 ipsis
3653 2592 3713 2633 es
3733 2583 3795 2630 te-

2247 2686 2515 2755 stamento
2556 2677 2872 2747 cujusquam
2920 2673 3078 2729 fuerit
3108 2673 3450 2737 derelictum,
3492 2670 3619 2726 nihil
3661 2670 3794 2726 etiam

2246 2785 2312 2825 ex
2343 2769 2629 2824 donatione
2658 2768 2837 2839 aliqua
2872 2773 3294 2836 consequantur,
3321 2763 3484 2837 244
3503 2763 3597 2820 sed
3624 2765 3670 2818 si
3694 2760 3795 2833 quid

2248 2862 2301 2917 in
2330 2861 2476 2930 ipsos
2511 2860 2594 2915 vel
2624 2859 2944 2915 liberalitate
2967 2859 3217 2924 viventis,
3255 2856 3339 2912 vel
3370 2857 3650 2912 morientis
3669 2853 3797 2910 fuerit

2248 2952 2527 3008 voluntate
2556 2952 2833 3019 collatum,
2880 2952 2933 3006 id
2964 2951 3093 3007 fisco
3133 2958 3317 3006 nostro
3345 2950 3587 3020 protinus
3611 2947 3797 3005 addica-

2250 3054 2352 3097 tur.
2384 3042 2484 3111 Ipsi
2527 3057 2655 3097 vero
2698 3043 2751 3096 in
2795 3040 2969 3097 nullos
2998 3040 3200 3111 aliquid
3232 3054 3298 3095 ex
3329 3037 3669 3095 facultatibus
3708 3036 3797 3092 suis

2248 3134 2554 3190 donationis
2612 3134 2766 3189 titulo
2816 3143 2871 3189 et
2913 3132 3034 3203 jure
3085 3130 3481 3187 transfundam.
3538 3132 3797 3202 Episcopal

2247 3241 2480 3297 quoque,
2508 3224 2590 3282 vel
2614 3226 2977 3297 presbyteros,
3000 3224 3240 3295 aliosque
3258 3225 3488 3280 clericos
3512 3224 3619 3279 illis
3643 3234 3798 3280 creare

2246 3326 2301 3374 et
2330 3317 2528 3373 habere
2555 3333 2661 3373 non
2690 3316 2867 3381 liceat,
2896 3316 3187 3372 scientibus
3216 3325 3321 3370 tam
3356 3314 3369 3365 i
3411 3316 3510 3371 bos
3537 3314 3796 3387 Eutychia-

2245 3410 2415 3466 nistas
2462 3410 2547 3465 vel
2593 3408 3004 3478 Apollinaristas
3050 3408 3138 3478 qui
3189 3406 3306 3463 ausi
3337 3405 3537 3462 fuerint
3581 3407 3797 3475 cuiquam

2245 3503 2504 3573 episcopi,
2532 3503 2611 3557 vel
2640 3500 2962 3572 presbyteri,
2994 3499 3077 3555 vel
3107 3498 3287 3554 clerici
3310 3512 3507 3553 nomen
3528 3497 3798 3569 imponere,

2246 3611 2402 3667 quam
2432 3596 2529 3652 bos
2560 3595 2648 3665 qui
2689 3594 2867 3650 conati
2897 3593 3094 3649 fuerint
3122 3593 3432 3663 impositum
3472 3592 3576 3648 sibi
3623 3602 3795 3646 nomen

2242 3688 2577 3745 sacerdotale
2616 3688 2875 3755 retinere,
2907 3701 3119 3757 pennam
3150 3684 3325 3741 exsilii
3367 3700 3488 3741 cum
3518 3684 3797 3741 facultatum

2243 3796 2464 3837 suarum
2500 3779 2790 3836 amissione
2815 3777 3106 3834 subituros.
3152 3779 3257 3833 Eos
3281 3793 3409 3835 vero
3431 3778 3521 3849 qui
3553 3775 3579 3815 ιι
3606 3774 3800 3831 antehac

2244 3876 2630 3932 catholicarum
2673 3873 3034 3929 Ecclesiarum
3061 3872 3265 3939 clerici,
3308 3872 3394 3928 vel
3424 3872 3732 3927 orthodoxa:
3755 3868 3803 3921 ti-

2247 3970 2335 4025 dei
2385 3965 2632 4023 monacbi
2665 3966 2898 4031 fuerunt,
2948 3976 3001 4020 et
3037 3965 3225 4020 relicto
3253 3981 3386 4021 vero
3428 3974 3483 4021 et
3528 3962 3803 4020 orthodoxb

2244 4059 2630 4131 omnipotentis
2670 4060 2764 4115 Dei
2812 4059 2979 4122 cultu,
3017 4057 3343 4127 Apollinaris
3386 4058 3471 4113 v’el
3516 4056 3805 4129 Eutychetis

2244 4159 2494 4213 haeresim
2539 4166 2595 4212 et
2632 4154 2879 4225 dogmata
2926 4151 3282 4209 abominanda
3317 4151 3513 4208 sectati
3556 4158 3694 4217 sunt,
3733 4142 3803 4199 vel

2246 4260 2431 4323 postea
2455 4250 2826 4314 sectabuutur,
2860 4247 3109 4303 omnibus
3134 4244 3308 4316 poenis
3338 4261 3459 4315 qua:
3486 4246 3575 4301 vel
3603 4243 3714 4307 bac,
3734 4235 3805 4293 vel

2246 4340 2514 4412 prioribus
2537 4339 2741 4409 legibus
2761 4337 3018 4393 adversus
3043 4336 3329 4391 haereticos
3348 4336 3658 4391 constituta:
3678 4337 3803 4393 sunt,

2243 4432 2492 4503 iubemus
2522 4431 2713 4498 teneri,
2757 4437 2810 4485 et
2838 4438 2989 4484 extra
3027 4429 3198 4497 ipsum
3229 4442 3442 4498 quoque
3474 4423 3699 4484 Romani
3726 4422 3807 4475 imo

2249 4526 2381 4597 perii
2415 4525 2591 4580 solum
2620 4524 2765 4595 pelli,
2812 4522 2952 4578 sicut
2980 4521 3046 4577 de
3074 4521 3378 4577 Manichaeis
3406 4516 3805 4592 praecedentium

2250 4623 2428 4692 legum
2456 4628 2658 4676 statuta
2688 4626 3002 4673 sanxerunt.
3045 4613 3290 4672 Universi
3320 4627 3590 4687 praeterea
3621 4610 3805 4687 Apolli-

557 4776 938 4845 exemplarium
964 4774 1163 4831 Rustici
1190 4794 1202 4830 :
1233 4776 1418 4834 Verum
1460 4780 1512 4834 in
1550 4781 1644 4834 hoc
1673 4781 1830 4834 secuti
1861 4789 2131 4835 consuetu-
2157 4780 2209 4842 D
2234 4780 2381 4837 bum.

558 4849 727 4901 dinem
769 4856 1013 4912 nostram,
1062 4858 1320 4903 noscentes
1366 4867 1474 4916 prae
1510 4852 1740 4906 omnibus
1765 4852 1902 4919 quod
1931 4848 2132 4904 Divini-

557 4928 637 4973 tas
664 4920 845 4985 pietate
874 4918 1099 4990 laetatur,
1128 4936 1325 4990 paruam
1349 4934 1618 4976 nocentum
1646 4918 1958 4976 credidimus
1980 4921 2130 4989 cli/fc-

558 4990 788 5065 rendam,
818 4990 1001 5065 iterata
1037 4988 1135 5041 hac
1178 4993 1456 5046 sancientes
1492 5001 1691 5047 Nostra:
1721 4993 1997 5046 clementia:
2014 4988 2134 5065 jus-

559 5062 717 5122 sione,
748 5069 804 5113 ut
830 5061 881 5112 in
913 5061 1162 5128 futurum,
1190 5068 1295 5115 etc.

627 5140 655 5167 ⁴ι
686 5128 856 5185 Codd.
885 5130 1087 5185 Rustici
1117 5146 1235 5185 cum
1263 5133 1431 5196 vulg.,
1466 5133 1806 5188 tradiderunt.

627 5149 655 5167 "
686 5149 856 5185 bona.
888 5149 1087 5185 “USIICI
1117 5149 1235 5185 cum
1263 5149 1351 5187 νυι
1396 5174 1431 5196 .,
1466 5149 1806 5188 tradiderunt.

626 5198 654 5238 ι)
678 5201 765 5255 Sic
787 5201 983 5268 Quesn.
1014 5216 1136 5256 cum
1162 5212 1343 5256 nostro
1355 5149 1485 5256 ξω.
1511 5212 1565 5259 et
1590 5204 1787 5259 Veron.
1816 5202 1880 5259 57
1905 5202 2129 5269 Rustici,

556 5271 878 5342 astipulante
905 5272 1094 5327 Graeco
1132 5280 1297 5327 textu.
1331 5271 1515 5340 Vind.,
1542 5289 1614 5328 vn
1659 5276 1794 5328 idus.
1826 5276 1938 5328 Duo
1967 5274 2125 5330 codd.

557 5343 763 5399 Rustici
789 5342 927 5411 apud
956 5342 1247 5405 Baluzium,
1276 5359 1328 5397 Vl
1354 5343 1489 5398 idus.

631 5423 654 5452 ο
686 5412 901 5483 Legitur
928 5413 979 5468 in
1010 5428 1139 5469 mss.
1177 5414 1333 5483 hujus
1360 5415 1711 5482 eollectionis,
1754 5416 1807 5469 in
1835 5414 1958 5470 Vat.
1990 5416 2128 5470 1522

556 5493 613 5542 et
642 5486 695 5539 in
734 5484 883 5554 Hisp.
914 5484 1132 5557 acglsid.
1172 5484 1229 5557 in
1273 5484 1503 5557 vulgatis
1544 5485 1902 5541 Conciliorum
1935 5486 2131 5557 legitur

557 5564 696 5625 part.
727 5570 784 5609 tu
818 5553 1034 5625 geoncilii
1064 5553 1534 5623 Chalcedonensis,
1577 5572 1627 5612 c.
1664 5558 1746 5613 19.
1790 5553 2020 5611 Titulutn
2060 5557 2129 5612 ad

556 5624 659 5682 ins.
692 5624 850 5681 Vind.
881 5626 1176 5696 exegimus.

628 5696 655 5732 ά
684 5696 851 5751 Codd.
878 5695 1038 5751 Vind.
1078 5707 1133 5752 et
1158 5697 1307 5765 Vat.,
1343 5697 1479 5753 Licet
1519 5699 1692 5753 etiam.
1738 5697 1958 5761 Crabb.,
1989 5698 2129 5753 Licet

560 5768 665 5835 iam
686 5767 857 5821 etiam.
886 5767 1017 5823 Dein
1044 5766 1269 5835 Quesn.,
1300 5770 1701 5824 mansuetudinis
1740 5784 1886 5826 mete.
1918 5769 2131 5825 Substi-

560 5837 757 5892 luimus
784 5845 972 5892 nostra
992 5853 1063 5894 ex
1086 5838 1242 5894 codd.
1271 5839 1432 5894 Vind.
1459 5851 1513 5896 et
1532 5838 1651 5894 Vat.
1678 5839 1816 5907 Mox,
1846 5842 2128 5895 exercenda

555 5909 623 5964 sit
652 5907 703 5965 in
733 5922 861 5966 mss.
894 5908 1015 5964 Vat.
1047 5907 1190 5965 His'o.
1225 5919 1279 5967 et
1308 5908 1460 5967 lsid..
1503 5926 1599 5967 nec
1640 5927 1745 5968 non
1786 5911 1926 5974 apud
1959 5910 2126 5967 Crab-

2312 4860 2335 4888 ε
2357 4846 2527 4903 Codd.
2562 4836 2709 4913 Hisp.
2739 4852 2793 4899 et
2818 4844 2889 4899 ls.
2911 4858 3031 4899 cum
3055 4842 3300 4911 Merlino,
3334 4845 3414 4898 vel
3443 4845 3521 4899 ita
3545 4846 3600 4900 iu
3627 4851 3807 4913 centum

2236 4930 2283 5000 ert
2307 4911 2701 5000 quinquagintd.
2727 4916 2860 4970 Dein
2885 4913 3150 4982 Crabbus,
3189 4920 3277 4985 qui
3316 4917 3369 4969 in
3394 4917 3495 4970 hac
3539 4915 3675 4969 alma
3702 4911 3807 4967 urbe

2238 4988 2828 5055 Constantinopolitaua.

2311 5060 2331 5100 τ
2350 5059 2529 5139 _lidetn
2570 5058 2727 5139 codd.
2770 5072 2901 5139 cum.
2937 5056 3159 5139 Merlino
3188 5066 3244 5114 et
3290 5055 3479 5139 Crab.,
3514 5067 3707 5113 sancta:
3737 5069 3807 5109 re-

2236 5130 2550 5187 cordationis
2578 5128 2824 5199 episcopi.
2858 5126 2978 5182 Mox
3007 5129 3192 5195 Crab.,
3221 5128 3580 5183 crediderunt.

2311 5213 2335 5251 ε
2363 5202 2486 5256 Mss.
2520 5198 2695 5268 Hi5p.,
2727 5198 2796 5252 Is.
2826 5207 2880 5252 et
2908 5199 3085 5269 Merl.,
3117 5200 3377 5254 universos
3420 5212 3602 5255 secuta
3636 5208 3739 5255 εει*
3763 5202 3810 5251 et

2239 5285 2362 5346 post
2392 5285 2578 5341 pauca,
2608 5269 3061 5323 consentientibus.

2307 5343 2335 5382 ιι
2365 5343 2523 5399 Solus
2545 5340 2769 5407 Quesn.,
2802 5349 2995 5394 sancto.

2314 5414 2331 5453 ί
2728 5380 2880 5479 Ιίίερ.
2904 5422 2956 5466 et
2986 5410 3081 5478 ls.,
3107 5426 3228 5466 cum
3256 5411 3435 5477 Merl.,
3478 5428 3576 5468 nec
3601 5412 3809 5467 conden-

2237 5488 2336 5551 dae,
2365 5494 2419 5541 et
2446 5482 2601 5553 paulo
2619 5490 2750 5553 post
2776 5484 3100 5553 proicapiant
3132 5483 3333 5538 habent
3360 5485 3657 5552 acquirunt.
3728 5550 3759 5553 _
3814 5518 3817 5523 μ

2311 5559 2326 5607 f
2358 5550 2516 5612 Crab.
2544 5552 2699 5623 delet,
2722 5550 2833 5623 hos.
2856 5550 2986 5623 Vat.
3019 5553 3169 5623 Hisp.
3200 5564 3255 5608 et
3282 5550 3444 5618 lsid.,‘
3469 5564 3581 5609 tam
3607 5555 3688 5608 his
3714 5550 3814 5606 Eu-

2236 5623 2579 5709 tychianistis,
2622 5621 2701 5677 vel
2731 5621 3200 5692 Αροιιίηανίδιίεξ...
3230 5640 3380 5694 quam
3406 5623 3587 5682 Νι...
3627 5635 3813 5696 panum

2235 5716 2289 5851 ff
2311 5696 2625 5851 :xéig'inss.
2648 5766 2828 5851 .Viud.
2858 5764 3099 5851 etCrab.
3126 5765 3461 5839 Quesnellus,
3510 5776 3653 5825 ante.
3688 5762 3811 5823 Dein

2236 5838 2359 5898 Vat.
2388 5838 2537 5911 Hisp.
2564 5847 2619 5896 et
2646 5838 2741 5908 15.,
2767 5838 3007 5896 derelicto
3036 5853 3190 5895 vero“
