3992 6348
293 396 394 454 553

740 396 971 457 CODEX
1008 400 1333 459 CANONUM
1373 398 1649 459 ECCLES.
1692 398 1781 458 ΕΤ
1818 401 2395 463 LONSTITUTORUM
2432 404 2490 463 S.
2532 406 2725 464 SEDIS
2762 403 3074 466 APOSTOL

3440 408 3547 463 554

290 512 509 567 uariata
551 512 635 568 vel
666 509 1083 586 Eutycbianistaa
1111 530 1211 572 nec
1250 516 1509 573 ecclesias
1536 529 1641 571 nec
1684 530 1868 571 mona—
1895 520 1949 580 Α
1970 516 2203 587 jusmodi
2233 518 2432 576 habere
2458 520 2622 577 libros
2642 531 2697 578 et
2724 522 2979 591 sacrilega
3010 522 3327 592 scriptorum
3355 520 3549 576 audeat

288 602 454 658 aeria
497 602 599 660 sibi
632 611 657 641 α
686 607 1045 675 constituant;
1087 622 1451 681 parasynaxes
1494 615 1549 663 et
1584 608 1863 663 conventi-

1953 610 2299 665 -ntonimenla
2342 628 2579 669 servare.
2626 614 2778 683 Quod
2819 614 2863 669 si
2895 614 2984 683 qui
3030 614 3081 669 in
3112 612 3195 668 his
3234 611 3546 667 criminibus

291 694 411 751 eula
433 703 546 750 tam
577 695 767 753 diurna
795 714 954 769 quam
984 708 1246 755 nocturna
1273 714 1379 755 non
1407 699 1748 767 contrahant,
1777 715 1872 755 ne-
1972 700 2169 756 fuerint
2206 703 2559 773 deprehensi,
2592 718 2846 777 perpetua
2894 706 3261 774 deportatioue
3288 706 3547 759 damnen-

290 802 397 858 que
422 789 491 843 ad
519 788 757 860 domum,
805 806 979 863 neque
1007 792 1073 848 ad
1106 793 1499 863 possessionem
1535 794 1867 864 cujusquam,

292 899 468 957 neque
506 886 573 941 ad
619 888 1026 955 monasterium,
1059 890 1143 946 vel
1182 889 1247 945 ad
1287 905 1659 961 quemcunque
1683 890 1708 929 δ
1738 890 1872 945 alte-

290 992 410 1035 rum
441 980 616 1036 locum
645 982 919 1052 operaturi
951 990 1111 1038 secta:
1143 984 1519 1039 luneSIissimze
1546 999 1874 1054 congregen-

295 1080 403 1127 tur.
436 1072 590 1140 Quod
628 1073 673 1128 si
720 1073 968 1142 fecerint,
1006 1084 1061 1131 et
1100 1075 1202 1131 hoc
1233 1075 1431 1131 factum
1461 1073 1624 1131 fuisse
1656 1075 1874 1131 domino

292 1166 506 1223 volente
551 1168 871 1235 constiterit,
920 1176 1042 1238 post
1079 1184 1191 1223 rem
1241 1167 1299 1223 in
1344 1168 1593 1224 examine
1624 1179 1645 1207 ⁸
1674 1167 1874 1238 judicis

291 1259 666 1328 approbatam,
688 1259 880 1315 donius
905 1260 988 1315 vel
1019 1262 1286 1330 possessio
1317 1262 1368 1315 in
1391 1276 1495 1330 qua
1522 1260 1877 1321 convenerint

293 1350 423 1407 ﬁsco
450 1350 568 1407 sine
596 1351 853 1407 dilatione
881 1352 1148 1419 societur;
1181 1354 1569 1410 monasterium
1604 1370 1731 1409 vero
1760 1354 1877 1423 ejus

292 1441 524 1497 civitatis
544 1444 866 1499 orthodoxa:
888 1443 1144 1499 Ecclesia:
1166 1447 1215 1499 in
1233 1445 1390 1512 cujus
1412 1445 1683 1501 territorio
1699 1446 1879 1516 estju-

291 1528 479 1587 bemus
490 1531 689 1588 addici.
708 1534 761 1589 Si
776 1548 905 1589 vero
918 1534 1195 1605 ignorante
1207 1535 1446 1602 domino,
1464 1535 1664 1592 sciente
1676 1552 1803 1593 vero
1813 1552 1878 1593 eo

292 1622 382 1693 qui
404 1621 729 1693 pensiones‘l
745 1625 938 1681 domus
958 1626 1144 1697 exigit,
1166 1627 1251 1683 vel
1275 1627 1618 1695 conductore,
1643 1630 1726 1684 vel
1753 1643 1879 1698 pro-

292 1722 564 1780 curatore,
587 1714 670 1770 vel
702 1724 885 1771 actore
919 1718 1123 1787 praedii,
1152 1732 1509 1790 parasynaxes
1533 1729 1587 1775 et
1611 1720 1883 1776 conventi-

292 1809 413 1863 cula
434 1807 718 1865 interdicta
735 1810 1050 1881 collegerint
1070 1828 1083 1877 ;
1108 1811 1426 1878 conductor,
1441 1815 1522 1868 vel
1540 1824 1877 1883 procurator,

1975 803 2076 849 tur.
2114 796 2217 850 Eos
2258 811 2382 851 vero
2427 799 2517 867 qui
2560 800 2801 855 discendi
2845 802 3019 854 studio
3045 800 3312 854 audierint
3354 798 3421 853 de
3468 800 3549 852 in-

1974 884 2141 939 fausta
2174 884 2364 940 hwresi
2395 887 2746 957 disputantes,
2771 891 2954 946 decetn
2996 892 3248 944 librarum
3289 906 3400 944 auri
3432 906 3554 958 quia

1976 974 2105 1031 ﬁsco
2132 987 2316 1032 nostro
2344 978 2633 1034 inferenda:
2670 989 2825 1043 sunt,
2852 982 2962 1051 jubi
2984 1000 3100 1037 mus
3131 984 3307 1036 subEre
3337 983 3557 1051 dispen-

1976 1067 2143 1123 dium.
2181 1068 2379 1123 Omnes
2429 1084 2556 1123 veru
2586 1069 2883 1139 hujusmodi
2939 1075 3139 1127 charta:
3190 1088 3251 1125 ac
3298 1070 3417 1126 libri
3462 1086 3553 1138 qui

1976 1158 2244 1214 funestum
2303 1159 2645 1232 Eutychetis,
2686 1162 2786 1215 hoc
2831 1171 2917 1217 est
2970 1163 3312 1232 Apollinaris,
3356 1162 3558 1217 fuerint

1977 1252 2173 1323 dogma
2200 1253 2493 1322 complexi,
2539 1253 2784 1307 incendio
2827 1268 3277 1309 concrementur:
3323 1264 3379 1308 ut
3424 1252 3557 1307 faci-

1979 1363 2187 1402 norosze
2228 1348 2592 1416 perversitatis
2624 1348 2839 1418 vestigia
2885 1348 2997 1418 ipsa
3045 1348 3272 1404 ﬂammis
3313 1349 3554 1401 ambusta

1979 1442 2289 1511 depereant.
2325 1441 2558 1511 Equum
2600 1457 2828 1512 namque
2858 1451 2941 1497 est
2970 1451 3028 1496 ut
3054 1441 3434 1495 immanissima
3466 1456 3558 1494 sa-

1970 1534 2194 1603 crilegia
2213 1549 2310 1603 par
2328 1549 2497 1603 preme
2522 1533 2829 1605 magnitudo
2847 1534 3123 1604 percellat,
3146 1531 3341 1585 Palladi
3368 1545 3559 1599 parens

1982 1626 2297 1682 charissime
2348 1636 2507 1697 atque
2562 1627 2951 1682 amantissime.
3015 1624 3239 1678 lllustris
3300 1623 3455 1691 igitur
3509 1631 3565 1676 et

1984 1719 2261 1789 magniﬁca
2289 1722 2579 1774 auctoritas
2601 1728 2687 1775 tua
2707 1759 2723 1784 ,
2751 1734 2869 1789 qua:
2909 1720 3009 1773 hac
3050 1716 3405 1773 sacratissima
3436 1731 3564 1768 con-

1984 1810 2263 1867 stitutione
2309 1811 2469 1882 2&6
2503 1812 2860 1876 decrevimus,
2887 1811 2939 1864 in
2980 1809 3080 1865 bac
3125 1809 3266 1864 alma
3305 1809 3457 1875 urbe,
3487 1808 3569 1861 di-

290 1902 410 1957 slve
426 1912 599 1968 actor,
623 1917 718 1958 seu
739 1905 1085 1975 tquicunque
1106 1917 1211 1972 est,
1235 1906 1325 1977 qui
1344 1907 1395 1961 in
1418 1906 1599 1973 domo,
1615 1909 1727 1965 sive
1754 1924 1877 1979 pos-
1905 1899 1956 1961 Β
1983 1903 2259 1971 versisque
2303 1903 2618 1973 provinciis,
2661 1917 2725 1957 ac
2779 1902 3046 1973 praecipue
3096 1903 3149 1956 in
3207 1899 3568 1956 Alexandrina

289 1992 558 2061 sessione,
580 1995 666 2050 vel
699 1998 1022 2051 monasterio
1046 2012 1139 2052 eos
1166 2000 1451 2068 receperit,
1474 2008 1530 2056 et
1546 2014 1736 2064 passus
1759 2003 1876 2056 lue-

290 2086 365 2142 rit
408 2086 623 2143 illicitas
662 2104 1025 2162 parasynaxes
1062 2102 1466 2164 conventusque
1511 2078 1796 2160 celebrari,
1833 2096 1877 2150 si

291 2178 418 2233 vilis
471 2177 795 2236 conditionis
830 2190 916 2237 est
950 2192 1004 2236 et
1047 2183 1303 2252 abjectze,
1356 2183 1580 2238 fustibus
1629 2185 1874 2255 publice,

290 2282 349 2328 et
388 2273 442 2327 in
473 2287 685 2342 poenam
714 2289 886 2340 suam,
914 2283 968 2330 et
1005 2276 1056 2329 in
1087 2276 1312 2331 aliorum
1342 2286 1655 2333 coerceatur
1698 2294 1879 2333 exem—

290 2364 479 2434 plum;
511 2363 669 2437 πε
698 2366 742 2419 si
784 2382 911 2421 vero
950 2367 1187 2421 honesta:
1226 2383 1468 2437 persona:
1502 2378 1656 2435 sunt,
1690 2368 1879 2425 decem

293 2454 464 2511 libras
491 2457 609 2511 auri
640 2458 852 2512 mulctzn
880 2458 1097 2513 nomine
1119 2457 1261 2530 fisco
1289 2470 1472 2514 nostro
1513 2468 1771 2530 cogantur
1800 2461 1883 2514 in-

292 2545 461 2603 ferre.
492 2547 700 2603 Nullum
730 2557 987 2619 praeterea
1018 2528 1447 2619 Apollinaristam
1478 2551 1559 2605 vel
1587 2528 1881 2623 Eutychia-

290 2639 498 2697 nistam
524 2640 591 2696 ad
622 2641 855 2713 aliquam
882 2643 1129 2714 jubemus
1155 2647 1394 2714 aspirare
1419 2644 1693 2714 militiam,
1729 2644 1747 2683 ί
1780 2644 1882 2701 nisi

289 2732 362 2788 ad
391 2734 804 2790 cohortilianam
842 2736 926 2791 vel
963 2736 1312 2795 limitaneam.
1350 2736 1405 2794 Si
1436 2738 1527 2809 qui
1570 2753 1697 2794 vero
1732 2752 1881 2794 extra

291 2825 705 2881 cohortilianam
744 2827 828 2882 vel
870 2827 1197 2883 limitaneam
1245 2829 1447 2884 inventi
1494 2830 1692 2885 iuerint
1742 2830 1885 2885 mili-

294 2926 440 2983 tare,
469 2916 648 2971 soluto
680 2917 917 2988 cingulo,
950 2919 1296 2975 honestorum
1325 2919 1600 2975 hominum
1622 2930 1678 2976 et
1702 2920 1881 2990 palatii

292 3009 675 3067 communione
705 3014 1010 3080 priventur;
1049 3020 1073 3058 ι
1102 3026 1201 3067 nec
1228 3011 1278 3066 in
1312 3012 1412 3067 alia
1451 3027 1610 3082 quam
1641 3014 1693 3067 in
1737 3028 1800 3067 ea
1829 3012 1881 3066 in

292 3116 399 3174 qua
429 3102 539 3157 nati
581 3113 707 3157 sunt
734 3101 972 3167 civitate,
1004 3104 1087 3159 vel
1115 3103 1235 3159 vico
1263 3119 1325 3158 ac
1346 3103 1565 3173 regione
1582 3113 1879 3160 versentur.

296 3193 354 3250 Si
381 3194 471 3266 qui
499 3208 631 3249 vero
666 3192 719 3248 in
748 3192 848 3248 hac
876 3194 1014 3249 alma
1054 3194 1185 3250 urbe
1223 3196 1330 3249 nati
1359 3205 1517 3265 sunt,
1561 3204 1665 3250 tam
1703 3211 1886 3252 sacra-

300 3287 507 3343 tissimo
532 3287 789 3343 comitatu
828 3302 985 3358 quam
1029 3288 1174 3344 omni
1205 3304 1300 3359 per
1338 3290 1641 3360 provincias
1677 3300 1878 3347 metro-
1908 3272 1956 3334 (ἶ

306 3380 515 3451 politica
534 3379 753 3438 civitate
772 3381 1056 3451 pellantur.
1072 3380 1210 3437 Nulli
1228 3383 1444 3454 insuper
1462 3381 1880 3455 Eutychianistie

311 3471 394 3525 vel
423 3473 807 3542 Apollinaristze
836 3473 1047 3543 publice
1075 3474 1160 3529 vel
1192 3473 1436 3544 privatim
1458 3474 1751 3529 advocandi
1772 3489 1881 3530 caa-

305 3570 393 3618 tus
420 3576 470 3619 et
496 3563 725 3620 circulos
753 3565 1105 3620 contrahendi
1125 3606 1139 3628 .
1182 3563 1209 3602 ιι
1237 3576 1289 3621 et
1315 3566 1382 3621 de
1414 3566 1667 3623 haeretica
1697 3582 1881 3623 errore

294 3653 627 3725 disputandi,
656 3672 721 3712 ac
754 3658 1159 3728 perversitatem
1191 3657 1475 3713 facioorosi
1505 3658 1767 3729 dogmatis
1795 3674 1883 3713 as-

289 3748 544 3814 serendi,
577 3747 837 3803 tribuatur
866 3747 1110 3804 facultas.
1151 3748 1290 3803 Nulli
1321 3750 1481 3804 etiam
1509 3759 1691 3804 contra
1722 3764 1885 3805 vene-

289 3838 526 3894 rabilem
556 3836 1051 3894 Chalcedonensem
1078 3839 1341 3911 synodum
1376 3841 1532 3895 liceat
1562 3841 1763 3911 aliquid
1797 3844 1883 3897 vel

288 3930 524 3994 dictare,
553 3930 634 3984 vel
663 3931 918 3995 scribere,
953 3929 1034 3984 vel
1064 3931 1224 3986 edere
1253 3941 1409 4003 atque
1437 3933 1704 3999 emittere,
1742 3932 1758 3969 ί
1792 3942 1885 3987 aut

284 4021 524 4076 aliorum
564 4035 725 4090 super
753 4020 938 4076 eadem
989 4021 1246 4092 rescripta
1292 4023 1559 4092 proferre,
1594 4039 1752 4080 nemo
1782 4024 1880 4079 hu-

363 4173 392 4200 ⁸
423 4161 590 4217 Crah.
634 4176 757 4216 eum
798 4175 927 4216 mss.
969 4160 1092 4218 Vat.
1128 4160 1278 4231 Hisp.
1325 4170 1380 4216 et
1419 4161 1509 4229 ιι,
1557 4172 1873 4216 construant.

280 4230 411 4289 Mox
447 4233 501 4287 bi
532 4232 689 4288 codd.
723 4247 841 4285 cum
876 4232 1053 4299 Merl.,
1098 4230 1260 4299 neque
1287 4249 1505 4302 synaxes
1543 4241 1592 4287 et
1618 4234 1869 4286 conventi-

278 4308 432 4358 cula.
463 4303 691 4371 Quesn.,
717 4318 1083 4373 purasynaxes,
1110 4304 1162 4355 id
1201 4304 1672 4373 estrcouventicula.
1696 4304 1877 4359 Secuti

278 4390 486 4430 sumus
505 4373 665 4427 Crab.
699 4382 754 4428 et
779 4372 908 4427 mss.
938 4373 1147 4429 Tbuan.
1172 4388 1235 4428 ac
1254 4372 1439 4440 Vind.,
1467 4373 1716 4429 similiter
1736 4377 1877 4428 enim

276 4446 454 4517 paulo
480 4445 758 4517 postapud
785 4456 973 4517 omnes
1002 4444 1210 4517 legitur.

359 4515 391 4555 b
426 4513 568 4569 Cod.
597 4513 777 4576 Vind.,
807 4513 1083 4569 alternum.
1112 4514 1296 4576 Crab.,
1321 4514 1553 4569 alterius.
1587 4514 1715 4569 Dein
1739 4513 1878 4568 idem

1983 1997 2227 2062 civitate,
2272 2006 2326 2052 et
2381 2012 2473 2066 per
2521 1998 2823 2052 universam
2872 1994 3239 2066 Egyptiacam
3290 1994 3569 2050 dioecesim

1983 2088 2173 2143 edictis
2213 2104 2277 2142 ex
2318 2104 2469 2142 more
2501 2086 2810 2158 propositis,
2843 2087 2907 2141 ad
2939 2089 3175 2141 omnium
3205 2088 3447 2141 notitiam
3487 2086 3569 2139 la-

1983 2182 2089 2235 ciat
2122 2179 2403 2251 pervenire
2433 2196 2445 2231 :
2481 2190 2536 2233 ut
2561 2189 2749 2233 cuncta
2794 2194 2954 2247 quam
2998 2179 3281 2235 statuimus
3316 2179 3328 2229 i
3369 2180 3447 2233 eis
3478 2180 3568 2248 qui

1984 2274 2063 2330 rei
2096 2274 2290 2328 fuerint
2334 2272 2685 2341 deprehensi,
2725 2271 2983 2326 severitas
3024 2273 3268 2341 protinus
3306 2286 3570 2326 exercea-

1987 2374 2118 2420 tur:
2162 2366 2457 2419 scientibus
2506 2366 2933 2421 moderatoribus
2983 2364 3417 2434 provinciarum,
3472 2382 3569 2418 eu-

1986 2472 2209 2527 rumque
2235 2458 2651 2527 apparitoribus,
2675 2458 3046 2513 defensoribus
3069 2456 3230 2512 etiam
3261 2457 3568 2520 civitatum,

1984 2550 2127 2619 quod
2155 2550 2198 2604 si
2230 2563 2291 2603 ea
2320 2564 2439 2619 quae
2471 2549 2603 2619 legis
2646 2549 2805 2618 hujus
2848 2548 3254 2619 religiosissima
3293 2549 3569 2603 sanctione

1984 2640 2330 2697 custodienda
2360 2640 2726 2709 decrevimus,
2757 2650 2849 2694 aut
2880 2640 3243 2709 neglexerint,
3277 2648 3367 2693 aut
3392 2639 3570 2707 aliqua

1989 2733 2339 2802 permiserint
2386 2733 2686 2787 temeritate
2738 2732 2953 2799 violari,
3006 2731 3263 2785 denarum
3314 2730 3570 2785 librarum

1987 2826 2105 2880 auri
2136 2826 2388 2881 mulctam
2421 2824 2551 2881 ﬁsco
2590 2835 2776 2881 nostro
2808 2833 3069 2894 cogentur
3097 2823 3325 2889 inferte,
3357 2822 3383 2859 ¹ί
3408 2832 3461 2877 et
3491 2824 3570 2875 in.

1988 2935 2149 2989 super
2186 2918 2599 2973 existimationis
2632 2932 2741 2973 sua:
2772 2917 3063 2987 periculum
3098 2915 3458 2971 sustinebunt.
3495 2915 3569 2971 Ea

1987 3028 2200 3084 quoque
2229 3011 2245 3050 ¹
2275 3030 2395 3084 quae
2420 3014 2487 3069 de
2513 3014 2733 3083 paganis
2762 3026 2854 3082 per
2881 3026 3040 3067 omne
3069 3011 3365 3065 Romanum
3395 3007 3570 3078 impc-

1988 3107 2126 3161 rium
2158 3106 2380 3160 valitura
2416 3106 2697 3175 aequaliter
2725 3105 3071 3174 perennitatis
3100 3113 3297 3158 nostra:
3328 3102 3443 3172 lege
3472 3100 3569 3154 de-

1988 3204 2290 3266 crevimus,
2344 3200 2399 3255 in
2453 3216 2547 3255 eos
2603 3199 2988 3255 instantissime
3036 3207 3388 3253 exerceantur
3435 3210 3569 3266 quos

1985 3293 2290 3349 constiterit
2308 3292 2559 3362 profanos
2585 3292 2719 3347 ritus
2739 3306 2802 3346 ac
2819 3290 3225 3347 simulacrorum
3256 3288 3446 3358 impios
3461 3288 3571 3341 cul-

1986 3395 2093 3453 tus,
2117 3393 2172 3441 et
2194 3384 2470 3439 interdicta
2500 3383 2598 3437 sibi
2628 3382 2907 3453 sacrilegia
2928 3381 3222 3436 celebrare.
3248 3380 3376 3433 Data
3398 3388 3436 3414 ιιι
3463 3377 3569 3433 kal.

1986 3475 2149 3545 Aug.,
2175 3473 2656 3543 Constantinopoli,
2697 3471 2824 3526 divo
2857 3470 3227 3525 Valentiniano
3252 3470 3490 3538 Augusto
3520 3476 3571 3521 ct

1987 3567 2255 3625 Anthemo
2276 3566 2390 3621 viro
2410 3566 2705 3620 clarissimo
2726 3564 3054 3619 consulibus.

2469 3675 2857 3733 CAPITULUII
2898 3674 3069 3729 XXIX

1988 3780 2016 3809 ιι
2046 3770 2282 3843 Epistula
2318 3770 2587 3824 decretalis
2614 3768 2795 3843 iSiricii
2831 3782 2978 3835 papa:
3003 3768 3069 3843 ad
3081 3838 3091 3843 _
3117 3765 3403 3843 Himeriuin
3435 3764 3571 3819 Tar—

2193 3857 2516 3895 raconeitsem
2542 3842 2861 3911 episcopum,
2884 3848 2908 3874 ο
2933 3838 3025 3891 sub
3052 3838 3214 3890 titulis
3244 3852 3351 3890 xvi.

2144 3933 2375 3989 Sintcws
2407 3943 2431 3981 P
2463 3932 2692 3987 HlllElth
2725 3929 3114 3985 Tarraconensi
3136 3930 3407 3999 episcopo.

2059 4026 2271 4082 Directa
2310 4024 2375 4079 ad
2406 4026 2743 4079 decessorem
2795 4034 3036 4079 nostrum
3085 4029 3283 4077 sancta:
3319 4018 3570 4076 recorda-

2056 4174 2081 4212 8
2111 4165 2273 4219 Crab.
2297 4179 2419 4219 cum
2442 4162 2565 4217 Vat.
2593 4162 2750 4230 1322,
2779 4177 2870 4215 nec
2895 4162 2950 4214 in
2973 4159 3179 4231 aliqua;
3212 4166 3268 4215 et
3295 4160 3571 4230 aliquanto

1981 4245 2104 4306 post
2134 4235 2550 4304 metropolitano.

2056 4304 2084 4342 ιι
2110 4300 2311 4371 Ονιιι».,’
2336 4315 2387 4359 et
2428 4305 2661 4357 Itwretico
2700 4319 2842 4356 more
2880 4302 3200 4372 disputandi.
3250 4300 3412 4365 Dein,
3476 4316 3571 4370 pro

1985 4378 2238 4448 dagmatis
2258 4376 2377 4430 cod.
2403 4374 2581 4448 Oxon.
2610 4374 2769 4427 habet
2789 4376 2976 4448 erroris
2998 4390 3016 4438 ;
3036 4373 3404 4448 pro_asserendi
3425 4375 3572 4448 solus

1983 4442 2188 4515 Qu'esn.
2214 4447 2505 4507 astruendi;
2534 4455 2586 4499 et
2629 4460 2722 4512 pro
2750 4445 3001 4498 tribuatur
3028 4444 3197 4515 Crab.
3215 4443 3295 4515 ait
3326 4442 3566 4511 facultas.

2065 4516 2081 4556 ί
2115 4520 2221 4575 Sex
2257 4526 2542 4587 sequentes
2569 4517 3091 4587 _voces_omittn_ntur
3124 4530 3153 4567 a
3184 4514 3407 4568 Merlino
3430 4532 3566 4587 cuin

273 4586 455 4643 Crah.
489 4601 609 4640 cum
654 4586 804 4654 llisp,
835 4596 887 4639 et
911 4584 1014 4639 Isid
1045 4625 1063 4651 ,
1092 4593 1399 4651 operatores.
1430 4587 1654 4653 Quesn.,
1695 4601 1875 4653 opera-
1909 4579 1962 4640 Ι)
1986 4588 2132 4646 Vat..
2158 4579 2517 4656 llisp.:.'clsid.
2540 4585 2724 4656 Moxjti
2742 4584 2863 4640 Vat.
2883 4585 3567 4656 {522,rescriptaconferre.

275 4661 388 4712 turi
423 4667 579 4711 secti:
617 4656 973 4725 funestissimie
1018 4656 1275 4723 dogmata.
1320 4656 1619 4711 Delevimus
1659 4658 1875 4709 vurlium

271 4730 540 4800 dogmata
557 4741 678 4781 cum
696 4726 944 4800 omnibus
960 4725 1115 4800 codd.
1137 4738 1189 4780 et
1202 4728 1344 4800 vulg.
1362 4744 1376 4791 ;
1394 4742 1492 4781 nec
1517 4727 1876 4800 necessarium

270 4796 388 4865 est,
410 4799 461 4852 si
484 4812 641 4852 voces
662 4807 808 4850 secta:
824 4796 1182 4865 funestissima:
1205 4798 1358 4850 tertio
1377 4806 1507 4853 essu
1523 4798 1876 4866 accipiantur.

357 4882 383 4940 ς
414 4869 514 4925 Sic
535 4866 718 4932 Vind.,
750 4867 869 4940 Vat.
896 4874 952 4923 et
978 4867 1137 4922 Crab.
1161 4868 1498 4937 Quesnellus,
1522 4869 1732 4940 judicii.

350 4939 383 4979 ἀ
411 4945 629 5001 Oxum,
658 4938 873 4991 domini.

355 5020 385 5049 ο
422 5010 616 5074 Crab.,
648 5010 931 5078 quicunque
977 5024 1060 5062 eos
1098 5008 1150 5061 in
1176 5009 1378 5075 domus,
1422 5008 1499 5063 uel
1526 5008 1577 5062 in
1602 5012 1878 5079 possessio-

267 5098 442 5161 nem!
499 5082 576 5132 rel
605 5080 970 5161 monasterium
1018 5081 1329 5161 receperint,
1374 5095 1435 5132 ac
1459 5083 1632 5161 passi
1664 5081 1875 5150 fuerint.

270 5147 460 5209 Vind.
496 5163 707 5219 quoque
737 5147 895 5204 habet
924 5147 1220 5219 receperint,
1251 5166 1310 5202 ac
1332 5147 1709 5219 passi'fueriut.

357 5220 381 5262 ί
415 5219 890 5291 Quesu.pra:lixis
934 5219 1140 5275 duobus
1171 5223 1380 5287 punctis
1418 5223 1658 5291 sequitur
1686 5222 1802 5275 sic:
1831 5232 1878 5275 et

268 5294 385 5349 nisi
416 5290 818 5347 cohortilianant
856 5293 933 5344 uel
962 5291 1273 5343 limitaneam
1297 5290 1487 5344 inuenti
1515 5292 1733 5359 fuerat,
1766 5300 1872 5346 etc.

265 5362 429 5421 Cod.
467 5360 629 5431 Vind.
652 5361 799 5415 delet
818 5372 865 5415 et
887 5378 906 5415 :
928 5376 1098 5431 eoque
1132 5361 1313 5416 deleto
1349 5365 1583 5429 apertior
1608 5372 1690 5415 est
1721 5362 1878 5430 hujus

266 5433 396 5492 loci
431 5429 680 5488 defectus
715 5438 772 5487 et
798 5431 965 5486 saltus
995 5429 1065 5485 ob
1094 5437 1252 5487 Voces
1285 5431 1671 5486 coliortilianam
1702 5429 1876 5485 veliti-

263 5506 577 5561 rnisaueom
606 5504 860 5572 repetitas
902 5503 955 5557 in
994 5502 1199 5572 integro
1233 5511 1378 5556 textu
1416 5518 1575 5572 quem
1606 5504 1878 5572 supplevi-

264 5592 411 5635 ωας
444 5589 521 5629 ex
547 5569 819 5643 mss.Vat.
840 5573 986 5643 llisp.
1016 5581 1072 5627 et
1101 5569 1244 5631 ΕΜ..
1275 5569 1447 5640 atque
1463 5569 1873 5628 Merlino'.‘Con-

261 5647 425 5705 (init
452 5645 620 5699 etiam
649 5642 909 5715 Crabbns,
935 5642 1201 5715 nisiAquod
1225 5643 1382 5697 habet
1409 5653 1554 5715 extra
1579 5645 1876 5715 praedictam

263 5716 545 5774 militiam
572 5714 759 5767 inventi
782 5715 989 5782 fuerint.
1032 5713 1205 5767 Oxon.
1233 5730 1327 5782 pro
1355 5713 1742 5768 coltortilianaut
1783 5716 1875 5767 ha-

265 5794 372 5845 bet
440 5785 704 5840 mendose
743 5786 1166 5838 coltortuliaitam.
1220 5784 1403 5850 Crah.,
1450 5786 1873 5840 cohortalitiam:

263 5860 502 5923 melius
531 5857 806 5924 utrobique
836 5855 889 5909 iu
920 5854 1037 5909 Vat.
1074 5856 1221 5910 Iliso.
1261 5864 1313 5912 ct
1353 5854 1446 5921 ls.,
1476 5856 1873 5913 cohortalium».

551 5949 826 6015 Pax-non.
874 5950 1028 6011 LVI.

1993 4732 2006 4743 ο
2064 4661 2079 4710 i
2118 4655 2432 4722 VatJSﬁi,
2458 4658 2508 4710 in
2530 4655 2800 4724 eis:Vat.,
2824 4657 2973 4727 Hisp.
3006 4668 3057 4712 et
3086 4656 3156 4712 ls.
3188 4672 3307 4711 cum
3334 4655 3566 4724 Crubbu,

1987 4748 2041 4786 tn
2071 4747 2176 4785 60$.

2062 4802 2086 4839 ι
2120 4800 2306 4866 Crab.,
2338 4800 2545 4870 insuper
2574 4799 2748 4853 etiam.

2065 4871 2081 4910 ¹
2111 4872 2310 4939 Quesn.
2350 4867 2487 4925 delet
2518 4886 2647 4937 quat,
2683 4879 2737 4922 et
2763 4878 2946 4938 postea
2969 4869 3131 4923 edidit
3173 4879 3227 4939 ut
3254 4870 3307 4922 in
3331 4884 3435 4921 eos.
3463 4867 3566 4921 Dc-

1988 4938 2217 4999 levitnus
2240 4953 2293 4995 ut
2320 4957 2440 4996 cum
2484 4956 2613 4994 mss.
2634 4938 2792 4995 Vind.
2826 4951 2879 4995 et
2906 4939 3028 4994 Vat.
3066 4938 3223 5002 l522,
3256 4953 3318 4992 ac
3348 4940 3569 5006 proinde

1990 5028 2127 5082 Opus
2147 5015 2243 5068 fuit
2259 5014 2492 5067 inserere
2514 5027 2625 5079 qua:
2644 5026 2761 5066 cum
2780 5011 2938 5065 Crab.
2956 5009 3144 5065 etVat.
3168 5009 3313 5078 Hisp.
3355 5023 3417 5060 ac
3438 5007 3565 5061 Isid.

2054 5094 2092 5121 ιη
2123 5084 2243 5138 Vat.
2277 5086 2423 5138 Iliso.
2457 5095 2510 5136 et
2534 5083 2603 5135 Is.
2636 5097 2754 5135 cum
2787 5082 3021 5138 Crabbo.
3048 5081 3135 5134 sub
3163 5080 3244 5131 die
3269 5080 3372 5131 kal.
3401 5080 3560 5138 Anq..

2171 5096 2243 5138 at.
2277 5096 2423 5140 IIISD.
2457 5096 2510 5136 ct
2534 5096 2603 5135 Is.
2636 5097 2754 5135 cum
2787 5096 3021 5140 braDDo.
3048 5096 3135 5134 suo
3163 5096 3244 5131 ate
3269 5096 3372 5131 ttat.
3401 5096 3560 5140 Attg.,

2054 5097 2092 5121 "‘
2131 5097 2243 5138 Vat.
2277 5097 2423 5151 IIlSp.
2457 5097 2510 5136 ct
2534 5097 2603 5135 Is.
2636 5097 2754 5135 cum
2787 5097 3021 5147 braDDo,
3048 5097 3135 5134 suo
3163 5097 3244 5131 ate
3269 5097 3372 5131 ttat.
3401 5097 3560 5147 aug”

1984 5153 2449 5223 Constantinopoli,
2483 5154 2597 5207 divo
2637 5153 2819 5223 (Crab.
2852 5153 2998 5207 addit
3051 5148 3427 5223 valentinianal
3476 5165 3563 5201 vni

1982 5235 2030 5279 et
2078 5218 2366 5288 Anthemio,
2410 5218 2514 5279 etc.
2555 5218 2687 5278 Nota
2719 5239 2806 5278 vnt
2856 5222 3177 5285 necessaria,
3228 5218 3564 5274 consulatum

1983 5297 2223 5363 designat
2253 5298 2376 5349 anni
2403 5296 2529 5349 ‘55.

2056 5358 2295 5420 “Exsth
2327 5370 2376 5419 iu
2420 5382 2546 5419 mss.
2592 5364 2922 5419 collectiouis
2962 5362 3258 5433 praesentis.
3293 5358 3415 5433 Vat.
3462 5358 3567 5433 [le-

1982 5438 2120 5506 gina:
2152 5438 2308 5502 19:57,
2349 5434 2500 5489 C'ilb.
2534 5437 2809 5502 Lucensis,
2842 5429 2974 5488 Vat.’
3006 5430 3164 5499 13η,
3195 5429 3561 5496 ϐοώείθηείς,

1987 5509 2142 5563 Dion.
2176 5508 2351 5576 Hisp.,
2386 5507 2640 5561 Hadrian.
2672 5518 2725 5560 et
2760 5507 2882 5559 Isid.

2055 5588 2079 5613 ο
2106 5572 2388 5633 νοεεέειώ
2414 5579 2577 5631 titulis
2600 5592 2685 5631 xvr
2708 5577 2901 5631 desunt
2931 5576 2982 5630 in
3010 5574 3131 5630 cod.
3160 5572 3347 5643 Vind.,
3381 5573 3569 5644 legun-

3370 5654 3458 5701 tur

1981 5794 2079 5909 ΗΡ
2104 5784 2327 5867 Quidam
2350 5784 2508 5839 codd.
2526 5799 2645 5839 cum
2660 5783 2780 5840 Vat.
2808 5784 3022 5855 Regina:
3048 5786 3181 5842 l997
3201 5798 3253 5843 ei
3270 5786 3393 5840 Vat,
3414 5782 3552 5839 1342

2039 5872 2185 5909 rem.
2393 5879 2404 5887 -
3140 5882 3163 5909 ι

1944 5894 1949 5897 ~
1981 5872 2185 5910 ιιιενου.
2393 5879 2404 5887 ”
3140 5882 3163 5918 ι

3340 5947 3417 6013 18
