3992 6348
195 479 296 540 557

645 471 870 532 coosx
907 465 1231 538 emortui;
1269 463 1554 540 scenes.
1599 461 1688 518 ιτ
1726 455 2303 530 ϐΟΙδΤΙῙυΤΟΒΗΜ
2341 461 2402 534 s.
2442 458 2639 520 δείδιε
2674 458 3005 521 Αροετοι.

3343 459 3452 526 558

383 592 428 654 εί
469 593 842 664 ἀθεροηεέιδῐη
873 590 960 658 alii
1004 588 1230 659 puellam
1259 585 1394 640 alter
1417 593 1461 680 "A
1487 599 1537 638 In
1585 579 1771 680 matri-
1799 575 1857 656 Α
1947 577 2073 680 (in.
2102 579 2295 680 Vl-I.-—
2320 578 2338 619 ί
2373 581 2482 638 VII.
2509 581 2947 680 Veniamusnunc
2969 580 3038 680 ad
3062 579 3454 680 sacratissimos

187 667 378 756 ἧιὶἶῆἷο
411 686 586 756 possit
625 683 902 750 accipere?
941 682 1065 738 Hoc.
1089 695 1156 735 ne
1189 680 1280 733 fiat
1321 675 1494 732 modis
1529 673 1774 730 omnibus

197 779 536 844 inhibemts;
566 778 685 848 quia
728 777 816 832 illa
861 774 1158 831 benedictio
1198 787 1354 842 quam
1404 777 1643 837 nuptum
1685 781 1774 822 sa-

197 870 392 927 cerdos
424 871 676 940 imponit,
706 867 843 938 apud
875 865 1058 920 fideles
1107 861 1383 934 cujusdam
1406 858 1671 930 sacrilegii
1695 858 1778 913 in-

199 973 310 1020 star
337 971 419 1016 est
441 1005 454 1025 ,
477 961 524 1016 si
548 959 654 1016 ulla
681 957 1102 1027 transgressione
1129 953 1376 1008 violetur.

270 1055 400 1109 Cap.
437 1050 626 1107 ν.-ι›
653 1050 716 1105 V.
736 1051 812 1106 De
843 1048 925 1104 his
957 1063 1081 1103 vero
1113 1062 1217 1102 non
1245 1048 1535 1116 incongrue
1563 1041 1779 1098 dilectio

197 1157 286 1206 tua
320 1147 668 1220 apOStolicam
695 1142 878 1200 sedem
901 1140 1130 1197 credidit
1155 1137 1560 1200 consulendum.
1585 1134 1779 1206 quiac-

201 1250 249 1294 ta
281 1237 622 1308 pwnitentia,
655 1246 902 1306 tanquam
954 1247 1114 1288 canes
1141 1241 1196 1286 et
1247 1246 1371 1286 sues
1397 1241 1417 1267 ο
1443 1229 1507 1282 ad
1550 1228 1780 1282 vomitus

197 1333 454 1402 pristinos
474 1340 526 1385 et
555 1328 829 1386 volutabra
852 1327 1162 1395 redeuntes,
1186 1335 1238 1381 et
1261 1325 1462 1380 militiae
1483 1324 1776 1394 cingulum,

198 1433 253 1479 et
280 1423 516 1478 ludicras
545 1423 866 1489 voluptates,
898 1429 950 1473 (ιι
979 1434 1116 1474 nova
1144 1417 1411 1487 coniugia,
1444 1425 1497 1471 et
1527 1416 1780 1472 inhibitos

198 1513 378 1568 denuo
403 1514 707 1586 appetivere
732 1511 1085 1576 concubitus;
1115 1523 1340 1579 quorum
1371 1506 1664 1578 professam
1695 1506 1778 1564 in-

198 1604 584 1660 continentiam
614 1602 852 1674 generati
884 1609 1008 1671 post
1033 1601 1420 1654 absolutionem
1468 1598 1560 1652 lilii
1604 1597 1783 1666 prodi-

197 1696 416 1753 derunt.
451 1697 527 1752 De
572 1696 764 1766 quibus
793 1693 914 1766 quia
955 1694 1068 1763 jam
1102 1709 1204 1750 non
1255 1693 1452 1748 habent
1497 1690 1780 1766 suffugium

187 1789 524 1868 paenitendi,
574 1787 626 1856 id
655 1787 904 1844 duximus
951 1784 1370 1852 decernendum,
1405 1791 1462 1838 ut
1503 1783 1615 1839 sola
1646 1783 1781 1837 intra

195 1869 502 1940 Ecclesiam
550 1880 794 1938 ﬁdelibus
833 1881 1074 1934 oratione
1110 1879 1421 1949 iungantur,
1463 1892 1630 1933 sacra:
1667 1892 1784 1950 my-

1880 671 2097 726 ordines
2124 672 2618 744 clericorum.quos
2649 674 2701 728 in
2728 673 3044 729 venerandae
3075 673 3344 746 religionis
3370 676 3456 734 in-

1871 763 2094 846 juriam,
2143 764 2211 818 ita
2245 779 2336 833 per
2388 776 2592 820 vestras
2647 766 2944 836 provincias
2978 765 2992 814 ἱ
3033 765 3264 819 calcatos
3292 774 3454 840 atque

1879 853 2132 908 confusos
2155 855 2412 908 charitate
2441 863 2525 908 tua
2550 855 2876 921 insinuante,
2911 857 3238 930 reperimus;
3269 865 3326 911 ut
3359 856 3454 912 Je-

1879 950 2062 1004 remia:
2087 947 2240 1002 nobis
2270 963 2399 1002 voce
2415 947 2696 1002 dicendum
2716 949 2782 1005 sit
2811 969 2821 1001 :
2850 949 2977 1018 Quis
2997 949 3137 1003 dabit
3161 949 3320 1020 capiti
3345 965 3456 1022 meo

1871 1057 2086 1114 aquam,
2119 1051 2166 1094 et
2193 1039 2352 1093 oculis
2376 1041 2498 1094 meis
2519 1041 2708 1111 fontem
2736 1042 3104 1113 lacrymarum,
3136 1053 3181 1096 et
3206 1044 3337 1114 ﬂebo
3363 1059 3456 1115 po-

1880 1133 2059 1206 pulum
2080 1132 2216 1186 hunc
2245 1133 2328 1186 die
2349 1148 2408 1186 ac
2436 1142 2580 1185 nocte
2605 1133 2820 1203 (Jersm.
2843 1149 2938 1198 vn,
2967 1136 3054 1203 f)?
3082 1134 3136 1189 Si
3169 1149 3294 1206 ergo
3331 1135 3454 1191 bea-

1883 1234 1966 1281 tus
1999 1229 2253 1294 propheta
2304 1225 2370 1278 ad
2401 1225 2623 1293 lugenda
2657 1228 2834 1295 populi
2863 1237 3099 1296 peccata,
3123 1245 3227 1284 non
3258 1230 3358 1284 sibi
3385 1231 3458 1284 ait

1884 1316 2146 1389 lacrymas
2175 1331 2330 1384 posse
2352 1316 2619 1382 sufficere,
2641 1326 2840 1387 quanto
2866 1332 2963 1372 nos
2993 1334 3275 1386 possumus
3301 1320 3454 1376 dolu-

1884 1425 1943 1466 re
1969 1410 2209 1480 percelli,
2241 1425 2360 1464 cum
2388 1425 2572 1464 eorum
2626 1411 2714 1479 qui
2753 1409 2803 1463 in
2855 1421 3037 1465 nostro
3069 1424 3189 1466 sunt
3235 1427 3460 1482 corpore

1883 1501 2257 1572 compellimur
2306 1499 2540 1556 facinora
2587 1500 2902 1572 deplorare?
2944 1502 3216 1572 Praecipue
3239 1505 3454 1574 quibus,

1884 1594 2176 1668 secundum
2227 1594 2437 1648 beatum
2472 1593 2713 1658 Paulum,
2767 1596 3012 1652 instantia
3061 1595 3367 1665 quotidiana
3409 1606 3462 1652 et

1885 1686 2190 1741 sollicitudo
2228 1687 2466 1741 omnium
2510 1686 2866 1742 Ecclesiarum
2913 1685 2938 1725 κ
2981 1688 3341 1758 indesinenter
3383 1691 3462 1764 in-

1885 1779 2104 1834 cumbit.
2159 1778 2285 1844 Quis
2327 1779 2469 1834 enim
2501 1780 2813 1848 inﬁrmatur,
2843 1790 2890 1833 et
2921 1796 3016 1852 ego
3047 1797 3150 1834 non
3188 1782 3464 1850 inﬁrmor.’

1884 1873 1998 1942 quis
2038 1872 2440 1940 scandalizatur,
2475 1879 2520 1924 et
2550 1888 2640 1946 ego
2691 1888 2791 1925 non
2831 1888 2955 1925 uror
2992 1871 3068 1942 (ll
3104 1872 3224 1927 Cor.
3255 1890 3312 1937 tl,
3336 1873 3465 1944 29)?

195 1959 491 2036 steriorum
514 1972 832 2042 celebritati,
857 1971 1098 2042 quamvis
1111 1943 1234 2026 non
1265 1943 1596 2037 mereantur,
1624 1943 1786 2023 inte'r-
1813 1943 1864 2026 β
1894 1961 2158 2034 Plurimos
2200 1964 2341 2034 enim
2372 1943 2680 2018 sacerdotes
2707 1962 2905 2018 Christi
2941 1972 3100 2034 atque
3134 1965 3323 2021 levitas
3349 1943 3465 2034 post

191 2069 339 2138 sint;
363 2082 393 2122 a
422 2065 712 2124 Dominicis
727 2074 903 2121 autem
921 2055 1119 2120 mensa:
1138 2064 1385 2120 convivio
1405 2073 1748 2136 segregentur
1770 2079 1786 2116 :

199 2172 256 2218 ut
289 2162 394 2216 hac
428 2161 622 2216 saltem
661 2159 998 2216 districtione
1027 2158 1284 2226 correpti.
1317 2153 1370 2214 et
1403 2158 1500 2230 ipsi
1529 2158 1580 2211 in
1605 2171 1665 2214 se
1693 2170 1787 2212 sua

195 2261 380 2308 errata
417 2251 698 2322 castigent,
735 2257 791 2306 et
819 2249 936 2306 aliis
965 2250 1266 2318 exemplum
1313 2247 1574 2313 tribuant,
1604 2257 1790 2320 quate-

199 2359 302 2398 nus
329 2345 402 2398 ab
443 2341 690 2410 obscenis
721 2341 1102 2412 cupiditatibus
1129 2339 1493 2396 retrabantnr.
1527 2337 1676 2406 Quos
1706 2345 1786 2392 ta-

198 2449 348 2500 men,
399 2433 650 2503 quoniam
691 2431 894 2487 carnali
927 2430 1213 2502 fragilitate
1241 2429 1553 2485 ceciderunt
1583 2425 1609 2465 ἀ
1638 2428 1792 2484 viati-

197 2539 260 2581 co
284 2538 536 2593 munere,
560 2538 680 2578 cum
701 2522 767 2577 ad
789 2522 1068 2578 Dominum
1096 2521 1359 2592 cmperint
1379 2521 1668 2592 proficisci,
1694 2535 1791 2591 per

198 2615 602 2671 communionis
628 2612 851 2684 gratiam
881 2613 1127 2668 volumus
1155 2611 1443 2667 sublevari.
1471 2610 1642 2678 Quam
1673 2610 1788 2666 for-

199 2722 344 2760 mam
376 2713 432 2760 et
457 2705 599 2760 circa
621 2704 876 2759 mulieres
901 2719 1019 2771 qua:
1053 2717 1112 2758 se
1134 2711 1256 2773 post
1276 2701 1643 2772 panitentiam
1675 2700 1791 2755 tali-

200 2798 300 2854 bus
340 2795 729 2870 pollutionibus
754 2793 1136 2862 devinxerunt,
1171 2795 1487 2850 servandam
1514 2807 1635 2850 esse
1664 2806 1788 2849 ceu-

200 2905 409 2947 scmus.

268 2982 405 3039 Cu.
436 2982 616 3038 VL—
639 2992 664 3020 ο
693 2981 778 3037 Vl.
808 2982 1073 3058 Praterea
1105 2982 1486 3040 monachorum
1535 2981 1790 3052 quosdam

201 3083 364 3148 atque
409 3073 814 3152 monacharum,
857 3074 1070 3144 abiecto
1111 3076 1387 3146 proposito
1420 3072 1439 3112 ι
1477 3085 1686 3140 sancto,
1738 3076 1790 3129 in

203 3173 408 3223 tantam
451 3167 730 3238 potestatis
758 3178 877 3222 esse
907 3166 1184 3224 demersos
1222 3167 1515 3237 lasciviam,
1549 3177 1607 3222 ut
1646 3166 1790 3236 prius

206 3260 474 3328 clanculo,
508 3259 649 3319 velut
699 3258 798 3314 sub
833 3260 1282 3316 monasteriorum
1319 3268 1578 3330 praetextu
1611 3259 1788 3315 illicita

1895 2057 2050 2126 longa
2094 2056 2517 2111 consecrationis
2557 2069 2667 2111 sua:
2696 2066 2960 2125 tempora,
2991 2054 3009 2094 ι
3047 2068 3153 2112 tam
3184 2058 3250 2113 de
3278 2058 3463 2127 conju-

1891 2149 1993 2222 giis
2024 2147 2248 2222 propriis
2294 2163 2451 2217 quam
2480 2149 2545 2203 de
2574 2147 2712 2217 turpi
2742 2148 2884 2203 coitu
2913 2149 3150 2204 sobolem
3183 2150 3465 2214 didicimus

1893 2255 2227 2314 procreasse,
2283 2250 2336 2294 et
2382 2240 2581 2295 crimen
2632 2255 2785 2296 suum
2821 2240 2921 2295 hac
2949 2241 3349 2312 praescriptione
3374 2244 3466 2308 dc-

1893 2325 2137 2406 fendere,
2187 2333 2308 2402 quia
2340 2333 2390 2384 in
2435 2333 2600 2386 veteri
2635 2333 2982 2388 Testamento
3009 2334 3378 2389 sacerdotibus
3405 2350 3465 2408 ac

1893 2424 2152 2490 ministris
2199 2422 2486 2494 generandi
2519 2421 2738 2478 facultas
2781 2423 2975 2493 legitur
3007 2424 3282 2480 attributa.
3317 2426 3466 2500 Dicat

1894 2530 2036 2596 nunc
2064 2515 2192 2570 mihi
2222 2515 2462 2586 quisquis
2503 2514 2592 2569 ille
2620 2523 2703 2570 est
2739 2523 2972 2571 sectator
2996 2516 3300 2585 libidinum,
3329 2533 3464 2594 pra:-

1892 2618 2184 2678 ceptorque
2226 2607 2498 2671 vitiorum,
2530 2606 2573 2659 si
2627 2605 2856 2662 aestimat
2890 2607 3012 2676 quia
3048 2607 3098 2662 in
3133 2608 3248 2678 lege
3295 2609 3463 2684 Moysi

1891 2705 2091 2786 passim
2120 2703 2288 2760 sacris
2334 2701 2609 2757 ordinibus
2643 2715 2674 2756 a
2705 2701 2928 2763 nomino
2955 2702 3276 2768 laxatasunt
3318 2702 3466 2760 frena

1892 2798 2139 2876 luxuriae,
2165 2812 2259 2852 cur
2284 2812 2376 2852 eos
2415 2795 2608 2867 quibus
2638 2795 3107 2852 committebantur
3130 2805 3312 2856 sancta
3344 2811 3466 2876 san-

1893 2902 2100 2949 ctorum
2131 2901 2442 2962 praemonet,
2484 2891 2668 2953 dicens
2704 2910 2715 2944 :
2751 2891 2932 2948 Sancti
2965 2902 3136 2958 estote,
3159 2895 3283 2965 quia
3307 2902 3347 2934 ω
3376 2911 3467 2965 ego

1891 2991 2096 3056 sanctus
2119 2998 2253 3047 sum,
2277 2980 2526 3037 Dominus
2558 2980 2692 3036 Deus
2720 2992 2879 3037 vester
2905 2981 3092 3054 (Leuit.
3121 2999 3220 3051 xx,
3239 2985 3336 3054 ην

1871 3076 2055 3144 etiam
2094 3074 2326 3144 procula
2371 3073 2618 3130 domibus
2645 3073 2757 3129 suis
2781 3089 2926 3129 anno
2955 3075 3085 3130 vicis
3105 3089 3216 3134 sua
3245 3076 3297 3134 in
3333 3087 3468 3136 tent-

1893 3169 1982 3241 plo
2027 3168 2267 3224 habitare
2290 3168 2425 3238 jussi
2455 3176 2579 3224 sunt
2599 3168 2942 3226 sacerdotes?
2970 3168 3072 3226 bac
3101 3168 3349 3228 videlicet
3377 3187 3465 3230 ra-

1891 3263 2061 3340 tione,
2091 3278 2159 3318 ne
2187 3261 2272 3316 vel
2294 3277 2416 3318 cum
2449 3261 2702 3318 uxoribus
2728 3271 2948 3332 possent
2969 3263 3187 3326 carnale
3209 3279 3465 3332 exercere

207 3367 270 3407 ac
296 3351 555 3424 sacrilega
587 3366 645 3407 se
695 3353 1012 3421 contagione
1054 3351 1404 3417 miscuerint;
1451 3361 1632 3422 postea
1661 3367 1788 3408 vero
1883 3323 2308 3422 commercium;
2355 3363 2411 3410 ut
2455 3355 2809 3416 conscientia
2838 3355 3142 3425 integritate
3177 3323 3464 3429 fulgentes,

211 3451 239 3490 s
271 3444 324 3496 in
351 3440 627 3516 abruptum
657 3442 998 3498 conscientia:
1025 3442 1398 3512 desperatione
1437 3443 1676 3512 perducti
1723 3445 1790 3499 de

219 3520 427 3586 illicitis
450 3533 805 3606 complexibus
831 3532 998 3588 libere
1026 3533 1166 3589 filios
1188 3517 1617 3605 procreaverint:
1649 3535 1789 3614 quod

213 3633 272 3682 et
303 3626 532 3699 publicae
575 3626 741 3697 leges,
781 3635 836 3682 et
874 3627 1233 3683 ecclesiastica
1259 3627 1380 3700 jura
1408 3628 1785 3702 condemnant.

208 3715 314 3775 Has
344 3717 507 3788 igitur
532 3717 827 3788 impudicas
857 3718 1305 3788 detestabilesque
1329 3734 1586 3792 personas
1613 3735 1645 3784 a
1669 3736 1788 3776 mo-

206 3809 570 3865 nasteriorum
618 3818 780 3877 caatu,
825 3811 1278 3882 ecclesiarumque
1317 3815 1668 3882 conventibus
1693 3813 1790 3870 eli-

205 3901 492 3968 minandas
520 3916 640 3958 esse
671 3902 1015 3969 mandamus;
1045 3914 1306 3974 quatenus
1331 3915 1555 3963 retrusa
1604 3908 1656 3961 in
1679 3907 1790 3964 suis

205 3995 518 4067 ergasmlis,
562 4003 618 4052 et
646 3993 846 4063 tantum
884 3995 1093 4052 facinus
1131 3999 1378 4053 continua
1410 4001 1792 4058 lamentatione

206 4087 496 4155 dedentes,
557 4090 920 4168 puriﬁcatorio
972 4088 1232 4162 possinth
1269 4093 1615 4162 paenitudinis
1672 4095 1792 4166 igne

206 4178 556 4252 decoquere:
605 4181 767 4260 250
793 4191 842 4234 ut
876 4183 953 4237 cis
986 4183 1066 4238 vel
1095 4183 1162 4237 ad
1202 4193 1428 4240 mortem
1458 4188 1669 4254 saltem,
1703 4201 1792 4243 sa-

208 4270 309 4328 lius
346 4273 740 4346 misericordia:
780 4275 996 4338 intuitu,
1022 4291 1117 4344 per
1147 4277 1540 4334 communionis
1569 4279 1792 4349 gratiam

207 4369 377 4448 possit
400 4365 737 4436 indulgentia
766 4366 1072 4436 subvenire.

197 4523 428 4596 Regina:
463 4522 567 4596 hoc
593 4533 856 4596 estgcaput
881 4525 917 4580 2
954 4523 1173 4596 ejusque
1205 4525 1386 4583 titulus
1414 4544 1427 4579 :
1465 4526 1539 4581 De
1565 4529 1792 4583 uelandis

205 4593 458 4671 qualiter.
486 4594 638 4661 Apud
669 4593 950 4671 J_ustellum
967 4595 1156 4671 incipit
1183 4613 1195 4648 :
1230 4595 1305 4650 De
1333 4599 1679 4671 conjugalium
1700 4616 1792 4671 att-

203 4665 298 4724 tem
327 4665 649 4734 'violatiane.
687 4665 741 4720 In
784 4669 924 4734 vnlg.
958 4665 1123 4737 Cone.
1158 4677 1293 4734 post.
1329 4665 1457 4723 edit.
1487 4665 1680 4737 'ltom.,
1717 4669 1795 4725 De

193 4739 476 4816 "e‘onjugali
505 4738 996 4816 autenviolatione.
1031 4736 1166 4816 Vide
1193 4748 1370 4816 autem
1399 4756 1518 4810 qum
1548 4742 1613 4794 de
1643 4736 1788 4816 vela-

207 4807 612 4871 tione—nuptiali
651 4807 882 4870 diximus
937 4818 1044 4862 not.
1088 4808 1154 4863 16
1205 4809 1257 4861 in
1311 4807 1793 4868 Sacramentarium

203 4894 392 4936 mt‘nse
438 4875 748 4951 Septem-bri
789 4889 916 4936 tom.
949 4878 1146 4944 ll,.col.
1188 4881 1290 4936 150
1342 4881 1539 4951 (nostri
1579 4890 1700 4936 tom.
1732 4881 1791 4936 Il

205 4952 303 5006 col.
339 4951 473 5014 129,
509 4957 617 5012 not.
653 4947 728 5019 ά).

324 5019 507 5078 Alias.
533 5020 587 5074 in
620 5021 1017 5076 matrimonium.

274 5091 545 5174 ﬂTitulus
569 5091 622 5145 in
653 5089 810 5148 Vind.
837 5109 849 5144 :
877 5091 950 5146 De
972 5091 1052 5148 his
1069 5091 1158 5161 qui
1192 5093 1534 5163 panitentiam
1572 5110 1800 5149 servave-

205 5173 319 5217 runt
343 5173 583 5218 minime.

278 5235 495 5292 cSqus
543 5230 784 5300 Quesn.,
821 5235 894 5298 ad
938 5234 1210 5302 uomitum,
1255 5244 1304 5288 et
1344 5237 1628 5292 volutabra.
1679 5236 1799 5291 Mox

206 5306 324 5374 cod.
358 5304 554 5368 Vind.,
586 5313 634 5357 et
660 5305 729 5358 ad
757 5303 951 5360 militia
969 5305 1253 5374 cingulum.

275 5373 302 5412 ά
329 5375 424 5431 Sic
455 5388 582 5429 cum
615 5376 800 5430 Const.
831 5387 885 5431 et
913 5373 1137 5444 vulgatis
1165 5377 1333 5432 nostri
1367 5377 1526 5432 codd.
1559 5377 1719 5432 Vind.
1748 5385 1803 5432 et

209 5445 324 5502 Vat.
357 5447 607 5515 Heginzr.
640 5445 978 5513 Quesnellus.
1000 5448 1168 5502 viatici
1197 5465 1419 5503 munere.
1453 5448 1610 5505 Dion.
1634 5449 1800 5516 Just.,

205 5517 416 5599 Quibus
433 5528 614 5599 tamen.
622 5557 648 5598 ..
659 5556 674 5571 .
747 5517 977 5599 uolumus
1003 5519 1270 5599 subveniri.

275 5597 300 5625 °
327 5585 453 5643 Tit.
481 5585 538 5642 in
576 5586 731 5643 Vind.
758 5602 776 5644 :
799 5587 876 5644 De
897 5589 1230 5660 monachiset
1256 5589 1537 5659 uirginibus
1567 5606 1802 5660 proposi-

1891 3445 2219 3522 acceptabile
2250 3443 2359 3502 De'o
2387 3458 2582 3500 munus
2610 3443 2891 3508 oﬂ’errent;
2922 3445 3112 3515 quibus
3133 3448 3344 3517 expleto
3373 3449 3467 3510 de-

1892 3538 2197 3598 servitionis
2225 3551 2336 3596 sua:
2369 3544 2609 3606 tempore
2637 3536 2856 3598 uxorius
2883 3550 3012 3591 usus
3038 3537 3205 3602 solius
3245 3553 3464 3598 succes-

1893 3628 2063 3708 sionis
2092 3643 2252 3684 causa
2299 3627 2474 3686 fuerat
2516 3629 2784 3690 relaxatus
2806 3669 2820 3692 ,
2852 3629 2972 3698 quia
3009 3644 3116 3688 non
3143 3640 3207 3692 ex
3234 3630 3336 3694 alia
3365 3631 3465 3690 nisi

1885 3707 1959 3780 ‘ex
1982 3721 2119 3776 tribu
2168 3719 2295 3776 Levi
2343 3720 2623 3790 quisquam
2675 3719 2741 3772 ad
2793 3718 2884 3775 Dei
2912 3719 3265 3786 ministerium
3298 3722 3466 3785 fuerat

1883 3814 2103 3884 admitti
2149 3821 2463 3882 praiccptus.
2497 3803 2650 3881 Urfde
2678 3820 2733 3866 et
2759 3807 3016 3872 Domihus
3040 3811 3197 3882 Jesns
3221 3827 3340 3878 cum
3367 3830 3467 3876 nos

1895 3908 2325 3965 suoillustrasset
2347 3903 2605 3970 adventu,
2638 3903 2692 3958 in
2714 3904 3037 3973 Evangelian
3053 3914 3373 3974 protestatus
3387 3917 3470 3964 est

1885 3983 2055 4082 '35],
2088 3998 2210 4069 quia
2241 3998 2412 4068 legem
2449 4010 2554 4050 non
2581 3995 2789 4050 venerit
2815 3994 3047 4064 solvere,
3079 3995 3174 4053 sed
3219 3998 3470 4067 implere;

1899 4103 1953 4152 et
1977 4092 2095 4147 ideo
2127 4088 2399 4156 Ecclesia),
2431 4086 2583 4157 cujus
2621 4096 2847 4159 sponsus
2876 4097 2977 4153 est,
3005 4086 3227 4146 formam
3257 4090 3451 4166 castita

1889 4188 1967 4254 tis
2011 4185 2175 4241 voluit
2223 4182 2510 4254 splendore
2553 4179 2784 4246 radiare,
2816 4189 2874 4235 ut
2918 4180 2969 4234 in
3011 4179 3098 4248 die
3117 4179 3323 4248 iudicii,
3353 4196 3472 4244 cum

1898 4293 2084 4335 rursus
2115 4275 2416 4340 advenerit,
2443 4275 2564 4329 sine
2591 4272 2798 4327 macula
2827 4280 2880 4325 et
2907 4271 3025 4325 sine
3045 4286 3172 4340 ruga
3201 4287 3318 4326 eam
3352 4288 3472 4339 pos-

1897 4373 1988 4439 sit,
2029 4373 2164 4427 sicut
2211 4386 2305 4441 per
2361 4367 2668 4439 Apostolum
2719 4381 2871 4422 suum
2921 4363 3171 4431 instituit,
3209 4367 3464 4436 reperire.

1891 4527 2019 4588 aliis
2045 4527 2199 4581 codd.
2234 4525 2454 4579 aliarum
2483 4521 2858 4578 collectionum
2885 4531 2939 4580 et
2969 4522 3142 4590 editis,
3171 4525 3475 4580 sanctitatis.

1927 4623 1936 4632 ρ
1968 4607 1996 4647 s
2016 4599 2114 4653 Ms.
2147 4596 2388 4659 Thuan.,
2436 4594 2489 4646 in
2528 4593 2796 4666 abruptam
2823 4597 3140 4650 conscientia?
3168 4597 3477 4666 desperatio-

1824 4637 1874 4697 Β
1902 4637 2514 4734 itemt'whltiriupro'l’ibere
2544 4637 2670 4717 rod.’

1969 4738 1998 4780 δ
2021 4741 2163 4794 idem
2191 4739 2360 4792 (non.
2389 4736 2531 4790 delet
2553 4737 2896 4799 paenitudinis.

1977 4811 1990 4848 ι
2022 4811 2129 4865 Tit.
2161 4825 2260 4863 ms.
2284 4807 2441 4862 Vind.
2480 4824 2491 4860 :
2522 4805 2597 4860 De
2619 4806 2818 4861 clericis
2845 4809 3290 4865 incontinentibus.
3333 4809 3478 4875 Mox,

1900 4896 1997 4950 pro
2025 4882 2094 4935 ad
2133 4881 2499 4936 sacrati.stmos
2540 4880 2740 4950 Quesn.
2794 4876 3069 4934 Veniamus
3108 4882 3176 4934 ad
3217 4882 3482 4934 sanctissi-

1897 4949 2025 5006 mos.
2061 4952 2298 5008 Aliarum
2327 4950 2620 5006 editionum
2671 4949 2950 5006 lectionem
2980 4967 3046 5007 ex
3092 4953 3340 5007 omnibus
3389 4965 3482 5005 ειυς

1893 5023 2026 5080 stris
2057 5024 2330 5078 codicibus
2355 5021 2744 5076 revocavimus.

1973 5093 1989 5144 i
2021 5092 2144 5148 Vat.
2177 5092 2330 5157 ιω,
2365 5107 2484 5147 cum
2513 5091 2720 5146 duobus
2741 5091 2894 5148 Colb.
2913 5091 3230 5158 Constantii,
3259 5092 3483 5146 calcatos

1900 5181 2121 5220 canones
2172 5165 2450 5229 charitate;
2490 5177 2590 5234 qna
2641 5163 2867 5218 lectione
2920 5172 3131 5234 recepta
3180 5161 3332 5233 paulo
3360 5165 3485 5234 ante

1899 5236 2182 5306 legendum
2212 5242 2358 5290 esset
2386 5249 2418 5287 a
2445 5233 2651 5306 quia“,
2685 5249 2790 5288 ηοη
2821 5250 2966 5305 (μοι
3052 5233 3055 5234 ν
3211 5235 3232 5240 ..
3437 5233 3442 5238 ,

1976 5306 1997 5343 lt
2026 5307 2182 5361 Solus
2211 5309 2412 5374 Quesn.
2441 5305 2638 5360 omittit
2670 5306 3024 5359 indesinenter.

1973 5375 2179 5451 1~Vulg.
2211 5373 2329 5432 cum
2376 5373 2648 5451 plerisque
2693 5375 2878 5451 codd.,
2924 5384 3030 5451 tam
3070 5375 3138 5451 _tl_e
3183 5373 3488 5451 conjugibus

1903 5441 2163 5531 ρνορνὶἱξ,
2207 5463 2358 5518 quant
2379 5441 2640 5502 'etiam'de
2681 5448 2820 5531 turpi
2860 5441 3022 5500 'coitu.
3067 5444 3163 5528 Iis.
3197 5441 3380 5524 Vindl,
3427 5445 3490 5499 de

2374 5605 2477 5670 m_s.
2507 5588 2628 5670 Vat.
2651 5587 2972 5670 _Re_gina;,.et
2997 5601 3107 5670 ego.
3139 5585 3265 5669 μοι
3301 5599 3488 5670 vocem

201 5669 306 5730 tum
335 5678 450 5714 non
481 5659 820 5713 servantibus.
870 5660 925 5714 in
965 5658 1104 5730 .Cod.
1139 5659 1256 5714 Vat.
1292 5656 1508 5729 Reginae
1536 5656 1619 5716 est
1647 5656 1808 5730 caput
1864 5692 1873 5702 -
1908 5659 2046 5714 Deus
2071 5656 2264 5716 ex'ms.
2293 5661 2453 5717 Vind.
2486 5669 2538 5713 et
2565 5656 2778 5716 czeteris
2808 5657 2966 5730 editis
2993 5656 3311 5730 adiecimus.

193 5717 256 5793 ’3.
288 5731 376 5786 cui
415 5730 608 5784 titulus
640 5733 966 5800 praeponitur
1005 5729 1124 5785 :De
1147 5732 1297 5800 lapsu
1326 5717 1690 5786 monachorum
1714 5717 1806 5785 ’νει

1978 5740 2004 5767 ιι
2026 5731 2158 5810 Alia:
2189 5732 2340 5810 edit_._,
2369 5738 2696 5801 protestetur,
2721 5730 2846 5810 quia
2866 5726 3492 5810 legembeneritjinpler‘e,

196 5803 612 5874 inmatarum,
643 5798 736 5874 Qui
755 5798 814 5858 in
842 5803 1027 5857 codice
1053 5798 1209 5858 Colb.
1230 5803 1451 5858 alterius
1474 5802 1806 5858 collectionis
1907 5802 2250 5874 nonisolvere.
2285 5798 2407 5874 Haec
2437 5810 2703 5874 postrema
2737 5801 2898 5854 verba
2917 5798 3178 5874 similiter
3201 5799 3496 5874 efferunth

273 5863 284 5872 Ι

366 5871 699 5952 Cqustantio
729 5873 936 5955 legitur.

1909 5873 1973 5954 in.
1999 5873 2218 5954 duobus,
2246 5872 2407 5954 codd.
2438 5869 2576 5925 Vat.
2624 5870 2860 5954 Regium.
2889 5881 2944 5926 et
2991 5869 3096 5924 alio
3134 5869 3259 5948 Vat.
3287 5869 3496 5954 lti'ctE.

199 5880 699 5999 ξεξὲειὲρυξιλιιιίο
729 5880 936 5955 tegitur.
1078 5944 1088 5954 ο
1208 5959 1223 5972 .
1661 5948 1669 5956 ἰ

433 5957 622 6008 prima
648 5957 807 6000 manu
825 5959 887 6001 ω
904 5957 1014 6002 ms.
1025 5941 1226 6011 Vind"
1251 5943 1485 6004 secunda
1510 5945 1725 6014 verm!
1749 5957 1788 6000 tt

1909 5880 1963 5926 in
1999 5880 2207 5928 duobus
2246 5880 2407 5926 codd.
2459 5880 2576 5925 Vat.
2624 5880 2842 5939 ﬂeginte
2889 5881 2944 5926 et

1913 5941 2078 5998 Vind.
2093 5943 2412 5999 oiniuuutur
2437 5957 2596 5998 voces
2618 5943 2713 5996 sed
2731 5943 2968 6008 implere.
