3992 6348
248 423 349 484 861

699 419 927 478 ΟΟΟΕΧ
965 418 1291 477 CANONUM
1332 418 1604 476 ECCLES.
1649 419 1734 472 ΕΤ
1775 416 2352 477 L‘ONSIITUTORUM
2392 421 2450 479 S.
2491 420 2689 479 SEDIS
2725 420 3056 480 APOSTOL.

3417 421 3522 484 561

319 545 344 574 ι
371 534 462 590 XI.
493 533 746 604 Quisquis
771 528 902 589 sane
931 534 1158 590 clericus
1188 534 1431 598 viduama,
1461 541 1551 587 aut
1573 542 1720 587 certe
1749 548 1829 588 se-
1855 533 1904 596 Α
1931 532 2074 602 quod
2102 533 2145 588 si
2173 535 2308 590 ultra
2337 537 2401 591 ad
2435 552 2616 592 sacros
2645 537 2862 594 ordines
2890 551 3206 609 quemquam
3230 537 3299 591 de
3329 535 3522 593 talibus

243 627 474 686 cundam
503 627 783 699 conjugem
811 627 1050 695 duxerit,
1075 629 1221 684 omni
1250 628 1626 683 ecclesiastica:
1654 627 1828 698 digni-

243 722 369 777 tatis
399 722 680 792 privilegio
715 737 839 777 mox
876 723 1124 788 nudetur,
1157 723 1286 778 laica
1321 723 1423 778 sibi
1451 731 1652 778 tantum
1681 737 1829 778 com-

242 816 500 871 munione
519 830 798 881 concessa,
814 831 970 883 quam
996 819 1065 870 ita
1084 816 1295 872 demum
1315 818 1510 887 poterit
1531 817 1825 886 possidere,

242 906 286 962 si
314 907 447 962 nihil
486 917 691 978 postea,
719 919 936 979 propter
962 912 1102 980 quod
1141 910 1277 964 Itane
1319 910 1524 980 perdat,
1557 909 1822 966 admittat.

313 997 343 1038 δ
379 997 495 1054 XII.
531 999 781 1055 Feminas
829 1015 957 1055 vero
1006 1017 1109 1055 non
1161 1002 1294 1056 alias
1333 1017 1452 1056 esse
1499 1002 1731 1072 patimur
1772 1004 1826 1057 in

240 1092 491 1148 domibus
528 1093 880 1160 clericorum,
924 1095 1025 1150 nisi
1069 1111 1159 1151 eas
1199 1104 1402 1151 tantum
1445 1113 1575 1168 quas
1612 1108 1830 1167 protiter

239 1185 384 1240 solas
441 1186 894 1242 necessitudinum
942 1203 1131 1244 causas
1174 1187 1417 1246 habitare
1461 1205 1580 1246 cum
1635 1190 1825 1246 iisdem

236 1275 480 1346 synodus
504 1277 712 1334 Nicmna
743 1281 1006 1350 permisit.

309 1376 334 1404 ε
383 1365 524 1422 XIII.
578 1369 869 1426 Monachus
915 1387 1161 1444 quoque,
1209 1389 1344 1444 quos
1393 1383 1569 1430 tamen
1614 1389 1824 1430 morum

233 1459 474 1529 gravitas
504 1470 558 1516 et
585 1459 703 1516 vita:
729 1477 792 1519 ac
819 1463 938 1518 fidei
967 1465 1230 1520 inatitutio
1251 1475 1433 1521 sancta
1462 1469 1821 1537 commendat,

232 1550 557 1606 clericorum
583 1552 774 1608 officiis
802 1555 1073 1626 aggregari
1099 1566 1153 1612 et
1179 1566 1425 1626 Optamus
1454 1568 1507 1614 et
1537 1550 1780 1614 volumus
1807 1575 1822 1626 ;

233 1643 302 1697 ita
333 1651 394 1698 ut
435 1645 525 1712 qui
563 1645 706 1700 intra
737 1647 1064 1701 tricesimum
1104 1649 1274 1703 uitatis
1313 1663 1508 1703 annum
1539 1657 1664 1704 sunt
1690 1647 1736 1714 ά,
1772 1651 1826 1706 in

233 1735 536 1792 minoribus
576 1753 670 1808 per
707 1739 902 1809 gradus
945 1741 1216 1812 singulos,
1253 1755 1528 1799 crescente
1560 1752 1820 1814 tempore,

232 1834 603 1902 provehantur
619 1835 927 1904 ordinibus;
952 1845 1005 1892 et
1030 1837 1108 1893 sic
1135 1838 1200 1893 ad
1230 1839 1459 1894 diaconii
1495 1841 1575 1894 vel
1605 1840 1825 1913 presby-

1933 623 2260 679 creiliilcrint
2305 629 2682 682 assumendum
2707 669 2722 692 ,
2751 637 2806 683 et
2847 629 2914 682 de
2963 644 3091 694 suo,
3129 635 3184 683 et
3222 627 3292 683 de
3332 641 3519 682 eorum

1932 723 2073 768 Statu
2097 760 2110 781 ,
2141 732 2273 786 quos
2309 729 2494 773 contra
2527 734 2762 775 canones
2791 729 2845 774 et
2873 719 3152 774 interdicta
3183 728 3365 774 nostra
3397 734 3525 789 pro—

1932 807 2206 872 vexerint,
2239 823 2529 879 congruam
2564 812 2631 866 ab
2672 813 2966 881 aposmlica
3007 811 3134 868 sede
3170 813 3519 881 premendam

1932 915 2051 955 esse
2075 901 2414 955 sententiam.

2003 990 2140 1049 XVI.
2177 991 2572 1062 Explicuimns,
2605 1007 2662 1052 ut
2686 997 2936 1062 arbitror,
2967 997 3128 1052 frater
3166 997 3516 1065 cltarissime,

1933 1084 2180 1139 universa
2207 1102 2326 1154 qua:
2359 1084 2565 1156 digesta
2594 1099 2717 1142 sunt
2757 1089 2810 1143 in
2837 1090 3130 1159 querelam,
3163 1098 3215 1145 et
3244 1088 3310 1143 ad
3341 1089 3517 1160 singu-

1935 1177 2013 1232 las
2042 1193 2231 1235 causas
2267 1181 2334 1235 de
2375 1183 2567 1252 quibus
2598 1197 2693 1250 per
2722 1183 2888 1237 filium
2929 1193 3170 1239 nostrum
3204 1185 3514 1240 Bassianum

1934 1270 2303 1342 presbyterum
2333 1272 2397 1325 ad
2433 1273 2723 1328 Romanam
2757 1273 3049 1329 Ecclesiam
3076 1317 3092 1341 ,
3125 1283 3306 1346 utpote
3334 1275 3398 1330 ad
3428 1290 3515 1332 (a-

1934 1370 2026 1429 put
2057 1363 2131 1416 tui
2160 1363 2432 1432 corporis,
2465 1365 2688 1419 retulisti
2707 1410 2721 1433 ,
2753 1365 3088 1435 sufficientia,
3116 1375 3372 1436 quantum
3401 1366 3518 1437 opi-

1931 1468 2066 1519 nor,
2106 1469 2362 1523 responsa
2413 1457 2763 1511 reddidimus.
2809 1457 2958 1513 Nunc
3015 1457 3365 1514 fraternitatis
3411 1471 3516 1516 tua

1930 1547 2163 1602 animum
2193 1549 2259 1603 ad
2290 1550 2583 1605 servandos
2611 1565 2849 1607 canones
2880 1561 2934 1606 et
2967 1550 3194 1606 tenenda
3225 1551 3517 1608 decretalia

1929 1640 2215 1695 constituta
2250 1643 2419 1711 magis
2446 1657 2508 1696 ac
2540 1644 2708 1712 magis
2739 1645 3055 1709 incitamus;
3089 1651 3147 1697 ut
3167 1643 3282 1697 Ita-c
3305 1659 3423 1713 quae
3448 1643 3516 1698 ad

1930 1741 2015 1787 tua
2043 1735 2280 1789 consulta
2311 1734 2703 1804 rescripsimus,
2731 1736 2786 1789 in
2814 1735 3050 1790 omnium
3079 1736 3516 1804 coepiscopurum

1927 1835 2231 1881 nostrorum
2274 1827 2504 1898 proferri
2542 1828 2703 1882 facias
2746 1827 3055 1890 notionem,
3095 1836 3150 1882 et
3190 1841 3298 1881 non
3343 1829 3516 1882 solum

231 1934 443 1980 terattts
480 1925 703 1996 insignia
744 1938 964 1985 matura:
998 1931 1173 1984 atatis
1200 1933 1605 1988 consecratione
1629 1948 1818 2003 perve-

1936 1931 2117 1972 eorum
2146 1920 2234 1988 qui
2269 1920 2323 1974 in
2358 1932 2445 1973 tua
2476 1931 2599 1974 sunt
2635 1919 2851 1976 dioecesi
2891 1921 3202 1985 constituti,
3233 1918 3328 1973 sed
3356 1921 3518 1974 etiam

230 2017 422 2084 niant;
469 2030 493 2056 ο
540 2035 639 2075 nec
688 2020 866 2075 statim
917 2022 1054 2076 saltu
1105 2021 1170 2077 ad
1228 2023 1568 2094 episc0patus
1612 2029 1827 2082 culmen

228 2111 562 2177 ascendant,
591 2111 691 2167 nisi
736 2115 789 2167 in
821 2113 903 2168 bis
937 2115 1124 2169 eadem
1154 2132 1272 2186 qua:
1301 2118 1526 2187 singulis
1559 2119 1827 2188 dignitati-

232 2201 331 2258 bus
387 2204 639 2272 superius
671 2213 909 2276 tempora
940 2207 1267 2277 prmfiximus
1309 2207 1506 2264 fuerint
1539 2211 1825 2267 custodita.

303 2290 324 2332 ί
375 2293 518 2350 XIV.
553 2295 685 2350 Illud
732 2312 944 2367 quoque
990 2313 1088 2354 nos
1133 2313 1229 2368 par
1276 2301 1371 2355 fttit
1421 2303 1737 2372 providere,
1769 2311 1828 2358 ut

229 2384 369 2440 sicut
432 2387 798 2456 pmnitentiam
845 2405 1005 2462 agere
1051 2392 1300 2460 cuiquam
1353 2409 1461 2448 non
1511 2397 1826 2452 conceditur

229 2477 583 2544 clericorum,
617 2479 686 2533 ita
731 2489 784 2535 et
827 2492 946 2551 post
979 2483 1368 2554 pmnitudinem
1411 2500 1473 2540 ac
1513 2487 1826 2541 reconcilia-

229 2569 440 2626 tionem
483 2571 611 2626 nulli
649 2587 879 2643 unquam
909 2574 1044 2631 laico
1073 2577 1232 2632 liceat
1257 2577 1514 2634 honorem
1542 2580 1825 2637 clericatus

229 2661 490 2733 adipisci;
522 2665 644 2734 quia
665 2668 907 2736 quamvis
929 2669 1036 2724 sint
1060 2671 1297 2726 omnium
1325 2654 1664 2743 peccatorum
1692 2691 1824 2731 con-

230 2756 451 2825 tagione
500 2757 771 2826 mundati,
808 2761 952 2816 nulla
1002 2771 1180 2819 tamen
1221 2765 1421 2822 debent
1464 2769 1821 2836 gerendorum

227 2861 697 2907 sacramentorum
744 2857 1097 2913 Instrumenta
1139 2859 1452 2931 suscipere,
1493 2864 1582 2933 qui
1623 2855 1824 2918 dudum

226 2943 425 3002 fuerint
455 2961 582 3001 vasa
604 2947 873 3005 vitiorum.

299 3037 468 3111 256
495 3049 522 3087 κ
552 3037 668 3094 XV.
701 3040 767 3096 Et
795 3041 918 3112 quia
952 3043 1006 3098 in
1033 3042 1116 3098 bis
1143 3045 1392 3102 omnibus
1423 3063 1540 3118 quae
1571 3049 1625 3103 in
1648 3064 1828 3120 repre-

229 3132 552 3189 bcnsionem
591 3136 843 3206 veniunt,
873 3138 990 3193 sola
1021 3142 1302 3195 excusatio
1333 3141 1684 3212 ignorationis
1721 3145 1820 3201 ob-

230 3226 504 3291 tenditur,
537 3228 621 3282 cni
661 3243 760 3284 nos
789 3229 1002 3286 interim
1044 3233 1215 3288 solius
1253 3233 1463 3302 pietatis
1493 3235 1686 3292 intuitu
1725 3253 1820 3294 ne-

1931 2011 1997 2064 ad
2027 2011 2310 2066 universos
2333 2011 2806 2081 Carthaginenses,
2839 2027 2903 2066 ac
2933 2011 3178 2077 Baeticos,
3211 2011 3516 2078 Lusitanos,

1927 2104 2122 2174 atquei
2164 2104 2418 2172 Gallicos,
2447 2106 2532 2160 vel
2558 2120 2650 2160 eos
2673 2105 2764 2173 qui
2790 2105 2982 2158 vicinis
3013 2103 3106 2158 tibi
3135 2103 3517 2166 collimitantur

1929 2195 2053 2251 hinc
2083 2195 2207 2251 inde
2236 2196 2556 2266 provinciis,
2586 2196 2700 2250 haec
2735 2211 2853 2266 quin
2887 2209 2916 2248 a
2963 2194 3118 2248 nobis
3151 2202 3275 2248 sunt
3314 2193 3516 2250 salubri

1927 2290 2265 2346 ordinatione
2294 2291 2581 2359 disposita,
2616 2292 2713 2344 sub
2739 2291 3042 2345 litterarum
3078 2299 3287 2343 tuarum
3327 2303 3514 2358 prose-

1928 2386 2142 2439 cutione
2183 2387 2482 2438 mittantur.
2521 2383 2584 2437 Et
2626 2397 2930 2452 quanquam
2970 2389 3168 2437 statuta
3209 2381 3352 2435 sedis
3389 2395 3514 2450 apoo

1927 2477 2168 2544 stolicm,
2206 2476 2288 2530 vel
2327 2491 2593 2530 canonum
2621 2475 2951 2531 venerabilia
2993 2474 3211 2530 definita
3257 2472 3389 2528 nulli
3428 2487 3513 2527 sa-

1928 2570 2207 2626 cerdotum
2238 2569 2450 2624 Domini
2477 2569 2728 2640 ignorare
2751 2567 2823 2623 sit
2853 2568 3103 2630 liberum,
3125 2566 3307 2621 utilius
3337 2573 3513 2622 tamen

1929 2673 2088 2733 atque
2134 2679 2229 2732 pro
2270 2661 2588 2732 antiquitate
2631 2659 2921 2716 saceidotii
2969 2658 3048 2712 tui
3089 2657 3361 2713 dilectioni
3411 2665 3514 2711 tuat

1927 2769 2049 2810 esse
2086 2754 2373 2809 admodum
2411 2755 2606 2822 poterit
2648 2752 2976 2823 gloriosum,
3013 2750 3057 2805 si
3089 2766 3150 2804 ea
3191 2764 3310 2821 qua:
3352 2747 3419 2802 ad
3460 2755 3513 2804 te

1927 2847 2146 2915 speciali
2177 2847 2396 2900 nomine
2432 2844 2760 2912 generaliter
2785 2843 2985 2913 scripta
3017 2849 3171 2907 sunt,
3204 2856 3298 2911 pcr
3326 2838 3510 2894 unani-

1928 2938 2128 2993 mitatis
2163 2947 2266 2992 tute
2293 2938 2451 3009 255
2478 2936 2893 2992 sollicitudinem
2927 2934 2978 2989 in
3011 2936 3384 2988 universorum
3413 2932 3512 2986 fra-

1928 3035 2068 3082 trum
2113 3037 2417 3082 nostrorum
2461 3029 2705 3081 notitiam
2752 3025 3116 3094 perferantur;
3158 3033 3417 3092 quatenus
3459 3028 3512 3080 et

1926 3135 2045 3191 qua:
2084 3135 2114 3173 a
2157 3118 2312 3173 nobis
2341 3133 2446 3173 non
2487 3116 2813 3181 inconsulte,
2848 3115 2940 3170 sed
2974 3113 3190 3182 provide
3217 3112 3320 3168 sub
3349 3111 3510 3168 nimia

1929 3206 2142 3270 cautela
2185 3220 2242 3268 et
2279 3212 2665 3267 deliberatione
2701 3209 2990 3265 salubriter
3038 3217 3164 3263 sunt
3201 3206 3510 3271 constituta,

230 3333 386 3376 casse
410 3327 495 3376 est
521 3321 815 3378 clementer
835 3309 1112 3393 ignoscére
1138 3344 1150 3380 ;
1183 3299 1486 3399 quicunque
1530 3331 1816 3400 ρωηίιεηε,
1848 3299 1896 3364 C
1926 3305 2274 3400 intemerata
2296 3310 2776 3400 perm-aneantpet
2826 3301 3073 3400 omnibus
3127 3300 3178 3400 in
3237 3307 3510 3400 posterum

236 3413 539 3483 quicunque
565 3412 831 3484 digamus,
859 3417 1163 3488 quicunque
1187 3419 1361 3474 viduae
1394 3421 1616 3479 maritus
1645 3424 1711 3480 ad
1741 3441 1822 3482 sa-

239 3515 388 3556 cram
434 3503 674 3559 militiam
719 3504 960 3564 indebite
1006 3515 1062 3564 et
1112 3510 1536 3582 incompetenter
1581 3517 1816 3588 irrepsit,

233 3590 337 3648 bac
365 3591 466 3650 sibi
496 3596 806 3652 conditione
833 3613 862 3652 a
895 3599 1052 3655 nobis
1083 3603 1294 3658 veniam
1327 3605 1582 3678 intelligat
1611 3611 1820 3668 relaxa-

229 3692 337 3740 tam
367 3727 383 3753 ,
426 3694 484 3742 ut
526 3687 579 3741 in
625 3678 818 3759 magno
860 3691 1054 3748 debeat
1081 3706 1394 3764 computare
1435 3699 1735 3772 beneficio,
1771 3705 1818 3760 si

224 3778 480 3851 adempta
510 3781 612 3836 sibi
639 3784 784 3838 omni
813 3798 909 3854 spe
935 3783 963 3822 ιι
994 3789 1366 3858 promotionis,
1397 3793 1450 3847 in
1474 3793 1576 3851 hoc
1605 3812 1711 3867 quo
1735 3799 1815 3854 in-

225 3872 475 3928 venietur
505 3874 695 3931 ordine
721 3887 978 3948 perpetua
1005 3882 1295 3940 stabilitate
1321 3899 1631 3956 permaneat
1668 3890 1685 3930 ί
1711 3894 1817 3948 sci-

223 3967 329 4022 turi
359 3967 588 4038 posthac
618 3975 1011 4040 provinciarum
1040 3978 1277 4032 omnium
1301 3984 1496 4038 summi
1522 3987 1809 4058 antistites,

289 4138 318 4168 ⁸
343 4129 458 4214 Tit.
493 4132 547 4187 in
576 4132 895 4214 cod..Viud.
935 4154 948 4190 :
994 4138 1144 4214 Quod
1171 4141 1386 4214 clericus
1413 4147 1502 4214 qui
1534 4150 1814 4204 secundum

217 4200 430 4327 fuit“qu
458 4219 667 4259 mrem
689 4200 1148 4278 deponaturfblox
1185 4200 1376 4283 plures
1396 4200 1814 4291 cbddset'editi,

252 4290 285 4327 ιι
339 4290 388 4326 vi
433 4291 570 4330 nam.

217 4344 464 4472 bi‘zn'fit.
503 4347 555 4402 iu
579 4347 681 4404 riis.
716 4347 875 4406 Vind:
907 4370 920 4406 :
956 4352 1082 4420 Qua:
1110 4355 1317 4425 femina:
1343 4375 1457 4414 cum
1484 4361 1682 4417 clericis
1718 4364 1814 4419 ha-

214 4558 253 4612 r
293 4497 318 4526 ο
352 4487 567 4545 Titulus
613 4491 666 4546 in
708 4507 810 4549 ms.
861 4493 1016 4551 Vind.
1049 4515 1063 4552 :
1095 4497 1172 4554 De
1203 4503 1563 4557 monachorum
1613 4523 1820 4574 promo-

235 4575 378 4612 tunc.

235 4575 378 4615 tone.

285 4627 332 4719 έν
355 4629 516 4719 Vulg.
540 4633 716 4719 tione.
756 4648 877 4706 post
911 4638 1199 4719 editionem
1230 4643 1387 4719 Rom.
1416 4645 1618 4702 addunt
1643 4630 1808 4719 digni.

212 4699 337 4784 μοι
367 4699 428 4785 in
458 4699 576 4758 Vat.
608 4699 833 4777 Regfet
863 4711 1101 4785 secunda,
1125 4728 1286 4770 mantt
1317 4699 1381 4772 iur
1403 4699 1517 4773 ms:
1538 4699 1812 4785 viniij'iii

212 4773 268 4828 in
291 4773 472 4845 vulg"
498 4773 886 4845 promoueantur
912 4783 1193 4838 ordinibus.

286 4854 314 4884 ε’
345 4844 815 4924 Βροληδεὶϐριι).
850 4863 904 4906 et
935 4853 1190 4910 German.
1227 4857 1553 4924 Constantii,
1591 4879 1678 4916 nec
1705 4874 1812 4916 sla-

213 4917 305 5000 tim
333 4917 430 5000 ait.
465 4915 582 4974 Vat.
614 4919 990 5000 IIeginae‘cutn
1036 4926 1204 5000 tribus
1235 4946 1364 4985 mss.
1395 4915 1636 4997 ejusdem
1668 4915 1810 4986 Cou-

209 4989 428 5050 stantii,
463 5003 554 5042 nec
581 4989 754 5046 saltim
784 4993 874 5049 ad.
906 4995 1002 5049 ills.
1037 4996 1200 5052 (ἔοι-Ι).
1235 5016 1356 5056 eum
1389 4989 1509 5058 aliis
1537 5006 1810 5059 nonnullis

210 5075 305 5113 nec
326 5059 473 5134 salttt
491 5060 581 5134 ad.
607 5061 686 5134 Ex
715 5075 940 5134 utraque
969 5067 1198 5125 lectione
1221 5073 1349 5127 editi
1376 5091 1495 5128 cum
1527 5077 1682 5130 codd.
1717 5091 1811 5131 no-

207 5139 342 5186 stre
370 5129 736 5196 collectiouis,
770 5129 864 5190 ncc'
883 5140 1053 5191 statim
1081 5142 1218 5194 saltu
1243 5145 1330 5198 ad.
1359 5145 1482 5199 Isid.
1516 5162 1636 5200 cum
1671 5129 1809 5200 Mer-

209 5201 326 5258 Iino
354 5213 413 5286 et
440 5202 624 5270 Crab.,
655 5221 748 5260 nec
783 5224 873 5278 per
897 5209 1057 5264 saltus
1078 5211 1166 5266 ad.
1200 5212 1318 5269 Mox
1359 5215 1477 5272 Vat.
1506 5217 1635 5287 Rrg.
1666 5218 1811 5273 delet

206 5288 478 5342 superius.

286 5342 309 5384 ί
336 5345 686 5427 'I_‘it._in_cod.
717 5349 924 5427 Vind._:
959 5353 1109 5427 Quod
1145 5356 1388 5427 paenitens
1416 5375 1518 5413 non
1545 5360 1636 5427 ﬁat
1661 5361 1811 5414 cleri-

206 5415 412 5499 φείδῃ
442 5415 650 5499 duobus
670 5436 808 5499 vero
833 5415 1324 5496 aliis'coddfbujus
1351 5415 1562 5485 collect'.
1595 5432 1804 5486 'l‘bnan.

203 5497 258 5568 et
296 5487 484 5568 IfillL:
511 5489 614 5555 Qui
645 5493 838 5568 audam
872 5499 1077 5565 fuerant
1098 5487 1498 5568 rvasa'vitiorum
1522 5541 1538 5568 ,
1567 5501 1810 5556 honorem

204 5559 488 5642 clericatus
528 5577 631 5642 non
654 5559 1047 5642 adipiscantur.
1092 5567 1186 5622 bis.
1226 5569 1351 5642 Vat.
1388 5559 1537 5641 Reg:
1562 5582 1723 5642 caput
1753 5577 1808 5630 7.

202 5630 393 5695 signat
425 5643 556 5710 cum
577 5633 733 5710 titqu
761 5630 778 5692 ἑ
807 5636 886 5691 De
925 5638 1071 5693 laicis
1100 5641 1455 5710 penitentibus
1469 5630 1688 5700 ‘nullu'm
1711 5645 1806 5700 Ita-

203 5703 631 5774 noretnadipisci
651 5706 847 5765 debere.

249 5781 312 5858 “II
344 5772 555 5858 Titulus
581 5775 633 5831 in
670 5777 824 5858 Vind.
848 5795 960 5858 Ams.
996 5800 1010 5836 :
1045 5782 1112 5858 ω
1140 5785 1185 5838 si
1211 5803 1302 5856 per
1327 5787 1671 5857 ignorantiam
1703 5807 1806 5858 pae-

204 5843 655 5932 nitensbigamus,
680 5851 940 5932 velpidua:
962 5855 1174 5932 maritas
1195 5843 1408 5932 clericus
1433 5863 1598 5932 [actus
1624 5843 1806 5930 fuerit,

206 5931 320 5972 non
339 5931 716 5983 promoveantr.
739 5921 856 5980 Mox
879 5925 958 5981 Itis
979 5926 1210 5982 omnibus
1230 5929 1401 5986 deleta
1427 5921 1809 5998 praepositione

1925 3395 2359 3452 excusationibus
2391 3393 2585 3459 aditus,
2617 3393 2707 3462 qui
2732 3393 2842 3460 jam
2875 3391 3006 3445 nulli
3036 3389 3174 3460 apud
3205 3403 3301 3444 nos
3327 3397 3510 3460 patere

1923 3487 2142 3560 poterit,
2173 3487 2499 3542 obsit-natur.
2535 3485 2666 3538 Data
2692 3483 2719 3520 ιι
2749 3491 2941 3552 quarto
2973 3482 3094 3535 ldus
3124 3481 3281 3536 Febr.
3313 3480 3508 3535 Archa-

1923 3585 2014 3640 dio
2041 3584 2361 3640 etBautoue
2388 3581 2514 3637 viris
2542 3580 2856 3636 clarissimis
2881 3577 3216 3634 consulibus.

2409 3744 2492 3800 CA
2504 3740 2804 3800 PITULUM
2853 3740 3022 3796 XXX.

1968 3855 1984 3895 ι
2019 3855 2255 3928 Epistola
2285 3873 2432 3929 papa!
2457 3857 2634 3913 Siricii
2663 3855 2730 3910 ad
2757 3855 2978 3909 diversos
3006 3854 3266 3926 episcopos
3295 3852 3468 3909 missa.

1993 3992 2243 4065 Optarem
2269 4008 2504 4066 semper,
2532 3992 2723 4049 fratres
2749 3988 3073 4055 charissimi,
3100 3997 3140 4025 ιιι
3161 3988 3432 4044 dilectioni
3455 3995 3505 4046 et

1917 4156 1970 4228 in
2007 4160 2292 4226 praeferunt
2327 4158 2486 4213 codd.
2514 4157 2637 4214 Vat.
2680 4156 2929 4228 Regium,
2971 4154 3128 4210 Dion.
3169 4152 3413 4218 .Iustelli,
3454 4160 3508 4208 et

1919 4225 2283 4285 Constantius.

1993 4296 2211 4377 ‘félias.
2243 4301 2595 4377 ρίστεειὶοηὶε.
3124 4366 3157 4377 η
3381 4374 3388 4377 _
3459 4365 3473 4377 ,
3529 4355 3534 4362 .

2001 4366 2410 4439 iQuesnellus,
2460 4373 2755 4440 :ciantque,
2821 4366 3242 4440 repugnantibus
3295 4366 3506 4421 eceteris

1901 4439 2080 4495 editis
2111 4456 2157 4496 et
2187 4443 2420 4512 antiquis
2448 4459 2576 4496 ιιι-ε.
2606 4439 2897 4498 codicibus.

2000 4513 2013 4562 i
2049 4513 2120 4568 Ita
2151 4508 2455 4568 Vind/Vat.
2498 4514 2626 4580 ltcg.
2665 4522 2718 4566 et
2759 4528 2787 4566 a
2815 4516 2892 4566 ius
2935 4510 3055 4565 Vat.
3084 4523 3204 4564 cum
3237 4508 3505 4578 plcrisque

1777 4630 1786 4660 ._
1842 4600 1898 4660 Ι)
1924 4584 2042 4660 aliis
2073 4601 2200 4660 mss.
2242 4585 2468 4660 laudatis
2511 4600 2538 4636 a
2580 4579 3045 4660 Constantiotqni
3074 4597 3205 4660 cum
3249 4579 3506 4660 (Iarba-ct

1921 4657 2206 4722 Quesnelio
2245 4655 2486 4710 Galiicios
2521 4657 2739 4722 icccpit.
2774 4655 2890 4710 Mox
2927 4653 3042 4707 Vat.
3073 4651 3203 4716 Reg.
3234 4668 3352 4707 cunt
3387 4651 3504 4704 aliis

1914 4729 2092 4790 editis,
2127 4727 2450 4781 collimitant.
2487 4727 2590 4782 Sed
2625 4727 2831 4792 passive
2860 4726 3132 4794 usurpavit
3161 4724 3394 4778 Solinus.

1986 4796 2011 4835 ⁸
2054 4799 2142 4854 Sic
2179 4799 2337 4853 codd.
2387 4797 2501 4850 Vat.
2553 4798 2768 4860 Regina:
2821 4807 2874 4852 et
2924 4795 3122 4852 Lttcen.
3166 4810 3285 4848 cum
3335 4794 3504 4847 tribus

1915 4870 2095 4937 probat:
2145 4883 2282 4923 nota:
2331 4869 2724 4938 exemplaribus
2769 4868 2906 4938 apud
2957 4866 3348 4938 Constantium.
3391 4865 3500 4928 AL,

1913 4936 2030 4994 cum
2058 4957 2158 4996 ltlS.
2191 4939 2345 4994 Vind.
2374 4936 2585 4994 caetera:
2617 4936 2901 5016 editiones,
2932 4941 3154 5016 utilius.
3196 4936 3310 4990 Mox
3344 4949 3503 5016 voces

1913 5013 2033 5065 viris
2069 5013 2401 5080 clarissimis,
2433 5027 2550 5080 qum
2590 5012 2906 5066 nonnullam
2944 5009 3313 5080 difficultatem
3357 5009 3500 5070 iugc-

1912 5095 2059 5146 runt,
2091 5066 2305 5147 absutit,
2331 5066 2469 5138 teste
2499 5082 2832 5160 Constantio.
2863 5083 2928 5136 ab
2953 5079 3342 5160 antiquioribus
3370 5066 3499 5160 Ψβε.

1913 5155 2094 5217 libris,
2126 5171 2188 5208 ac
2217 5146 2356 5209 inter
2392 5163 2620 5209 caeteros
2655 5155 2722 5206 ab
2761 5152 3007 5220 exemplo
3036 5146 3199 5218 ltegio
3228 5148 3342 5217 puri
3375 5146 3499 5199 Dio-

1913 5227 2068 5298 nysii.
2101 5225 2157 5280 In
2185 5226 2304 5280 Vat.
2333 5226 2480 5298 1542
2502 5226 2616 5298 haec
2640 5224 3130 5298 notatioclironica
3151 5221 3322 5274 deest.
3345 5287 3364 5298 .
3399 5286 3410 5298 .

1991 5296 2006 5335 ¹
2040 5299 2243 5353 Pr.-cter
2277 5297 2433 5352 codd.
2471 5297 2628 5363 bujus
2659 5295 2990 5369 collectionis
3012 5337 3026 5360 ,
3056 5292 3305 5369 _Ilisp._et
3345 5285 3500 5369 Isid?

1913 5369 2049 5423 lianc
2069 5369 2350 5441 epistolam
2378 5361 2754 5441 reperimttsin
2785 5367 2992 5441 duabus
3022 5363 3142 5441 aliis
3170 5361 3500 5441 collectioni-

1913 5441 2030 5508 bus,
2055 5431 2301 5494 ni'mirum
2331 5439 2384 5493 in
2404 5431 2528 5492 Vat.
2565 5439 2784 5510 IIS-iiet
2811 5434 3187 5510 ῥςιᾴἱεὶοηῇὺιλε
3218 5431 3500 5510 Dionysia-

1912 5503 2027 5577 t.is,'
2047 5528 2139 5567 seu
2171 5513 2220 5566 in
2252 5511 2409 5566 codd.
2437 5509 2560 5564 Vat.
2587 5509 2729 5564 5845
2758 5516 2811 5561 et
2836 5505 3028 5560 Vallic.
3057 5505 3187 5577 A_5.
3223 5503 3498 5577 Inscriptio

1911 5569 2068 5654 quam
2100 5584 2344 5639 dedimus
2371 5592 2451 5638 est
2482 5581 2536 5636 in
2569 5577 2726 5634 codd.
2755 5577 2982 5632 Vindeb.
3013 5589 3077 5628 ac
3104 5569 3501 5654 Ttiuan..ltujus

3125 5644 3456 5698 collectionis
3483 5684 3496 5707 ,

1981 5800 2018 5827 η’
2053 5789 2190 5844 Edit.
2226 5789 2391 5845 Conc.
2425 5801 2543 5844 cum
2573 5799 2678 5840 ms.
2706 5780 2917 5856 Vallic.,
2946 5775 3233 5856 dilectionis
3258 5783 3319 5856 _ct
3358 5772 3497 5856 pacis

1911 5870 2096 5942 vestrae.
2125 5861 2466 5943 sinceritatis;
2505 5856 2712 5924 Coust.,
2744 5849 3031 5908 dilectionis
3069 5858 3119 5905 et
3155 5849 3296 5924 pacis
3317 5853 3496 5906 vestra

1912 5942 2210 5988 διηοεηεηιε.
