3992 6348
516 382 619 440 567

1442 361 1787 422 APPENDIX
1825 358 1918 415 AD
1955 357 2011 413 S.
2053 351 2299 410 LEOle
2340 348 2550 406 MAGNI
2588 345 2836 405 OPERA.

3623 340 3710 400 568

518 514 548 551 a
578 492 794 551 Christo
833 504 954 547 esse
982 483 1287 557 conjugium
1325 492 1580 550 negamus
1597 520 1612 545 ,
1646 474 1826 531 divina
1855 486 1987 529 voce
2016 469 2096 525 di-
2121 470 2175 532 Α
2201 466 2338 535 dem,
2363 464 2476 534 5d).
2508 464 2635 520 Haec
2658 469 2742 518 est
2764 460 2923 530 Virgo
2943 470 3064 528 qua:
3084 456 3137 512 in
3158 462 3307 512 utero
3325 453 3562 525 concepit,
3577 451 3709 524 Virgo

520 596 716 645 cente:
748 584 913 658 Erunt
940 580 1087 634 ambo
1125 577 1179 630 in
1208 590 1309 628 una
1353 587 1534 637 carne,
1565 578 1591 607 ⁸
1618 578 1665 622 et
1699 570 1753 621 in
1779 584 1881 621 uno
1915 563 2096 638 spiritu

522 678 673 749 (Ceu.
706 655 775 743 tt,
806 673 904 735 ‘Zl;
939 668 1125 724 Matth.
1159 681 1273 729 xtx,
1306 662 1391 733 5);
1423 660 1515 716 sed
1544 660 1689 730 prius
1709 666 1791 712 est
1817 656 1957 725 quod
1988 655 2097 711 nati

520 748 703 828 Sumus
728 784 883 839 quam
915 763 1055 835 quod
1092 760 1300 825 eﬂ‘ecti,
1340 756 1615 825 multoque
1646 750 1981 823 praestantius
2008 748 2097 804 di-

522 864 632 918 viui
663 861 837 931 operis
874 856 1181 926 mysterium
1211 865 1369 922 quam
1410 850 1657 903 humana:
1684 842 1986 913 fragilitatis
2013 856 2095 895 re-

520 954 772 1009 medium.
818 949 943 1005 .lure
985 945 1229 1001 laudatur
1274 944 1411 997 bona
1452 952 1607 1005 uxor,
1643 936 1739 993 sed
1779 934 1971 989 melius
2012 932 2095 1002 pia

517 1050 666 1117 virgo
698 1024 1001 1115 p'rmfertur,
1031 1041 1244 1097 dicente
1280 1034 1539 1106 Apostolo
1572 1051 1585 1087 :
1622 1032 1723 1099 Qui
1745 1031 1917 1103 jungit
1947 1029 2099 1098 virgi-

517 1159 632 1199 nem
658 1158 833 1202 suum,
871 1139 985 1192 bene
1031 1124 1188 1206 facit;
1220 1142 1265 1186 et
1296 1131 1380 1199 qui
1412 1146 1513 1183 non
1533 1126 1736 1199 jungit,
1774 1122 1952 1177 melius
1975 1120 2099 1191 facit

521 1235 562 1305 (l
593 1233 710 1288 Cor.
740 1248 808 1285 vn
828 1272 842 1295 ,
872 1229 995 1297 58);
1032 1229 1145 1280 haec
1169 1225 1309 1278 enim
1341 1220 1539 1290 cogitat
1566 1216 1685 1286 quae
1714 1215 1805 1269 Dei
1830 1223 1985 1279 sunt,
2006 1212 2098 1267 illa

517 1340 634 1397 qua:
666 1322 869 1378 mundi.
904 1320 995 1374 Illa
1034 1314 1405 1386 conjugalibus
1439 1309 1667 1365 vinculis
1703 1306 1951 1374 colligata
1980 1314 2094 1369 est;

518 1420 634 1474 hmo
667 1418 829 1472 lthera
860 1412 1214 1467 vinculorum.
1247 1408 1343 1463 llla
1369 1405 1469 1462 sub
1498 1404 1634 1473 lege,
1660 1404 1761 1457 ista
1784 1400 1885 1454 sub
1906 1398 2097 1469 gratia.

519 1512 723 1565 Bonum
768 1504 1102 1574 conjugium,
1151 1515 1257 1570 quo
1295 1508 1378 1555 est
1415 1500 1628 1553 inventa
1660 1494 1943 1565 posteritas
1980 1506 2103 1547 suc-

519 1601 781 1659 cessionis
828 1600 1100 1659 humanaz;
1151 1593 1244 1647 sed
1290 1592 1481 1645 melior
1521 1597 1603 1644 est
1647 1586 1948 1656 virginitas,
2009 1598 2096 1652 per

520 1708 678 1765 quam
699 1691 845 1761 regni
869 1687 1103 1743 cmlestis
1127 1683 1407 1739 haereditas
1429 1679 1705 1750 acquisita,
1728 1685 1780 1732 et
1800 1674 2098 1730 caelestium

521 1790 832 1843 meritorum
857 1793 1064 1854 reperta
1091 1782 1380 1835 successio.
1409 1777 1511 1831 Per
1531 1773 1806 1829 mulierem
1833 1784 1958 1825 cura
1982 1783 2102 1823 suc-

2201 575 2320 630 qua:
2360 556 2567 628 peperit
2604 554 2813 608 tilium:
2862 550 2943 605 sic
2984 547 3130 604 enim
3174 546 3423 617 scriptum
3460 554 3563 601 est:
3605 544 3711 603 Ecce

2212 653 2364 724 Virgo
2391 651 2445 704 in
2471 658 2616 703 utero
2643 645 2854 715 accipiet
2888 651 2936 697 et
2965 642 3127 711 pariet
3156 639 3322 710 ﬁlium
3352 636 3495 711 (Issi.
3515 654 3599 707 vu,
3622 638 3708 710 ll).

2200 744 2314 800 Non
2344 741 2487 799 enim
2527 748 2907 809 conceptumm
2947 733 3312 791 tantummodo
3337 734 3599 804 virginem,
3637 737 3713 791 sed

2199 848 2253 895 et
2303 838 2591 908 parituram
2639 832 2897 903 virginem
2942 829 3095 883 dixit.
3154 826 3285 894 Quae
3329 835 3409 881 est
3452 834 3606 880 autern
3644 825 3714 883 illa

2200 941 2351 1003 porta
2399 918 2718 992 sanctuarii,
2761 924 2896 980 hilla
2936 924 3172 980 exterior
3208 920 3274 975 ad
3310 920 3580 985 orientem,
3621 935 3715 989 qua:

2200 1032 2381 1079 manet
2428 1020 2649 1098 clausa?
2696 1018 2761 1072 Et
2805 1033 2971 1083 nemo,
3019 1014 3218 1085 inquit,
3270 1010 3611 1082 ipertransibit
3650 1027 3716 1078 per

2201 1134 2345 1182 eam;
2383 1117 2471 1171 sed
2511 1115 2647 1169 solus
2676 1112 2811 1167 Deus
2838 1110 3003 1166 Israel
3042 1107 3273 1164 transivit
3309 1121 3396 1177 per
3420 1121 3523 1160 eam
3543 1102 3715 1174 (Emit.

2203 1225 2349 1276 κων,
2372 1209 2449 1279 3).
2493 1206 2681 1261 Nonne
2720 1204 2834 1258 haec
2874 1211 3028 1272 porta
3068 1199 3231 1279 Maria
3272 1207 3354 1253 est
3391 1212 3480 1266 per
3510 1211 3643 1265 quam
3676 1196 3717 1251 in

2203 1272 2344 1358 hunc
2383 1272 2637 1356 mundum
2668 1296 2991 1365 Redemptor
3030 1272 3287 1347 intravit?
3335 1288 3456 1344 Haec
3490 1296 3565 1342 est
3600 1295 3720 1356 porta

2199 1395 2442 1465 justititr,
2484 1394 2617 1447 sicut
2652 1392 2765 1460 ipse
2794 1388 2929 1443 dixit
2966 1403 2983 1443 :
3034 1385 3159 1441 Sine
3199 1399 3291 1438 nos
3333 1381 3532 1449 implere
3561 1394 3721 1432 omnem

2194 1462 2454 1558 iustitiam
2476 1481 2689 1554 (Matth.
2712 1496 2792 1545 ιιι,
2818 1478 2929 1547 15).
2965 1476 3088 1531 Haec
3113 1483 3263 1544 porta
3290 1480 3370 1528 est
3396 1469 3545 1526 Maria
3566 1468 3624 1524 de
3643 1462 3722 1537 qua

2203 1580 2457 1646 scriptum
2486 1584 2600 1630 est:
2627 1574 2759 1641 Quia
2784 1572 3032 1626 Dominus
3057 1569 3073 1619 l
3104 1565 3425 1639 pertransieit
3454 1579 3572 1627 eam,
3592 1572 3630 1615 et
3650 1563 3725 1615 erit

2205 1669 2379 1723 clausa
2406 1676 2517 1740 post
2545 1673 2752 1734 partum
2780 1660 2994 1734 (Επειδὴ.
3030 1674 3171 1723 mv,
3201 1656 3299 1728 2):
3330 1654 3447 1725 quia
3471 1654 3604 1724 virgo
3624 1667 3726 1709 con-

2205 1762 2346 1830 cepit
2374 1769 2430 1815 et
2455 1758 2659 1828 genuit.
2709 1754 2846 1824 Quid
2887 1761 3065 1807 autem
3113 1745 3452 1811 incredibile,
3496 1744 3538 1800 si
3577 1753 3727 1798 contra

523 1833 1000 1854 ...-...---.-----,__
1040 1833 1064 1835 η
1101 1833 1109 1835 ,
1167 1833 1176 1834 ,
1291 1833 1294 1834 ν

523 1880 716 1943 cessit,
752 1894 844 1947 per
885 1876 1141 1945 virginem
1173 1871 1318 1927 salus
1358 1869 1555 1925 evenit.
1597 1865 1834 1935 Denique
1871 1861 2102 1933 speciale
2131 1853 2177 1914 B
2206 1870 2360 1910 usum
2394 1851 2649 1908 naturalis
2678 1846 2898 1918 originis
2926 1842 3135 1916 peperit
3172 1840 3339 1896 Maria
3364 1846 3416 1894 et
3439 1833 3729 1908 virgokper-

523 1974 623 2029 sibi
651 1971 849 2027 donum
881 1966 1198 2038 virginitatis
1224 1964 1467 2019 Christus
1497 1960 1677 2029 elegit,
1708 1965 1869 2027 atque
1892 1954 2108 2023 integri-

524 2066 649 2121 tatis
696 2080 890 2119 munus
937 2060 1215 2126 cxltibuit,
1257 2068 1417 2128 atque
1464 2057 1516 2110 in
1562 2070 1622 2108 se
1668 2049 2105 2121 repraesentavit,

525 2157 667 2231 quod
694 2158 849 2227 elegit
871 2156 921 2210 in
954 2164 1142 2209 matre.
1174 2153 1381 2220 Quanta
1412 2147 1641 2203 amentia
1672 2146 2000 2199 funestorum
2027 2142 2109 2196 la-

526 2262 757 2308 tratuum
782 2292 796 2316 ,
830 2259 884 2304 ut
912 2249 1071 2304 iidem
1099 2248 1340 2301 dicereut
1364 2243 1638 2298 Christum
1669 2254 1734 2294 ex
1766 2237 1968 2308 virgine
2003 2249 2109 2289 non

526 2346 767 2417 potuisse
795 2343 1073 2414 generari,
1098 2341 1185 2411 qui
1213 2344 1460 2392 asserunt
1482 2350 1547 2389 ex
1578 2333 1801 2387 muliere
1830 2329 1989 2383 editis
2014 2328 2114 2381 hu-

527 2452 805 2493 manorum
857 2435 1137 2505 pignorum
1185 2429 1425 2499 partibus
1475 2423 1713 2494 virgines
1760 2419 2107 2491 permanere!

526 2529 665 2585 Aliis
695 2544 822 2598 ergo
866 2535 1084 2596 praestat
1111 2523 1391 2587 Christus,
1436 2517 1577 2589 quod
1624 2516 1755 2581 sibi,
1795 2522 1851 2568 ut
1894 2512 2109 2580 dicunt,

529 2630 789 2690 prmstare
818 2632 923 2671 non
960 2614 1163 2685 potuit?
1198 2612 1291 2667 Ille
1318 2626 1444 2665 vero
1476 2606 1501 2645 δ
1537 2608 1635 2661 etsi
1675 2621 1890 2661 carnem
1927 2618 2114 2659 susce-

530 2714 628 2784 pit,
659 2713 758 2768 etsi
780 2712 939 2765 homo
963 2710 1129 2763 lactus
1150 2714 1255 2771 est,
1274 2714 1333 2759 ut
1354 2703 1622 2758 hominem
1647 2698 1936 2755 redimeret
1956 2705 2116 2766 atque

531 2824 562 2863 a
589 2814 763 2863 morte
795 2812 1101 2867 revocaret,
1134 2800 1385 2855 inusitato
1418 2806 1626 2859 tamen,
1658 2804 1681 2832 ο
1710 2792 1861 2862 quasi
1893 2804 2117 2845 munere

531 2900 677 2956 venit
706 2899 758 2951 in
787 2911 955 2952 terras
987 2912 999 2949 :
1037 2903 1096 2948 ut
1118 2889 1563 2964 quemadmodum
1595 2887 1803 2942 dixerat
1834 2901 1848 2938 :
1881 2884 2010 2938 Ecce
2035 2886 2118 2955 fa-

531 2996 665 3048 ciam
694 2992 865 3045 omnia
903 3005 1034 3042 nova
1064 2987 1247 3057 (Apoc.
1280 3000 1367 3039 χιιι
1394 3025 1409 3050 ,
1438 2981 1517 3052 5),
1562 2991 1717 3050 parttt
1761 2976 2118 3031 immaculata:

531 3086 753 3156 virginis
777 3093 1115 3145 nasceretur;
1149 3088 1203 3132 ct
1226 3078 1363 3131 sicut
1390 3077 1647 3141 scriptum
1677 3081 1778 3136 est,
1803 3070 2117 3125 crederetur

428 3172 430 3174 ⁷
531 3177 791 3231 nobiscum
817 3174 970 3227 Deus.
993 3171 1097 3226 Sed
1114 3170 1141 3207 ά
1159 3170 1224 3224 de
1241 3171 1321 3222 via
1346 3165 1706 3237 perversitatis
1731 3161 2023 3232 produntur
2040 3159 2114 3213 di-

2210 1935 2421 2013 mauet,
2469 1943 2681 2016 quando
2725 1949 2908 1996 contra
2955 1950 3107 1991 usum
3153 1942 3356 1988 natura;
3385 1945 3523 1986 mare
3552 1927 3658 1983 vidit
3690 1935 3731 1983 et

2211 2041 2361 2113 fugit,
2393 2047 2550 2107 atque
2581 2037 2633 2090 in
2665 2034 2865 2089 fontem
2898 2044 3053 2085 suum
3080 2025 3331 2083 Jordanis
3359 2024 3544 2079 ﬂuenta
3566 2034 3731 2076 remea-

2211 2112 2380 2190 runt?
2427 2130 2542 2186 Non
2581 2143 2708 2199 ergo
2746 2121 3153 2199 exceditlidem
3192 2116 3333 2187 quod
3368 2116 3507 2186 virgo
3539 2112 3732 2184 peperit;

2212 2225 2424 2297 quando
2462 2197 2688 2293 legimus
2717 2218 2860 2289 quod
2903 2224 2956 2272 et
2977 2197 3143 2286 vpetra
3184 2210 3426 2268 evomuit
3451 2221 3618 2279 aquas,
3656 2202 3733 2259 let

2214 2296 2266 2372 in
2295 2317 2430 2372 muri
2457 2315 2691 2386 speciem
2716 2312 2878 2366 maris
2900 2308 3037 2363 unda
3060 2305 3288 2361 solidata
3312 2312 3411 2360 est.
3437 2301 3543 2357 Non
3566 2296 3737 2353 excedit

2214 2411 2371 2465 fidem
2412 2406 2552 2478 quod
2593 2405 2755 2460 homo
2793 2403 2959 2457 exivit
2997 2414 3067 2455 ex
3108 2399 3349 2469 virgine,
3388 2394 3583 2464 quando
3616 2399 3735 2461 petra

2215 2505 2412 2559 fontem
2441 2500 2705 2571 proﬂuum
2735 2494 3045 2558 scaturivit,
3084 2492 3288 2548 ferrum
3318 2505 3473 2561 super
3499 2499 3643 2556 aquas
3665 2497 3737 2538 na-

2216 2597 2365 2659 tavit,
2394 2592 2683 2649 ambulavit
2706 2590 2867 2646 homo
2892 2602 3053 2657 super
3074 2599 3263 2655 aquas.
3297 2584 3434 2653 Ergo
3453 2580 3495 2637 si
3516 2579 3738 2632 hominem

2216 2690 2377 2761 262
2406 2686 2543 2741 unda
2572 2682 2829 2754 portavit,
2873 2694 2978 2735 nou
3021 2677 3193 2748 potuit
3227 2674 3494 2731 hominem
3522 2670 3650 2761 virgo
3669 2682 3740 2738 ge-

2217 2748 2449 2836 1755.3?
2481 2788 2519 2815 ιη
2540 2748 2610 2832 Ᾰι
2636 2789 2793 2846 quem
2824 2770 3139 2827 hominem?
3187 2770 3262 2824 De
3290 2783 3395 2838 quo
3426 2748 3658 2835 legimus:
3688 2758 3740 2814 Et

2219 2876 2378 2930 mittet
2418 2874 2529 2927 istis
2557 2870 2811 2924 Dominus
2846 2865 3098 2920 hominem
3124 2865 3212 2936 qui
3240 2880 3329 2918 eos
3360 2862 3504 2933 faciet
3528 2859 3684 2919 salvus,
3704 2862 3739 2907 et

2218 2981 2366 3023 notus
2395 2967 2489 3019 erit
2523 2963 2769 3018 Dominus
2790 2958 3054 3032 .Egyptiis
3077 2956 3227 3029 (Isai.
3262 2972 3377 3021 ιιι,
3400 2955 3505 3023 20).
3537 2953 3585 3006 lu
3609 2946 3741 3005 veteri

2219 3066 2399 3135 itaque
2440 3063 2815 3125 Testamento,
2855 3068 2883 3095 υ
2908 3059 3057 3127 virgo
3112 3056 3460 3111 Hebraeorum
3507 3066 3593 3123 per
3629 3060 3749 3104 mare

2220 3155 2372 3210 duxit
2411 3154 2738 3215 exercitum;
2785 3150 2837 3204 in
2869 3164 3013 3203 novo
3039 3147 3390 3203 Testamento
3428 3144 3585 3214 virgo,
3621 3138 3743 3208 [legis

533 3222 1401 3335 cere:261Virgoconcepit,sed
1421 3222 2111 3325 uonvirgogeneraritﬂuae
2139 3222 2185 3287 (ἶ
2218 3248 2335 3303 aula
2362 3246 2632 3311 crelestis,
2680 3248 2851 3299 electa
2895 3251 2977 3297 est
3013 3240 3080 3297 ad
3117 3240 3368 3295 salutem.
3416 3237 3541 3307 Quid
3567 3230 3743 3289 autem?

532 3358 706 3429 potuit
730 3372 856 3425 ergo
883 3356 1029 3423 vith
1057 3352 1359 3419 concipere,
1388 3359 1411 3386 ⁸
1438 3363 1539 3402 uou
1572 3346 1745 3416 potuit
1774 3347 1922 3415 virgo
1950 3358 2111 3413 gene-

533 3467 687 3517 rare,
728 3467 847 3505 cum
890 3462 1100 3515 semper
1138 3452 1429 3513 conceptus
1469 3438 1760 3511 prmcedat,
1808 3446 1989 3505 partus
2026 3450 2113 3490 se-

533 3544 765 3616 quatur“?
816 3540 915 3596 Sed
959 3539 1003 3592 si
1045 3535 1300 3591 doctrinis
1335 3549 1439 3588 non
1481 3530 1715 3585 creditur
1745 3527 2107 3589 sacerdotum,

534 3636 784 3693 credatur
812 3633 1043 3689 oracu'is
1082 3630 1311 3694 Christi,
1356 3626 1608 3680 credatur
1639 3620 1865 3676 tnouitis‘
1892 3622 2112 3688 angelo-

537 3745 656 3785 rum
688 3726 978 3782 dicentium
1008 3742 1020 3776 :
1057 3724 1190 3787 Quia
1218 3737 1319 3774 non
1348 3729 1420 3772 est
1451 3714 1760 3788 impossibile
1786 3712 1804 3751 ί
1834 3712 1941 3766 Deo
1969 3726 2117 3767 omne

535 3821 739 3877 verbum
754 3818 881 3886 (Luc
920 3833 955 3881 ι,
977 3815 1063 3879 56)
1085 3831 1097 3868 :
1116 3814 1367 3869 credatur
1389 3821 1441 3865 et
1460 3809 1713 3879 Symbolo
1731 3806 2114 3875 apostolorum,

537 3912 677 3983 quod
709 3908 940 3963 Eoi-lesia
972 3906 1205 3958 Romana
1239 3905 1612 3956 intemeratqu
1641 3886 1853 3966 semper
1880 3896 2117 3951 custodit

537 4012 591 4058 et
617 3998 814 4057 servat.
864 3997 1080 4052 Andivit
1116 3994 1276 4047 Maria
1303 4007 1488 4046 vocem
1520 3984 1721 4060 angeli,
1764 3999 1819 4044 et
1845 4004 1966 4059 qua:
1993 4000 2119 4044 ante

540 4093 747 4148 dixerat
773 4107 785 4148 ;
832 4090 1096 4153 Quomodo
1120 4094 1144 4131 ε
1170 4084 1263 4137 erit
1300 4081 1480 4135 istud?
1519 4096 1621 4135 non
1652 4079 1718 4135 de
1750 4080 1849 4134 fide
1883 4095 2112 4150 genera-

542 4185 703 4240 tionis
747 4184 1110 4250 interrogans,
1162 4174 1436 4245 tespondit
1479 4181 1699 4242 postea:
1756 4171 1886 4227 Ecce
1926 4172 2118 4226 ancilla

543 4276 789 4331 Domini:
819 4276 1079 4341 contingat
1104 4270 1228 4323 mihi
1267 4267 1543 4322 secundum
1577 4265 1777 4319 verbum
1815 4274 1957 4319 tuum
1981 4264 2120 4338 (lbi-

614 4385 980 4464 8_Vat”1542,
1011 4394 1229 4464 et_uuus_
1251 4382 1481 4464 spiritus.
1512 4379 1636 4433 Post
1667 4392 1864 4449 pauca,
1894 4394 1990 4447 pro
2016 4396 2128 4449 my-

544 4460 747 4515 sterium
780 4458 953 4510 Oson.
985 4457 1131 4522 cnd.,
1161 4455 1514 4522 utinistertum.

618 4530 642 4567 ιι
671 4528 849 4587 Viud.,
881 4527 924 4579 si
946 4519 1164 4580 carnem.
1191 4526 1307 4578 Vat.
1337 4521 1493 4586 1542,
1516 4522 1561 4575 si
1583 4536 1784 4575 carnem
1812 4537 1978 4574 suam.
2006 4519 2123 4575 Vat.

547 4600 718 4663 5815,
751 4600 833 4665 qui
865 4613 1065 4649 carnem
1097 4612 1241 4651 suam
1266 4592 1729 4665 suswpitLBinius
1758 4600 1814 4646 et
1842 4591 1972 4665 Lall.
1996 4635 2010 4659 ,
2039 4593 2127 4665 qui

547 4673 621 4726 sic
648 4662 847 4722 carnem
889 4670 1108 4733 suscepit
1146 4668 1238 4719 etsi
1273 4667 1443 4718 homo.
1486 4662 1696 4717 Merlin.
1740 4672 1793 4717 et
1830 4662 2021 4728 Crab.,
2053 4662 2127 4716 sic

552 4756 755 4799 carnem
776 4739 1013 4807 suscepit,
1042 4748 1088 4790 et
1109 4739 1180 4791 sic
1205 4737 1371 4807 homo.

627 4823 647 4849 ο
682 4793 1208 4875 ριιρδιιυῐίιιε’‹)ιιιίδειι
1242 4805 1477 4875 pericula
1503 4804 1649 4875 quasi
1673 4818 1793 4857 cum
1823 4803 1969 4875 vulg.
1988 4801 2129 4858 Con-
2158 4793 2206 4853 Ι)

546 4884 636 4940 cil.
667 4874 759 4951 pro
790 4896 993 4932 munere
1019 4880 1229 4947 scr=psit
1258 4878 1460 4951 itinere.
1494 4874 1801 4951 Lectionern
1843 4874 2045 4928 Merlini
2074 4886 2129 4930 et

551 4944 759 5015 Const"
793 4966 947 5019 quam
970 4944 1154 5003 omnes
1179 4948 1346 5002 nostri
1374 4955 1602 5017 quatuor
1629 4944 1765 4999 codd
1809 4946 2123 5015 approbant,

555 5037 903 5081 τεειιιιιιιιιυς.

625 5094 652 5132 ἀ
679 5098 833 5149 Solus
855 5097 1080 5159 Quesn.,
1110 5088 1467 5143 renitentibus
1497 5086 1745 5159 omnibus
1770 5086 1965 5159 nostris
1995 5102 2128 5142 mss.

553 5178 606 5223 et
632 5168 842 5249 esensis
866 5158 1283 5247 exemplaribus,
1307 5160 1528 5229 ipsoque
1548 5158 1783 5221 ’l‘ltuan.,
1810 5158 1976 5213 edidit
2000 5159 2131 5213 devii

550 5256 584 5293 a
610 5247 691 5291 t'ttt
720 5247 963 5289 υμνιιαιιδ.

624 5319 648 5346 ε
674 5308 845 5363 Codd.
864 5307 1051 5361 Vallic.
1078 5314 1132 5359 et
1151 5302 1273 5358 Vat.
1293 5300 1453 5370 5845,
1478 5308 1673 5372 puncto
1697 5300 2133 5371 interrogationis

550 5380 781 5441 sublato,
811 5379 994 5433 delent
1018 5394 1141 5432 non.

632 5450 647 5489 ι
674 5451 899 5517 Quesn.,
933 5450 1067 5521 apud
1099 5447 1285 5501 Deum.

590 5532 650 5569 ’Β
680 5524 787 5586 ΑΙ.,
812 5522 921 5588 ﬁet.

624 5590 655 5661 ξι
677 5591 834 5661 Vulg.
862 5600 1107 5659 repetunt
1134 5597 1280 5659 porta
1306 5588 1419 5647 illa.

634 5659 647 5697 ⁵
675 5655 808 5734 Ωιιόῖ
830 5655 1013 5725 Vind,
1037 5655 1357 5734 pertransioit
1377 5656 1659 5734 eam.__Mox
1680 5655 1845 5729 vulg.,
1871 5657 1971 5711 uisi
1989 5658 2131 5734 solus

558 5732 698 5786 Deus
728 5731 907 5790 Israel.
954 5729 1086 5787 Dein
1112 5731 1320 5794 Coust.,
1351 5730 1585 5783 transibit
1616 5745 1705 5798 per
1730 5745 1870 5795 eam,
1913 5729 2035 5797 quia
2065 5731 2127 5784 S.

559 5803 869 5862 Ambrosius
902 5806 950 5858 iu
986 5806 1075 5859 lih.
1103 5802 1169 5859 de
1198 5802 1369 5858 lnstit.
1392 5800 1561 5872 Virg.,
1604 5813 1653 5856 c.
1684 5799 1740 5867 8,
1782 5802 1922 5856 hunc
1954 5800 2125 5856 locum

2221 3341 2390 3397 Etiam
2423 3336 2693 3392 viduitatis
2721 3344 3027 3389 attexamus
3052 3332 3353 3402 praeconia,
3391 3344 3506 3385 cum
3535 3327 3583 3381 in
3608 3324 3745 3379 Evan-

2219 3434 2359 3503 gelio
2383 3442 2500 3500 post
2522 3427 2746 3498 virginis
2774 3424 3184 3481 celeberrimum
3214 3432 3447 3493 partum,
3470 3421 3604 3474 Anna
3623 3414 3744 3468 vidua

2219 3525 2571 3591 subrogetur:
2604 3536 2722 3590 quae
2751 3519 2965 3573 vixerat
2991 3531 3113 3571 cum
3141 3516 3259 3569 viro
3290 3528 3387 3569 suo
3415 3509 3557 3567 anuis
3581 3516 3745 3573 septem

2221 3635 2250 3673 a
2290 3617 2587 3687 virginitate
2624 3628 2757 3668 sua:
2802 3611 2869 3665 Et
2912 3612 3018 3665 lttec
3059 3609 3213 3664 vidua
3256 3622 3506 3662 annorum
3541 3599 3748 3671 octoginta

2220 3712 2457 3781 quatuor,
2506 3720 2620 3777 qua:
2662 3720 2762 3757 non
2807 3701 3096 3756 discedebat
3137 3700 3201 3753 de
3244 3700 3455 3768 templo,
3493 3691 3682 3767 jejuuiis
3713 3695 3747 3741 et

2221 3779 2650 3856 obsecrationibus
2685 3796 2908 3850 serviens
2942 3793 3026 3848 die
3067 3809 3128 3846 ac
3163 3800 3330 3845 nocte.
3381 3788 3558 3845 Merito
3582 3784 3640 3838 ab
3670 3779 3748 3835 illis

2227 3894 2457 3948 viduitas
2496 3889 2809 3960 despicitur,
2860 3896 2885 3924 °
2910 3902 3029 3958 qua:
3072 3886 3207 3941 solet
3248 3884 3531 3940 observare
3567 3873 3746 3948 jejunis.

2226 3988 2416 4059 quibus
2444 4000 2502 4040 se
2526 3984 2709 4039 dolent
2740 3983 2830 4038 isti
2856 3982 3038 4052 aliquo
3070 3991 3311 4049 tempore
3337 3992 3456 4033 esse
3481 3978 3747 4031 maceratus,

2223 4090 2278 4134 et
2308 4077 2574 4149 propriam
2636 4075 2967 4130 ulciscuntur
3016 4072 3270 4142 iniuriam
3300 4114 3315 4139 ,
3377 4065 3750 4141 quotidianisque

2227 4171 2488 4229 conviviis
2529 4184 2733 4238 usuque
2764 4168 2989 4223 luxurias
3023 4166 3262 4221 laborem
3303 4162 3618 4221 abstinentia
3654 4168 3751 4227 pro-

2233 4267 2448 4337 pulsare
2473 4264 2813 4329 desiderant;
2859 4262 2949 4331 qui
2980 4260 3113 4316 nihil
3142 4259 3341 4315 rectius
3370 4258 3587 4321 faciunt,
3627 4260 3751 4321 quam

2230 4379 2476 4465 similiter
2497 4378 2764 4465 allegavit.
2804 4378 2994 4433 Postea
3020 4377 3166 4433 solus
3191 4376 3419 4445 Quesn.,
3452 4375 3678 4446 ingressas
3698 4370 3753 4420 est

2233 4468 2328 4522 pro
2354 4461 2580 4504 trttravtf.

2304 4523 2317 4573 i
2350 4522 2527 4591 Vulg.,
2554 4522 2876 4591 pertransth
2902 4537 2991 4594 per
3016 4537 3150 4594 eam.
3180 4519 3300 4576 Mox
3328 4516 3611 4594 addidimus
3632 4517 3755 4594 voces

2229 4604 2339 4675 post
2367 4586 2590 4675 parium,
2614 4609 2643 4647 a
2666 4586 2953 4673 Quesnelio
2978 4593 3227 4674 0mi~sas,
3258 4606 3325 4647 ex
3354 4591 3468 4647 solo
3487 4586 3670 4645 Οιοιιη
3692 4591 3754 4631 κ’

2232 4664 2521 4718 nitentibus
2547 4668 2756 4718 creti-ris
2783 4680 2914 4719 utss.
2942 4674 2998 4719 et
3020 4664 3254 4719 excusis.

2302 4734 2327 4772 ιε
2354 4734 2514 4789 Solus
2539 4736 2765 4801 Quesn.,
2796 4738 2933 4802 virgo
2961 4745 3052 4789 est.
3333 4801 3340 4802 ί
3544 4797 3554 4802 _
3713 4786 3737 4802 ι,

2310 4804 2326 4842 1
2358 4806 2488 4859 Tres
2518 4797 2673 4861 codd.
2709 4797 2847 4858 unus
2868 4797 3060 4861 Vallic.
3092 4814 3145 4859 et
3172 4803 3277 4859 duo
3297 4801 3441 4865 Vat.,
3471 4807 3517 4852 et
3538 4797 3584 4850 in
3610 4798 3756 4865 manus

2232 4877 2471 4946 speciem.
2507 4876 2650 4941 Mox,
2685 4875 2807 4929 Non
2836 4892 2953 4945 ergo
2980 4878 3176 4930 excedit
3207 4876 3257 4929 in
3284 4863 3552 4945 pleriSque
3576 4863 3697 4930 vulg.
3716 4864 3757 4910 οι

2235 4959 2459 5013 utroque
2488 4947 2607 5000 cod.
2632 4946 2755 5001 Vat.

2304 5028 2342 5054 ιη
2366 5002 2453 5074 'Stc
2480 5018 2694 5079 Cuust.,
2729 5017 2935 5072 Merlin.
2966 5026 3021 5072 et
3043 5017 3239 5080 Labb.,
3271 5024 3329 5069 ut
3357 5015 3408 5069 in
3439 5026 3529 5068 ms.
3563 5002 3756 5080 Remis»

2236 5089 2532 5143 faventibus
2568 5077 2706 5142 Pith.
2738 5098 2791 5142 et
2823 5089 2997 5151 (1011),,
3038 5090 3090 5143 in
3130 5077 3321 5157 quibus
3358 5092 3527 5157 exstat
3559 5077 3623 5157 ᾼά
3645 5082 3758 5139 (μεθ’

2234 5160 2503 5214 hominem.
2536 5160 2736 5227 Quesn.
2764 5174 2882 5212 cum
2912 5148 3029 5215 aliis
3053 5148 3420 5227 etliiis,'Atque
3443 5151 3688 5227 hominem“.

2305 5241 2331 5267 υ
2355 5212 2702 5297 Ουειδιιῗοιιιη
2739 5212 3165 5298 plerisquetuss.
3198 5212 3253 5283 et
3283 5212 3457 5298 editis,
3482 5225 3629 5298 rima.
3656 5212 3758 5298 Ct'l‘j

2235 5288 2472 5357 reximus
2511 5317 2578 5357 ex
2615 5288 2797 5355 nostra
2819 5288 2981 5355 Vind.
3010 5300 3131 5355 eod.
3162 5314 3282 5353 cum
3310 5288 3473 5352 Labb.
3503 5288 3754 5345 etCousL;

2236 5390 2342 5428 non
2382 5389 2522 5426 enim
2557 5374 2700 5441 virga
2732 5374 2910 5427 Aaron
2932 5414 2946 5437 ,
2988 5373 3083 5428 sed
3124 5371 3285 5426 Maria
3316 5370 3460 5441 virgo
3495 5363 3600 5441 ejus
3632 5363 3757 5441 ευῖξξτ

2237 5460 2356 5498 cum
2391 5445 2552 5499 Maria
2585 5421 2789 5513 vingne
2815 5421 3593 5514 cortt'parawturI‘utAmbrosius
3618 5421 3757 5514 ﬁt)!“

2236 5494 2649 5570 eiti'inhiti'nr’t.
2664 5494 2967 5585 visasint
2979 5494 3123 5585 ὲξιιῖ
3135 5494 3234 5585 ᾆδ,
3254 5494 3318 5567 ret
3344 5509 3410 5585 de
3438 5503 3595 5585 lusui.
3609 5494 3757 5585 Virg;

2234 5558 2328 5642 εἷῖί
2342 5558 2405 5652 ιζ’
2419 5558 2963 5655 reciperatas.
2983 5558 3119 5639 Ξέιῖῐζ
3142 5558 3318 5647 nisi;
3346 5558 3757 5655 airqaﬂeglggf’:

2238 5627 2490 5740 caeles’tis;
2533 5669 2586 5740 et
2626 5658 2681 5713 in
2711 5627 3318 5740 Brevia}:
3349 5627 3601 5708 col—Vat.
3628 5627 3757 5693 5855i

2235 5729 2377 5798 virgo
2408 5730 2602 5799 generis
2631 5731 2755 5783 aula
2784 5728 3016 5799 cwlestis.

2358 5798 2479 5855 Vat.
2506 5800 2662 5869 1512,
2692 5801 2783 5872 qui
2808 5798 2989 5855 nolunt
3015 5798 3294 5853 observare.
