3992 6348
229 396 333 453 869

662 390 891 450 CODEX
928 387 1258 447 CANONUM
1296 385 1571 444 ECCLES.
1615 386 1702 441 ΕΤ
1740 384 1817 441 C0

1930 385 2319 446 I'ITUTORUM
2355 387 2413 444 S.
2452 387 2645 445 SEDIS
2680 386 3012 447 APOS'I‘OL.

3373 386 3478 447 570

227 505 368 578 quod
407 503 509 574 ipsi
549 518 612 560 se
646 518 745 559 suo
774 517 868 558 ore
895 501 1274 557 condemnant.
1302 508 1327 536 ι
1354 498 1458 557 Sed
1490 499 1655 554 Deum
1690 512 1802 553 me-
1829 503 1876 561 Λ
1904 498 2025 555 ideo
2053 499 2156 555 huc
2182 512 2477 567 venerunt,
2524 516 2591 558 ne
2625 512 2933 574 superesset
2961 503 3112 558 locus
3148 502 3199 556 in
3239 515 3345 571 quo
3374 517 3479 554 nou

227 606 407 659 tuant,
453 609 521 649 ne
557 593 611 648 in
646 592 764 648 istis
793 592 923 646 illud
956 591 1218 661 jejunium
1250 599 1544 661 reputatur.
1596 587 1806 658 Eligant

226 686 369 760 quod
399 687 618 750 volunt,
644 685 689 739 si
720 682 1006 752 aliquando
1026 682 1430 753 jejunaverunt,
1464 688 1652 752 gerant
1677 694 1805 750 ergo

225 782 355 839 boni
384 781 507 837 facti
536 780 618 835 sui
649 778 1049 849 paenitentiam;
1096 778 1139 832 si
1173 792 1466 847 nunquam,
1496 790 1647 830 suam
1677 789 1807 844 ergo

224 875 335 944 ipsi
377 872 845 943 intemperantiam
888 878 943 926 et
983 870 1244 925 luxuriam
1286 870 1661 926 conﬁteantur.
1687 868 1716 908 ιι
1740 868 1807 925 Et

222 967 393 1022 iidem
418 964 634 1029 dicunt,
677 963 896 1017 Paulum
923 962 1233 1032 magistrum
1260 961 1481 1015 luxuria;
1512 944 1695 1016 fuisse.
1739 961 1809 1016 At

222 1058 349 1127 quis
392 1056 461 1110 sit
504 1054 813 1110 sobrietatis
859 1053 1129 1123 magister,
1174 1053 1222 1107 si
1268 1050 1366 1106 fuit
1409 1051 1497 1105 ille
1546 1052 1807 1107 luxuriat?

222 1148 321 1218 qui
345 1145 620 1216 castigavit
638 1158 834 1214 corpus
856 1158 1037 1209 suum,
1062 1152 1117 1198 et
1138 1143 1379 1197 servituti
1405 1141 1629 1212 redegit,
1652 1153 1811 1213 atque

221 1240 441 1312 jejuniis
485 1238 667 1293 multis
694 1251 753 1293 se
781 1236 1016 1293 debitam
1045 1236 1262 1290 Christo
1290 1233 1678 1290 observantiam
1710 1235 1810 1291 de-

221 1333 419 1390 tulisse
440 1329 754 1387 memoravit
771 1329 816 1401 (l
833 1328 952 1384 Cor.
967 1342 1041 1394 tx,
1054 1326 1145 1393 Τις
1172 1326 1210 1380 ll
1232 1326 1351 1382 Cor.
1369 1342 1442 1392 vr,
1459 1328 1513 1393 5,
1531 1336 1578 1379 et
1597 1342 1667 1390 xt,
1684 1324 1773 1397 ‘27)
1790 1366 1806 1391 ,

224 1436 245 1463 ο
275 1438 389 1479 non
422 1430 479 1477 ut
511 1437 573 1477 se
610 1421 877 1486 laudaret,
920 1420 1013 1475 sed
1056 1427 1115 1473 ut
1151 1433 1250 1473 nos
1290 1417 1418 1489 quid
1460 1431 1807 1487 sequeremur

220 1517 469 1573 doceret.
521 1516 612 1571 Ille
654 1528 783 1585 ergo
833 1512 1097 1569 luxuriam
1146 1511 1326 1567 docuit
1370 1510 1460 1580 qui
1509 1510 1620 1564 ait:
1671 1509 1809 1575 Quid

220 1609 399 1664 adhuc
424 1610 557 1663 velut
581 1608 798 1662 viventes
828 1606 891 1660 de
920 1605 1016 1659 hoc
1040 1603 1232 1658 mundo
1258 1602 1573 1656 decernitis?
1601 1617 1662 1654 ne
1690 1602 1810 1655 teti-

220 1701 433 1771 σει-ἕω,
478 1716 540 1753 ne
573 1697 1027 1761 attaminaveritis,
1069 1712 1131 1750 ne
1166 1694 1515 1766 gustaveritis,
1555 1709 1667 1764 qua:
1693 1700 1811 1747 sunt

1911 591 2324 658 damnarentur;
2369 594 2462 664 qui
2492 608 2617 649 vere
2645 607 2706 649 se
2734 593 3053 649 Manichacus
3083 590 3479 661 probaverunt,

1914 700 2018 739 non
2057 684 2336 740 credentes
2370 694 2396 733 κ
2417 686 2538 757 quia
2579 701 2645 743 ex
2679 687 2884 758 virgine
3058 686 3241 755 utique
3271 685 3483 742 venisse

1914 795 2019 833 non
2064 777 2320 833 creditur.
2389 778 2643 846 Quaenam
2702 779 2816 835 haec
2858 789 2941 835 est
2984 794 3182 850 suppar
3224 794 3482 834 novorum

1912 869 2218 926 Judaaorum
2257 868 2530 925 amentia?
2576 870 2633 925 Si
2679 871 2890 926 venisse
2935 885 3040 925 non
3084 869 3335 936 creditur,
3388 884 3485 926 nec

1914 978 2130 1019 carnem
2177 962 2413 1018 creditur
2457 962 2777 1032 suscepisse.
2828 962 2970 1033 Ergo
3015 963 3067 1017 in
3116 964 3486 1032 phantasmate

1916 1055 2062 1110 visus
2086 1064 2197 1119 est,
2240 1053 2293 1108 in
2322 1054 2693 1123 phantasmate
2719 1054 3003 1109 cruciﬁxus
3028 1055 3150 1108 est?
3193 1054 3296 1111 Sed
3332 1054 3484 1109 nobis

1917 1148 1967 1204 in
1997 1148 2220 1203 veritate
2248 1145 2533 1203 cruciﬁxus
2560 1155 2671 1211 est,
2711 1146 2766 1201 in
2797 1148 3023 1202 veritate
3052 1146 3377 1219 Redemptor
3404 1155 3487 1204 est

1919 1250 2117 1296 noster.
2166 1239 2486 1294 Manichmus
2522 1247 2604 1293 est
2645 1239 2735 1307 qui
2772 1238 3000 1310 abnegat
3035 1226 3343 1309 veritatem,
3391 1240 3485 1312 qui

1916 1347 2130 1389 carnem
2163 1330 2361 1387 Christi
2393 1341 2580 1401 negat;
2626 1340 2682 1387 et
2722 1330 2845 1387 ideo
2885 1347 2990 1386 non
3030 1339 3112 1387 est
3139 1332 3214 1388 illi
3244 1334 3487 1389 remissio

1915 1436 2290 1500 peccatorum;
2329 1426 2422 1482 sed
2451 1436 2535 1483 est
2564 1424 2811 1495 impietas
2836 1424 3267 1481 Manichaeorum.
3317 1427 3488 1495 Quam

1916 1529 1971 1578 et
1992 1521 2436 1577 clementissimus
2458 1521 2745 1589 imperator
2764 1526 3074 1573 exsecratus
3092 1525 3177 1577 est
3194 1562 3207 1581 ,
3231 1527 3285 1575 et
3305 1532 3491 1574 omnes

1916 1612 2008 1685 qui
2047 1612 2165 1667 illos
2198 1611 2477 1680 viderunt,
2525 1610 2676 1681 quasi
2709 1608 2953 1680 quaedam
2997 1610 3243 1679 contagia
3284 1609 3493 1681 refuge-

1919 1713 2079 1760 runt:
2113 1705 2251 1759 sicut
2279 1712 2442 1759 testes
2472 1710 2596 1757 sunt
2623 1702 2813 1757 fratres
2850 1710 2905 1757 et
2940 1702 3361 1773 compresbyteri
3401 1717 3494 1757 no-

221 1796 405 1849 otsania
423 1794 449 1830 ά
471 1793 539 1847 ad
573 1792 921 1861 corruptelam
945 1788 1141 1861 (Catos.
1168 1804 1228 1855 tt,
1250 1788 1377 1859 20);
1420 1787 1512 1858 qui
1539 1787 1615 1840 ait
1638 1804 1651 1840 :
1693 1786 1816 1840 Non

1930 1799 2013 1854 stri
2056 1798 2346 1864 Crescens,
2390 1794 2420 1835 ιι
2462 1795 2809 1868 Leopardus,
2858 1804 2913 1850 et
2961 1794 3271 1853 Alexander
3314 1805 3495 1852 sancta

222 1889 275 1943 in
309 1886 633 1958 indulgentia
657 1886 909 1953 corporis,
940 1900 1042 1937 non
1081 1883 1135 1936 in
1161 1881 1356 1935 honore
1384 1881 1553 1950 aliquo
1577 1879 1644 1934 ad
1673 1889 1817 1934 satu-

222 1983 435 2036 ritatem
456 1990 503 2034 et
530 1978 846 2050 diligentiam
872 1976 1039 2030 carnis
1059 1973 1224 2046 (Ibid.
1251 1990 1289 2041 t,
1312 1975 1429 2045 ‘25),
1458 1990 1566 2029 non
1596 1973 1648 2027 in
1674 1972 1820 2029 desi-

223 2075 399 2132 deriis
426 2073 651 2138 erroris,
683 2070 778 2127 sed
821 2072 873 2125 in
914 2070 1120 2139 spiritu,
1160 2069 1317 2141 263
1341 2083 1446 2139 quo
1472 2082 1812 2135 renovantur,

222 2181 356 2223 esse
385 2163 671 2220 vivendum
702 2162 919 2236 (Ephes.
944 2178 1020 2228 iv,
1054 2161 1169 2231 εει).
1221 2161 1279 2217 Si
1320 2176 1507 2232 parum
1551 2174 1634 2216 est
1674 2161 1817 2232 quod

225 2257 526 2327 Apostolus
564 2255 729 2321 dixit,
778 2254 996 2308 audiant
1036 2253 1351 2324 prophetam
1391 2252 1696 2309 dicentem:
1750 2251 1816 2306 Et

223 2352 473 2424 conparati
519 2352 572 2404 in
612 2351 819 2423 jejunio
859 2349 1085 2404 animam
1128 2364 1313 2402 meam.
1376 2347 1518 2418 Ergo
1565 2346 1656 2417 qui
1706 2361 1812 2401 non

226 2444 474 2513 jejunat,
529 2443 757 2499 intectus
805 2450 860 2498 et
906 2442 1084 2497 nudus
1128 2450 1244 2507 est,
1294 2450 1347 2495 et
1398 2449 1542 2511 patet
1584 2440 1810 2496 vulneri.

229 2536 477 2606 Denique
514 2536 558 2589 si
596 2534 765 2589 Adam
797 2549 856 2590 se
892 2535 1115 2590 texisset
1143 2535 1197 2589 in
1220 2533 1455 2604 jejunio,
1498 2533 1668 2588 nudus
1710 2549 1817 2589 non

228 2626 427 2682 fuisset
449 2637 472 2664 °
496 2626 738 2682 eﬁ‘ectus.
771 2625 959 2682 Ninive
985 2641 1046 2682 se
1072 2642 1101 2681 a
1130 2635 1301 2681 morte
1324 2624 1527 2696 jejunio
1552 2625 1814 2681 liberavit.

230 2716 303 2773 Ει
334 2717 455 2787 ipse
482 2717 740 2773 Dominus
767 2718 839 2772 ait
864 2736 876 2770 :
910 2716 1027 2773 Hoc
1055 2734 1215 2789 genus
1244 2734 1347 2772 non
1373 2718 1574 2791 ejicitttr
1602 2719 1700 2773 nisi
1730 2735 1819 2790 per

228 2810 523 2864 orationem
566 2818 612 2864 et
649 2812 909 2881 jejunium
956 2809 1168 2879 (Matth.
1217 2826 1346 2876 xvtt,
1386 2811 1502 2881 20).
1559 2810 1664 2867 Sed
1693 2811 1822 2883 quid

230 2901 387 2972 plura
437 2901 579 2971 apud
628 2903 938 2972 magistrum
981 2912 1140 2973 atque
1181 2904 1503 2959 doctorem?
1547 2919 1668 2961 cum
1709 2905 1823 2975 jam

227 2993 456 3065 dignum
486 2991 504 3032 τ
534 2994 811 3065 praamium
852 2995 928 3051 illi
971 2996 1249 3051 retulerim
1276 2995 1516 3065 perﬁdiae
1542 3010 1686 3063 suae,
1730 2996 1823 3067 qui

1926 1890 2195 1946 ferventes
2222 1890 2455 1958 Spiritu,
2489 1888 2581 1959 qui
2619 1903 2712 1943 eos
2737 1887 2972 1943 omnium
3005 1888 3377 1945 exsecratione
3403 1887 3496 1943 da-

1927 1994 2167 2047 mnatos,
2216 1982 2747 2054 iMediulanensique
2786 1998 2851 2037 ex
2892 1984 3023 2039 urbe
3064 1983 3316 2054 profugos
3341 1983 3497 2056 θεά

1927 2076 2273 2144 reliquerunt.
2314 2076 2497 2144 Itaque
2523 2075 2881 2143 Iovinianum,
2915 2076 3260 2142 Auxentium,
3294 2076 3500 2133 Germi-

1928 2176 2197 2230 natorem,
2242 2167 2543 2235 Felicem,i
2580 2166 2878 2232 Plotinum,
2929 2166 3235 2233 Genialem,
3279 2169 3501 2237 Marcia-

1929 2275 2082 2324 num,
2122 2258 2430 2314 Januarium
2472 2269 2524 2312 ct
2561 2258 2929 2328 lngeniosum,
2966 2273 3099 2327 quos
3135 2261 3388 2314 sanctitas
3413 2267 3499 2314 tua

1924 2349 2216 2413 damnavit,
2245 2349 2384 2404 scias
2409 2348 2548 2418 apud
2575 2364 2672 2405 nos
2691 2364 2903 2419 quoque
2926 2349 3216 2405 secundum
3239 2350 3499 2418 judicium

1925 2450 2073 2497 tuum
2096 2457 2214 2497 csse
2235 2442 2533 2496 damnatos.
2562 2441 2884 2497 Incolumem
2914 2451 2964 2497 te
2989 2450 3044 2496 et
3068 2442 3502 2497 ﬂorentissimum

1925 2535 2066 2590 Deus
2095 2542 2278 2589 noster
2299 2544 2507 2589 tueatur
2529 2533 2892 2604 omnipOtens,
2912 2532 3129 2589 domine
3161 2532 3504 2591 dilectissime

1928 2626 2111 2683 frater.
2165 2623 2298 2679 Item
2337 2625 2639 2695 subscriptio
2669 2623 2718 2679 ιι.
2774 2625 2886 2695 Ego
2929 2624 3183 2681 Evsntius
3225 2625 3507 2696 episcopus

1927 2720 2099 2775 saluto
2129 2719 2466 2774 sanctitatem
2496 2727 2640 2773 tuam
2672 2717 2731 2773 in
2758 2716 3005 2784 Domino,
3039 2724 3095 2771 et
3120 2716 3244 2771 huic
3267 2718 3509 2787 epistola

1929 2809 2240 2880 subscripsi.
2306 2809 2573 2863 Maximus
2620 2808 2938 2877 episcopus,
2990 2807 3141 2863 Felix
3188 2807 3507 2877 episc0pus,

1929 2903 2216 2959 Bassianus
2265 2902 2589 2973 episcopus,
2642 2898 2658 2937 ι
2704 2899 3012 2956 Theodotus
3060 2900 3363 2970 episcopus.
3430 2900 3506 2955 Bx

1924 2997 2078 3068 jussu
2106 2996 2317 3052 Domini
2346 2996 2451 3051 mei
2482 2995 2721 3065 episcopi
2751 2994 3073 3060 Geminiani,
3101 2994 3218 3064 ipso
3243 3002 3506 3064 prasente

311 3218 550 3275 ‘Coust.
581 3232 702 3273 cum
733 3218 901 3287 vutg.,
938 3217 1042 3272 Sed
1082 3213 1131 3273 e't
1170 3228 1433 3282 metuunt;
1474 3217 1729 3288 additque
1768 3217 1821 3275 in
1851 3219 1897 3285 C
1927 3217 2277 3273 vetustiorum
2309 3214 2552 3269 codicum
2594 3229 2781 3269 manca
2822 3214 2925 3288 sit,
2981 3212 3507 3288 l_ntjus_col|ectionis

233 3292 405 3349 veteri
433 3290 685 3346 Retnensi
713 3289 897 3345 codice
929 3288 1027 3357 legl
1067 3290 1108 3343 si
1142 3288 1305 3344 Deum
1346 3298 1616 3343 metuunt:
1646 3289 1820 3345 credit

238 3363 524 3432 legendum
563 3360 609 3414 si
648 3362 848 3432 demum
887 3369 1149 3426 metuunt,
1192 3374 1297 3432 qua
1336 3360 1564 3416 lectione
1603 3371 1819 3428 recepta

243 3430 370 3490 d’ein
394 3431 746 3501 interpunctio
770 3432 1018 3486 mutanda
1045 3441 1206 3486 esset.
1235 3430 1549 3486 Nostrorum
1574 3432 1817 3486 codicum

246 3500 541 3560 Iectonem'
564 3502 701 3556 haud
734 3500 1084 3558 deserendam
1112 3501 1457 3560 credidimus.
1511 3503 1631 3558 Mox
1674 3503 1820 3558 solus

240 3576 473 3643 Quesn.,
499 3581 694 3645 reputet
726 3588 823 3643 pro
849 3583 1127 3645 reputetur.

312 3646 587 3714 bouem"
627 3643 693 3698 Et
732 3645 885 3699 iidem
907 3643 1109 3697 dicant.
1144 3644 1248 3700 Alii
1278 3645 1420 3715 vulg.
1458 3653 1582 3700 ante
1610 3643 1819 3715 Const,

232 3717 305 3774 Et
337 3719 456 3777 ideo
497 3716 689 3769 dicunt.
752 3714 1088 3769 Praetulimus
1133 3716 1416 3771 lectionem
1464 3731 1592 3771 mss.
1616 3714 1817 3780 .Vind.,

233 3786 667 3872 Pith.,.Colh.‘et
688 3785 924 3872 Βςξηιὶιεξ.ξ
942 3799 1061 3872 cunt
1086 3788 1277 3856 quibus
1283 3787 1653 3872 omnibusque
1675 3786 1817 3856 vulg.

229 3860 554 3927 scripsimus
575 3857 644 3938 _At
669 3859 802 3927 quis.
836 3857 994 3911 Solus
1020 3859 1242 3924 Quesn.,
1276 3857 1340 3911 Et
1366 3859 1499 3927 quis.
1609 3927 1619 3939 _

310 3942 336 3970 ⁸
361 3928 499 3987 Cod.
524 3926 710 3995 thd.,
742 3938 795 3980 ut
823 3944 923 3981 nou
952 3944 1043 3980 sua
1073 3926 1327 3983 laudaret.
1368 3928 1502 3984 Alia!
1538 3927 1691 3996 edtl.,
1719 3943 1823 3981 non

228 4013 288 4058 ut
319 4019 377 4057 se
406 4013 598 4068 suaque
624 4000 882 4052 laudaret.
926 3998 1107 4052 Const.
1136 4013 1256 4054 cum
1287 4001 1399 4055 suis
1428 4012 1583 4066 mss.,
1625 4015 1730 4053 non
1767 4006 1823 4051 ut

224 4090 381 4144 suam
395 4070 480 4144 7(id
509 4068 1288 4144 estobservantiantj‘laudaret.

299 4142 330 4181 ά
362 4138 488 4197 Vat.
516 4138 673 4207 1349,
706 4139 1073 4208 corruptibilia.
1112 4139 1294 4207 Vind.,
1335 4141 1644 4206 corruptela.
1690 4139 1822 4193 Alite

225 4214 394 4279 edit.,
434 4213 492 4267 in
526 4209 1070 4283 corruptelam._Mox_
1096 4210 1284 4283 Const.
1326 4220 1382 4266 et
1421 4211 1723 4283 Harduinus
1767 4211 1822 4283 in

228 4286 421 4349 notis,
455 4281 543 4340 aui
574 4280 724 4335 etiam
753 4281 842 4336 ait.
896 4281 1027 4335 Dein
1059 4280 1197 4336 idem
1223 4281 1369 4348 Vat.,
1402 4291 1449 4337 et
1477 4282 1529 4335 in
1560 4282 1825 4352 diligentia

224 4372 431 4410 canus.

305 4437 332 4465 ο
364 4425 527 4482 Solus
544 4424 744 4493 Quesn.
768 4437 886 4477 eum
909 4422 1105 4495 Oxon”
1130 4427 1352 4495 ejectus;
1382 4431 1435 4495 et
1462 4421 1606 4487 dein,
1634 4422 1685 4475 in
1710 4438 1825 4476 ora-

224 4501 379 4554 tione
416 4505 467 4550 et
498 4496 701 4567 jejunio
729 4509 849 4567 qm
880 4494 1205 4567 quibusdam
1227 4494 1524 4563 codicibus,
1563 4507 1667 4547 non
1695 4507 1827 4548 vero

223 4584 363 4626 eum
386 4564 557 4621 Vind.
577 4564 805 4634 aliisqde
831 4564 1259 4631 quamplurimis.

302 4637 327 4677 ί
360 4637 570 4706 Quesn.
596 4651 717 4690 cum
746 4635 1063 4699 quibusdam
1094 4636 1274 4704 eodd.,
1309 4636 1556 4705 pretium;
1595 4644 1648 4688 et
1676 4634 1821 4701 dein,

219 4711 346 4765 ideo
377 4705 475 4762 huc
499 4724 696 4778 quoque
717 4714 976 4761 venerunt.
1009 4705 1308 4778 Delevimth
1332 4722 1529 4778 quoque
1548 4720 1668 4778 cum
1693 4719 1822 4778 mss.

223 4781 401 4849 bttjus
427 4776 785 4849 col—lectionis,
812 4778 1058 4849 exceptis
1090 4776 1230 4831 Pith.
1260 4786 1316 4849 et
1342 4776 1533 4849 Vind.,_
1552 4777 1603 4829 in
1627 4776 1821 4849 quibus

219 4846 473 4921 ideoque.
511 4849 682 4921 Codd.
706 4847 897 4901 Vallic.
931 4856 986 4921 et
1011 4859 1237 4921 uterque
1259 4848 1378 4902 Vat.
1408 4847 1546 4921 1342
1575 4854 1630 4902 et
1657 4846 1821 4914 5845,

220 4918 526 4979 comedit.
555 4918 712 4973 Rom.
745 4928 798 4972 ct
824 4920 1097 4983 Amhros.,
1130 4920 1244 4972 ideo
1272 4935 1429 4983 usque
1455 4919 1572 4971 huc.

299 5004 329 5042 ις
360 4992 590 5061 Quesn.,
621 4991 741 5061 quia
769 5005 831 5043 ea:
858 4990 1048 5059 virgine
1076 4990 1261 5043 venerit
1287 4987 1538 5043 Christus.
1577 4988 1823 5061 Qucenam

220 5060 509 5127 haesetc.
560 5060 771 5119 Merlin.
803 5060 919 5127 quia
953 5076 1015 5113 ea:
1050 5061 1241 5129 virgine
1272 5061 1445 5127 utique
1478 5060 1671 5112 venisse
1708 5075 1823 5112 cre-

220 5135 398 5189 ditur.
440 5132 583 5188 Edit.
609 5130 817 5186 Concil.
848 5138 967 5195 post
996 5129 1173 5193 Ront.,
1202 5131 1324 5200 quia
1349 5146 1413 5184 ea;
1440 5131 1632 5201 virgine
1654 5131 1823 5201 utique

218 5204 477 5259 venisset.
512 5203 778 5267 Quaenam,
810 5209 914 5255 etc.
947 5201 1115 5253 Codd.
1144 5199 1337 5255 Vallic.
1368 5208 1421 5254 et
1450 5199 1673 5269 uterque
1701 5199 1819 5254 Vat.

221 5276 381 5331 hanc
406 5274 625 5343 quidem
661 5274 939 5343 lectionem
970 5272 1188 5336 habent,
1224 5274 1317 5326 sed
1350 5281 1466 5339 post
1495 5274 1704 5326 venisset
1729 5272 1822 5343 ad-

219 5346 372 5402 dunt
391 5341 495 5399 non
516 5344 761 5398 creditur.
791 5342 949 5396 Vind.
976 5358 1207 5412 quoque,
1234 5344 1426 5412 aliique
1450 5358 1639 5396 omnes
1665 5341 1821 5409 hujus

220 5415 603 5482 collectiouis,
632 5429 765 5484 quos
794 5414 925 5467 vidit
949 5412 1321 5476 Constantius,
1362 5413 1557 5469 habent
1583 5430 1683 5467 non
1712 5428 1823 5466 cre-

219 5488 415 5551 ditur;
454 5496 511 5540 at
537 5500 633 5554 pro
658 5485 867 5539 venisset
902 5485 1190 5554 praeferunt
1217 5486 1429 5538 venisse.
1481 5484 1615 5538 llinc
1646 5484 1822 5538 locum

216 5557 385 5614 hunc
407 5556 569 5612 veluti
601 5556 915 5611 mendosum
956 5554 1219 5609 editiones
1257 5555 1632 5623 corrigendum
1665 5564 1821 5624 puta-

216 5638 366 5687 runt
390 5630 582 5684 deletts
611 5624 832 5681 vocibus
859 5642 962 5679 non
990 5626 1234 5689 creditur,
1263 5635 1315 5678 ct
1341 5625 1657 5691 Qucsuellus
1690 5640 1825 5693 pra:-

220 5710 390 5757 terea
424 5698 599 5753 deleta
628 5710 757 5753 voce
798 5696 969 5764 utique
1006 5695 1310 5750 emendavit
1346 5697 1537 5749 venerit
1568 5694 1819 5762 Christus,

216 5769 513 5829 nescimus
542 5784 609 5823 au
640 5766 959 5823 Oxoniensis
990 5766 1305 5821 recentioris
1336 5776 1389 5822 et
1418 5765 1685 5821 liberioris
1712 5767 1821 5819 sal-

221 5851 350 5901 tem
394 5838 598 5897 codicis
635 5838 973 5900 auctoritate.
1028 5836 1164 5905 Cum
1204 5851 1332 5895 vero
1371 5838 1625 5911 quaelibet
1665 5836 1821 5892 lectio

1927 3288 2140 3343 codices
2166 3288 2354 3350 secuti,
2387 3288 2627 3340 lacunam
2656 3286 2869 3356 punctis
2890 3283 3308 3355 designavimus,
3334 3295 3507 3349 recte-

1926 3376 2031 3429 que
2057 3357 2315 3427 suspicari
2341 3357 2550 3413 videtur
2569 3356 2912 3413 Constantius
2941 3372 3056 3410 eam
3085 3356 3320 3429 suppleri
3350 3371 3517 3425 posse

1927 3425 2004 3485 sic
2029 3447 2043 3485 :
2079 3425 2181 3485 non
2209 3430 2468 3484 credentes
2494 3430 2617 3497 quia
2646 3444 2708 3481 ex
2736 3429 2929 3501 virgine
2966 3436 3116 3501 natus
3151 3437 3224 3480 est
3247 3425 3504 3501 Christus.

1928 3502 1989 3555 Si
2017 3511 2187 3555 autem
2216 3518 2316 3555 non
2346 3509 2496 3556 natus
2525 3509 2599 3553 est
2636 3515 2696 3554 ex
2735 3498 2948 3568 virbine,
2983 3498 3158 3568 utique
3184 3500 3376 3568 venisse
3404 3516 3506 3553 non

1924 3575 2169 3626 creditur.
2214 3570 2479 3639 Repetitio
2510 3585 2701 3624 vocum
2728 3585 2791 3627 ea:
2816 3567 3016 3640 virgine
3048 3567 3229 3632 saltui,
3263 3577 3321 3622 ut
3345 3569 3509 3637 solet,

1926 3644 2101 3713 locum
2136 3642 2380 3713 praebuit.

1995 3710 2341 3784 hLeopardus
2388 3711 2679 3780 Quesnello
2721 3710 2971 3784 excidit:
3021 3718 3103 3769 est
3155 3712 3215 3771 tu
3258 3710 3507 3768 omnibus

1926 3786 2124 3840 nostris
2154 3783 2312 3839 Codd.
2346 3792 2505 3852 atque
2536 3783 2781 3852 vulgatis.

2004 3855 2017 3891 ί
2052 3855 2229 3924 Vulg.,
2260 3851 2723 3911 Mediolanensi-ex
2750 3852 2870 3906 urbe
2899 3854 3050 3924 quasi
3088 3851 3333 3922 profugos
3368 3860 3508 3911 retu.

1925 3928 2114 3981 terum.
2146 3926 2316 3981 Codd.
2341 3924 2533 3980 Vallic.
2553 3932 2607 3979 et
2628 3924 2735 3979 duo
2753 3924 2873 3979 Vat.
2903 3924 3103 3979 habent
3129 3930 3337 3980 tantum
3358 3925 3507 3991 quasi

1959 4014 2192 4052 νοιιιαοσ.

1925 3998 2192 4069 profugos.

2002 4069 2015 4118 i
2052 4068 2173 4123 Vat.
2200 4068 2360 4139 £845,
2397 4066 2683 4139 Protiuum.
2722 4065 2875 4133 Dein,
2904 4074 2952 4120 et
2980 4065 3253 4139 Ingenium
3289 4064 3341 4122 in
3374 4082 3507 4127 mss.

1926 4139 2085 4193 Vind.
2118 4147 2173 4193 et
2202 4138 2341 4192 I‘ith.
2369 4154 2491 4193 cum
2521 4137 2763 4191 Merlino.

1997 4208 2021 4246 ιι
2052 4210 2193 4263 Edit.
2228 4209 2381 4264 Rom.
2418 4225 2478 4263 es
2513 4208 2740 4263 concilio
2766 4207 3094 4278 Aquileieusi
3132 4222 3221 4263 an.
3250 4207 3374 4277 581,
3409 4224 3511 4264 ηο-

1929 4281 2166 4334 tantibus
2196 4280 2444 4336 Patribus
2474 4279 2833 4335 Benedictinis
2864 4281 2916 4333 in
2948 4278 3182 4333 editione
3211 4279 3505 4345 Ambrosii,

1931 4361 2126 4421 praeter
2154 4351 2635 4421 manuscriguorum
2668 4350 2826 4421 fidem
2859 4351 2952 4421 has
2980 4349 3400 4421 subscriptiones
3430 4352 3510 4404 in-

1935 4417 2215 4490 terpolavit
2256 4422 2373 4493 sic:
2418 4420 2527 4493 Ego
2557 4420 2853 4493 Ambrosius
2886 4417 3512 4493 Mediolanen._Ecclesite

1931 4488 2196 4564 episcopus
2248 4488 2541 4564 subscripsi.
2609 4488 3164 4564 Eventius_episc0pus
3215 4488 3505 4564 genetensis

1932 4557 2235 4633 saluto'..."
2274 4557 2531 4633 Maximus
2560 4561 2825 4633 episcopus
2857 4560 3175 4633 Emonensis.
3217 4557 3377 4633 Felie
3401 4565 3511 4633 epi-

1931 4650 2117 4699 scapus
2129 4632 2418 4687 Jadreusis.
2443 4632 2720 4685 Bassianus
2742 4631 3007 4703 episcopus
3025 4630 3331 4688 Laudensis.
3350 4630 3513 4689 Theo-

1932 4705 2107 4758 dosius
2143 4701 2831 4774 eniscOpusAUctodurensis.
2877 4701 3202 4774 Constantius
3241 4705 3509 4772 episcOpus

1931 4775 2299 4849 Arausicanus.
2319 4771 2326 4774 ’
2344 4772 2573 4849 Sabinus
2595 4774 2861 4842 episcopus
2889 4771 3363 4849 Pl_acentinus._Egr
3387 4779 3508 4849 jus-

1927 4862 2010 4909 su,
2037 4854 2140 4901 etc.
2184 4845 2368 4898 Mirum
2401 4843 2665 4897 videbitur
2698 4844 3031 4915 prtrtermitti
3061 4842 3505 4915 subscriptionem

1926 4916 2227 4983 Ambrosii,
2257 4915 2344 4982 qui
2378 4915 2583 4983 primus
2615 4915 2665 4967 in
2697 4913 3047 4982 inscriptione
3079 4913 3404 4971 nominatur.
3439 4920 3509 4972 At

1927 4986 2201 5057 pra'miSsa
2218 4982 2480 5057 salutatio
2503 4982 2818 5057 Incolumem
2842 4996 2909 5051 te,
2934 4995 3062 5053 etc.,
3083 4986 3148 5040 ad
3169 4987 3510 5042 Ambrosium

1928 5055 2201 5126 pertinere
2242 5056 2475 5121 videtur,
2525 5071 2593 5109 eo
2635 5055 2747 5109 fere
2793 5058 2954 5109 modo
3000 5073 3104 5121 quo
3152 5058 3204 5111 in
3255 5058 3507 5125 synodica

1929 5127 2323 5183 Gallicanorum
2354 5130 2726 5195 episcoporum
2758 5127 2823 5180 ad
2853 5127 2910 5182 S.
2945 5129 3177 5181 Leonem
3211 5129 3346 5182 inter
3374 5127 3509 5184 Leo-

1927 5199 2083 5252 ninas
2109 5200 2267 5269 epist.
2295 5200 2383 5260 99,
2411 5197 2745 5252 Ravennium
2774 5212 2871 5269 suo
2902 5199 3118 5269 nomine
3149 5200 3510 5269 prtetermisso

1931 5267 2157 5338 primam
2196 5267 2573 5323 salutationem
2605 5267 2885 5335 scripsisse
2916 5267 3242 5335 conjecimus
3272 5277 3384 5324 not.
3415 5268 3506 5332 24.

1930 5349 2061 5395 tom.
2089 5340 2128 5406 l,
2155 5340 2260 5396 col.
2288 5341 2441 5394 illi).
2476 5338 2657 5396 Sabini
2690 5353 2882 5392 nomen
2914 5339 2965 5391 in
3000 5351 3129 5391 mss.
3159 5354 3263 5391 non
3290 5349 3512 5409 apparet

1932 5410 2072 5465 inter
2112 5411 2539 5481 subscriptiones
2583 5424 2838 5479 expresso
2879 5409 3046 5481 ipsius
3087 5409 3320 5463 nomine.
3371 5410 3508 5481 Num

1927 5481 2047 5552 jure
2080 5477 2467 5552 expungendus
2495 5482 2564 5536 sit
2591 5477 2751 5552 etiam
2783 5495 2847 5552 ex
2877 5477 3250 5552 inscriptione.
3282 5488 3353 5552 _t_tt
3386 5480 3506 5541 dua

1930 5549 2285 5609 collectiones
2308 5554 2535 5607 laudata:
2567 5561 2689 5606 nota
2716 5549 2751 5604 2
2782 5549 2909 5604 illud
2941 5549 3209 5620 ignorant,
3239 5549 3513 5611 afﬁrmare

1933 5638 2039 5677 non
2070 5625 2349 5679 audemus.

2007 5692 2022 5731 ι
2056 5696 2129 5749 Ita
2166 5708 2352 5749 omnes
2392 5694 2564 5750 nostri
2603 5691 2762 5751 codd.
2794 5706 2915 5750 cum
2943 5691 3142 5760 Quesn.
3177 5700 3231 5751 et
3267 5692 3508 5757 Merliuo.

1928 5762 2140 5832 Coust.,
2178 5763 2496 5823 Theodorus.
