3992 6348
546 344 652 404 375

1480 337 1825 397 APPENDIX
1871 334 1955 389 Al)
1999 333 2055 389 Ξ.
2101 332 2126 386 1

2235 331 2345 386 NIS
2384 330 2601 387 MAGNI
2639 331 2889 390 OPEBA.
3672 321 3760 386 576

548 461 684 519 ordo
730 462 811 517 vel
860 461 1029 532 plebis
1076 474 1263 532 preces
1312 471 1437 514 suas
1480 466 1536 512 et
1580 457 1843 527 lacrymas
1887 452 1953 506 ad
2004 465 2129 515 nos,
2160 450 2214 511 Α
2241 448 2357 502 idus
2390 448 2675 518 Februar.,
2712 448 2947 504 llonorio
2978 463 3071 503 sm
3100 455 3157 504 et
3184 446 3775 523 TheodosioxAugustu

544 566 802 629 quantum
845 556 1002 611 datur
1039 555 1292 626 intelligi,
1339 569 1534 625 magno
1574 565 1697 608 cum
1743 551 1931 606 dolore
1972 551 2133 601 mise-

544 657 703 715 runt,
733 648 976 704 dicentes
1004 647 1381 716 coepiscopum
1422 653 1664 700 nostrum
1700 642 2004 698 Patroclum
2036 654 2131 694 sua

550 739 806 810 petitione
864 748 1142 803 cessante,
1200 739 1251 793 in
1309 738 1483 793 locum
1529 735 1841 792 decedentis
1891 734 2131 805 episcopi

546 832 733 888 nescio
761 846 919 902 quem
948 832 1001 886 in
1028 831 1199 886 aliena
1230 831 1525 901 provincia,
1552 830 1912 899 praetermisso
1934 837 2134 881 metro-

545 924 809 995 politano,
855 932 1041 977 contra
1091 923 1307 977 Patrum
1358 922 1570 992 regulas
1615 920 1917 976 ordinasse.
1977 920 2131 987 Quod

544 1029 878 1086 nequaquam
906 1030 1191 1087 possumus
1208 1015 1349 1070 ferre
1372 1016 1653 1086 patienter,
1684 1016 1805 1085 quia
1831 1023 1855 1051 ι
1882 1014 2134 1068 convenit

547 1124 647 1167 nos
674 1116 1015 1181 paternarum
1042 1114 1377 1167 sanctionum
1410 1110 1694 1178 diligentes
1716 1124 1835 1165 esse
1858 1109 2129 1164 custodes.

545 1202 716 1260 Nullis
742 1205 885 1259 enim
918 1205 1131 1260 videtur
1158 1205 1425 1275 incognita
1454 1204 1643 1277 synodi
1688 1201 2000 1257 constitutio
2044 1201 2133 1255 Ni-

543 1312 737 1365 cannae,
768 1315 888 1369 qua:
928 1300 998 1355 ita
1047 1302 1332 1371 prtecepit,
1377 1310 1433 1353 ut
1479 1300 1666 1354 eadem
1709 1300 1923 1370 pr0prie
1968 1297 2130 1351 verba

544 1404 805 1463 ponamus
838 1410 852 1447 :
890 1409 985 1462 per
1017 1409 1445 1463 unamquamque
1477 1392 1909 1461 provinciamjus
1932 1400 2132 1445 metro-

545 1484 811 1555 politanos
839 1486 1076 1554 singulos
1108 1486 1305 1541 habere
1333 1486 1530 1541 dobere
1553 1530 1567 1553 ,
1595 1502 1691 1540 nec
1722 1487 1966 1555 cuiquam
1998 1487 2131 1539 duas

543 1592 665 1635 esse
693 1576 721 1615 ι’
750 1593 907 1648 posse
930 1579 1217 1649 subjectas.
1250 1579 1399 1647 Quod
1434 1578 1539 1645 illi,
1570 1580 1691 1649 quia
1724 1579 1880 1633 aliter
1908 1578 2134 1633 creden-

544 1668 669 1723 dum
699 1685 803 1724 non
845 1681 957 1735 est,
990 1672 1308 1726 servandum
1341 1682 1523 1726 sancto
1566 1684 1887 1742 suggerente
1917 1674 2133 1728 sibimet

2240 543 2571 598 consulibus.

2706 636 3103 693 CAPITULUM
3144 635 3366 692 XXXV.

2245 729 2260 769 ί
2295 729 2533 800 Epistola
2568 728 2827 801 Caelestini
2858 747 3007 799 papae
3046 731 3113 784 ad
3141 731 3403 801 episcOpos
3436 729 3713 786 Viennenses
3741 738 3781 787 et

2664 800 3024 856 Narbonenses
3054 800 3319 856 titulorum
3347 816 3419 856 ιι.

2237 894 2595 951 Cmaesrmus
2642 895 2912 950 universis
2943 894 3215 966 episcopis
3246 910 3342 964 per
3374 893 3703 966 Viennensem
3738 904 3784 952 et

2489 966 2892 1022 Narbonensem
2922 965 3227 1038 provincias
3251 965 3569 1022 constitutis.

2308 1107 2640 1178 (Iuperemus
2676 1108 2893 1179 quidem
2926 1109 2993 1165 de
3032 1119 3332 1165 vestrarum
3370 1109 3701 1167 Ecclesiaruui
3728 1113 3782 1167 ita

2239 1201 2577 1257 ordinatione
2606 1202 2871 1272 gaudere,
2912 1211 2977 1273 rut
3012 1203 3511 1273 congratularemur
3540 1206 3694 1274 potius
3732 1205 3783 1261 de

2238 1296 2479 1368 profectu
2506 1312 2666 1367 quam
2694 1298 2892 1368 aliquid
2916 1297 3210 1353 admissum
3237 1298 3251 1347 i
3283 1306 3474 1353 contra
3494 1298 3783 1367 disciplinam

2238 1390 2656 1446 ecclesiasticam
2688 1389 3015 1445 doleremus.
3042 1390 3122 1445 Ad
3153 1399 3396 1445 nostram
3427 1389 3565 1446 enim
3586 1390 3783 1446 laetitiam

2237 1492 2292 1539 et
2337 1485 2472 1540 bene
2519 1485 2653 1541 facta
2690 1486 3043 1555 proveniunt,
3076 1494 3131 1540 et
3161 1486 3415 1541 maeroris
3462 1484 3648 1541 aculeis
3681 1500 3784 1553 nos,

2239 1592 2359 1647 qua:
2408 1576 2607 1632 fuerint
2661 1577 2799 1633 male
2852 1578 3028 1644 facta,
3081 1588 3468 1648 compungunt.
3516 1576 3619 1633 Nec
3657 1578 3786 1633 silere

2238 1684 2547 1739 possumus,
2581 1668 2602 1707 ¹ί
2633 1684 2753 1724 cum
2786 1673 2945 1743 271
2970 1670 3093 1738 hoc,
3121 1671 3266 1726 utab
3285 1670 3489 1727 illicitis
3516 1685 3785 1727 revocamus

544 1761 745 1831 Spiritu
776 1774 1127 1820 censuerunt.
1165 1764 1315 1819 Unde
1340 1806 1353 1830 ,
1404 1765 1567 1819 frater
1594 1766 1941 1831 charissime,
1975 1766 2018 1820 si
2062 1765 2134 1820 ita
2166 1768 2212 1828 B
2241 1765 2448 1835 aliquos
2468 1806 2484 1828 ,
2515 1764 2677 1820 ollicii
2710 1764 2880 1820 nostri
2912 1779 3267 1834 provocemur
3305 1764 3589 1820 instinctu:
3619 1764 3669 1819 in
3692 1778 3786 1834 spe-

546 1868 634 1911 res
663 1866 822 1921 sunt,
868 1866 922 1911 ct
963 1858 1258 1913 Ecclesiam
1290 1859 1651 1928 supradictam
1696 1860 1983 1929 provincia:
2026 1868 2129 1916 tum

544 1945 698 2004 limes
754 1959 775 1988 ε
828 1949 1082 2015 includit,
1137 1959 1317 2004 uestra
1367 1952 1686 2006 auctoritate
1733 1952 2125 2020 commonitus,

544 2042 681 2111 quod
707 2042 920 2113 quidem
952 2042 1127 2098 facere
1167 2055 1356 2112 sponte
1386 2044 1648 2106 deberes.
1682 2045 1964 2101 desideriis
1997 2060 2127 2115 sup-

544 2135 830 2205 plicantum
862 2145 915 2191 et
948 2138 1222 2194 voluntate
1251 2148 1490 2207 respecta
1510 2182 1524 2205 ,
1556 2140 1621 2194 ad
1652 2139 1900 2195 eumdem
1951 2139 2125 2195 locum

544 2226 597 2282 in
628 2242 735 2296 quo
763 2228 1030 2283 ordinatio
1056 2229 1175 2285 talis
1198 2230 1462 2286 celebrata
1492 2230 1707 2297 dicitur,
1736 2232 1899 2303 270
1928 2242 2126 2287 metro-

543 2322 760 2392 politani
788 2324 910 2393 jure
940 2327 1178 2381 munitus
1220 2336 1271 2381 et
1314 2326 1765 2397 prmceptionibus
1795 2328 1993 2382 nostris
2026 2328 2131 2383 free

544 2420 629 2468 tus
654 2416 879 2480 accede;
917 2416 1220 2487 intelligens
1245 2418 1469 2473 arbitrio
1493 2428 1583 2474 tuo
1602 2420 1896 2474 secundum
1918 2420 2131 2490 regulas

543 2500 760 2559 Patrum
792 2522 1124 2576 quaecunque
1156 2507 1396 2563 facienda
1429 2517 1584 2578 sunt,
1616 2526 1645 2562 a
1678 2511 1830 2565 nobis
1852 2525 1970 2565 esse
2001 2526 2132 2565 con-

542 2608 692 2650 cessa
725 2614 737 2648 :
774 2598 843 2651 ita
872 2609 931 2652 ut
957 2600 1190 2669 peractis
1215 2602 1465 2655 omnibus
1486 2605 1797 2671 apostolica;
1826 2604 1939 2659 sedi
1973 2606 2129 2675 quid-

543 2686 668 2757 quid
701 2690 953 2745 statueris
983 2700 1032 2745 te
1066 2693 1331 2747 referente
1372 2694 1671 2761 clarescat,
1702 2697 1978 2752 cui‘totius
2007 2713 2131 2767 pro-

543 2780 734 2835 vincia:
762 2776 789 2817 ἀ
830 2796 941 2837 sua:
984 2784 1377 2841 ordinationem
1422 2786 1592 2857 liquet
1636 2803 1757 2844 esse
1801 2790 2127 2845 mandatam.

543 2872 711 2930 Nemo
733 2892 860 2946 ergo
876 2892 1064 2933 eorum
1093 2878 1350 2934 terminos
1371 2880 1545 2936 audax
1574 2891 1861 2937 temerator
1881 2885 2127 2952 excellat,

544 2978 640 3023 nec
669 2976 694 3005 ⁸
725 2968 917 3038 aliquis
946 2970 997 3024 in
1035 2986 1221 3025 eorum
1268 2974 1649 3029 contumeliam
1699 2975 1937 3044 partibus
1987 2977 2125 3041 suis,

2240 1858 2376 1913 culis
2417 1873 2446 1912 a
2480 1858 2591 1914 Deo
2622 1858 2931 1923 constituti,
2965 1866 3024 1912 ut
3056 1856 3345 1926 vigilantiae
3377 1867 3572 1912 nostra:
3600 1856 3786 1927 diligen-

2240 1950 2367 2006 tiam
2398 1952 2843 2021 comprobantes,
2874 1958 2929 2005 et
2956 1966 3075 2021 quae
3121 1949 3418 2005 coercenda
3455 1959 3577 2006 sunt
3612 1963 3787 2006 resece-

2239 2060 2378 2112 mus,
2411 2052 2465 2099 et
2483 2060 2602 2115 qua:
2631 2043 2966 2099 observanda
2998 2052 3123 2100 sunt
3143 2043 3473 2101 sanciamus.
3508 2040 3525 2080 ι
3556 2042 3786 2113 thuam-
3878 2110 3885 2117 .

2238 2139 2319 2194 vis
2343 2138 2487 2192 circa
2526 2138 2816 2208 longinqua
2862 2137 3156 2208 spiritualis
3183 2151 3314 2192 cura
3343 2152 3453 2193 non
3497 2136 3686 2200 delicit,
3712 2134 3786 2192 sed

2237 2250 2296 2288 se
2324 2249 2419 2303 per
2438 2234 2617 2289 omnia
2635 2276 2649 2299 ,
2676 2249 2777 2304 qua
2809 2232 3023 2287 Domini
3047 2247 3244 2287 nomen
3268 2232 3608 2301 prmdicatur,
3632 2239 3786 2286 esten-

2235 2326 2343 2392 dit;
2398 2342 2499 2382 nec
2546 2326 2790 2381 notitiam
2848 2333 3086 2381 nostram
3133 2324 3557 2395 subterlugiant,
3602 2340 3706 2395 qum
3747 2324 3786 2379 in

2235 2417 2569 2473 eversionem
2604 2417 2909 2488 regularum
2933 2416 3158 2472 novella:
3188 2416 3620 2487 prmsumptionis
3640 2425 3739 2469 auct
3769 2445 3787 2458 -

2236 2512 2395 2568 ritate
2418 2520 2711 2566 tentantur.

2308 2605 2347 2659 Ι.
2408 2604 2703 2659 Didicimus
2747 2603 2890 2659 enim
2941 2602 3201 2674 quosdam
3256 2604 3473 2659 Domini
3528 2603 3787 2659 Sacerdotes

2235 2700 2611 2770 superstitioso
2632 2699 2813 2771 potius
2838 2698 3006 2754 cultui
3030 2708 3069 2735 ω
3091 2700 3315 2766 servire,
3336 2714 3501 2769 quam
3531 2698 3702 2753 mentis
3723 2695 3785 2751 vel

2236 2792 2357 2848 ﬁdei
2390 2792 2630 2863 puritati.
2664 2792 2768 2848 Sed
2802 2806 2909 2846 non
2941 2792 3166 2857 mirum,
3209 2791 3254 2847 si
3285 2799 3478 2846 contra
3509 2789 3786 2847 ecclesiasti-

2235 2903 2355 2942 cum
2380 2874 2584 2941 morem
2606 2894 2633 2922 υ
2657 2884 2890 2951 faciunt,
2916 2886 3006 2955 qui
3031 2885 3084 2940 in
3118 2885 3357 2941 Ecclesia
3388 2901 3501 2941 non
3528 2891 3784 2947 creverunt,

2236 2978 2330 3034 sed
2374 2978 2480 3033 alio
2515 2977 2797 3033 venientes
2830 2986 2853 3013 ο
2884 2976 3107 3042 itinere,
3150 2990 3331 3031 secum
3382 2977 3504 3033 haec
3549 2977 3601 3033 in
3643 2976 3786 3030 Eccle-

542 3074 662 3149 (ιυε
702 3060 803 3115 Sibi
849 3061 917 3115 ab
957 3060 1040 3115 his
1086 3078 1190 3118 ηοη
1236 3063 1483 3119 Videntur
1531 3081 1817 3135 concessa,
1851 3066 2122 3123 defendat.
2154 3084 2201 3149 ρ
2235 3073 2370 3129 siam
2397 3087 2517 3142 qua:
2540 3070 2592 3125 in
2617 3071 2721 3126 alia
2748 3070 3164 3125 conversatione
3186 3068 3493 3125 habuerant
3519 3068 3785 3130 intulerunt,

542 3148 730 3209 Cesset
760 3153 1065 3222 huiusmodi
1087 3170 1271 3224 pressa
1305 3166 1487 3223 nostra
1518 3158 1838 3213 auctoritate
1866 3174 2125 3228 praesum-

544 3246 657 3317 ptio
688 3261 875 3303 eorum
906 3250 995 3319 qui
1038 3252 1174 3305 ultra
1201 3251 1405 3305 licitum
1445 3267 1558 3307 suze
1601 3253 1824 3307 limitem
1856 3254 2128 3323 dignitatis

543 3340 859 3397 extendunt.
889 3342 1041 3411 Quod
1073 3343 1272 3399 idcirco
1294 3345 1549 3413 dicimus,
1586 3355 1639 3401 ut
1676 3348 1921 3402 advertat
1953 3346 2128 3402 chari-

544 3438 625 3488 tas
655 3442 741 3488 tua
786 3436 921 3492 adeo
958 3452 1055 3492 nos
1093 3452 1358 3493 canonum
1398 3438 1416 3477 ί
1452 3441 1662 3496 cautius
1704 3450 1968 3512 praecepta
2014 3458 2129 3497 ser-

545 3541 688 3592 vare,
714 3537 771 3583 ut
797 3528 866 3584 ita
891 3539 915 3577 8
942 3530 1124 3587 censio
1146 3548 1358 3602 quoque
1382 3543 1562 3589 nostra
1592 3535 1842 3600 difﬂniat,
1866 3547 2129 3606 quatenus

542 3619 939 3689 metropolitani
986 3623 1067 3676 sui
1119 3639 1451 3697 unaquaeque
1480 3627 1751 3695 provincia
1786 3628 1839 3682 in
1879 3631 2129 3685 omnibus

543 3708 701 3767 rebus
728 3726 942 3784 semper
969 3716 1366 3775 ordinationem
1397 3728 1691 3789 exspectet.
1730 3720 1861 3775 Data
1886 3718 1913 3757 ιι
1943 3722 2130 3792 quinto

666 4039 822 4113 Solus
843 4041 1307 4113 Quesn.,VOportet.
1340 4042 1460 4097 Mox
1496 4043 1638 4113 vulg.
1669 4058 1787 4097 cum
1817 4043 1936 4097 aliis
1964 4042 2122 4097 codd.

542 4109 692 4165 Nulli
717 4109 931 4177 etenim;
961 4128 1023 4167 ac
1051 4109 1174 4168 dein
1204 4116 1456 4182 pra'cipit.
1491 4109 1656 4169 Porro
1690 4114 1759 4169 de
1800 4116 1897 4169 hac
1923 4113 2125 4170 Niczeni

540 4182 761 4239 canonis
792 4184 1110 4253 allegatioue
1141 4186 1260 4239 vide
1301 4186 1525 4240 Observ.
1565 4187 1615 4239 in
1645 4185 1862 4242 dissert.
1896 4185 1928 4239 5
1959 4188 2125 4253 Ques-

539 4254 690 4315 nelli.
716 4266 851 4321 part.
883 4272 941 4318 ll,
974 4271 1023 4313 c.
1052 4256 1107 4323 6,
1134 4274 1188 4310 ιι.
1213 4258 1247 4312 5
1275 4266 1329 4311 et
1357 4257 1409 4320 6,
1438 4266 1569 4310 tom.
1595 4257 1687 4311 XI.

608 4325 636 4364 δ
678 4325 804 4381 Mss.
842 4327 995 4383 Dion.
1032 4339 1084 4383 ct
1119 4328 1281 4383 lladr.
1325 4328 1507 4382 delent
1546 4344 1707 4395 posse.
1744 4330 1957 4385 Tbuan.
2008 4338 2127 4396 post

538 4414 685 4472 posse
712 4398 859 4472 addit
883 4400 1031 4472 sedes
1059 4415 1077 4453 :
1107 4402 1274 4465 male,
1324 4399 1495 4469 inquit
1526 4399 1755 4469 Quesn.,
1779 4403 1955 4472 agitur
1984 4403 2125 4456 enim

538 4469 606 4523 de
636 4470 944 4534 provinciis.

611 4549 633 4577 ε
660 4540 807 4596 Unus
834 4542 954 4597 cod.
987 4542 1139 4599 Colb.
1173 4542 1311 4611 apud
1343 4542 1554 4611 Coust.,
1583 4543 1810 4599 inclusit.
1835 4545 1957 4601 Mox
1991 4559 2121 4597 mss.

538 4609 683 4675 Vat.,
740 4611 885 4674 llisp.
916 4622 970 4668 et
1010 4614 1163 4680 lsid.,
1201 4609 1321 4669 cum
1372 4609 1548 4678 Merl.,
1595 4618 1949 4681 communias;
1996 4615 2124 4669 editi

537 4696 666 4735 vero
707 4682 793 4736 alii
826 4698 946 4736 cum
974 4686 1131 4737 codd.
1160 4687 1371 4739 collect.
1417 4686 1668 4740 lladrian.
1690 4730 1705 4754 ,
1747 4688 2088 4742 communitus
2109 4725 2124 4749 ,

537 4754 622 4808 vel
665 4756 1006 4809 communitis.
1054 4757 1123 4811 At
1167 4755 1490 4824 exemplaria
1543 4767 1743 4813 nostra:
1791 4759 2125 4815 collectionis

536 4841 656 4881 cum
712 4824 863 4895 Dion.
916 4826 1105 4895 Regio,
1158 4828 1513 4881 commonitus.
1566 4828 1694 4884 Dein
1751 4829 1802 4884 in
1848 4847 1954 4884 uno
1999 4829 2119 4883 cod.

536 4894 732 4952 llarlrei
778 4894 1015 4951 secunda
1046 4915 1205 4953 manu
1230 4941 1243 4963 ,
1286 4899 1550 4954 debueras.
1588 4899 1700 4957 Huc
1727 4902 1935 4957 accedit
1965 4901 2119 4955 Dion.

536 4966 755 5031 lleaius,
790 4968 1054 5025 debueras.

604 5037 648 5104 ἀ,
666 5038 972 5105 Legendum
1005 5050 1150 5097 certe
1168 5050 1249 5096 est
1273 5050 1393 5105 true,
1420 5056 1524 5096 non
1548 5060 1687 5110 sum;
1713 5044 1796 5099 vel
1817 5059 1937 5100 cum
1963 5044 2119 5099 Dion.

536 5120 588 5166 et
622 5111 899 5184 Hadriam,
934 5127 1069 5180 quos
1101 5112 1238 5169 Just.
1278 5122 1333 5167 et
1372 5114 1559 5169 Const.
1601 5116 1769 5171 secuti
1814 5125 1972 5184 sunt,
2018 5132 2118 5170 vox

533 5198 641 5236 sua:
670 5183 893 5239 delenda
914 5194 1016 5240 est.

608 5255 816 5329 (inst.
863 5271 983 5329 cum
1022 5270 1157 5329 mss.
1197 5255 1382 5329 lladr.,
1419 5256 1567 5327 llisp.
1610 5268 1665 5313 et
1703 5258 1853 5321 lsid.,
1887 5259 2120 5329 aliquid;

534 5334 589 5380 et
627 5324 749 5381 dein
780 5341 901 5381 cum
935 5328 1122 5383 iisdem
1152 5328 1317 5383 codd.
1360 5341 1414 5384 et
1459 5324 1668 5384 caneris
1714 5331 1872 5384 editis
1922 5324 2120 5385 omittit

534 5396 596 5449 ab
624 5398 731 5519 h'is,
756 5414 888 5467 quas
916 5414 1069 5455 voces
1097 5402 1209 5455 sola
1238 5400 1567 5472 exemplaria
1598 5399 1754 5472 hujus
1781 5402 2115 5458 collectionis

537 5480 644 5519 ιιιιτε
670 5480 842 5519 erunt.

534 5480 842 5537 praeterunt.

611 5538 628 5575 τ
661 5538 772 5613 _Soli
801 5541 961 5613 codd.
992 5541 1149 5613 hujus
1175 5545 1511 5602 collectionis
1538 5546 1736 5601 cautius
1763 5546 2039 5602 exhibent.

591 5616 631 5690 μ
662 5608 736 5664 ita
756 5608 1136 5690 cum__Vin_d.'et
1165 5616 1307 5673 Pith.
1333 5630 1533 5674 nostra:
1555 5617 1911 5673 collectionis.
1942 5618 2113 5674 Codd.

533 5678 761 5761 aliarum
791 5683 1172 5761 collectionum
1210 5700 1265 5744 ct
1302 5692 1473 5761 vulg.,
1504 5691 1819 5745 constitutio.
1871 5690 2022 5761 llisp.
2066 5697 2121 5745 ct

533 5747 767 5831 lsid.,.ut
786 5754 885 5831 ista
912 5759 1225 5814 constitutio.
1250 5747 1475 5831 Quesn.,
1499 5778 1732 5818 censura.

602 5792 1307 5899 ἱ’ἀ‹ἷᾶ.”ἦιῖιὶἒζῗζ“ὗ’ἱ’ἴᾱα“έῖ

2237 3164 2417 3220 amicti
2464 3163 2658 3235 pallio,
2710 3171 2764 3218 et
2811 3160 3021 3217 lumbos
3071 3160 3379 3232 praecincti,
3433 3161 3701 3216 credentes
3742 3170 3787 3211 se

2235 3260 2525 3332 Scripturze
2547 3258 2705 3314 ﬁdem
2738 3274 2847 3313 non
2877 3272 2971 3329 per
2997 3257 3263 3327 spiritum,
3288 3257 3385 3313 sed
3415 3267 3442 3307 P
3480 3272 3572 3329 per
3594 3256 3787 3311 littcnm

2236 3354 2619 3422 completuros.
2668 3351 2799 3405 Nam
2831 3352 2873 3406 si
2912 3350 2976 3404 ad
3009 3351 3110 3407 hoc
3151 3350 3252 3405 ista
3286 3359 3557 3422 prmeepta
3584 3356 3720 3413 sunt,
3744 3352 3787 3399 ut

2242 3444 2418 3500 taliter
2458 3452 2827 3511 servarentur,
2878 3458 2977 3497 cur
3027 3457 3135 3496 non
3181 3442 3318 3497 liunt
3355 3444 3560 3513 pariter
3590 3456 3693 3513 quae
3723 3452 3786 3494 se-

2238 3549 2507 3609 quuntur,
2552 3544 2609 3590 ut
2646 3536 2882 3591 lucerna:
2911 3535 3164 3591 ardentes
3206 3534 3259 3590 in
3296 3536 3550 3592 manibus
3574 3550 3665 3589 una
3690 3546 3783 3587 cum

2240 3632 2433 3687 baculo
2463 3630 2778 3686 teneantur?
2811 3629 3019 3685 [labent
3047 3644 3201 3684 suum
3241 3630 3339 3685 ista
3381 3630 3709 3703 mysterium,
3745 3633 3785 3681 et

2242 3721 2664 3792 intelligentibus
2695 3732 2723 3772 «ι
2750 3721 2822 3776 ita
2853 3720 2996 3776 clara
3026 3728 3184 3789 sunt,
3226 3730 3283 3776 ut
3310 3736 3374 3776 ea
3406 3723 3575 3794 magis
3600 3738 3689 3793 qua
3713 3719 3785 3774 de

2313 4043 2328 4080 ί
2373 4041 2693 4097 Continetur
2738 4041 2789 4112 in
2819 4054 2953 4112 mss.
2998 4040 3225 4112 collect.
3248 4040 3366 4112 Vat.
3420 4036 3783 4112 Reginmrl997,

2232 4114 2388 4198 ςξριιι.
2409 4153 2423 4179 ,
2455 4113 2709 4198 Ducem,
2742 4110 2867 4167 Vat.
2902 4110 3072 4179 ιω,
3105 4111 3293 4179 Corb.,
3328 4110 3522 4181 Dion.,
3552 4111 3783 4172 Hadrian,

2232 4184 2773 4311 "'ipVglctgzmcontra
2820 4255 3145 4323 disciplinam
3202 4257 3629 4319 ecclesiasticam,
3681 4263 3783 4323 quas

2232 4344 2421 4383 omnes
2451 4328 2617 4381 nostri
2646 4327 2806 4382 codd.
2838 4336 2893 4382 et
2930 4328 3055 4398 vulg
3092 4328 3381 4395 exhibent,
3418 4326 3689 4398 Quesnello
3711 4339 3783 4377 cs-

2234 4401 2499 4455 ciderunt.
2532 4399 2650 4453 Mox
2695 4399 2837 4470 vulg.
2888 4413 3009 4454 cum
3040 4400 3361 4469 quibusdam
3408 4401 3603 4467 codd.,
3641 4409 3781 4468 pem-

2155 4474 2401 4549 Dnittnt;

2306 4542 2330 4581 ιε
2364 4541 2502 4597 Edit.
2526 4541 2691 4598 Cone.
2724 4551 2841 4610 post
2861 4541 3049 4605 Crab.,
3079 4559 3193 4597 cum
3213 4543 3282 4597 ad
3307 4543 3425 4599 hoc.
3460 4541 3627 4600 Nostri
3654 4536 3779 4595 Codd.

2232 4623 2285 4689 et
2313 4628 2503 4689 omnes
2543 4614 2670 4689 editi
2711 4614 2893 4689 dolent
2931 4614 3005 4689 ad.
3046 4628 3065 4668 :
3101 4616 3201 4689 [ioc
3237 4616 3484 4689 refertur
3528 4614 3589 4670 ad
3632 4623 3779 4666 mecm

2231 4687 2492 4741 instinctu.
2547 4685 2706 4740 Solus
2751 4685 3003 4752 Quesn.;
3020 4686 3145 4756 quin
3192 4687 3255 4739 ab
3298 4687 3498 4742 illicitis
3540 4694 3780 4741 revocet!“

2231 4758 2383 4823 alios,
2415 4767 2462 4811 et
2491 4757 2643 4827 oﬂicii
2672 4758 2832 4811 nostri
2858 4773 3187 4827 provocemus
3214 4758 3284 4811 ad
3314 4759 3504 4812 bonum
3529 4756 3779 4812 instinctu:

2230 4845 2387 4955 quam
2420 4829 2701 4884 lectionem
2736 4827 2865 4882 nulli
2890 4828 3055 4883 nostri
3084 4827 3243 4885 codd.
3270 4844 3371 4885 nec
3397 4829 3489 4884 alii
3514 4829 3646 4899 vulg.
3672 4837 3779 4895 prie.

2254 4910 2431 4955 erunt.

2254 4910 2431 4957 erunt.

2308 4971 2323 5010 ι
2358 4971 2542 5027 Const.
2574 4987 2693 5028 cum
2720 4971 2956 5044 quinque
2981 4972 3201 5043 optimis
3227 4987 3380 5039 mss.,
3413 4972 3563 5028 Circa
3589 4964 3778 5042 quamvis

2228 5043 2531 5115 longinqua.

2299 5126 2337 5153 ω
2373 5116 2524 5183 Vulg.
2558 5131 2677 5171 cum
2704 5116 2823 5169 Vat.
2858 5115 3097 5185 Regium,
3128 5116 3383 5170 inservire.

2297 5196 2325 5223 ιι
2352 5187 2585 5242 Verbum
2611 5189 2805 5258 faciunt
2836 5188 3035 5254 Quesn.
3070 5188 3351 5258 praeteriit.

2302 5267 2325 5294 ο
2359 5260 2544 5315 Coust.
2568 5250 2722 5314 e'ritu
2743 5250 3048 5314 emendavit
3072 5250 3182 5326 ὀνο
3205 5259 3432 5314 duorum
3464 5256 3614 5314 codd.
3640 5250 3773 5326 Corb-

2226 5343 2281 5388 et
2303 5330 2478 5390 Colb..
2513 5331 2565 5385 in
2595 5331 2787 5400 quibus
2820 5330 3015 5397 legitur
3042 5324 3266 5385 irritum.
3308 5330 3425 5385 Mox
3467 5324 3775 5400 Oxon.delet

2226 5406 2279 5458 in
2314 5398 2624 5457 Ecclesium.
2652 5402 2779 5457 Dein
2811 5400 3005 5473 Vind.,
3053 5411 3246 5473 sanctis
3291 5402 3571 5473 Scriptum
3614 5398 3774 5469 ﬁdem.

2226 5490 2359 5531 voce
2381 5486 2573 5528 sancta
2597 5473 2848 5529 secundis
2876 5472 3021 5527 curis
3042 5472 3242 5528 addita.

2298 5557 2325 5596 ρ
2357 5546 2517 5601 Solus
2546 5546 2774 5614 Quesn.,
2803 5546 2854 5599 in
2882 5545 3070 5599 littera.

2300 5628 2325 5667 ει
2351 5619 2551 5685 Quesn.
2583 5617 2761 5673 omisit
2792 5618 2895 5682 ita,
2924 5625 2978 5671 et
3009 5632 3106 5686 pro
3132 5625 3392 5672 serventur
3413 5614 3571 5672 habet
3595 5619 3771 5667 tenean-

2228 5699 2331 5744 tur.
2368 5688 2526 5744 Vind.
2558 5696 2613 5744 et
2646 5688 2749 5758 alia
2778 5687 3105 5757 exemplaria
3136 5703 3269 5745 mss.
3304 5696 3359 5745 et
3383 5700 3573 5744 excusa
3600 5689 3771 5758 pratu-

2229 5761 2407 5818 limus.
2440 5760 2625 5818 Solum
2654 5757 2777 5815 Vat.
2811 5759 2944 5816 I542
2971 5759 3190 5817 ortelert
3213 5761 3495 5833 ﬁrmentur,
