3992 6348
529 423 633 479 579

1442 411 1780 469 APPENDIX
1822 413 1915 468 AD
1953 411 2013 468 S.
2054 409 2299 467 LEONIS
2338 409 2552 466 MAGNI
2591 408 2844 469 OPERA.
3666 415 3757 478 580

526 549 707 594 natum
736 535 1118 591 sulidiaconum
1150 538 1417 612 nostrum,
1447 537 1503 581 ttt
1532 526 1596 582 ad
1616 526 1880 597 judicium
1909 530 2115 597 episco-
2145 528 2190 588 Α
2221 524 2476 580 Εοοιιιείἰδ
2526 527 2707 580 nerito
2756 529 3124 596 praeferantur.
3175 527 3384 586 Habeat
3432 532 3762 604 unusquisqng

524 632 646 702 pale
675 628 1061 692 destinaretur,
1094 622 1341 696 epistola.
1371 620 1557 674 Tantis
1586 631 1840 691 gravatus
1871 621 2104 676 testimo-

523 723 650 780 niis.
671 729 817 776 tanta
849 718 1143 772 facinorum
1169 715 1509 767 accusatione
1538 713 1798 782 pulsatus,
1816 726 2107 777 sacrarum,

524 823 583 867 ut
613 812 828 872 dicitur,
852 809 1115 879 virginum
1141 806 1374 877 pollutus
1401 804 1629 866 incestu,
1660 803 1944 873 episcopus
1966 817 2112 857 asse-

524 907 662 961 ritur
676 906 967 966 ordinatus;
985 911 1009 938 ι
1023 901 1102 972 (in
1120 899 1320 954 nostris
1337 897 1498 952 libelli
1517 897 1729 951 scriniis
1745 897 2108 962 continentur,

507 989 756 1067 quorum
804 995 869 1048 ad
915 1008 1010 1048 vos
1058 1006 1270 1062 quoque
1317 990 1642 1058 exemplaria
1691 988 2009 1058 direximus)
2055 989 2111 1043 in

510 1087 781 1158 'pontilicii
801 1085 1231 1154 dignitatemjioc
1253 1092 1489 1150 tempore
1510 1079 1672 1153 274.
1692 1096 1798 1152 quo
1815 1080 1879 1135 ad
1895 1095 2108 1136 causam

525 1179 806 1235 dicendam
833 1177 1010 1234 missis
1038 1193 1064 1231 a
1096 1175 1250 1231 nobis
1283 1175 1476 1229 litteris
1505 1173 1816 1240 vocabatur,
1848 1175 2106 1243 obrepsit.

522 1271 688 1328 Sacro
710 1273 865 1327 nobis
893 1270 1030 1325 absit
1054 1269 1268 1338 injuria.
1293 1266 1522 1322 Facilius
1550 1277 1632 1322 est
1654 1275 1710 1321 ut
1734 1266 1869 1320 hanc
1886 1268 2113 1336 dignita-

521 1371 630 1417 tem
663 1363 754 1416 tali
785 1361 960 1415 dando
981 1361 1095 1429 ipse
1117 1360 1356 1414 amiserit
1378 1358 1673 1422 ordinator,
1693 1374 1849 1427 quam
1869 1375 1984 1411 eam
2017 1361 2112 1413 oh-

509 1456 691 1511 ‘tineat
714 1455 994 1510 ordinatus
1025 1454 1144 1508 :cui
1177 1453 1423 1508 convicto
1439 1452 1726 1507 sociabitur
1755 1452 1845 1521 qui
1869 1468 1931 1506 eu
1958 1451 2112 1506 msibi

519 1548 747 1604 credidit
772 1547 1048 1616 largiendo
1068 1545 1396 1616 pontiﬁcium
1415 1543 1742 1598 sociandum.
1761 1544 1945 1611 Qualis
1968 1546 2109 1598 enim

521 1641 636 1712 ipse
665 1641 754 1703 sit,
785 1639 1029 1708 quisquis
1055 1637 1188 1692 tales
1212 1635 1238 1674 δ
1262 1635 1541 1703 ordinarit,
1571 1634 1827 1689 ostendit.
1860 1635 1953 1688 His
1986 1650 2110 1704 ergo

509 1713 579 1787 in
609 1731 842 1787 medium
869 1744 1011 1784 nunc
1036 1729 1304 1793 deductis,
1335 1743 1454 1782 cum
1481 1729 1722 1796 plerique
1746 1735 1980 1782 vestrum
2005 1729 2111 1781 sint

523 1824 611 1894 qui
643 1823 948 1892 apostolica!
996 1820 1142 1876 sedis
1181 1829 1380 1874 statuta
1419 1821 1788 1888 cognoverint,
1831 1819 2106 1873 nobiscum

2213 634 2322 674 suae
2365 618 2590 673 fructum
2643 620 2846 674 militiae
2890 621 2941 674 in
2988 622 3224 677 Ecclesia
3271 623 3326 678 in
3370 639 3467 692 qua
3507 637 3645 680 suam
3679 642 3760 694 per

2212 714 2388 767 «mnia
2433 714 2606 767 officia
2652 716 2907 783 transegit
2947 726 3181 769 artatem.
3230 717 3285 770 In
3327 716 3495 770 aliena
3523 722 3755 787 stipendia

2212 805 2429 858 minime
2450 805 2582 858 alter
2599 805 2838 872 obrepat,
2857 807 3055 860 necalii
3073 807 3232 879 275
3250 807 3486 860 debitam
3507 807 3756 866 διιεῖ·ίείὺί

2211 896 2405 950 audeat
2436 895 2702 951 vindicare
2728 898 3050 952 mercedem.
3073 897 3155 953 Sit
3177 897 3402 952 facultas
3431 898 3622 953 clericis
3645 903 3759 954 reni-

2211 990 2438 1055 tendi,si
2461 1005 2519 1044 se
2545 989 2775 1044 viderint-
2799 991 3136 1061 prtegravari,
3164 1003 3215 1045 et
3245 1006 3381 1060 quos
3404 991 3503 1046 sibi
3530 992 3681 1062 ingeri
3705 1007 3760 1048 ex
3835 1003 3844 1008 ‘

2212 1091 2519 1144 transverso
2559 1084 2897 1152 agnoverint,
2927 1099 3032 1138 non
3061 1087 3285 1138 timeant
3323 1083 3572 1140 refutare.
3610 1083 3701 1153 Qui
3725 1085 3761 1140 si

2215 1191 2318 1229 non
2361 1176 2594 1229 debitum
2639 1176 2938 1242 praemium,
2987 1177 3070 1230 vel
3111 1177 3335 1232 liberum
3382 1177 3448 1231 de
3473 1192 3536 1231 eo
3567 1175 3762 1247 quieos

2215 1281 2454 1324 recturus
2482 1282 2582 1338 est,
2616 1270 2810 1325 debent
2841 1272 3035 1325 habere
3062 1271 3340 1338 judicium.

2285 1361 2393 1415 VII.
2420 1363 2761 1415 Ahstincatur
2789 1363 2855 1415 ab
2896 1361 3096 1417 illicitis
3127 1362 3573 1432 ordinationibus.
3603 1361 3764 1418 Nullus

2213 1469 2276 1508 ex
2302 1455 2467 1515 Iaicis,
2496 1454 2674 1508 nullus
2697 1454 2958 1524 digamus,
2978 1455 3156 1510 nullus
3177 1455 3264 1524 qui
3289 1457 3356 1509 sit
3377 1456 3550 1509 vidua
3570 1455 3763 1510 maritus

2213 1555 2305 1599 aut
2328 1544 2510 1610 fuerit,
2526 1547 2834 1612 ordinetur;
2860 1548 2950 1602 sed
2976 1547 3482 1617 irreprebensibilis,
3507 1557 3560 1602 et
3578 1548 3763 1618 qualem

2210 1638 2367 1706 elegit
2391 1638 2697 1705 Apostolus,
2729 1638 2841 1694 fiat.

2283 1726 2418 1781 VIII.
2438 1727 2536 1782 Per
2565 1728 2797 1798 Moysem
2829 1728 3083 1784 Dominus
3106 1731 3360 1798 praecepit
3385 1746 3398 1782 :
3425 1727 3674 1803 Virginem
3697 1747 3764 1784 ac-

2212 1821 2365 1891 cipiat
2399 1821 2635 1894 sacerdgs
2667 1830 2690 1867 Β
2723 1837 2932 1874 uxorem
2975 1819 3120 1890 (Leu.
3151 1837 3268 1889 xxt,
3303 1822 3414 1894 15).
3447 1821 3766 1892 Subsequitur

507 1905 768 1981 tempore
791 1912 1060 1980 aliquanto
1091 1910 1306 1973 versati,
1335 1909 1398 1962 ad
1430 1907 1724 1976 disciplina:
1750 1921 1990 1961 normam
2017 1921 2112 1960 no-
2141 1903 2190 1964 Β
2215 1923 2269 1968 et
2313 1913 2526 1982 supplet
2568 1914 2852 1982 Apostolus
2892 1913 3079 1968 eodem
3126 1913 3332 1968 locutus
3375 1913 3569 1984 Spiritu
3596 1934 3608 1968 :
3639 1916 3767 1968 unius

522 2005 650 2074 stris
697 2013 960 2058 conventa
1012 2001 1506 2068 adhortationibus,
1561 2001 1740 2054 omnia
1790 1999 2104 2054 fraternitas

521 2107 703 2148 veStra
737 2109 989 2150 revocare
1020 2094 1259 2150 festinet.

595 2185 680 2241 Vl.
704 2187 962 2250 Primum,
983 2197 1039 2241 ut
1064 2187 1214 2256 juxta
1240 2187 1454 2241 decreta
1482 2199 1746 2241 canonum
1777 2199 2110 2255 unaquaeque

525 2282 803 2349 provincia
850 2296 946 2334 suo
979 2281 1394 2351 metrOpolitano
1420 2288 1672 2336 contenta
1700 2279 1790 2343 sit,
1838 2289 1893 2334 ut
1921 2279 2105 2334 deces-

501 2375 660 2429 soris
687 2375 856 2430 nostri
889 2374 1011 2430 data
1046 2375 1109 2428 ad
1150 2375 1552 2430 Narbonensem
1587 2375 1898 2443 episcopum
1937 2374 2108 2427 conti-

519 2474 648 2520 nent
695 2468 984 2521 constituta
1033 2465 1232 2538 (Bonif.
1278 2481 1361 2534 ep.
1403 2469 1468 2518 ad
1513 2465 1708 2529 Hilar.,
1741 2483 1855 2536 sup.
1901 2483 1947 2518 c.
1975 2464 2102 2537 54);

519 2571 623 2611 nec
657 2567 679 2595 ο
709 2557 1075 2627 usurpationis
1105 2558 1252 2612 locus
1292 2558 1450 2612 alicui
1489 2555 1755 2612 sacer-dmi
1798 2555 1852 2610 in
1891 2557 2108 2610 alterius

519 2648 848 2702 concedatur
897 2647 1168 2716 injuriam.
1223 2648 1304 2703 Sit
1357 2650 1631 2703 concessis
1681 2647 1780 2702 sibi
1828 2658 2108 2702 contentus

522 2740 887 2809 unusquisque
909 2739 1192 2795 limitibus.
1210 2739 1360 2794 Alter
1379 2739 1434 2793 in
1456 2741 1674 2793 alterius
1696 2738 1961 2807 provincia
1976 2739 2108 2794 nihil

523 2843 842 2902 praesumat;
873 2847 972 2889 nec
996 2833 1235 2888 emeritis
1264 2833 1318 2886 in
1347 2833 1460 2887 suis
1487 2831 1745 2887 Ecclesiis
1767 2831 1978 2886 clericis
2012 2847 2106 2900 pe-

522 2925 724 2996 regrini
745 2935 801 2981 et
828 2928 1093 2991 extranei,
1126 2937 1179 2981 et
1209 2926 1300 2996 qui
1326 2935 1451 2984 ante
1487 2926 1717 2995 ignorati
1748 2926 1878 2992 sint,
1919 2927 1986 2979 ad
2016 2941 2111 2981 ex-

521 3021 819 3076 clusionetn
846 3036 1028 3076 eorum
1059 3020 1148 3092 qui
1178 3021 1313 3075 bene
1342 3021 1408 3074 de
1429 3034 1648 3074 suorum
1679 3020 1874 3074 civium
1899 3015 2111 3074 meren-

523 3120 614 3167 tur
647 3114 972 3182 testimonio,
1025 3121 1439 3183 praeponantur,
1481 3126 1548 3165 ne
1588 3125 1784 3165 novum
1817 3111 2104 3180 quoddam,

523 3203 590 3259 de
619 3219 725 3276 quo
753 3207 987 3276 episcopi
1016 3206 1166 3270 fiant,
1198 3205 1498 3274 institutum
1527 3197 1769 3257 videatur
1799 3216 1919 3257 esse
1946 3201 2109 3256 colle-

2214 2011 2389 2061 uxoris
2419 2012 2581 2060 virum
2627 2007 2666 2077 (l
2701 2005 2832 2060 Tim.
2864 2022 2920 2072 ll,
2945 2006 3001 2077 ἓ)
3047 2007 3244 2061 debere
3269 2010 3578 2077 episcopum
3608 2022 3768 2062 conse-

2212 2099 2370 2154 crari.
2395 2096 2508 2154 hAd
2541 2098 2680 2152 hanc
2703 2114 2830 2167 ergo
2850 2097 3118 2166 eligantur
3138 2098 3422 2152 formulam
3453 2099 3766 2162 sacerdotes;

2211 2205 2264 2248 et
2293 2197 2336 2249 si
2369 2208 2486 2263 quae
2510 2194 2658 2246 facta:
2686 2201 2809 2246 sunt
2835 2191 3198 2246 ordinationes
3229 2191 3450 2258 illicitae,
3484 2207 3767 2248 removean-

2213 2293 2333 2339 tur:
2367 2284 2618 2354 quoniam
2649 2294 2792 2338 stare
2832 2299 2936 2337 non
2975 2291 3222 2352 possunt,
3265 2297 3367 2338 nec
3406 2282 3768 2339 discussionem

2212 2386 2447 2431 nostram
2498 2373 2868 2444 subterfugere
2916 2383 3190 2444 poterunt,
3240 2374 3486 2444 quamvis
3535 2375 3693 2430 latere
3723 2388 3768 2428 se

2211 2471 2480 2524 xstiment
2515 2465 2528 2504 ί
2561 2469 2650 2536 qui
2673 2467 2830 2521 aliter
2857 2475 3250 2535 pervenerunt:
3281 2474 3338 2520 ut
3358 2466 3504 2521 nulla
3525 2467 3771 2538 religionis

2211 2559 2508 2616 reverentia
2539 2559 2864 2614 obscuritate
2898 2556 3154 2612 fuscetur.

2286 2651 2376 2706 IX.
2417 2651 2530 2705 Non
2559 2652 2629 2704 sit
2666 2665 2801 2706 vana
2833 2650 3086 2720 gloriatio
3118 2650 3374 2720 palliatis.
3421 2650 3767 2722 Episcopaletn

2211 2758 2417 2800 morem
2449 2735 2536 2814 qiti
2568 2743 2804 2813 episcopi
2828 2751 2952 2796 sunt
2981 2751 3298 2811 sequantur.

2289 2836 2357 2891 Χ.
2390 2835 2731 2905 Daniel,qui,
2769 2842 2828 2889 ut
2855 2834 3115 2903 diximus,
3148 2833 3552 2891 accusationem
3586 2832 3770 2906 pontiIi~

2213 2929 2312 2983 cali
2358 2929 2564 2982 honore
2600 2928 2614 2978 i
2657 2926 3030 2995 subterfugere
3073 2940 3230 2994 posse
3264 2939 3324 2979 se
3359 2925 3612 2992 credidit,
3645 2935 3694 2982 et
3716 2923 3769 2978 ad

2211 3021 2478 3092 fastigium
2513 3031 2715 3075 tantum
2739 3029 3080 3075 accusatores
3103 3033 3232 3074 suos
3252 3018 3513 3090 fugiendo
3534 3016 3770 3090 pervenit,

2212 3130 2242 3170 a
2271 3113 2569 3170 sanctitatis
2598 3123 2790 3168 vestrae
2816 3121 2956 3168 coetu
2989 3113 3202 3168 interim
3224 3128 3284 3169 se
3308 3115 3528 3169 noverit
3556 3125 3771 3183 segrege.

2215 3220 2324 3263 tum
2353 3226 2365 3260 :
2397 3210 2485 3277 qui
2518 3223 2577 3261 se
2619 3215 2804 3262 nostro
2829 3206 3033 3275 judicio
3066 3205 3092 3243 κ
3123 3205 3281 3260 debet
3309 3198 3572 3274 olijicere,
3598 3205 3642 3260 si
3665 3215 3770 3260 coe-

519 3297 692 3367 giutu.
723 3295 748 3333 ι¹
778 3297 963 3351 Nullus
996 3298 1171 3351 invitis
1198 3297 1356 3351 detur
1382 3296 1686 3364 episcOpus.
1718 3293 1881 3363 Cleri,
1915 3294 2106 3363 plebis,
2135 3285 2182 3349 C
2213 3301 2450 3356 scientia:
2480 3314 2591 3354 sua:
2619 3300 2775 3352 novit
2803 3296 3181 3352 confidentiam
3212 3311 3270 3352 se
3299 3297 3526 3352 habere.

518 3396 577 3444 et
594 3389 801 3443 ordinis
825 3404 1123 3444 consensus
1151 3404 1213 3442 ac
1240 3388 1564 3442 desiderium
1597 3388 1920 3456 requiratur.
1950 3388 2105 3441 Tunc

521 3482 660 3536 alter
691 3483 757 3537 de
783 3483 948 3537 altera
977 3482 1204 3552 eligatur
1230 3481 1489 3548 Ecclesia,
1518 3483 1560 3535 si
1587 3482 1654 3535 de
1684 3481 1914 3534 civitatis
1943 3479 2110 3550 ipsius

519 3575 729 3633 clericis
760 3578 842 3631 cui
875 3587 959 3631 est
991 3578 1278 3646 episcenos
1317 3574 1673 3639 ordinandus,
1710 3573 1889 3628 nullus
1915 3574 2110 3643 dignus

519 3669 684 3741 (quod
707 3669 924 3724 evenire
950 3678 972 3706 ⁸
1005 3682 1113 3722 non
1137 3667 1430 3735 credimus)
1462 3667 1695 3736 potuerit
1715 3667 1960 3733 reperiri.
1997 3666 2111 3721 Pri-

518 3778 665 3819 tnum
705 3762 849 3818 enim
885 3761 960 3816 illi
999 3760 1324 3832 reprobandi
1356 3769 1500 3825 sunt,
1537 3769 1592 3812 ut
1622 3758 1786 3827 aliqui
1826 3761 1893 3814 de
1920 3760 2110 3816 alienis

519 3899 955 3967 Arelatensem...
989 3897 1371 3967 praceptt'ones,
1411 3901 1472 3967 ut
1490 3894 1557 3967 ad
1587 3892 2106 3967 jitdiciunt_rlestina-

520 3980 661 4024 retur
687 3963 1011 4038 episcopale.
1033 3963 1164 4020 Cum
1194 3965 1246 4020 in
1271 3982 1399 4019 mss.
1436 3963 1598 4018 Corb.
1639 3973 1692 4038 et
1714 3965 1819 4038 alio
1845 3963 1999 4038 Colb.
2030 3968 2106 4020 le-

519 4050 672 4110 gatur
703 4035 919 4110 Missum
948 4037 1015 4090 ad
1041 4038 1406 4110 Arelatensem,
1434 4035 1717 4110 olea-utin
1752 4035 1903 4087 Dion.
1932 4035 2103 4091 deleta

521 4105 652 4162 voce
669 4109 1050 4175 pra’ceptiones,
1066 4117 1119 4161 et
1137 4123 1232 4177 pro
1263 4107 1548 4176 episcopale
1570 4105 1824 4177 habeatur
1840 4111 2105 4177 episcopa-

519 4182 617 4235 lem
642 4183 722 4240 vel
751 4179 1150 4250 episcopalium;
1170 4175 1437 4250 Constant
1433 4175 1514 4250 ius
1531 4175 2107 4250 corrigendatncredi-

521 4251 596 4306 (lit
620 4251 754 4304 hanc
771 4245 1092 4319 postremam
1114 4264 1298 4302 vocem
1320 4249 1370 4301 in
1393 4245 1724 4319 Epistolium.
1739 4248 1924 4319 Nostri
1943 4253 2098 4302 codd.

521 4317 869 4376 vetustiorum
891 4329 946 4392 et
975 4321 1276 4392 Italicarum
1301 4319 1674 4392 collectiouuut
1709 4317 1828 4392 Vat.
1863 4318 2098 4392 Reginae,

521 4393 746 4460 Lucen.,
779 4389 1014 4446 tgolb.'ct
1053 4393 1168 4446 Vat.
1197 4386 1376 4454 71342,
1413 4386 1677 4442 Nisam...
1725 4386 1966 4458 epistola
1987 4392 2103 4446 sine

525 4479 654 4518 voce
683 4466 992 4532 episcopale.
1031 4463 1176 4516 Ilanc
1204 4463 1421 4532 quidem
1454 4475 1640 4513 vocem
1672 4460 1953 4532 delendam
1985 4477 2103 4516 cre-

527 4529 744 4599 dimus;
779 4529 950 4603 neque
978 4534 1119 4589 enim
1161 4529 1245 4587 hic
1276 4535 1341 4587 de
1377 4532 1579 4601 judicio
1607 4529 1980 4600 epist'Oparum
2014 4541 2102 4585 aut

519 4606 931 4670 Arelatensium,
954 4615 1061 4668 aut,
1089 4615 1145 4658 ut
1170 4605 1258 4657 alii
1279 4605 2098 4670 interpretantur,Urientalium.

521 4677 618 4732 sed
645 4676 712 4728 de
733 4675 937 4744 judicio
961 4676 1270 4744 apostolica:
1296 4669 1462 4735 sedis,
1487 4679 1551 4726 ad
1578 4689 1733 4739 quam
1763 4672 1967 4728 delatus
1989 4669 2101 4728 fu'c-

2289 3391 2376 3446 ΧΙ.
2407 3389 2755 3444 Massiliensis
2783 3403 2914 3444 vero
2941 3389 3194 3444 Ecclesia
3221 3388 3582 3457 sacerdotem,
3606 3387 3687 3458 qui
3705 3385 3772 3442 di~

2215 3485 2373 3548 citur,
2402 3481 2544 3552 quod
2568 3479 2585 3520 ι
2620 3481 2766 3536 dictu
2792 3481 2946 3536 nefas
2975 3491 3078 3545 est,
3107 3482 3161 3535 in
3189 3495 3374 3536 necem
3408 3483 3595 3538 fratris
3622 3482 3772 3536 taliter

2216 3573 2535 3644 gratulatus,
2556 3563 2615 3626 u't
2641 3573 2764 3626 huic
2779 3573 2870 3642 qui
2895 3573 3010 3642 ejus
3031 3573 3286 3641 sanguine
3303 3583 3619 3628 cruentatus
3638 3573 3772 3627 adve-

2217 3677 2389 3732 nerat,
2424 3667 2724 3736 portionem
2761 3669 2884 3720 cuin
2917 3668 3104 3721 eodem
3154 3667 3436 3722 habiturus
3465 3675 3769 3730 occurreret,

2217 3769 2256 3799 ιο
2285 3768 2466 3816 vestro
2493 3757 2819 3814 audiendum
2854 3759 3077 3836 collegio
3119 3758 3451 3830 delegamus.
3494 3761 3620 3815 Data
3646 3768 3671 3796 ιι
3695 3773 3771 3812 νιιι

2291 3906 2312 3933 ο
2359 3896 2558 3966 Quesn.
2591 3894 2777 3950 inserit
2806 3911 2971 3964 posse,
2999 3890 3416 3966 repugnabtibus
3445 3907 3572 3948 cum
3599 3893 3771 3966 optimo

2212 3963 2960 4023 cod.Vind.c:eteriseditis.
3064 3963 3071 3964 ί
3141 3963 3147 3964 “
3207 3963 3210 3966 ’

2288 4036 2305 4078 ι
2350 4037 2553 4104 Quesn.
2583 4035 2763 4089 omisit
2785 4036 2914 4092 sibi:
2953 4043 3006 4090 et
3032 4045 3150 4106 post
3177 4049 3342 4105 pauca
3375 4050 3474 4104 pro
3506 4032 3773 4107 agnoverint

2210 4109 2374 4163 habet
2395 4109 2630 4175 viderint,
2649 4107 3065 4177 repugnantibus
3083 4109 3280 4161 nostris
3301 4120 3437 4160 mss.
3451 4107 3772 4177 vulgatisque

2209 4181 2371 4236 codd.
2437 4215 2445 4220 -

2285 4261 2307 4297 ε
2349 4250 2508 4303 Solus
2528 4248 2730 4316 Quesn.
2761 4249 3054 4318 praeterivit
3080 4263 3312 4302 uxorem.

2282 4319 2308 4358 ιι
2347 4321 2480 4375 Cod.
2514 4315 2636 4373 Vat.
2685 4315 2898 4384 Reginae
2928 4329 3077 4373 notat
3111 4328 3271 4388 caput
3307 4320 3340 4370 2
3369 4320 3664 4388 praemisso
3686 4315 3770 4369 hoc

2209 4393 2361 4446 titulo
2389 4408 2400 4442 :
2439 4391 2512 4444 De
2538 4391 2947 4443 ordinationibus
2974 4391 3121 4460 factis
3151 4385 3344 4443 illicitis
3370 4385 3564 4444 illicite
3593 4387 3770 4443 submo-

2207 4464 2408 4516 rendis.
2431 4461 2551 4515 Mox
2577 4459 2699 4531 Vat.
2735 4459 2894 4522 1542,
2925 4459 3137 4531 eligant.
3531 4530 3548 4531 ί
3721 4470 3727 4482 ’

2285 4531 2299 4570 ί
2346 4533 2504 4601 Vulg.
2536 4527 2701 4586 Cone.
2727 4546 2849 4585 cum
2879 4527 3271 4601 Vatfltegium,
3299 4539 3354 4585 et
3373 4546 3490 4586 uno
3514 4527 3770 4598 Colb.,qsi

2208 4603 2399 4658 taliter.
2431 4602 2643 4656 Justell.
2673 4617 2793 4656 cum
2827 4603 2942 4656 aliis
2973 4606 3157 4670 c_odd.,
3188 4604 3428 4670 qualiter.

2280 4677 2296 4725 l
2347 4673 2501 4728 Solus
2527 4675 2754 4738 Quesn.,
2784 4674 2956 4744 fugere
2973 4665 3073 4738 ,‘et
3097 4665 3252 4741 paulo
3275 4682 3394 4742 post
3423 4672 3624 4744 delevit
3649 4685 3766 4724 suos.

517 4758 598 4802 rat
633 4723 835 4808 Daniel,
875 4723 1177 4800 seruirottem
1209 4760 1328 4799 esse
1358 4723 1530 4813 palam
1565 4723 1797 4797 indicant
1824 4748 2100 4812 sequentia
2129 4723 2182 4784 Ῑ)
2206 4743 2323 4800 Mox
2353 4723 2595 4813 fugiendo
2615 4755 2697 4798 est
2722 4723 2924 4799 iit'mass.
2946 4723 3222 4810 diiésﬁiéi
3244 4723 3625 4798 "Bsiitéfluié
3643 4723 3769 4813 anno

518 4819 686 4872 missis
717 4833 748 4868 a
787 4817 929 4888 nobis
960 4817 1141 4888 litteris
1182 4817 1472 4879 vocabatur,
1507 4829 1566 4868 ac
1594 4817 1889 4888 praesertim
1919 4816 2006 4870 illa
2036 4818 2102 4870 de

517 4890 704 4945 eodem
743 4887 956 4942 Daniele
984 4905 1032 4940 (ε.
1067 4887 1148 4951 1⁷0,
1184 4889 1268 4955 qui
1301 4903 1352 4940 se
1377 4896 1549 4958 nostro
1571 4887 1775 4958 judicio
1797 4889 1937 4939 debet
1967 4888 2100 4956 obji-

521 4977 652 5014 cere.
689 4961 757 5014 At
784 4959 835 5012 iu
878 4959 1081 5013 edenda
1115 4968 1293 5012 nostra
1336 4957 1652 5011 collectione
1681 4972 1800 5011 eam
1831 4973 2013 5012 vocem
2050 4975 2098 5010 tn

517 5031 759 5101 ejusdem
777 5029 1049 5085 codicibus
1071 5043 1351 5100 perperam
1371 5029 1495 5082 licet
1519 5031 1773 5082 insertam
1796 5043 2100 5098 expungere
2177 5063 2180 5066 ~

519 5105 881 5240 nolugtlegb”
911 5180 956 5226 et
986 5181 1040 5224 ut
1067 5172 1122 5224 in
1152 5171 1342 5225 nostris
1372 5169 1544 5224 scrinii
1576 5169 1759 5224 libellis
1788 5171 2095 5235 continetur,

518 5245 686 5309 nullo,
725 5247 866 5314 quod
907 5245 1159 5308 sciamus,
1193 5241 1402 5314 codice,
1438 5249 1542 5314 aut,
1579 5241 1709 5314 edit.
1751 5241 2093 5311 suffragante.

518 5317 669 5371 Μαι-Ι.
697 5310 818 5370 cum
845 5315 991 5380 lsid.,
1019 5324 1072 5367 ut
1096 5316 1147 5366 in
1171 5313 1358 5367 nostris
1387 5310 1572 5365 libellis
1596 5313 1772 5364 scrinii
1789 5310 2096 5367 continetur.

517 5387 932 5442 Emendavimus
965 5403 1031 5442 ex
1064 5386 1244 5450 Vind.,
1284 5381 1406 5438 Vat.
1447 5383 1578 5452 Reg.
1623 5383 1848 5452 aliisque
1887 5384 2100 5440 excusis

519 5460 932 5527 exemplaribus.
1812 5525 1818 5527 Α
1867 5526 1874 5527 γ
2053 5475 2056 5480 ·

590 5528 616 5567 δ
656 5525 814 5584 Solus
843 5530 1068 5595 Quesn.,
1099 5529 1301 5581 ordinat
1327 5545 1344 5593 ;
1379 5535 1431 5580 et
1461 5539 1586 5579 mox
1609 5525 1902 5594 praeterivit
1927 5540 2099 5587 nunc;

521 5613 585 5655 ac
614 5601 734 5657 dein
760 5617 852 5669 pro
874 5601 1053 5653 versati
1078 5600 1237 5652 habet
1263 5599 1570 5651 cotwersati.

596 5681 617 5741 ς
662 5674 768 5741 AL,
801 5671 1142 5741 usurpaioui,
1173 5671 1258 5724 vel
1282 5669 1638 5738 usurpatione.

591 5739 620 5776 ά
658 5740 712 5793 lu
750 5744 871 5796 eod.
914 5737 1026 5794 Vat.
1059 5741 1272 5808 Itegiute
1304 5743 1388 5793 hic
1422 5742 1608 5807 incipit
1650 5737 1876 5808 primum
1919 5745 2097 5805 caput,

521 5810 610 5868 cui
639 5811 817 5866 titulus
848 5807 1178 5882 prazligitur':
1213 5810 1407 5865 Nullus
1439 5812 1702 5865 ordinetur
1722 5807 1908 5862 invitus
1935 5823 1952 5861 :
1983 5810 2104 5879 lege

522 5884 701 5935 inscitia

2207 4811 2374 4871 riui-es
2401 4811 2532 4870 edit.
2576 4831 2696 4870 cum
2730 4830 2858 4870 mss.
2892 4815 3143 4869 Hadrian.
3173 4824 3227 4870 et
3253 4815 3406 4881 lsid.,
3435 4816 3658 4869 latendo.
3685 4811 3767 4866 lte-

2204 4886 2348 5009 giutn
2378 4887 2656 5009 (exemplar
2683 4885 2866 4952 Diom,
2895 4886 3137 4940 dolendo.
3167 4887 3330 4940 tiorb.
3359 4896 3416 4940 et
3445 4901 3588 4940 unus
3611 4883 3767 4944 Colb.,

2232 4973 2370 5009 acten
2413 4973 2461 5009 ο.

2211 4970 2461 5026 jactenao.

2276 5025 2304 5066 ι
2348 5028 2469 5082 Vat.
2518 5028 2690 5092 l5-l‘2,
2741 5027 2855 5096 fecit
2896 5028 3188 5090 absentem;
3231 5043 3294 5082 ac
3333 5027 3532 5082 deletis
3575 5025 3770 5094 reliquis

2203 5099 2363 5168 hujus
2384 5099 2601 5168 capituli
2621 5101 2894 5168 sequitur:
2919 5099 3251 5153 Massiliensis
3266 5113 3383 5152 vero
3402 5097 3664 5159 Ecclesiae,
3678 5105 3768 5148 etc.
3801 5155 3811 5160 ἢ

2285 5171 2300 5208 1
2348 5172 2506 5225 Solus
2539 5172 2740 5234 Quesn.
2771 5170 2911 5224 delet
2939 5171 3100 5224 dictu.
3719 5191 3722 5194 η

2278 5252 2316 5279 ιιι
2357 5241 2476 5295 Vat.
2526 5239 2692 5307 1542,
2731 5242 2783 5294 in
2831 5249 2991 5294 vestro
3035 5257 3148 5293 tum
3194 5239 3406 5310 collegio
3460 5239 3766 5309 deputamus,

2207 5314 2384 5370 minus
2424 5322 2590 5367 recte.
2630 5312 2838 5378 Coust.,
2869 5321 2914 5366 et
2941 5320 3104 5365 vestro
3132 5327 3246 5380 eum
3276 5310 3612 5372 audiendum,
3655 5315 3767 5380 ρο..

2206 5386 2460 5456 particula
2492 5395 2672 5456 etpro
2709 5373 2860 5456 etiam
2892 5383 3100 5456 _iusert_a
3144 5373 3217 5456 ex
3241 5397 3342 5456 ms:
3391 5380 3570 5456 Colb.,
3599 5373 3767 5456 δυξα-

2206 5448 2450 5524 gantitius
2475 5448 2595 5508 aliis
2618 5469 2738 5508 cum
2777 5453 3020 5521 Merlino,
3049 5453 3210 5508 Crab.
3234 5461 3289 5507 et
3312 5448 3474 5524 Just.,
3510 5452 3570 5524 in
3594 5448 3768 5524 quibus

2209 5520 2405 5595 legitur
2427 5542 2488 5579 ex
2510 5536 2690 5578 vestro.
2717 5524 2831 5579 Vox
2855 5540 2972 5578 eum
2989 5520 3111 5580 licet
3139 5523 3406 5594 superﬂua
3435 5521 3490 5577 in
3521 5520 3767 5590 plerisque

2209 5597 2368 5651 codd.
2401 5597 2701 5652 exhibetur.

2274 5675 2300 5702 ιι
2338 5667 2522 5722 Const.
2563 5679 2614 5722 et
2650 5667 2882 5735 antiquzc
2923 5667 3052 5722 edit.
3082 5666 3247 5722 Cone.
3275 5679 3397 5721 eum
3423 5661 3674 5735 dustello,
3706 5671 3766 5709 vn

2204 5739 2310 5793 kal.
2344 5738 2469 5792 Mss.
2501 5738 2618 5792 Vat.
2662 5734 2798 5793 1542
2819 5747 2874 5792 et
2907 5742 3130 5806 I.ueen.,
3173 5754 3227 5791 ix
3269 5737 3376 5791 kal.
3397 5734 3616 5807 Nostra:
3646 5741 3760 5807 vero

2205 5810 2537 5864 collectionis
2567 5810 2916 5878 exemplaria,
2950 5825 3040 5863 vttt
3081 5799 3213 5878 kal”
3243 5818 3300 5862 et
3331 5805 3574 5878 quedam
3600 5817 3665 5857 ex
3697 5799 3768 5852 his

2206 5895 2330 5938 cum
2355 5879 2525 5936 Corb.
2548 5877 2750 5936 addunt
2776 5879 2978 5936 Plautia
2999 5890 3130 5936 ante
3151 5877 3350 5940 Felice,
