3992 6348
201 354 292 415 881

655 347 886 404 CODEX
924 343 1254 405 CANONUM
1287 347 1576 406 ECCLES.
1618 347 1706 404 ΕΤ
1743 346 2315 422 CONSTITUTORUM
2355 349 2413 409 S.
2456 349 2656 410 SEDIS
2692 351 3023 411 APOSTOL.

3387 350 3501 416 589

209 471 313 526 ltal.
335 471 498 540 Aug”
532 465 712 522 Felice
737 474 790 526 et
819 465 1000 521 Tauro
1034 445 1350 522 clarissimis
1386 466 1515 523 viris
1554 467 1790 524 consuli-
1817 469 1868 528 Α
1892 465 2155 540 dicemus.
2191 469 2293 526 Per
2331 479 2470 527 totas
2495 487 2625 534 ergo
2646 473 2772 540 hoc,
2806 489 2927 544 qua:
2951 473 3184 544 propriis
3201 473 3500 533 rectoribus

229 564 342 620 bus.
562 652 725 736 375
759 649 1154 716 CAPITULUM
1196 651 1437 708 xxxvr.

221 777 244 804 λ
287 765 522 836 Epistota
570 764 828 842 Cwleslini
859 766 1138 892 825$}?
1184 767 1449 838 episcopos
1489 764 1699 839 Apulia:
1745 775 1794 820 et

908 835 1136 891 diobrim.

217 930 562 986 C(ELESTINUS
587 929 851 985 universis
876 928 1143 1002 episcopis
1171 945 1266 1000 per
1292 929 1538 1002 Apuliam
1562 941 1615 986 et
1641 929 1796 988 Cala-

743 1002 910 1055 briam
942 1000 1267 1056 constitutis.

282 1116 410 1171 Nulli
441 1116 783 1171 sacerdotum
813 1130 939 1170 suos
979 1113 1008 1153 ι’
1051 1115 1208 1170 liceat
1249 1131 1486 1172 canones
1523 1115 1792 1186 ignorare,

216 1225 305 1267 nec
333 1211 625 1280 quidquam
656 1209 835 1264 facere
864 1209 1007 1279 quod
1035 1207 1251 1264 Patrum
1285 1210 1451 1278 possit
1481 1209 1675 1280 regulis
1701 1209 1798 1264 ob-

215 1308 372 1362 visre.
404 1306 540 1373 Quae
569 1306 711 1360 enim
738 1320 766 1360 a
797 1303 951 1359 nobis
979 1319 1066 1359 res
1095 1304 1254 1376 digne
1281 1304 1602 1368 servabitur,
1635 1305 1678 1358 si
1705 1303 1798 1364 de-

213 1399 481 1454 cretalium
509 1412 697 1452 norma
723 1397 1143 1454 constitutorum
1175 1413 1270 1467 pro
1291 1397 1594 1467 aliquorum
1621 1397 1793 1464 libito,

213 1491 419 1548 licentia
454 1492 671 1562 populis
706 1491 988 1560 [,ieriiiissa,
1025 1489 1340 1560 frangatur?

275 1575 592 1640 Audivimus
622 1583 897 1654 quasdam
920 1609 928 1649 ι
951 1585 1146 1654 ropriis
1190 1584 1474 1639 destitutas
1497 1583 1797 1642 rectoribus

211 1676 444 1732 civitates
492 1681 776 1746 episcopos
804 1675 905 1730 sibi
939 1685 1120 1746 petere
1160 1686 1181 1714 ο
1215 1676 1353 1730 velle
1379 1676 1447 1732 de
1479 1677 1648 1742 laicis,
1685 1687 1800 1732 tan-

211 1777 415 1836 tumque
471 1766 740 1838 fastigium
785 1774 892 1820 tam
940 1766 1045 1822 vile
1084 1767 1330 1834 credere,
1377 1777 1433 1820 ut
1467 1768 1567 1822 hoc
1596 1768 1677 1822 his
1709 1769 1797 1836 qui

1901 568 2087 613 carent
2110 559 2378 616 Ecclesias
2408 564 2662 620 volumus
2693 565 2992 622 innotescat
3017 563 3044 602 δ
3062 583 3076 632 ;
3095 573 3163 620 .ut
3191 565 3497 624 nullusoibi

1897 666 1998 722 ape
2023 652 2202 723 aliqua
2244 654 2465 712 forsitan
2500 658 2771 714 blanditus
2803 659 3011 714 illudat.
3059 659 3190 714 Data
3223 657 3238 696 ί
3271 675 3344 715 ιιι
3381 657 3494 717 kal.

1900 746 2038 819 Aug.
2075 747 2352 808 Florentio
2388 760 2442 806 et
2473 750 2729 824 Dionysio
2772 753 2900 810 viris
2945 753 3259 809 clarissimis
3299 767 3500 811 consu-

1898 839 2059 898 libus.

2338 934 2737 994 CAPlTULUM
2780 936 3046 994 XXXVII.

1900 1022 1918 1074 Ι
1959 1020 2231 1093 Expositio
2258 1023 2386 1094 ﬁdei
2409 1024 2679 1099 catholica:
2702 1027 2854 1097 atque
2872 1029 3170 1099 apostolica
3193 1039 3373 1086 contra
3391 1030 3490 1088 Ita-

2468 1097 2622 1151 resim
2643 1097 2917 1153 Arionem.

1980 1207 2091 1264 Nos
2121 1209 2359 1284 Patrem,
2379 1220 2442 1268 .et
2465 1211 2688 1278 Filium,
2718 1223 2774 1270 et
2801 1213 3061 1284 Spiritum
3091 1229 3336 1276 sanctum
3363 1233 3496 1275 con-

1901 1300 2138 1369 ﬁtemur,
2171 1305 2241 1357 ita
2277 1305 2327 1358 in
2358 1304 2622 1360 Trinitate
2651 1305 2909 1376 perfecta,
2945 1319 3000 1364 ut
3029 1322 3083 1364 et
3111 1313 3390 1382 plenitudo
3420 1314 3492 1368 sit

1904 1393 2230 1477 Divioitatis,
2259 1404 2314 1452 et
2337 1398 2512 1462 unitas
2537 1400 2840 1468 potestatis.
2869 1400 3001 1466 Nam
3035 1412 3144 1458 tres
3176 1405 3316 1462 Deos
3343 1407 3475 1462 dicit

1899 1487 1988 1555 qui
2022 1487 2365 1544 Divinitatem
2383 1501 2602 1560 separat
2625 1491 2916 1550 Trinitatis.
2946 1483 3116 1552 Pater
3140 1495 3303 1564 Deus,
3336 1498 3498 1554 Filius

1901 1579 2072 1647 Deus,
2107 1580 2340 1649 Spiritus
2368 1595 2587 1639 sanctus
2628 1584 2770 1642 Deus
2793 1628 2808 1652 ,
2839 1597 2898 1642 et
2933 1595 3043 1642 tres
3084 1602 3248 1642 unum
3282 1599 3404 1645 sunt
3445 1591 3495 1645 in

1906 1668 2308 1728 ChristoJesu.
2351 1674 2482 1729 Tres
2513 1674 2740 1742 itaque“
2770 1691 3032 1746 personae,
3067 1679 3160 1732 sed
3202 1694 3303 1734 una
3349 1683 3499 1748 pete-

1903 1773 2036 1818 stas.
2073 1766 2209 1836 Ergo
2249 1767 2534 1823 diversitas
2560 1769 2740 1838 plures
2785 1769 2943 1836 facit;
2975 1773 3154 1827 unitas
3190 1787 3318 1829 vero
3346 1783 3498 1843 pote-

209 1853 326 1916 non'
353 1860 494 1928 Deo,
545 1861 637 1915 sed
693 1859 893 1915 saectdo
942 1859 1326 1924 militaverint,
1382 1861 1648 1916 aestiment
1698 1875 1797 1918 nos
1831 1856 1874 1914 Β
1903 1857 2055 1910 statis
2089 1859 2328 1918 excludit
2363 1862 2571 1915 numeri
2609 1864 2967 1930 quantitatem
3003 1881 3014 1917 :
3049 1865 3170 1935 quia
3206 1866 3381 1921 unitas
3405 1883 3499 1922 nus

209 1966 356 2023 posse
383 1950 672 2016 conferre;
720 1965 827 2005 non
866 1951 1039 2004 solum
1073 1951 1207 2004 male
1239 1951 1305 2004 de
1331 1951 1442 2004 suis
1473 1951 1712 2018 clericis,
1748 1953 1796 2006 in

210 2057 429 2113 quorum
465 2029 839 2114 contemptum
872 2042 973 2098 hct:
1000 2042 1221 2108 faciunt,
1250 2043 1576 2113 judicantes,
1602 2045 1702 2108 sed
1733 2046 1799 2099 de.

209 2133 350 2188 nobis
381 2137 644 2203 pessime,
682 2151 816 2204 quos
848 2134 1072 2189 credunt
1111 2134 1212 2190 hoc
1243 2151 1397 2205 posse
1436 2139 1630 2203 facere,
1675 2153 1799 2193 sen-

211 2226 412 2281 tientes.
446 2226 609 2293 Quod
633 2242 904 2297 nunquam
933 2223 1284 2297 auderent,si
1311 2243 1420 2282 non
1445 2231 1799 2300 quorumdam

209 2317 304 2374 illic
333 2319 412 2377 bis
437 2321 798 2377 consentiens
831 2318 856 2357 (³
891 2321 1155 2377 sententia
1195 2324 1534 2380 conniveret.
1565 2324 1638 2391 lta
1669 2325 1802 2380 nihil

211 2429 315 2483 qua:
338 2413 678 2485 frequentius
700 2426 826 2470 sttnt
846 2414 1066 2471 decreta
1085 2416 1398 2488 proﬁciunt,
1430 2425 1488 2471 ut
1508 2417 1630 2484 hoc,
1647 2417 1802 2489 quasi

211 2521 474 2578 nunquam
511 2507 579 2563 de
606 2508 703 2564 hac
737 2519 886 2580 parte
911 2509 1170 2580 Scriptum
1201 2509 1386 2577 fuerit,
1415 2511 1710 2582 ignoretur.

271 2601 403 2668 Quid
433 2603 683 2672 proderit
722 2619 819 2674 per
847 2603 1053 2678 singula
1095 2603 1325 2662 clericos
1353 2603 1618 2676 stipendia
1662 2607 1804 2663 mili-

211 2699 361 2759 tasse,
390 2703 445 2749 et
482 2709 700 2749 omnem
733 2695 907 2774 egisse
938 2694 989 2748 in
1025 2694 1319 2750 Dominicis
1346 2696 1540 2752 castris
1565 2705 1800 2768 aetatem,

209 2785 249 2839 si
282 2787 367 2856 qui
402 2787 496 2842 his
537 2785 816 2857 prazfuturi
856 2796 981 2840 sunt
1016 2803 1083 2842 ex
1114 2785 1266 2842 laicis
1295 2789 1685 2858 requiruntur?
1717 2791 1803 2860 qui

213 2887 450 2935 vacantes
497 2879 718 2943 saeculo,
766 2887 820 2934 et
849 2893 1063 2944 omnem
1099 2879 1524 2936 ecclesiasticum
1549 2880 1804 2938 ordinem

203 2970 538 3038 nescientes,
583 2971 718 3024 saltu
768 2985 1116 3041 praepropero
1168 2971 1224 3025 in
1268 2971 1504 3026 alienum
1544 2972 1804 3028 honorem

211 3062 441 3118 ambiunt
486 3063 842 3138 immoderata
883 3063 1180 3134 cupiditate
1223 3064 1623 3131 transcendere,
1668 3074 1722 3121 et
1752 3065 1806 3119 in

214 3154 346 3212 aliud
375 3157 506 3212 vita:
533 3142 723 3227 genus,
755 3156 960 3212 calcata
994 3157 1300 3213 reverentia
1325 3158 1703 3214 ecclesiastica:
1725 3159 1807 3214 di-

1906 1961 2086 2012 merus
2111 1965 2215 2004 non
2247 1958 2348 2004 cst.
2381 1948 2399 1987 ι
2428 1951 2609 2021 Itaque
2636 1969 2774 2009 unus
2799 1953 2965 2020 Deus,
2995 1971 3095 2010 una
3131 1955 3312 2023 Fides,
3337 1975 3498 2014 unum

1904 2040 2198 2113 Baptisma.
2225 2045 2280 2101 Si
2314 2047 2434 2115 quis
2459 2062 2586 2102 vero
2619 2046 2756 2102 hanc
2784 2047 2944 2104 ﬁdem
2968 2065 3077 2104 non
3109 2051 3293 2116 habet,
3321 2054 3500 2108 catho.

1907 2135 2041 2190 licus
2073 2152 2178 2190 non
2203 2145 2384 2206 potest
2404 2137 2532 2203 dici,
2558 2147 2598 2175 ω
2622 2139 2746 2209 quia
2777 2139 3095 2196 catholicam
3127 2157 3235 2197 non
3264 2153 3410 2199 tenet
3441 2144 3500 2198 ﬁ-

1907 2224 2062 2292 dem;
2103 2228 2312 2288 alienus
2351 2241 2452 2297 est,
2502 2230 2755 2299 profanus
2783 2242 2900 2300 est,
2929 2246 2984 2287 et
3012 2233 3270 2290 adversus
3307 2235 3500 2292 verita-

1907 2327 2014 2375 tem
2047 2321 2288 2378 rebellis.

2239 2415 2404 2490 273
2439 2415 2834 2475 campum
2872 2417 3140 2492 xxxvtu

1907 2514 1938 2544 ι
1969 2504 2211 2562 Faustini
2242 2509 2520 2579 presbyteri
2533 2509 2672 2578 ﬁdes
2693 2512 2854 2565 missa
2875 2511 3161 2565 Theodosio
3186 2513 3502 2582 imperatori:

1979 2599 2301 2657 Sufﬁciebat
2327 2601 2789 2672 ﬁdestonscripta
2815 2603 2958 2672 apud
2987 2602 3219 2658 Nicaeam
3248 2605 3506 2662 adversus

1909 2690 2161 2747 haeresim
2207 2693 2482 2747 Arianatn.
2519 2693 2624 2748 Sed
2659 2694 2787 2764 quia
2818 2709 2987 2764 pravo
3032 2695 3248 2766 ingenio
3290 2697 3503 2768 quidam

1905 2786 2006 2838 sub
2039 2786 2182 2840 illius
2214 2785 2338 2841 tidei
2360 2785 2702 2841 confessione
2725 2788 2882 2857 impia
2918 2787 3080 2843 verba
3107 2797 3503 2856 °commutant,

1901 2877 2063 2932 nobis
2086 2876 2346 2931 invidiam
2371 2876 2651 2943 facientes,
2683 2877 2826 2946 quod
2857 2878 3004 2932 velut
3037 2878 3287 2934 haeresim
3318 2878 3502 2936 Sabel-

1910 2968 1964 3022 lii
1997 2975 2269 3034 tueamur;
2305 2971 2487 3039 paucis
2511 2979 2566 3025 et
2594 2978 2781 3024 contra
2833 2970 3125 3026 Sabellium
3159 2973 3344 3041 prima:
3378 2972 3501 3028 ﬁdei

1909 3059 2248 3118 confessione
2276 3061 2579 3130 signamus;
2613 3069 2668 3116 et
2697 3070 2887 3118 contra
2921 3061 3020 3117 hos
3045 3063 3137 3132 qui
3161 3063 3265 3117 sub
3295 3063 3504 3119 nomine

1911 3152 2193 3210 catholica:
2221 3153 2346 3208 ﬁdei
2378 3153 2540 3224 impia
2571 3154 2735 3209 verba
2765 3153 3096 3221 defendunt,
3131 3155 3371 3212 dicentes
3403 3167 3506 3214 tres

214 3249 463 3319 Iciplinaa,
493 3250 750 3318 transire.
783 3250 1008 3306 Talibus
1029 3250 1230 3321 itaque,
1257 3250 1452 3306 fratres
1473 3252 1801 3320 charissimi,
1833 3237 1880 3300 C
1910 3261 2035 3301 esse
2065 3246 2414 3312 substantias,
2455 3262 2576 3302 cum
2617 3261 2832 3318 semper
2867 3247 3135 3303 catholica
3174 3247 3306 3306 fides
3346 3264 3505 3306 uuam

215 3349 243 3386 Ρ
263 3343 348 3412 qui
367 3345 507 3414 juris
527 3345 719 3417 nostri,
746 3345 800 3400 id
821 3356 925 3412 eet,
951 3345 1217 3401 canonum
1241 3347 1601 3417 gubernacula
1623 3359 1804 3403 custo-

223 3433 409 3503 (limus,
443 3453 675 3496 necesse
714 3448 798 3496 est
837 3439 1136 3505 obviemus,
1186 3440 1376 3510 bisque
1412 3439 1802 3496 fraternitatem

215 3535 445 3584 vestram
484 3530 730 3604 epistolis
770 3515 1200 3597 commonemus,
1243 3546 1314 3585 ne
1352 3532 1472 3600 quis
1512 3531 1704 3586 laicnm
1737 3532 1802 3587 ad

216 3618 450 3676 ordinem
495 3619 522 3659 ι
565 3622 853 3678 clericatus
890 3623 1159 3685 admittat,
1196 3623 1356 3697 277
1396 3636 1449 3678 et
1489 3625 1628 3680 sinat
1659 3627 1799 3693 ﬁeri,

213 3711 346 3767 unde
371 3722 426 3770 et
449 3713 600 3769 illum
632 3714 900 3784 decipiat,’
922 3726 974 3771 et
1009 3718 1110 3771 sibi
1139 3731 1332 3772 causas
1357 3730 1579 3790 generet
1611 3719 1804 3791 quibus

205 3814 336 3872 reus
355 3807 674 3863 constitutis
697 3806 1060 3863 decretalibus
1089 3807 1202 3862 fiat.

281 3897 567 3952 Ducendus
597 3907 681 3953 est
707 3900 954 3968 p0pulus,
997 3915 1104 3953 non
1135 3899 1472 3970 sequendus;
1504 3916 1729 3974 nosque,
1760 3903 1804 3958 si

209 3992 469 4059 nesciunt,
506 4005 604 4047 eos
627 3993 751 4061 quid
787 3992 959 4058 liceat,
996 3992 1192 4063 quidve
1221 4009 1326 4048 non
1359 3995 1537 4061 liceat,
1565 4010 1807 4051 commo-

211 4098 349 4150 nere,
375 4101 488 4140 non
515 4084 598 4140 his
618 4099 940 4140 consensum
970 4085 1212 4155 praebere
1241 4086 1522 4144 debemus.
1554 4087 1807 4157 Quisquis

209 4184 240 4228 ,ε
265 4193 394 4233 vero
425 4189 659 4236 conatus
693 4179 852 4233 fuerit
879 4186 1086 4232 tentare
1125 4171 1412 4247 prohibita,
1449 4180 1645 4234 sentiet
1681 4195 1808 4235 cen—

201 4284 384 4330 suram
442 4272 596 4328 sedis
653 4272 962 4342 apostolica:
1014 4271 1238 4326 minime
1297 4271 1619 4326 defuturam.
1683 4273 1811 4341 Qum-

211 4369 345 4423 enim
376 4369 497 4425 sola
529 4365 910 4423 admonitionis
943 4364 1270 4424 metoritate
1299 4381 1405 4422 nou
1448 4367 1771 4438 corrigimus
1792 4408 1807 4432 ,

211 4472 427 4517 necesse
451 4470 540 4518 est
560 4475 654 4531 per
684 4459 1028 4515 severitatem
1053 4467 1439 4527 .coitgruentetn
1469 4459 1669 4528 regulis
1697 4460 1817 4514 vin-

277 4605 303 4633 ⁸
343 4563 626 4652 Invenitur
665 4595 717 4649 in
771 4595 958 4650 iisdem
1002 4592 1160 4650 codd.
1209 4602 1264 4648 et
1300 4593 1711 4650 collectionibus
1754 4595 1805 4648 in

1915 3340 2267 3396 substantiam
2299 3340 2496 3407 Patris,
2529 3350 2585 3396 et
2613 3340 2756 3405 Filii,
2784 3352 2839 3396 et
2867 3340 3105 3411 Spiritus
3134 3345 3331 3409 sancti,
3374 3358 3505 3399 con-

1916 3432 2058 3489 fessa
2084 3435 2178 3488 sit.

1986 3525 2094 3580 Nos
2121 3525 2335 3581 Patrem
2380 3524 2673 3592 credimus,
2705 3525 2795 3596 qui
2821 3539 2931 3582 non
2966 3526 3036 3580 sit
3064 3520 3268 3593 Filius,’
3290 3525 3386 3582 sed
3413 3523 3507 3584 ha-

1913 3620 2038 3676 beat
2064 3618 2257 3675 Filium
2294 3621 2362 3675 de
2401 3635 2459 3674 se
2487 3621 2606 3676 sine
2635 3618 2787 3674 initio
2815 3619 3094 3691 genitum,
3126 3633 3234 3676 non
3274 3618 3510 3688 factum;
3605 3679 3609 3692 ,

1915 3722 1968 3768 et
2012 3712 2204 3768 Filium
2237 3711 2537 3780 credimus,
2572 3711 2663 3782 qui
2694 3727 2801 3766 non
2844 3711 2914 3766 sit
2944 3709 3142 3778 Pater,
3186 3712 3280 3767 sed
3319 3711 3514 3769 habeat

1914 3806 2149 3873 Patrem,
2189 3806 2255 3861 de
2285 3821 2392 3876 quo
2418 3805 2488 3861 sit
2513 3805 2745 3876 genitus,
2776 3819 2882 3860 non
2918 3803 3122 3868 factus;
3166 3815 3217 3860 et
3248 3805 3508 3876 Spiritum

1913 3898 2471 3968 sanctiuncredimus,
2497 3897 2582 3969 qui
2611 3899 2682 3952 sit
2713 3912 2838 3952 vere
2861 3897 3096 3968 Spiritus
3127 3897 3243 3952 Dei.
3278 3897 3429 3955 Unde
3459 3908 3514 3955 et

1915 3993 2108 4055 divinae
2131 3993 2406 4048 Trinitatis
2437 4006 2596 4048 tutam
2619 3992 2974 4047 substantiam
3005 3992 3326 4047 conﬁtemur
3352 4010 3366 4048 :
3389 3992 3515 4064 quia

1910 4086 2090 4154 qualis
2117 4096 2199 4140 est
2225 4085 2382 4141 Pater
2411 4085 2709 4140 secundum
2734 4085 3110 4152 substantiam,
3136 4085 3298 4141 talem
3329 4074 3515 4157 genuit

1915 4190 1970 4233 et
1997 4177 2225 4244 Filium;
2259 4189 2312 4234 et
2341 4178 2571 4248 Spiritus
2592 4187 2809 4234 sanctus
2833 4194 2939 4255 non
2977 4189 3225 4234 creatura
3249 4179 3512 4249 existens,

1913 4271 2009 4328 sed
2043 4272 2275 4343 Spiritus
2304 4271 2432 4337 Dei;
2465 4287 2571 4330 non
2601 4280 2685 4327 est
2705 4271 2917 4334 alienus
2939 4286 2970 4325 a
3011 4273 3308 4327 substantia
3339 4273 3516 4328 Patris

1913 4376 1971 4422 et
1990 4366 2129 4426 Filii.
2156 4367 2251 4421 sed
2275 4376 2356 4420 est
2381 4367 2622 4432 ejusdem
2647 4376 2703 4421 et
2727 4366 3178 4436 ipsetsubstztntiae
3206 4381 3327 4421 cum
3357 4366 3518 4424 Patre

1919 4467 1975 4516 et
2001 4459 2161 4528 Filio,
2192 4461 2332 4514 sicut
2362 4458 2604 4528 ejusdem
2641 4458 2883 4513 Deitatis.
2920 4456 3052 4512 Nam
3081 4463 3168 4527 qui
3199 4473 3296 4514 nos
3326 4467 3517 4531 putant

1918 4594 1982 4648 de
2023 4594 2125 4662 ﬁde
2155 4593 2429 4666 catholica.
2463 4592 2635 4648 Voces
2675 4602 2824 4659 atque
2862 4595 3192 4666 apostoticaz,
3233 4612 3262 4651 a
3310 4597 3511 4666 Quesn.

207 4667 259 4723 in
291 4671 491 4738 quibus
525 4665 836 4738 praecedens
861 4683 874 4730 ;
899 4681 971 4738 ac,
990 4673 1247 4732 praeterea
1276 4666 1470 4736 aliqua:
1495 4665 1613 4736 ejus
1643 4666 1809 4736 parti-
1837 4671 1888 4731 ι)
1917 4667 2168 4728 omissas,
2193 4665 2495 4738 addidimus
2525 4667 2840 4738 auctoritate
2871 4680 2995 4720 mss.
3024 4665 3186 4738 Vind.
3210 4683 3270 4723 ac
3299 4669 3516 4727 Thuan.

209 4735 338 4794 Culte
361 4742 415 4794 in
443 4735 549 4794 ms.
582 4735 708 4795 Vat.
742 4736 910 4791 Palat.
941 4736 1066 4800 574.
1461 4800 1466 4805 κ

273 4808 516 4894 bﬂAlias,
545 4811 702 4877 licet;
734 4817 789 4864 et
820 4818 939 4878 post
965 4823 1131 4879 pauca
1162 4810 1319 4881 digna
1352 4823 1449 4878 pro
1475 4808 1648 4879 digne,
1675 4808 1810 4864 forte

208 4883 422 4946 melius.
645 4930 655 4939 .

282 4966 302 4992 ε
342 4955 510 5008 Solus
532 4952 735 5021 Quesn.
759 4952 963 5011 omittit
979 4951 1128 5007 velle.

272 5021 300 5062 δ
341 5024 555 5090 0x0n.,
587 5025 740 5078 turba
771 5025 1080 5090 conniveret.

276 5096 556 5180 fJQnesn.
597 5096 744 5152 addit
781 5114 879 5152 nos
907 5113 926 5151 :
970 5096 1152 5152 delent
1187 5095 1357 5151 nostri
1385 5093 1546 5151 codd.
1595 5109 1728 5152 mss.
1766 5103 1822 5151 et

197 5168 558 5298 gl'uVocem
581 5240 862 5300 .dericatus
887 5238 1208 5308 Quesnellus
1234 5237 1439 5294 omisit.

267 5320 307 5370 β
345 5312 493 5369 Cod.
519 5309 643 5366 Vat.
666 5312 844 5370 Palat.
865 5353 881 5376 ,
912 5315 976 5368 de
1003 5322 1210 5367 cetera.

273 5376 304 5458 ξι
345 5381 478 5452 Vat.
512 5381 651 5442 1542
677 5384 1149 5458 addit.oortoiliutn.
1216 5454 1231 5458 _
1347 5454 1382 5458 __
1476 5454 1505 5458 _
1547 5455 1581 5458 __
1741 5453 1744 5458 Ι

281 5453 299 5492 ί
350 5457 562 5514 Lucen.
615 5465 671 5512 et
711 5456 893 5518 Colb.,
930 5471 1024 5510 xm
1061 5453 1170 5510 Ital.
1215 5454 1271 5509 In
1314 5454 1422 5511 alio
1465 5454 1620 5511 Colb.
1669 5453 1817 5508 et'in

205 5515 416 5596 (ξω-1).)
463 5527 600 5591 pata
639 5527 748 5594 βίαι.
789 5515 914 5586 Mos
964 5525 1086 5596 Vat.
1141 5526 1358 5596 Reginae
1384 5569 1399 5592 ,
1443 5538 1497 5581 et
1537 5527 1645 5582 duo
1685 5540 1816 5579 mss.

203 5585 423 5660 Cbustf.
461 5585 716 5666 .Corbfet
747 5599 935 5658 .(Iolb..
967 5595 1167 5651 Flaviis
1197 5585 1492 5664 Florentio,
1537 5608 1642 5654 etc.
1681 5597 1817 5651 l’itlt.

169 5668 372 5796 ,θυμω
402 5671 766 5793 colileetionis,
786 5667 911 5724 FF.
935 5668 1048 5725 LL.
1078 5667 1372 5734 Florentio,
1399 5685 1520 5741 quae
1545 5670 1694 5740 sigla:
1720 5683 1818 5723 eo-

245 5757 332 5796 eiu
368 5758 503 5795 reet:
530 5753 643 5796 unt.

299 5760 332 5794 tt
368 5759 398 5794 Γ
439 5747 643 5796 ttitlunt.

245 5757 299 5864 ei
357 5759 553 5880 Eistm
579 5817 632 5867 in
671 5816 770 5870 hac
805 5813 1126 5870 collectione
1155 5823 1210 5866 et
1239 5812 1294 5866 in
1325 5827 1456 5867 mss.
1486 5811 1822 5866 collectionis

209 5883 427 5943 Lucet].
461 5897 516 5940 et
537 5885 720 5952 Colb.,
740 5886 793 5940 in
815 5887 1008 5955 quibus
1035 5887 1123 5940 hic
1151 5886 1340 5940 titulus
1365 5885 1564 5954 legitur
1585 5898 1604 5937 :
1626 5880 1826 5937 lucioit
1865 5929 1875 5940 .

1920 4738 1996 4791 De
2042 4738 2142 4790 hoc
2184 4745 2238 4790 et
2279 4737 2450 4790 tribus
2499 4737 2847 4799 sequentibus
2893 4737 3087 4793 libellis
3132 4737 3252 4795 fidei
3296 4741 3513 4799 disserit

1919 4809 2239 4874 Quesnellus
2272 4806 2489 4863 dissert.
2528 4806 2629 4874 li;
2666 4807 2902 4877 inquam
2931 4809 3052 4865 vide
3088 4822 3299 4866 ttustras
3341 4828 3512 4870 anno-

1919 4882 2176 4934 taliones.

2003 4949 2029 4987 ιι
2074 4950 2211 5024 Qud.
2239 4950 2440 5024 Lucen.
2474 4949 2614 5024 apud
2644 4949 2704 5024 P.
2740 4952 2915 5024 Mansi
2939 4961 3070 5009 tom.
3104 4953 3517 5024 lSupplementi

1924 5023 2164 5088 Concil.,
2188 5023 2294 5077 col.
2323 5020 2450 5088 242,
2478 5022 2639 5078 habet
2666 5022 2867 5092 formte.
2908 5023 2921 5038 ‘

1999 5092 2017 5132 ι
2064 5093 2366 5167 ldem_cod.
2400 5093 2627 5158 Lucen.,
2661 5095 2751 5151 Sic
2775 5097 2962 5167 itaque.

1996 5173 2036 5202 ³³
2081 5165 2178 5220 Ms.
2205 5165 2441 5231 Thuan.,
2470 5167 2577 5236 qui.

1998 5246 2022 5272 η
2066 5236 2120 5291 lu
2155 5253 2255 5291 ms.
2288 5236 2452 5290 Vind.
2483 5234 2600 5292 haec
2639 5234 2922 5307 inscriptio
2950 5237 3181 5307 legitur:
3209 5237 3338 5292 Item
3367 5236 3516 5294 Fau-

1923 5309 2047 5381 stini
2079 5310 2359 5381 presbyteri
2404 5309 2656 5381 confessio
2684 5324 2834 5381 rem
2875 5309 3013 5381 fidei,
3061 5325 3214 5378 quam
3260 5311 3519 5381 presbyter

1923 5326 2047 5366 sunt
2079 5326 2226 5377 preso
2264 5326 2358 5362 teri
2404 5326 2656 5377 con/essm
2704 5326 2834 5364 certe
2875 5326 3013 5377 pact,
3061 5326 3214 5378 quam
3260 5326 3519 5381 presbyter

1923 5379 2137 5452 scribit,
2182 5326 2280 5433 sizi
2317 5381 2467 5449 (lege
2508 5375 2741 5452 scripsit,
2785 5389 2831 5432 et
2871 5377 3319 5452 sibi)_transmitti
3363 5384 3520 5452 jussit

1922 5451 2244 5506 Theodosius
2275 5452 2574 5518 irnperotor.
2608 5451 2789 5505 (Index
2836 5466 2962 5503 vero
2992 5450 3108 5504 Thu
3130 5471 3202 5506 in.
3231 5450 3520 5519 Qttesnello

1930 5533 2065 5580 teste
2091 5523 2310 5578 dissert.
2351 5524 2415 5577 M
2438 5564 2452 5586 ,
2484 5539 2536 5576 ιι.
2574 5522 2625 5590 6,
2661 5519 2791 5575 Item
2814 5520 3074 5594 ,Faustini
3099 5525 3379 5594 presbyteri
3401 5541 3521 5578 con~

1929 5594 2244 5669 “uigilem
2272 5593 2415 5669 ﬁdei,
2441 5609 2593 5664 quam
2618 5593 2849 5669 prtvﬁuis
2870 5593 3020 5669 scribi
3045 5603 3089 5669 et
3115 5593 3390 5669 transmitti
3404 5598 3520 5669 jus-

1928 5667 1993 5719 sit
2037 5666 2352 5720 Theodosius
2382 5668 2676 5734 imperator.
2729 5665 2851 5718 Haec
2882 5665 3013 5716 fides
3055 5665 3191 5719 inter
3228 5667 3356 5721 alias
3399 5665 3520 5723 fidei

1927 5743 2298 5792 confessiones
2337 5733 2549 5788 inventa
2579 5733 2684 5788 fuit
2715 5749 2741 5786 a
2775 5735 3079 5804 Mabillonio
3112 5737 3163 5791 in
3193 5748 3520 5804 vetustoco-

1929 5809 2048 5864 dice
2081 5808 2360 5876 Augiensi,
2385 5807 2473 5860 ubi
2497 5805 2808 5861 inscribitur
2834 5803 2994 5861 Breve
3019 5806 3165 5876 ﬁdei.

2005 5887 2030 5915 °
2067 5876 2210 5935 Cod.
2237 5877 2476 5942 Thuan.,
2498 5876 2739 5931 irriserat.
