3992 6348
528 366 634 424 533

1454 359 1795 420 APPENDIX
1833 362 1922 418 AD
1962 358 2022 418 s.
2064 357 2309 418 LEONIS
2346 357 2558 417 IIAGNI
2598 335 2845 416 Oeensi

3675 350 3760 413 list

532 494 653 538 esse
680 478 1112 551 Apollinaristas,
1142 479 1313 536 sciant
1331 478 1471 551 quod
1501 493 1605 533 non
1630 492 1806 534 minus
1838 480 2113 550 Apollma-
2138 484 2194 541 Δ
2218 475 2311 533 sed
2354 474 2527 531 Patris
2557 483 2609 531 et
2637 473 2782 541 Filii,
2823 486 3035 543 semper
3075 486 3126 525 in
3153 466 3336 547 Patre,
3374 475 3430 524 et
3452 463 3580 524 Filio
3602 465 3629 505 λ
3650 484 3765 525 com.

536 577 611 629 ris
634 571 883 628 hieresim
910 586 1259 635 exsecramur
1281 585 1438 643 quam
1456 571 1730 626 Arianam.
1750 572 2003 627 Miramur
2022 588 2115 627 au-

537 676 645 743 tem
667 664 785 721 illos
813 664 1107 720 catholicos
1135 664 1348 735 probari
1382 679 1562 734 posse,
1594 665 1683 734 qui
1717 664 1911 732 Patris,
1944 676 1999 721 et
2028 665 2117 721 Fi-

538 756 628 825 lii,
666 770 722 814 et
745 758 978 829 Spiritus
1015 760 1217 825 sancti,
1252 767 1363 813 tres
1403 758 1732 813 substantias
1773 760 2117 814 confitentur.

538 847 642 905 Sed
668 858 721 905 et
746 849 791 903 si
821 848 1003 904 dicunt
1029 864 1135 905 non
1162 863 1220 904 se
1246 848 1469 905 credere
1501 850 1694 904 Filium
1734 849 1851 911 Dei.
1883 860 1977 905 aut
2004 850 2124 920 Spi-

540 943 701 997 ritum
732 952 973 997 sanctum
1012 951 1349 1009 creaturam;
1387 952 1563 997 tamen
1604 951 1791 997 contra
1823 944 2039 1013 impiam
2067 946 2125 997 li-

541 1033 664 1089 dem
691 1033 950 1102 sentiunt,
982 1050 1102 1089 cum
1125 1028 1307 1090 dicunt
1332 1047 1441 1089 tres
1462 1050 1581 1090 esse
1603 1035 1935 1091 substantias
1961 1053 1975 1090 :
1998 1051 2127 1091 con-

543 1141 775 1197 sequens
801 1137 882 1183 est
905 1128 1047 1183 enim
1081 1139 1139 1183 ut
1168 1136 1276 1183 tres
1297 1128 1438 1183 Deos
1475 1128 1853 1195 confiteantur,
1886 1129 1977 1200 qui
2022 1138 2130 1184 tres

546 1219 867 1275 substantias
901 1220 1243 1276 Conﬁtentur.
1274 1220 1445 1287 Quam
1472 1235 1659 1277 vocem
1690 1234 1907 1293 semper
1939 1221 2132 1278 catbo-

548 1308 635 1367 lici
664 1312 929 1369 exsecrati
953 1321 1101 1369 sunt.

910 1405 1073 1476 279
1096 1402 1494 1462 CAPITULUM
1532 1404 1778 1461 XXXIX.

1038 1505 1066 1534 ⁸
1098 1496 1242 1551 Alter
1271 1496 1471 1553 libellus
1506 1499 1646 1569 ﬁdei.

625 1588 953 1645 Credimus”
979 1604 1143 1644 unum
1177 1590 1376 1658 Deum,
1420 1592 1632 1647 Patrem
1675 1590 2097 1661 omnipotentem
2121 1631 2137 1658 ,

560 1689 585 1719 ⁸
611 1689 667 1736 et
687 1686 850 1735 unum
878 1681 1205 1752 unigenitum
1235 1682 1426 1737 Filium
1458 1684 1575 1750 ejus
1598 1683 1762 1737 Deum
1781 1691 1837 1737 et
1859 1681 2138 1737 Dominum

559 1770 893 1828 Salvatorem
940 1784 1204 1839 nostrum,
1246 1782 1302 1830 et
1343 1772 1597 1843 Spiritum
1641 1783 1886 1828 sanetum
1935 1774 2138 1828 Deum:

2220 577 2455 624 ternum.
2485 566 2821 623 Veneramur
2853 572 3032 619 tamen
3076 578 3241 618 unum
3274 561 3481 626 Deum;
3518 558 3535 597 ί
3579 560 3689 631 quia
3713 577 3765 619 ex

2223 675 2326 715 uno
2362 659 2516 713 Patre
2546 668 2713 713 totum
2743 657 2882 728 quod
2910 655 3086 711 Patris
3125 665 3225 720 est,
3255 658 3269 706 l
3307 662 3470 709 natus
3492 661 3592 717 est,
3629 654 3770 709 Filius

2222 752 2387 821 Deus,
2420 761 2476 808 et
2504 752 2556 807 in
2586 751 2741 807 Patre
2769 760 2937 805 totum
2960 750 3104 821 quod
3133 750 3293 818 inest,
3325 756 3495 803 totum
3522 746 3687 817 genuit
3704 745 3774 801 Fi-

2229 845 2381 901 lium.
2416 844 2572 899 Pater
2602 843 2794 899 Filium
2828 856 3090 913 generans
3132 856 3237 895 non
3267 838 3484 905 minuit,
3512 852 3604 893 nec
3627 837 3773 893 amisit

2230 935 2574 1008 plenitudinis
2598 949 2710 989 suae
2731 934 3005 997 deitatem,
3033 940 3201 988 totum
3233 942 3415 986 autem
3445 925 3471 967 ι
3499 929 3630 998 quod
3660 929 3774 985 Deus

2231 1030 2393 1087 Pater
2420 1039 2535 1097 est,
2568 1030 2618 1084 id
2650 1045 2769 1085 esse
2795 1040 2850 1085 et
2879 1028 3070 1084 Filium
3094 1028 3161 1083 ab
3188 1043 3254 1084 eo
3281 1034 3490 1092 natum,
3520 1024 3777 1081 certissime

2236 1134 2503 1180 tenentes.
2538 1121 2557 1160 ι
2584 1123 2716 1178 Cum
2746 1121 2948 1193 Spiritu
2978 1132 3166 1178 sancto
3196 1135 3361 1177 unum
3386 1118 3555 1175 Deum
3582 1108 3780 1190 piis'sime

2233 1221 2550 1278 conﬁtemur
2588 1218 2773 1276 Jesum
2802 1216 3074 1275 Christum
3106 1218 3394 1274 Dominum
3432 1223 3680 1282 nostrum,
3705 1215 3780 1270 Dei

2235 1312 2453 1375 Filium,
2472 1327 2569 1383 per
2598 1327 2753 1383 quem
2777 1322 2815 1349 ω
2839 1312 3016 1367 omnia
3053 1311 3190 1367 facta
3214 1318 3342 1366 sunt
3366 1325 3488 1381 qua
3515 1309 3566 1365 in
3588 1308 3719 1364 cmlis
3740 1315 3787 1362 et

2237 1418 2359 1474 quae
2384 1404 2443 1458 in
2469 1412 2635 1469 terra,
2656 1402 2886 1457 visibilia
2915 1410 2971 1457 et
2996 1401 3277 1457 invisibilia
3304 1418 3319 1455 :
3346 1408 3564 1471 propter
3587 1408 3786 1455 nostram

2241 1496 2470 1551 salutem
2497 1504 2526 1531 ιλ
2559 1494 2839 1550 descendit
2866 1494 2934 1550 de
2961 1493 3123 1561 caelo,
3168 1492 3259 1563 qui
3297 1507 3568 1563 nunquam
3604 1492 3789 1548 desierit

2243 1601 2365 1643 esse
2386 1586 2439 1641 in
2468 1586 2643 1651 caelo;
2678 1596 2835 1641 natus
2856 1585 2922 1641 de
2941 1584 3143 1655 Spiritu
3170 1595 3362 1640 saneto
3382 1599 3449 1646 es
3476 1583 3680 1653 Virgine
3701 1583 3792 1639 Ila-

2244 1681 2344 1736 ria.
2375 1679 2613 1734 Verbum
2652 1693 2780 1734 caro
2821 1677 3054 1742 factum,
3098 1691 3205 1732 non
3234 1675 3416 1731 amisit
3445 1675 3583 1745 quod
3620 1675 3790 1740 fuerat,

2247 1774 2341 1829 sed
2369 1775 2532 1845 cmpit
2556 1788 2678 1829 esse
2702 1772 2843 1843 quod
2875 1787 2979 1827 non
3002 1782 3139 1827 erat.
3168 1779 3194 1807 ο
3221 1771 3336 1826 Non
3360 1770 3698 1838 demutamus,
3716 1768 3795 1825 sed

542 1878 669 1922 .non
706 1877 813 1921 tres
840 1864 971 1922 deos
1008 1866 1242 1932 Patrem,
1273 1874 1328 1921 et
1358 1866 1573 1933 Filium,
1614 1877 1671 1921 et
1722 1867 1979 1936 Spiritum
2020 1881 2144 1921 san-
2178 1861 2230 1924 B
2252 1871 2656 1937 permanentem
2684 1864 2846 1919 etiam
2878 1862 3147 1919 hominem
3180 1871 3388 1930 natum,
3423 1878 3531 1919 non
3553 1863 3796 1933 putatire,

563 1966 729 2023 ctum,
747 1957 840 2013 sed
863 1972 1028 2013 unum
1051 1957 1218 2013 Deum
1238 1972 1359 2014 esse
1380 1959 1721 2013 conﬁtemur.
1747 1958 1861 2012 Non
1884 1956 1964 2013 sic
1985 1974 2145 2013 unum

564 2046 760 2116 Deum,
787 2053 939 2120 quasi
961 2049 1291 2117 solitarium;
1327 2065 1423 2105 nec
1445 2049 1719 2116 eumdem,
1746 2050 1835 2118 qui
1859 2046 1888 2086 ἀ
1911 2054 2024 2119 ipse
2045 2049 2146 2104 sibi

566 2138 723 2199 Pater
747 2142 836 2207 sit,
866 2142 981 2211 ipse
1007 2150 1063 2197 et
1089 2142 1290 2209 Filius;
1319 2142 1411 2198 sed
1445 2140 1657 2198 Patrem
1684 2158 1892 2209 verum,
1926 2142 2017 2213 qui
2058 2157 2151 2212 ge—
2225 2138 2228 2141 ’

567 2235 685 2291 nuit
714 2234 910 2290 Filium
941 2251 1150 2300 verum,
1186 2244 1210 2273 ο
1242 2243 1299 2290 ut
1326 2245 1410 2291 est
1435 2236 1576 2291 Deus
1601 2236 1669 2291 de
1694 2236 1825 2301 Deo,
1860 2236 2039 2289 lumen
2081 2234 2149 2290 de

568 2325 788 2395 lumine,
822 2327 927 2382 vita
957 2343 1026 2384 ex
1057 2327 1187 2395 vita,
1217 2327 1518 2400 perfectum
1549 2327 1617 2383 de
1641 2329 1897 2398 perfecto,
1927 2337 2094 2382 totum
2121 2343 2150 2380 a

570 2426 705 2485 toto,
738 2418 954 2489 plenum
982 2435 1011 2474 a
1043 2420 1232 2490 pleno;
1280 2435 1385 2475 non
1430 2427 1693 2487 creatum,
1737 2420 1829 2475 sed
1872 2422 2147 2491 genitum;

572 2523 678 2565 non
704 2525 768 2565 ex
801 2511 988 2574 nihilo,
1021 2511 1115 2567 sed
1136 2527 1200 2566 ex
1239 2511 1419 2579 Patre,
1452 2509 1472 2548 ί
1505 2514 1665 2567 unius
1690 2512 2002 2567 substantiae
2030 2527 2150 2568 cum

575 2598 733 2658 Patre
758 2619 773 2657 :
804 2612 828 2651 ε
855 2602 1112 2673 Spiritum
1142 2618 1272 2658 vero
1300 2612 1544 2658 sanctum
1574 2604 1771 2670 Deum,
1812 2620 1920 2659 non
1952 2605 2154 2675 ingeni-

577 2702 709 2763 tum,
734 2712 905 2767 neque
924 2697 1183 2767 genitum,
1208 2712 1314 2751 non
1336 2705 1599 2763 creatum,
1623 2699 1785 2769 280
1810 2713 1909 2753 nec
1931 2698 2151 2764 factum;

652 2868 679 2898 ι
719 2856 1171 2931 Prmtereodices
1200 2861 1358 2931 hujus
1385 2857 1735 2931 collectionis
1748 2866 1922 2913 exstat
1944 2859 1995 2912 in
2029 2873 2158 2931 mss.

581 2926 807 2993 Lucem,
836 2926 1015 2994 Colb.,
1047 2932 1097 2984 in
1127 2928 1250 2988 Vat.
1270 2926 1423 2988 ’15ιὲ
1446 2945 1508 2985 ac
1540 2930 1591 2983 in
1627 2928 1812 2983 Vallic.
1838 2931 1879 2983 A
1909 2931 1940 2984 5
1961 2937 2015 2984 ct
2034 2928 2157 2984 Vat.

583 2998 745 3057 5845.
777 2997 1154 3070 Fragmentum
1187 3004 1301 3071 ejus
1331 3005 1383 3057 in
1414 3016 1638 3057 summa:
1677 3003 2008 3069 antiquitatis
2037 3000 2160 3054 cod.

586 3072 820 3140 Aquensi
844 3086 873 3124 a
894 3072 1104 3126 Crabbo
1136 3075 1407 3128 inventum
1430 3082 1481 3126 et
1504 3072 1701 3127 editum
1726 3071 1839 3125 fuit.
1867 3071 2002 3127 Fere
2024 3072 2164 3126 idem

586 3140 789 3213 legitur
808 3142 859 3195 in
885 3144 1176 3211 appendicc
1199 3147 1325 3199 tonii
1356 3144 1401 3199 V
1426 3145 1484 3199 S.
1510 3142 1812 3213 Augustini,
1841 3158 2003 3213 serm.
2041 3142 2163 3196 155.

586 3210 877 3283 ln'duobus
904 3210 1032 3266 mss.
1056 3220 1164 3268 uno
1187 3215 1439 3270 Tbuaneo
1466 3210 1764 3283 199.qucm
1798 3212 1976 3267 laudat
1996 3213 2168 3281 Ques-

593 3353 766 3412 siano.
812 3352 965 3420 cujus
1002 3356 1242 3410 meminit
1284 3356 1607 3412 Muratorius
1651 3363 1780 3408 tom.
1822 3355 1866 3409 ll
1907 3354 2167 3408 Anecdot.

595 3421 796 3496 μείω),
819 3437 937 3495 pag.
960 3424 1065 3479 224
1082 3425 1275 3493 θιῖνὶῖ,
1301 3426 1602 3496 Hieronymi
1626 3440 1819 3479 nomen
1844 3425 2172 3480 inscribitur.

596 3493 653 3568 l_n
676 3493 996 3568 editionibus
1016 3511 1142 3568 vero
1166 3499 1221 3554 S.
1251 3493 1560 3568 Hieronymi
1583 3496 1849 3568 invenitur
1873 3511 1992 3551 cum
2017 3496 2174 3551 titulo

601 3563 811 3636 Damasi
849 3566 1152 3635 symbolum.
1186 3568 1316 3624 Vide
1358 3563 1489 3623 tom.
1522 3567 1590 3622 XI
1634 3567 1761 3622 edit.
1788 3566 1985 3621 Veron.
2007 3608 2020 3632 ,
2054 3582 2173 3636 pag.

600 3634 724 3691 145.
755 3633 861 3689 Cur
878 3633 1114 3692 'Datnaso
1145 3649 1320 3694 autem
1370 3640 1711 3703 attribuatur,
1758 3640 2010 3703 colligere
2051 3633 2176 3692 licet

600 3721 665 3763 ex
696 3706 817 3760 cod.
848 3707 1071 3762 anensi
1103 3718 1158 3763 et
1184 3710 1346 3764 simili
1375 3710 1552 3774 Colb.,
1578 3709 1667 3762 ubi
1692 3709 1930 3776 epistolae
1962 3708 2175 3763 Damasi

603 3776 669 3834 ad
702 3778 978 3832 Paulinum
1017 3783 1340 3835 aniicctiiur.
1378 3780 1436 3834 ln
1472 3794 1571 3831 ms.
1610 3776 1771 3841 Vind.
1824 3780 2009 3832 titulus
2056 3787 2176 3833 est:

605 3848 795 3919 incipit
811 3850 964 3913 alius,
992 3850 1043 3902 id
1068 3860 1176 3915 est,
1199 3851 1409 3905 libellus
1443 3850 1585 3905 lidei.
1616 3848 1749 3919 God.
1780 3849 1965 3919 Crab.,
1994 3847 2184 3918 Incipit

608 3917 732 3989 fides
764 3918 1129 3974 Romanorum.
1164 3922 1394 3988 Uterque
1420 3920 1540 3975 Vat.
1566 3928 1621 3974 et
1636 3918 1826 3989 Vallic.
1859 3936 1872 3972 :
1900 3917 2092 3989 Incipit
2115 3917 2183 3987 ﬁ-

610 3988 702 4044 des
734 3989 997 4044 catholica:
1029 3990 1271 4046 Ecclesia:
1306 3991 1570 4044 Romanae.
1602 3988 1758 4043 Nutat
1785 3988 2105 4055 Quesnellus
2132 3994 2182 4044 in

611 4059 1007 4127 marginezEst
1039 4066 1199 4115 oratio
1247 4061 1429 4115 Latina
1475 4063 1534 4115 S.
1584 4057 1819 4130 Gregorii
1866 4060 2185 4115 Nazianzeni

612 4141 941 4204 cognomento
974 4130 1236 4203 Thetilogi,
1262 4148 1349 4186 seu
1372 4132 1436 4185 de
1456 4132 1557 4201 ﬁde
1580 4130 1819 4195 Nicmna,
1854 4131 2045 4204 Ruﬁno
2074 4149 2187 4204 pre-

572 4202 807 4273 sbytero
846 4204 1146 4273 interprete,
1196 4210 1561 4257 tractatus:ut
1604 4204 1819 4256 habetur
1866 4204 1918 4256 in
1967 4202 2187 4257 editione

615 4271 819 4344 Μοῖριιὶ
849 4271 1005 4338 i609,
1032 4287 1153 4327 tam.
1186 4275 1224 4339 Ι,
1253 4290 1371 4344 pag.
1404 4274 1527 4344 735.
1564 4273 1728 4338 Quam
1749 4274 1953 4343 quidem
1979 4288 2069 4326 nec
2093 4275 2189 4326 hu-

615 4346 696 4417 ius
724 4340 957 4417 Gregorii
988 4340 1427 4417 esse,_nec'ullius
1456 4342 1624 4399 Graeci
1650 4340 2191 4417 scriptorisexistima-

617 4415 747 4486 mus.
778 4416 864 4469 sed
903 4418 1067 4486 potius
1108 4415 1278 4470 Latini
1307 4418 1549 4486 alicujus,
1580 4426 1633 4467 ut
1664 4415 1786 4486 alibi
1827 4416 2011 4481 fusius.
2057 4415 2193 4470 Vide

619 4485 832 4540 dissert.
864 4485 926 4541 li
954 4496 1007 4541 et
1033 4502 1243 4542 noStras
1273 4490 1321 4540 in
1352 4485 1469 4541 eam
1496 4485 2011 4541 animadversiones.

690 4554 716 4594 δ
754 4555 875 4609 Vat.
907 4567 961 4610 et
986 4557 1199 4622 Vallic.,
1230 4560 1281 4612 in
1311 4574 1487 4611 unum.

697 4637 719 4664 ο
759 4626 967 4698 Tliuan.
1003 4645 1101 4682 lllS.
1126 4668 1141 4692 ,
1184 4639 1229 4682 et
1256 4630 1601 4698 unigenitum,
1634 4627 1806 4683 deleta
1850 4644 1977 4684 voce
2020 4644 2194 4682 unum.

626 4696 856 4770 Uterqiw
884 4697 1004 4753 Vat.
1033 4712 1084 4752 et
1109 4698 1318 4762 Vallic.,
1342 4696 1385 4751 et
1413 4704 1463 4752 in
1486 4716 1641 4753 unum
1666 4700 1977 4770 unigenitum
2011 4699 2200 4753 Filium

629 4785 738 4841 eius
770 4767 939 4821 Iesum
972 4771 1237 4841 thristumg
1259 4771 1441 4824 Deum.
1473 4772 1631 4841 C_ra|i.
1660 4811 1675 4835 ,
1721 4767 1770 4824 et
1795 4771 1848 4823 in
1886 4772 2200 4841 unigenitum

629 4788 653 4823 e
680 4788 738 4821 us
770 4788 939 4821 Iesum
972 4788 1225 4822 Ltu'tsmm
1259 4788 1441 4824 ueum.
1473 4788 1631 4823 man.
1660 4811 1675 4835 ,
1721 4788 1768 4824 et
1795 4788 1848 4823 tn
1886 4788 2200 4841 unigenitum

629 4788 823 4895 Alium
855 4841 962 4910 ejus
989 4840 1164 4893 Jesum
1203 4839 1458 4894 Christum
1492 4838 1766 4894 Dominum
1795 4852 1840 4895 et
1884 4844 2203 4897 Salvatorem

630 4920 876 4976 nostrum,
900 4919 943 4963 et
970 4912 1021 4965 in
1047 4911 1297 4979 Spiritum
1319 4922 1547 4966 sanctum
1576 4912 1758 4965 Deum.
1784 4912 2006 4979 anen.,
2039 4923 2083 4966 et
2111 4912 2205 4965 Fi-

632 4984 896 5056 littutgejus
944 4984 1149 5056 unicum
1194 4980 1469 5056 Dominum
1514 4992 1743 5056 nostrum
1794 4994 2088 5056 conceptum
2143 4984 2205 5037 de

632 5050 831 5122 Spiritu
853 5062 1027 5108 sancto
1055 5050 1231 5106 Iesum
1258 5054 1512 5108 Christum
1544 5053 1705 5106 Deum
1734 5065 1776 5107 et
1810 5050 2086 5108 Dominum
2116 5071 2209 5107 n0-

633 5135 721 5179 atr.
747 5141 817 5185 nt,
847 5138 891 5177 et
924 5123 1175 5191 Spiritum
1201 5135 1429 5178 sanctum
1458 5122 1649 5189 Deum;
1683 5141 1781 5178 non
1812 5135 1913 5179 tres
1945 5124 2098 5190 Deos,
2120 5126 2207 5180 sed

638 5195 845 5251 Patrem
874 5192 922 5247 F
925 5196 1068 5249 ilium
1103 5207 1147 5250 et
1179 5195 1430 5267 Spiritum
1458 5206 1692 5249 sanctum
1724 5213 1879 5251 unum
1912 5196 2071 5251 Deum
2101 5211 2211 5251 esse

637 5270 954 5336 conﬁtemur.

705 5335 970 5410 dilaicen.
1000 5338 1146 5410 cod.,
1192 5340 1297 5407 ipse
1339 5340 1404 5393 sit
1425 5337 1636 5410 __Pater,
1686 5339 1748 5392 sit
1786 5338 1895 5410 ipse
1932 5346 1979 5392 et
2018 5335 2210 5393 Filius.

640 5407 821 5473 Crab.,
848 5412 953 5479 ipse
987 5408 1142 5464 Pater
1163 5412 1250 5482 sit,
1278 5415 1390 5482 ipse
1414 5407 1608 5482 Filius.

714 5489 737 5517 ο
778 5478 956 5545 Crab.,
991 5483 1041 5534 itl
1070 5494 1140 5536 est
1170 5478 1334 5535 Deum
1360 5481 1423 5534 de
1451 5478 1577 5534 Deo.

645 5620 681 5678 Β
714 5552 732 5588 τ
753 5554 974 5675 bQuesn.
1018 5554 1205 5607 inserit
1244 5562 1314 5621 et,
1351 5554 1532 5607 delent
1561 5565 1747 5608 omnes
1777 5550 1940 5605 nostri
1970 5550 2127 5607 codd.
2159 5560 2214 5606 et

687 5637 746 5675 ra
791 5663 817 5676 ..

687 5637 817 5676 rau..

713 5701 750 5764 t_
778 5694 849 5747 lta
879 5708 999 5748 cum
1028 5695 1185 5750 Crab.
1218 5709 1406 5750 omnes
1430 5693 1599 5764 nostri
1624 5694 1780 5750 codd.
1814 5692 1968 5764 Apud
1989 5693 2214 5761 Quesn.,

650 5770 691 5821 α
717 5762 964 5834 Spiritum
995 5779 1228 5821 sanctum
1254 5781 1429 5820 verum
1453 5762 1637 5821 Deum.

716 5829 744 5875 δ
761 5829 943 5892 Ὀνει).
969 5852 1086 5891 cum
1107 5837 1377 5909 plerisque
1399 5837 1600 5894 nostris
1624 5835 1783 5894 codd.
1810 5835 1914 5893 alia
1942 5835 2220 5912 interpun-

2249 1958 2344 2013 sed
2374 1972 2502 2013 vere
2522 1974 2551 2023 ;.
2583 1972 2689 2012 non
2716 1956 2941 2025 aerium,
2970 1955 3066 2011 sed
3096 1970 3450 2026 corporeum;
3480 1969 3583 2010 non
3609 1955 3798 2025 phanta-

2252 2051 2469 2117 sticum,
2509 2048 2603 2105 sed
2637 2064 2927 2114 carucum;
2956 2063 3101 2115 ossa,
3135 2048 3476 2118 sanguinem,
3513 2061 3731 2112 sensum,
3758 2054 3803 2101 et

2252 2142 2482 2196 animam
2515 2141 2800 2196 habentem
2824 2181 2839 2206 ,
2868 2151 2896 2191 Ρ
2918 2140 2991 2194 ita
3031 2141 3188 2212 281
3215 2156 3400 2196 verum
3450 2140 3610 2195 Deum
3647 2148 3695 2194 et
3728 2152 3805 2193 ve.

2254 2250 2373 2291 rum
2410 2235 2679 2290 hominem
2714 2233 3094 2304 intelligimus;
3134 2232 3205 2288 ita
3234 2248 3420 2289 verum
3445 2232 3700 2304 hominem
3727 2245 3804 2285 reo

2256 2342 2376 2382 rum
2408 2326 2575 2381 Deum
2610 2326 2772 2381 fuisse
2805 2302 2953 2381 nullo
2983 2325 3144 2381 modo
3176 2325 3522 2396 ambigimus.
3558 2302 3805 2380 Conﬁten-

2259 2417 2386 2475 dum
2412 2426 2441 2468 (ι
2476 2426 2561 2473 est
2590 2417 2731 2473 hunc
2761 2418 3009 2473 eumdem
3054 2417 3337 2473 Dominum
3376 2430 3615 2472 nostrum
3653 2415 3805 2471 Jesum

2260 2509 2531 2566 Christum
2554 2510 2880 2580 adiniplesse
2900 2511 3071 2580 legem
3093 2519 3145 2565 et
3169 2511 3481 2581 pr0pbetas,
3510 2523 3714 2580 passum
3730 2506 3808 2561 sub

2259 2603 2452 2659 Pontio
2494 2603 2696 2670 Pilato,
2740 2613 2761 2641 τ
2797 2605 3110 2659 crucilixum
3155 2606 3451 2659 secundum
3500 2603 3809 2674 Scriptum,

2265 2702 2537 2755 mortuum
2569 2709 2624 2754 et
2648 2698 2919 2770 sepultum
2966 2698 3263 2754 secundum
3309 2698 3637 2770 Scripturas,
3683 2694 3809 2751 tertia

2264 2858 2463 2924 etione,
2491 2871 2798 2916 cateternum
2826 2876 3151 2923 veneramur,
3184 2876 3343 2913 unum
3375 2868 3544 2914 tamen
3576 2858 3738 2914 Deum.

2345 2928 2383 3013 ί,
2410 2930 2512 3014 Qui
2538 2949 2599 2987 ex
2626 2950 2726 2988 uno
2756 2937 2806 2988 in
2838 2932 3034 2988 Crabbi
3080 2931 3300 2994 codice,
3336 2931 3424 3002 qui
3467 2932 3519 2986 in
3554 2930 3631 2986 bis
3660 2927 3812 2985 verbis

2269 3000 2634 3142 (giftslnlitucenq
2664 3073 2849 3129 Vallic.
2892 3084 2947 3129 et
2981 3083 3204 3142 uterque
3232 3073 3387 3139 Vat.,
3424 3072 3563 3127 Deus
3599 3077 3817 3142 natural

2270 3140 2463 3215 Filius.
2496 3144 2609 3198 Mox
2633 3144 2755 3215 Vat.
2794 3146 2930 3200 1342
2951 3187 2965 3211 ,
2996 3139 3156 3199 totum
3184 3147 3355 3215 genuit
3388 3146 3441 3198 in
3472 3142 3685 3215 Filium.
3719 3139 3817 3197 Val-

2228 3265 2241 3289 .
2272 3213 2369 3289 lic._
2396 3222 2450 3289 et
2476 3216 2623 3289 alius
2640 3214 2787 3289 Vat”
2820 3226 2981 3289 totum
2994 3213 3316 3289 ingenitum,
3340 3226 3388 3269 et
3417 3217 3473 3269 in
3496 3214 3727 3289 Filium.

592 3282 765 3336 nellus
788 3282 1005 3337 dissert.
1042 3285 1129 3351 M,
1165 3302 1220 3340 n.
1252 3288 1314 3349 7;
1345 3287 1516 3340 altero
1550 3271 1912 3338 uetustissimo
1943 3271 2166 3337 Ambro-
2196 3271 2243 3329 υ

2359 3282 2385 3320 ¹ί
2428 3285 2500 3339 lta
2529 3284 2688 3341 codd.
2712 3285 2873 3341 Vind.
2904 3302 2968 3342 ac
2991 3282 3227 3353 Tlfnan.,
3260 3286 3716 3342 consentientibus
3738 3296 3819 3353 cz-

2278 3355 2409 3429 teris
2438 3356 2691 3411 omnibus
2717 3358 2940 3412 aliarum
2989 3351 3385 3423 collectionum,
3408 3359 3523 3429 nisi
3552 3358 3691 3429 quod
3723 3351 3821 3429 Val.

2280 3427 2451 3497 ﬁli,
2486 3443 2582 3497 pro
2622 3436 2843 3482 tenentes
2873 3430 3034 3484 habet
3062 3431 3351 3493 credentes,-
3400 3426 3591 3483 Vallic'.
3629 3439 3685 3482 et
3718 3426 3825 3480 alius

2277 3495 2403 3571 Vat.
2437 3495 2691 3571 mendose
2714 3500 2987 3571 credimus.
3019 3501 3176 3555 Solus
3204 3500 3431 3569 Quesn.,
3453 3500 3591 3571 quod
3614 3497 3825 3552 Poterat

2280 3568 2439 3631 Deus,
2470 3569 2605 3623 idem
2632 3585 2740 3622 esse
2768 3582 2813 3622 et
2842 3569 3035 3624 Filium
3170 3568 3449 3625 certissime
3466 3568 3714 3624 tenemus.

2362 3637 2376 3676 ι
2420 3640 2588 3694 Codd.
2640 3640 2792 3702 l.uc.,
2839 3640 3030 3696 Vallic.
3066 3652 3120 3697 et
3151 3650 3372 3711 uterque
3416 3640 3539 3696 Vat.
3589 3634 3825 3709 sequentia

2282 3724 2404 3783 cum
2454 3712 2893 3783 antecedentibus
2921 3713 3169 3783 jungunt,
3221 3723 3537 3782 mutantque
3586 3712 3827 3779 interpun-

2284 3781 2515 3853 ctioncni
2548 3783 2659 3853 sic:
2692 3781 2893 3853 Spiritu
2924 3781 3100 3837 sani-to
3143 3781 3298 3838 unum
3343 3781 3508 3839 Deum
3546 3783 3827 3853 conﬁtemur.

2287 3850 2557 3905 Credimus
2585 3851 2763 3906 Jesum
2793 3851 3071 3908 Christum.

2360 3932 2399 3958 ω
2440 3923 2648 3977 Tlinan.
2675 3934 2730 3976 et
2754 3924 2916 3979 Vind.
2938 3926 3121 3979 delent
3150 3927 3342 3988 omnia,
3373 3941 3481 3981 non
3504 3940 3638 3982 vero
3664 3922 3741 3978 alii
3763 3934 3830 3976 co-

2289 3992 2458 4049 dices.
2493 3994 2610 4048 Mox
2641 3993 2827 4065 Vind.,
2857 4006 2902 4049 et
2931 3997 2983 4049 in
3014 4008 3168 4063 terra,
3206 3996 3405 4051 omissa
3437 4011 3575 4052 voce
3599 4011 3719 4065 quit.

2362 4073 2386 4099 υ
2427 4064 2559 4118 Luc.
2604 4080 2723 4118 cum
2765 4064 2953 4121 Vallic.
2988 4077 3041 4121 et
3070 4060 3190 4123 Vat.
3223 4069 3400 4136 5845,
3449 4060 3751 4136 descendisse
3774 4060 3831 4136 tit

2291 4136 2437 4209 calo,
2468 4146 2513 4188 et
2544 4145 2731 4209 natum
2774 4136 2835 4209 de
2863 4136 3065 4206 Spiritu
3105 4149 3279 4193 sancto
3310 4148 3356 4193 et
3389 4133 3624 4209 'Virgine
3650 4133 3829 4209 ΔΜεινίει,

2292 4205 2946 4280 interniediis__omissis:
2987 4210 3039 4280 in
3075 4205 3521 4280 qnibusﬂdesierit‘
3559 4205 3829 4280 scripsimus

2293 4291 2412 4330 cum
2448 4292 2577 4331 mss.
2602 4276 2837 4339 Thuan..
2867 4278 3026 4333 Vind.
3057 4276 3110 4335 ei
3136 4281 3241 4335 alio
3268 4278 3389 4335 Vat.
3427 4279 3588 4335 1542.
3632 4278 3798 4345 ρυεεηο
3819 4312 3831 4335 .

2294 4348 2462 4401 desiit.
2510 4348 2644 4403 Cod.
2684 4347 2846 4403 Vind.
2883 4354 3136 4413 prmiei’ea
3172 4351 3331 4406 habet
3375 4361 3554 4403 natum
3581 4344 3835 4417 de’Spirits

2294 4428 2490 4493 sancto.
2520 4418 2644 4473 Vat.
2678 4434 2812 4493 vero
2840 4421 2995 4487 1542,
3020 4434 3064 4475 et
3100 4422 3303 4493 Virgine
3335 4421 3522 4475 Maria.

2371 4497 2395 4524 ο
2435 4490 2633 4556 Quesn.
2666 4490 2768 4543 alia
2803 4482 3260 4560 interpunctione,
3294 4510 3394 4546 non
3421 4494 3744 4552 demutatum,
3769 4482 3835 4537 sed

2298 4576 2623 4631 permanens.
2654 4561 2917 4615 Credimus
2947 4564 3199 4619 hominem
3223 4574 3421 4618 natum.
3448 4564 3649 4619 Omnes
3671 4566 3837 4631 nostros

2302 4626 2460 4685 codd.
2495 4646 2557 4685 ac
2582 4632 2790 4686 Tliuan.
2820 4633 3170 4700 prmtuiimus.
3202 4634 3386 4691 Solum
3417 4635 3468 4689 in
3497 4634 3631 4689 Luc.
3660 4642 3706 4686 et
3732 4626 3837 4681 Val-

2304 4701 2391 4755 lic.
2438 4703 2628 4772 legitur
2657 4702 2745 4757 sed
2792 4705 2958 4758 Deum
2989 4715 3387 4773 permanentem,
3436 4706 3590 4759 etiam
3633 4700 3839 4773 hominm

2305 4781 2504 4853 natum.
2531 4773 2669 4853 _Dein
2696 4789 2791 4845 pro
2820 4772 3198 4853 phantasticum
3216 4778 3367 4853 __cod_.
3404 4776 3641 4838 Tbuan..
3666 4772 3838 4853 thf'f"

2308 4845 2484 4917 siam;
2531 4840 2757 4917 Luceri.,
2809 4840 3164 4917 phantaseum,
3216 4847 3411 4905 Vallic.
3460 4856 3517 4903 et
3564 4840 3838 4917 unusVatn

2309 4913 2646 4983 phantasiam,
2678 4918 2766 4970 sed
2796 4913 3017 4973 carnem.
3050 4913 3167 4974 Mos
3199 4919 3351 4975 Solus
3372 4918 3607 4986 Quesn.,
3630 4915 3831 4986 animum.

2380 4994 2408 5033 Ρ
2447 4986 2631 5040 Melior
2656 4989 2864 5043 videtur
2894 4990 3052 5044 lectio
3078 4992 3200 5045 cod.
3233 4980 3462 5057 Lucem,
3496 4990 3571 5043 ita
3593 4980 3748 5057 rerum
3774 4980 3842 5030 ἀοι

2311 5054 2496 5109 minem
2522 5068 2569 5133 et
2599 5075 2771 5133 verum
2816 5062 2975 5133 Deum
3017 5062 3369 5133 intelligimus,
3416 5052 3473 5115 ut
3518 5073 3683 5114 verum
3714 5052 3841 5133 De"?!

2312 5141 2487 5207 uerum
2527 5131 2779 5207 hominem
2808 5131 2964 5207 fuisse
2994 5132 3137 5187 nullo
3183 5116 3333 5207 modo
3355 5116 3683 5207 'ambigamttf
3718 5116 3842 5207 {Olﬁ‘

2315 5199 2543 5252 tendum.
2578 5198 3015 5263 Vallic.,iterum
3049 5219 3220 5259 verum
3250 5198 3832 5266 hominem'intelligimlt.

2313 5269 2387 5322 ita
2411 5279 2459 5346 et
2485 5286 2656 5346 uerum
2687 5260 2850 5346 _Deum
2887 5291 3063 5328 verum
3099 5275 3353 5329 hominem
3381 5276 3539 5346 fuisse
3568 5260 3700 5346 nullo
3720 5260 3842 5346 modo

2316 5338 2639 5410 ambigimus.
2673 5343 3029 5409 Conﬁtendum
3058 5362 3193 5401 nunc
3214 5338 3444 5401 eumdem
3472 5343 3742 5410 Dominum)
3761 5343 3836 5410 3}“-

2318 5403 2582 5486 Pariicula
2615 5431 2750 5467 nunc
2781 5403 2974 5485 legitur
2998 5417 3161 5473 etiam
3203 5418 3254 5473 in
3296 5427 3525 5486 utroque
3560 5414 3668 5467 Vat.
3696 5403 3842 5486 Codet

2318 5480 2492 5555 onn.
2517 5486 2766 5552 secundo
2794 5480 3024 5555 comnte,
3050 5490 3123 5544 ita
3149 5505 3319 5543 verum
3348 5480 3603 5543 hominem
3637 5490 3682 5536 et
3712 5484 3846 5531 rerum

2322 5552 2507 5619 Deum,
2539 5556 2735 5612 inserta
2766 5552 3021 5627 particula
3048 5569 3116 5626 ct,
3150 5562 3325 5615 minus
3353 5569 3516 5615 recte.

2323 5695 2356 5751 ἃ
2396 5634 2423 5749 ii
2448 5612 2657 5750 tl’i‘ailer
2681 5612 2845 5685 codd.
2873 5612 3512 5687 armiscantantum
3545 5627 3693 5686 etiam
3718 5612 3845 5675 Vind-

2360 5710 2391 5751 e
2413 5711 2443 5750 e
2489 5712 2540 5750 es
2566 5736 2583 5751 .

2360 5706 2465 5751 etet
2489 5706 2583 5752 est.

2400 5777 2419 5803 '
2453 5767 2680 5835 Quesn.,
2701 5772 3007 5841 cruciﬁxum
3021 5782 3070 5829 et
3099 5782 3378 5830 mortuum.
3404 5773 3622 5839 Nostros
3638 5761 3776 5829 oodd-
3799 5767 3848 5814 ⁸ο

2302 5838 2538 5901 -Tbuan.
2574 5842 2743 5909 secuti
2770 5838 2982 5909 sumus.
