3992 6348
238 348 339 415 885

689 352 923 415 CODEX
959 350 1286 415 CANONUM
1329 354 1610 415 ECCLES.
1657 356 1745 413 ET
1783 358 2358 421 CONSTITUTORUM
2397 362 2455 420 S.
2499 363 2690 421 SEDIS
2724 358 3056 424 APOSTOL.

3399 368 3509 433 586

236 473 319 531 die
339 488 370 529 a
401 470 633 528 mortuis
657 474 1039 541 resurrexisse,
1072 483 1409 546 assumptum
1436 473 1488 529 in
1513 474 1704 541 caelos,
1731 488 1819 530 se-
1844 493 1899 552 Α
1922 475 1988 532 de
2018 477 2206 533 C(Blls:
2241 478 2341 533 Hic
2369 487 2442 534 est
2473 477 2647 535 Filius
2688 496 2828 536 meus
2854 482 3100 548 dilectus,
3127 481 3181 538 in
3205 499 3307 555 quo
3334 493 3361 534 s
3381 486 3510 545 mihi

178 624 187 640 J
236 565 364 623 dere
389 565 461 622 ad
487 565 767 623 dexteram
787 566 985 634 Patris,
1017 565 1144 623 inde
1169 577 1453 623 venturum
1477 567 1721 637 judicare
1742 569 1825 623 vi-

178 646 187 657 ’
234 672 329 715 vos
355 668 413 716 et
451 669 695 717 mortuos
715 670 1110 731 exspectamus.
1141 661 1199 718 lu
1226 660 1383 732 hujus
1411 671 1587 718 morte
1615 670 1671 718 et
1697 675 1826 717 san-

233 752 392 830 guine
413 754 700 810 mundatos
730 762 757 792 ι
788 754 1165 813 remissionem
1197 762 1539 826 peccatorum
1568 769 1828 817 consecu-

233 852 350 914 tos;
380 845 784 903 resuscitandas
821 861 919 903 nos
946 846 1016 902 ab
1043 862 1109 903 eo
1139 847 1193 902 in
1226 846 1312 901 his
1341 831 1743 918 corporibus'et
1769 848 1822 903 in

234 938 420 994 eadem
442 954 606 995 carne
626 955 728 1011 qua
755 925 900 996 nunc
938 956 1153 1008 sumus;
1187 941 1326 997 sicut
1345 949 1402 998 et
1423 942 1538 1013 ipse
1560 941 1612 996 in
1637 940 1831 999 eadem

233 1045 396 1089 carne
418 1048 524 1104 qua
552 1042 708 1090 natus
734 1042 840 1100 est,
870 1043 924 1090 et
950 1047 1160 1104 passus,
1196 1043 1250 1089 et
1287 1043 1552 1101 mortuus,
1581 1032 1611 1072 ιι
1641 1049 1820 1090 resur-

234 1125 397 1190 rexit;
426 1132 484 1181 et
506 1127 714 1183 animas
744 1141 866 1183 cum
909 1128 1007 1184 hac
1046 1142 1212 1186 carne
1244 1129 1347 1199 vel.
1370 1142 1599 1198 corpora
1628 1139 1816 1187 nostra

233 1215 300 1271 ab
333 1231 421 1284 eo,
458 1227 554 1274 aut
580 1220 744 1275 vitam
772 1228 1054 1287 aeternam,
1104 1220 1385 1293 premium
1431 1222 1560 1279 boni
1601 1223 1819 1292 meriti,

231 1316 323 1362 aut
362 1311 692 1368 sententiam
732 1327 833 1384 pro
863 1315 1095 1384 peccatis
1143 1315 1332 1372 aeterni
1373 1315 1625 1389 supplicii
1672 1331 1822 1374 rece-

232 1406 440 1471 pturos.

651 1498 814 1570 332
848 1496 1248 1558 CAPITULUM
1288 1500 1402 1559 XL.

269 1597 294 1627 ε
314 1585 547 1645 Libellus
583 1589 855 1663 Augustini
895 1593 1371 1721 igiﬁ‘catholica
1406 1606 1582 1689 contra
1611 1613 1783 1653 omnes

298 1774 585 1833 Credimus
611 1777 665 1833 in
688 1793 856 1835 unum
885 1795 1072 1836 verum
1100 1781 1292 1849 Deum,
1342 1782 1590 1852 Patrem,
1625 1794 1679 1842 et
1721 1785 1816 1842 Fi-

1932 566 2053 622 bene
2074 570 2360 639 complacui
2374 585 2395 635 ;
2422 572 2592 641 ipsum
2615 571 2790 626 audite
2814 587 2833 626 :
2852 571 3020 628 Filius
3045 582 3130 629 est
3156 575 3245 645 qui
3271 577 3375 636 ait:
3397 577 3509 651 Ego

1928 675 1961 713 a
1988 658 2145 715 Patre
2168 662 2319 728 exivi,
2338 671 2385 716 et
2413 678 2445 717 a
2473 660 2584 718 Deo
2619 664 2732 718 veni
2756 664 2810 717 in
2832 662 2969 719 hunc
2989 666 3257 723 mundum.
3289 664 3319 706 δ
3344 668 3511 726 Para-

1929 754 2087 809 clitus
2112 754 2227 824 ipse
2251 754 2412 810 estde
2431 771 2537 826 quo
2558 756 2724 812 Filius
2736 755 2813 812 ait
2838 775 2851 811 :
2877 757 2999 813 Nisi
3016 759 3190 815 abiero
3203 760 3273 814 ad
3294 760 3510 817 Patrem

1928 844 2222 900 Paraclitus
2250 862 2351 901 non
2376 849 2533 902 veniet
2554 848 2622 902 ad
2636 864 2742 903 vos.
2760 848 2907 905 lianc
2925 848 3240 906 Trinitatem
3260 852 3508 923 personis

1926 938 2253 1005 distinctam,
2290 936 2306 976 ί
2343 940 2693 995 substantiam
2729 956 2927 1011 unam,
2955 943 3227 1014 virtutem,
3272 952 3511 1015 potesta-

1925 1037 2056 1094 tem,
2078 1028 2439 1099 majestatem,
2482 1031 2881 1099 indivisibilem,
2916 1033 3330 1093 indifferentem.
3362 1037 3509 1094 Prat-

1928 1135 2008 1178 ter
2039 1124 2184 1179 illam
2214 1125 2414 1180 nullam
2443 1123 2678 1181 divinam
2712 1141 2835 1182 esse
2873 1136 3135 1197 naturam,
3183 1131 3264 1186 vel
3304 1132 3504 1200 angeli,

1924 1217 2086 1289 283
2119 1218 2133 1267 i
2176 1216 2261 1272 vel
2291 1217 2513 1288 spiritus
2542 1218 2627 1273 vel
2659 1218 2881 1273 virtutis
2925 1220 3170 1289 alicujus,
3203 1238 3322 1292 qua:
3364 1222 3508 1279 Dens

1922 1325 2045 1367 esse
2073 1311 2341 1367 credatur.
2376 1311 2528 1366 Hunc
2548 1311 2709 1382 igitur
2740 1311 2930 1366 Filium
2964 1313 3079 1380 Dei,
3123 1314 3292 1371 Deum
3324 1325 3507 1372 natum

1924 1421 1956 1460 a
1976 1405 2137 1461 Patre
2164 1415 2289 1461 ante
2318 1421 2479 1461 omne
2521 1407 2742 1461 omnino
2772 1406 3089 1477 principium
3141 1410 3508 1465 sanctiﬁcasse

1924 1499 1954 1535 κ
1985 1509 2196 1555 uterum
2219 1499 2399 1554 Marim
2424 1497 2680 1569 Virginis,
2721 1506 2879 1569 atque
2905 1514 2971 1554 ex
3016 1515 3079 1556 ea
3116 1516 3303 1558 verum
3336 1504 3507 1560 homi~

1922 1605 2071 1658 nem,
2123 1592 2241 1648 sine
2270 1592 2374 1647 viri
2421 1602 2734 1662 generatum
2786 1593 2990 1647 semine
3028 1595 3368 1665 suscepisse:
3402 1595 3420 1634 1
3452 1597 3507 1656 id

1923 1695 2042 1752 est,
2074 1685 2359 1741 Dominum
2400 1684 2584 1740 Jesum
2615 1682 2919 1756 Christum,
2972 1703 3080 1744 non
3134 1690 3505 1761 imaginarium

1923 1794 2154 1851 corpus,
2194 1790 2288 1838 aut
2330 1778 2502 1836 forma
2530 1779 2642 1836 sola
2672 1780 3058 1851 «impositum,
3099 1781 3196 1838 sed
3237 1783 3505 1850 solidum;

228 1869 384 1936 tium,
410 1879 467 1927 et
495 1870 756 1942 Spiritum
781 1884 1048 1943 sanctum,
1075 1875 1372 1933 visibilium
1396 1887 1450 1935 et
1470 1878 1811 1936 invisibilium

1927 1884 2082 1944 atque
2114 1873 2253 1930 hunc
2281 1882 2337 1929 et
2360 1874 2615 1941 esurisse,
2645 1883 2700 1930 et
2739 1873 2939 1941 sitisse,
2969 1885 3023 1929 et
3049 1874 3309 1944 doluisse,
3336 1887 3393 1934 et
3413 1878 3506 1934 lle-

227 1962 509 2040 lactorem,
533 1982 631 2038 per
658 1982 817 2039 quem
843 1978 1021 2040 creata
1049 1980 1175 2026 sunt
1203 1972 1385 2027 omnia
1430 1973 1484 2027 in
1510 1973 1649 2029 caelo
1678 1984 1731 2030 et
1761 1975 1817 2030 in

229 2068 399 2116 terra.
425 2061 578 2117 Hunc
608 2078 773 2117 unum
804 2059 832 2100 ἀ
860 2037 1055 2131 Βθυῖιι,
1078 2073 1134 2120 et
1162 2064 1302 2121 banc
1328 2080 1490 2120 unam
1521 2064 1686 2122 divini
1715 2081 1817 2121 no-

225 2152 390 2209 minis
415 2168 539 2210 esse
566 2153 904 2212 Trinitatem.
932 2155 1147 2212 Patrem
1176 2172 1283 2213 non
1329 2172 1450 2214 esse
1473 2158 1691 2224 Filium,
1721 2159 1817 2215 sed

224 2246 434 2306 habere
465 2248 683 2319 Filium,
714 2250 806 2322 qui
849 2251 1012 2308 Pater
1051 2266 1156 2306 non
1198 2253 1301 2318 sit;
1335 2251 1529 2308 Filium
1558 2268 1664 2308 non
1696 2267 1819 2309 esse

224 2337 467 2412 Patrem,
494 2351 520 2380 ο
550 2341 644 2399 sed
672 2341 864 2398 Filium
887 2342 981 2399 Dei
1001 2356 1124 2399 esse
1148 2352 1372 2411 natura;
1400 2344 1657 2417 Spiritum
1686 2357 1817 2417 quo-

224 2448 332 2504 que
370 2433 694 2491 Paraclitum
731 2447 887 2504 esse,
929 2435 1021 2507 qui
1058 2450 1158 2492 nec
1205 2435 1366 2493 Pater
1412 2438 1484 2494 sit
1523 2437 1669 2508 ipse,
1711 2451 1814 2495 nec

226 2524 430 2595 Filius,
469 2529 566 2585 sed
613 2544 645 2584 a
686 2528 846 2586 Patre
885 2526 907 2568 ί
946 2529 1220 2601 procedat.
1258 2532 1355 2588 Est
1389 2547 1519 2605 ergo
1545 2533 1815 2604 ingenitus

224 2615 406 2686 Pater,
429 2621 644 2692 genitus
675 2618 868 2688 Filius,
898 2634 1006 2677 non
1031 2623 1245 2693 genitus
1286 2623 1585 2682 Paraclitus
1607 2668 1623 2695 ,
1656 2626 1752 2683 sed
1780 2642 1813 2684 a
1880 2675 1889 2687 .

224 2710 381 2770 Patre
410 2712 729 2786 procedens.
753 2715 915 2772 Pater
939 2723 1024 2772 est
1050 2718 1205 2788 cujus
1245 2732 1350 2774 vox
1373 2728 1457 2775 est
1483 2719 1600 2775 haec
1625 2720 1811 2777 audita

291 2887 319 2950 θ
349 2876 501 2950 idem
523 2876 725 2950 Quesn.
755 2877 906 2950 addit
929 2876 1471 2950 conﬁteantudelent
1490 2878 1598 2935 duo
1622 2878 1812 2950 optimi

224 2949 389 3005 codd.
417 2949 577 3018 hujus
597 2948 931 3007 collectionis
958 2948 1171 3006 Thuan.
1195 2958 1249 3005 et
1275 2948 1432 3005 Vind.
1462 2965 1583 3006 cum
1608 2948 1812 3008 Lucen.

224 3032 275 3076 et
294 3019 424 3076 Vat.
449 3020 611 3077 1542.

290 3089 319 3131 δ
359 3091 592 3166 Quean
631 3091 885 3166 surrexit;
912 3100 967 3147 et
993 3090 1118 3166 dein
1140 3091 1343 3166 delevit
1361 3091 1438 3166 uel
1475 3110 1693 3166 corpora
1719 3110 1813 3148 no-
1884 3092 1887 3095 ’

226 3171 351 3228 stra,
385 3163 510 3218 licet
538 3162 771 3219 fateatur
799 3164 914 3219 haec
949 3162 1191 3219 exhiberi
1232 3164 1283 3219 in
1314 3164 1527 3221 duobus
1568 3162 1808 3229 'Thuan.,

226 3236 301 3291 uti
327 3235 382 3291 in
409 3236 660 3291 omnibus
681 3234 881 3291 nostris
900 3235 1135 3305 quinque
1154 3236 1314 3294 codd.
1334 3236 1671 3292 diversarum
1699 3238 1812 3292 col—

1919 1968 2084 2037 visae,
2117 1977 2155 2004 ω
2184 1978 2240 2023 et
2266 1966 2445 2023 omnia
2475 1966 2716 2036 corporis
2749 1965 2911 2022 exitia
2936 1967 3202 2034 sensisse;
3237 1979 3505 2037 postrema

1920 2060 2260 2127 cruciﬁxum,
2286 2070 2556 2116 mortuum
2588 2066 2644 2115 et
2680 2060 2970 2128 sepultum,
3013 2061 3168 2115 tertia
3209 2060 3299 2117 die
3329 2078 3505 2119 resur-

1921 2152 2161 2222 rexisse;
2186 2161 2562 2209 conversatum
2611 2153 2952 2224 postmodum
2981 2163 3009 2191 ιι
3038 2171 3160 2211 cum
3203 2156 3505 2229 discipulis,

1922 2247 2135 2303 misisse
2164 2246 2298 2318 ipsis
2325 2246 2649 2301 Paraclitum
2670 2290 2685 2315 ,
2709 2246 2834 2301 dum
2864 2247 2931 2301 ad
2970 2248 3141 2304 cados
3173 2250 3288 2317 ipse
3316 2266 3507 2308 ascen-

1924 2340 2109 2396 disset.
2156 2338 2311 2394 Hunc
2339 2338 2533 2394 Filium
2567 2337 2799 2393 hominis
2826 2340 3005 2395 vocari
3037 2344 3305 2398 veraciter
3330 2347 3507 2400 credi.

1922 2449 2043 2490 mus
2072 2433 2156 2490 vel
2177 2431 2518 2488 conﬁtemur.
2542 2431 3010 2489 Resurrectionem
3037 2449 3217 2491 veram
3256 2436 3507 2496 humana

1921 2525 2191 2582 credimus
2217 2525 2425 2591 carnis;
2455 2523 2687 2579 animam
2710 2536 2890 2582 autem
2936 2525 3171 2583 hominis
3209 2544 3316 2584 non
3363 2530 3503 2586 divi-

1922 2635 2048 2677 nam
2071 2634 2192 2676 esse
2219 2618 2575 2674 substantiam
2598 2618 2682 2673 vel
2715 2616 2811 2674 Dei
2841 2628 3047 2688 partem
3070 2661 3085 2687 ,
3119 2630 3144 2657 ο
3173 2621 3267 2679 sed
3291 2634 3506 2681 creatu-

1922 2731 2041 2773 ram
2063 2715 2244 2772 divina
2271 2713 2548 2771 voluntate
2567 2712 2786 2781 factam,
2815 2728 2921 2770 non
2952 2714 3022 2771 de
3059 2715 3198 2773 ctelo
3223 2717 3450 2788 lapsam.

1921 2873 2086 2947 Filio)
2123 2875 2423 2947 procedens.

2001 2957 2026 2994 ες
2056 2942 2188 3002 cod.
2216 2946 2374 3001 Vind.
2393 2960 2515 3001 cum
2544 2942 2744 3000 llerov.
2774 2943 2918 3001 delet
2937 2946 3085 3014 mihi,
3108 2963 3173 3005 ac
3199 2948 3322 3006 dein
3345 2950 3506 3012 habet

1924 3018 2061 3072 hunc
2086 3017 2282 3072 audite.
2656 3074 2663 3079 ,

1992 3088 2196 3165 lfVulg.
2230 3084 3055 3165 Concil.,_Paracletus_Spiritus
3089 3099 3186 3156 est,
3218 3093 3282 3147 de
3304 3110 3427 3165 quo.

1998 3158 2015 3198 ί
2048 3159 2206 3226 lhid.,
2237 3158 2963 3233 substantiarunitgmmirtute
2970 3171 3020 3214 et
3041 3158 3374 3233 potestate,'et
3393 3182 3504 3221 ma.

1910 3233 2100 3305 jestate
2120 3233 2499 3305 indivisibilem,
2515 3225 2909 3305 indi/ferentem.
2929 3225 3125 3287 Praiter
3146 3235 3277 3305 banc
3292 3225 3503 3292 'nullam

233 3306 519 3362 lectionum
548 3309 818 3378 leguntur.
850 3296 1273 3380 So'lumjbncen.
1314 3316 1433 3380 pust
1472 3309 1569 3380 vel;
1594 3324 1812 3380 corpora
1840 3296 1887 3362 C
1910 3296 2172 3380 'credimus
2201 3303 2424 3380 divinam
2442 3296 2569 3380 esse,
2589 3296 2691 3357 etc.
2711 3319 2726 3358 :
2745 3304 3050 3380 melius.At
3075 3303 3289 3380 codices
3306 3318 3503 3365 nostra:

230 3389 407 3432 nostra
432 3379 648 3448 snbjicit
675 3384 983 3450 accepimus.
1015 3378 1201 3433 Melius
1235 3378 1426 3434 Vallic.
1447 3389 1501 3435 et
1527 3378 1648 3434 Vat.
1671 3378 1815 3436 acce-

235 3457 433 3521 pturos.
446 3450 623 3507 deleto
644 3450 696 3505 in
720 3448 826 3505 line
842 3450 1007 3506 verbo
1028 3458 1320 3521 recepturos
1340 3464 1358 3505 :
1376 3464 1473 3520 pro
1488 3465 1595 3522 quo
1608 3452 1808 3518 Quesn.

233 3530 539 3591 receptum.

236 3660 253 3663 ᾼ
268 3597 326 3663 Af
353 3591 607 3649 Exstabat
625 3592 753 3649 olim
779 3590 918 3663 apud
939 3592 998 3649 S.
1019 3594 1376 3663 Augustinum
1404 3600 1534 3648 tom.
1551 3592 1620 3663 X,
1641 3608 1806 3650 serm.

226 3660 349 3736 {29.
380 3663 450 3718 de
481 3675 741 3736 tempore,
776 3660 1131 3736 truncantem
1149 3666 1562 3736 rejectusestin
1595 3660 1814 3734 Appen-

224 3733 401 3802 dicem
435 3743 567 3790 tom.
593 3733 661 3802 V,
686 3750 854 3793 serm.
883 3734 1010 3791 235.
1043 3733 1303 3791 Fateatur
1332 3735 1440 3791 PP.
1477 3733 1812 3792 Benedibtiui

223 3801 364 3877 hunc
395 3805 641 3877 libellum
673 3821 932 3875 nusquam
964 3808 1234 3862 invenisse
1266 3808 1317 3861 in
1343 3808 1625 3877 Augustini
1655 3808 1807 3863 codi-

220 3875 575 3946 cibus..Cum
630 3893 757 3934 vero
811 3877 1091 3946 Augustini
1137 3878 1358 3945 nomine,
1399 3875 1811 3934 circumit-ratur

221 3942 291 4018 in
305 3950 569 4018 exemplis
602 3952 801 4004 nostra:
826 3942 1183 4015 collectionis,
1211 3963 1311 4004 nec
1338 3942 1443 4003 non
1480 3949 1534 4003 in
1567 3950 1808 4006 Additio-

219 4015 381 4090 gibus
404 4015 740 4090 collectiqnis
763 4020 892 4075 Isid.
924 4032 1045 4090 quae
1079 4020 1329 4090 leguntur
1353 4019 1405 4073 in
1439 4019 1558 4075 Vat.
1594 4017 1731 4077 i340
1755 4031 1811 4077 et

217 4083 271 4141 in
291 4087 411 4161 alio
447 4086 611 4141 simili
636 4083 956 4161 Retnigiand
979 4083 1610 4161 qucnfllerovallianum
1640 4094 1809 4160 Ques-

218 4157 398 4230 nellus
438 4166 617 4230 vocat,
641 4172 709 4212 ex
735 4157 1119 4230 alterutro‘hoc
1161 4160 1310 4230 fonte
1333 4162 1497 4230 inter
1524 4157 1806 4230 Augustini

218 4226 396 4296 Opera
427 4229 556 4283 olim
581 4227 746 4284 fuisse
768 4228 1051 4288 insertum.
1072 4227 1203 4284 satis
1231 4227 1509 4297 probabile
1529 4226 1644 4285 est":
1667 4232 1809 4288 unde

215 4300 377 4355 etiam
422 4299 688 4354 lectiones
717 4298 829 4354 lere
861 4301 1167 4353 concinam.
1202 4299 1257 4354 In
1291 4300 1449 4355 Vind.
1476 4302 1597 4356 cod.
1627 4301 1705 4356 sic
1734 4302 1805 4359 ti-

218 4371 361 4426 tulus
391 4371 707 4442 prmlertur:
733 4368 924 4441 Incipit
942 4370 1226 4442 libelluside
1246 4369 1379 4426 Fide
1399 4372 1654 4427 catholica
1684 4389 1807 4428 con-

214 4450 293 4496 tra
318 4440 500 4515 omnes
527 4440 1221 4515 hareses,iAugustini._llic
1249 4458 1377 4515 vero
1405 4443 1618 4499 libellus
1663 4445 1804 4500 idem

210 4521 297 4569 est
324 4529 393 4571 ac
419 4510 621 4584 Regula
666 4514 789 4582 ﬁdei
816 4510 936 4583 quae
957 4554 973 4579 ,
1007 4514 1067 4567 S.
1099 4512 1296 4569 Leonis
1336 4523 1578 4582 tempore
1616 4526 1804 4570 contra

211 4596 408 4641 omnes
468 4583 736 4650 haereses,
766 4595 819 4639 et
864 4584 1097 4639 maxime
1139 4595 1323 4639 contra
1367 4585 1805 4652 Priscilljanistas

212 4665 501 4747 :ompaelt'a
529 4656 619 4736 (de
638 4656 935 4747 quppplpLa
969 4666 1114 4747 tonio
1146 4654 1266 4747 ll‘in
1311 4656 1534 4711 Observ.
1583 4659 1649 4747 ad
1669 4667 1800 4747 .no‘t.
1832 4686 1885 4747 Ι)

1293 4740 1539 4797 erperam
1563 4730 1803 4797 subjecta
1832 4730 1845 4755 ‘

212 4725 499 4795 Quesnelli
528 4725 581 4781 in
598 4725 682 4794 ep.
708 4725 852 4782 15ml
872 4725 1221 4795 Turribium),

212 4796 411 4869 legitur
436 4798 671 4869 concilio
690 4798 949 4869 Toletano
971 4813 1010 4864 ι,
1039 4806 1167 4853 tom.
1187 4798 1227 4853 ll
1246 4796 1607 4853 Conciliorum
1635 4796 1807 4855 Vene-

211 4867 283 4924 tz'
296 4871 439 4926 edit.
452 4910 467 4933 ,
489 4871 591 4940 col.
613 4867 772 4925 1475.
792 4868 934 4924 Idem
950 4884 1079 4924 sane
1098 4878 1183 4924 est
1206 4883 1268 4923 ac
1291 4884 1585 4924 memorata
1603 4871 1806 4940 Regula

210 4940 335 5009 ﬁdei
388 4942 514 5010 ipse
539 4939 751 4995 libellus
771 4978 787 5005 ,
815 4940 992 5012 quoad
1022 4939 1400 5007 substantiam,
1448 4941 1572 4995 licet
1601 4939 1804 5012 aliqiiot

209 5024 321 5066 non
373 5010 975 5082 exiguisvariantihus
1024 5013 1323 5082 discrepet:
1359 5010 1803 5070 Anathemati’smi

208 5094 340 5137 vero
370 5082 574 5153 partim
603 5080 765 5136 iidem
797 5091 944 5164 sunt,
965 5083 1156 5161 partim
1180 5080 1311 5136 vero
1334 5086 1556 5165 omnino
1575 5085 1798 5140 diversi.

210 5149 348 5209 Vide
374 5155 533 5220 plura
564 5162 677 5207 net.
714 5152 774 5207 ll
808 5167 862 5206 ιιι
893 5151 1110 5208 dissert.
1146 5154 1213 5207 14
1243 5152 1539 5220 ρυεειιθιιι.

439 5168 533 5208 ura
564 5168 677 5207 ηοι.
714 5168 774 5207 Ἰι
808 5168 862 5206 lli
893 5168 1110 5208 disse”.
1146 5168 1213 5207 14
1243 5168 1539 5208 υιιεειιθιιι.

279 5168 348 5209 ne
374 5168 533 5223 plura
564 5168 677 5207 nou.
714 5168 774 5207 ἰι
808 5168 862 5206 ιιι
893 5168 1110 5208 dissert.
1146 5168 1213 5207 u
1243 5168 1539 5220 uue‘snetn.

279 5222 309 5261 ⁴
336 5224 556 5293 Quesn.
577 5223 727 5279 addit
752 5239 923 5278 verum
942 5239 962 5278 :
985 5223 1280 5279 delevimus
1307 5239 1428 5278 cum
1459 5239 1590 5281 mss.
1617 5225 1799 5295 Vind.,

209 5290 454 5362 Tbuaii.,
490 5295 742 5351 Heroval.
777 5304 832 5348 et
866 5295 1079 5349 caeteris
1116 5295 1462 5367 editierox
1499 5297 1640 5366 vulg.
1684 5290 1804 5367 post

210 5368 415 5423 conicit.
437 5367 611 5423 Tolet.
644 5381 679 5431 ι,
714 5375 780 5421 ει·
806 5367 938 5419 hanc
964 5382 1119 5420 unam
1145 5383 1252 5421 esse
1276 5366 1459 5420 divina:
1506 5366 1804 5424 substantia:

211 5434 548 5493 Trinitatem.
574 5436 786 5491 Patrem
813 5445 986 5490 autem
1016 5454 1118 5491 non
1139 5454 1247 5492 esse
1275 5439 1445 5507 ipsum
1477 5436 1695 5494 Filium.

282 5518 311 5546 ο
342 5509 429 5564 Ita
453 5507 806 5594 cothuVindz,‘
825 5513 1142 5594 concinente
1184 5509 1433 5594 Heroval.
1470 5507 1522 5563 In
1555 5510 1800 5594 append.

205 5577 379 5652 Ang.,
410 5581 502 5636 sed
528 5578 857 5652 Filiumiliei
881 5596 987 5634 esse
1014 5591 1210 5652 natum.
1228 5581 1456 5648 Quesn.,
1482 5582 1571 5652 sed
1601 5577 1802 5635 Filium

180 5651 274 5717 ⁸ιιι
295 5650 421 5722 ejus
446 5660 656 5707 natura.
698 5650 890 5707 Melius
920 5652 1064 5722 vulg.
1096 5650 1328 5722 Concil.,
1357 5651 1445 5705 sed
1482 5650 1677 5706 Filium
1700 5652 1802 5707 Dei

206 5722 272 5777 de
300 5722 489 5778 Patris
515 5738 622 5778 esse
637 5732 843 5778 natura.

281 5792 302 5834 ι
342 5797 504 5865 Vulg.
532 5794 761 5855 Concil..
788 5795 1012 5852 Hieron.
1037 5803 1092 5852 et
1120 5796 1257 5867 Aug.
1292 5794 1496 5851 addunt
1529 5791 1793 5865 Filioque,

206 5872 261 5925 et
282 5867 545 5923 similiter
565 5876 685 5936 post
713 5867 986 5933 nonnulla,
1011 5868 1099 5923 sed
1127 5885 1159 5937 a
1184 5866 1337 5931 Patre
1361 5867 1594 5943 Filioque
1612 5868 1720 5924 (vel
1743 5874 1793 5925 et

465 5954 742 6021 Pax-not.
785 5958 944 6023 LVI.

1921 3376 2258 3432 collectionis
2283 3375 2370 3429 hic
2395 3373 2732 3429 exhibemus.
2763 3374 2900 3444 Aug.
2947 3377 3085 3444 App.
3122 3378 3317 3434 omittit
3342 3394 3502 3438 voces

1919 3446 2259 3502 substantiam
2288 3462 2443 3499 unam
2478 3459 2646 3514 usque
2670 3446 2736 3499 ad
2767 3445 3119 3500 indivisibilcm
3145 3448 3427 3506 inclusive.

1992 3518 2007 3569 i
2052 3517 2221 3572 Voces
2237 3516 2313 3570 vel
2342 3517 2574 3588 spiritus,
2593 3532 2619 3569 a
2647 3516 2940 3583 Quesnello
2968 3518 3216 3587 omissas,
3237 3536 3302 3575 ex
3330 3523 3491 3582 codd.

1917 3588 2076 3645 Vind.
2119 3601 2175 3643 et
2210 3588 2410 3643 llerov.
2452 3588 2772 3657 cantet-isque
2824 3589 3035 3642 excusis
3088 3595 3492 3650 revocavimus.

1914 3659 2058 3731 Mox,
2092 3659 2231 3714 Hinc
2268 3659 2426 3729 igitur
2457 3656 2654 3712 Filium
2685 3656 2875 3731 legitur
2905 3660 2956 3713 in
2980 3658 3103 3731 cod.
3145 3661 3315 3717 Oxon.
3446 3694 3457 3731 ι

1986 3728 2013 3768 lt
2037 3731 2192 3801 Vulg.
2224 3728 2359 3797 Aug.
2390 3745 2509 3784 cum
2542 3745 2675 3785 mss.
2707 3728 2867 3785 Vind.
2915 3738 2969 3784 et
3000 3730 3221 3797 Horum,
3253 3734 3306 3787 in
3331 3728 3493 3791 utero.

1915 3801 2163 3878 'l‘huan.,
2185 3801 2560 3878 sanctiﬁcatum
2592 3802 2647 3854 in
2684 3809 2860 3878 utero;
2890 3802 3082 3878 minus
3123 3812 3291 3872 recte,
3326 3807 3497 3878 inquit

1912 3874 2274 3941 Quesnellus;
2306 3874 2398 3926 etsi
2429 3889 2488 3927 eo
2506 3888 2655 3927 sensu
2681 3870 2901 3943 intelligi
2938 3874 3128 3943 possit,
3165 3870 3283 3943 qro
3303 3870 3493 3932 dictum

1913 3956 2016 4018 est:
2043 3947 2212 4015 Quem
2246 3946 2402 3999 Pater
2430 3944 2803 4018 sanctilicavit.
2838 3943 2969 3998 Dein
3003 3943 3131 4000 edit.
3164 3943 3353 4018 Conc.,
3385 3951 3497 4004 sine

1912 4017 2050 4086 virili
2079 4026 2374 4086 generatum
2394 4016 2601 4069 semine.

1990 4084 2198 4157 qulg.
2230 4087 2402 4142 Cone.
2433 4087 2668 4140 addunt:
2693 4084 2892 4141 duabus
2920 4086 3169 4142 duntaxat
3190 4091 3409 4157 naturis,
3441 4092 3497 4146 id

1913 4168 1986 4213 est
2016 4156 2232 4213 Deitatis
2263 4165 2310 4212 et
2337 4160 2525 4224 carnis,
2573 4159 2626 4210 in
2652 4172 2809 4210 unam
2844 4158 3250 4213 convenientibus
3291 4156 3496 4218 omnino

1911 4245 2213 4299 personam,
2236 4229 2289 4282 id
2314 4238 2407 4295 est,
2430 4228 2707 4281 Dominum
2738 4237 2969 4299 nostrum
2996 4226 3170 4283 Jesum
3202 4231 3494 4297 Christum,-

1912 4298 2004 4355 nec
2037 4299 2411 4372 imaginarium
2431 4314 2636 4368 corpus,
2660 4308 2752 4351 aut
2785 4298 3155 4372 pltantasrnatis
3180 4300 3405 4372 alicujus
3440 4306 3495 4358 in

1909 4386 1971 4425 eo
1983 4369 2158 4440 fuisse,
2174 4372 2264 4425 sed
2280 4369 2499 4440 solidum
2514 4382 2666 4440 atque
2687 4385 2854 4423 rerum
2873 4384 2892 4422 :
2906 4370 3041 4423 hunc
3067 4381 3114 4423 et
3145 4369 3492 4438 esurisse,etc.

2049 4442 2211 4497 Iidem
2235 4441 2391 4509 Vulg.
2410 4438 2600 4510 Conc.,
2618 4448 2666 4493 et
2690 4455 2862 4494 omnes
2881 4442 3108 4508 corporis
3126 4442 3348 4515 injurias
3377 4462 3495 4517 per-

1910 4512 2117 4579 tulisse;
2147 4521 2422 4585 postremo.
2619 4534 2625 4541 ·

1983 4592 2011 4619 ιι
2046 4583 2184 4656 βοά.
2215 4585 2451 4648 Thuan.,
2487 4598 2601 4636 cum
2632 4583 2931 4656 discipulis,
2974 4592 3244 4656 antequam
3278 4588 3495 4645 mitteret

1913 4653 2449 4729 Spirituntsanctum,
2495 4669 2643 4729 quem
2665 4655 2822 4729 misit
2868 4654 2992 4729 dum
3015 4656 3084 4729 ad
3102 4653 3282 4712 cretes.
3312 4658 3493 4729 Vind.,

1912 4744 2029 4780 cum
2055 4726 2341 4795 discipulis,
2373 4740 2519 4795 quem
2558 4726 2694 4778 misit
2736 4725 2858 4777 dum
2890 4728 2957 4780 ad
2988 4727 3139 4781 catos
3161 4725 3489 4789 ascendisset.

1911 4797 2096 4867 Melius
2118 4799 2173 4851 in
2207 4805 2342 4867 App.
2384 4801 2540 4864 Aug.,
2572 4811 2687 4849 cum
2718 4798 2986 4864 discipulis
3007 4842 3019 4866 ,
3052 4800 3232 4864 quibus
3258 4813 3491 4858 sanctum

1912 4866 2593 4938 Paracletummisit,rdum
2618 4868 2687 4938 ad
2717 4869 2867 4921 caelos
2903 4869 3234 4927 ascendisset.
3273 4872 3492 4938 Utrique
3570 4876 3577 4881 ’

1913 4954 2043 4994 vero
2072 4948 2405 5009 sequuntur:
2433 4937 2591 4992 Hunc
2630 4936 2826 4992 Filium
2870 4941 3089 4995 hominis
3132 4958 3272 4996 nunc
3295 4936 3488 5000 vocari.

1915 5009 2369 5065 Resurrectionem.
2397 5010 2572 5063 Oxon.
2590 5010 2731 5071 delet
2752 5024 2913 5066 voces
2930 5011 3085 5065 Hunc
3104 5010 3301 5066 Filium
3325 5014 3490 5069 Itami-

1910 5081 1990 5136 nis
2016 5096 2185 5151 usque
2213 5084 2289 5135 ad
2310 5081 2630 5151 conﬁtemur.
2649 5080 2838 5134 Verior
2865 5083 3021 5138 lectio
3044 5084 3094 5135 in
3123 5083 3274 5151 Vulg.
3296 5083 3484 5150 (Ionc.,

1908 5168 2027 5225 cum
2047 5154 2313 5225 discipulis
2334 5154 2440 5206 suis
2461 5152 2917 5225 etgquadragesima
2941 5164 3054 5225 post
3077 5154 3489 5209 resurrectionem

1907 5224 1993 5277 die
2012 5224 2079 5276 ad
2108 5225 2293 5277 caelum
2316 5222 2624 5277 ascendisse.
2667 5222 2824 5276 Hunc
2850 5222 3045 5277 Filium
3078 5224 3298 5277 hominis
3336 5226 3489 5279 etiam

1910 5294 2008 5347 Dei
2028 5292 2228 5348 Filium
2257 5295 2396 5359 dici;
2428 5292 2625 5347 Filium
2654 5303 2823 5348 autem
2854 5293 2951 5347 Dei
2984 5293 3257 5347 Dominum
3293 5294 3489 5350 Filium

1908 5362 2131 5421 hominis
2160 5365 2501 5437 appellamus.
2528 5362 2966 5437 Resurrectionem
2994 5380 3109 5418 vero
3135 5366 3362 5433 futurum
3394 5369 3489 5420 Im-

1906 5451 2098 5504 manw,
2129 5436 2233 5491 e‘lc.
2257 5436 2429 5491 Oxon.
2453 5437 2655 5491 omittit
2678 5436 2931 5490 Immanis.
3058 5494 3059 5497 η

1982 5515 2007 5541 ο
2036 5508 2169 5563 Cod.
2198 5508 2395 5563 llerov.
2416 5550 2431 5574 ,
2454 5508 2542 5562 sed
2567 5516 2790 5560 creatam
2835 5507 3009 5560 divina
3056 5506 3312 5561 voluntate
3331 5549 3346 5573 ,
3390 5525 3492 5563 non
3534 5515 3542 5520 ”

1906 5577 2224 5649 prolapsam.
2248 5579 2404 5633 Vind.
2429 5593 2491 5632 ac
2528 5578 2764 5649 Thuan.,
2787 5578 2876 5631 sed
2901 5585 3186 5631 creaturam
3212 5579 3384 5633 divina
3406 5597 3493 5634 uo-

1906 5647 2106 5703 lunta9e
2145 5667 2245 5704 non
2273 5654 2590 5722 prolapsam.
2614 5647 2692 5722 ita
2727 5650 2974 5722 etiamin
3016 5651 3153 5717 App.
3187 5651 3349 5721 Aug.,
3374 5668 3496 5721 qum

1908 5724 2080 5775 solum
2105 5722 2251 5776 delet
2274 5718 2404 5776 non.
2434 5720 2573 5774 Edit.
2607 5718 2798 5786 Conc.,
2831 5719 2919 5773 sed
2947 5729 3232 5774 creaturam
3276 5718 3494 5778 dicimus

1905 5791 2082 5845 diuina
2110 5793 2370 5846 roluntate
2386 5798 2628 5846 creatam.
2656 5790 2716 5846 Si
2745 5791 2857 5860 quis
2879 5799 3049 5849 autem
3069 5792 3254 5846 dixerit
3276 5804 3364 5861 aut
3387 5809 3495 5851 ονε.

1901 5863 2112 5921 diderit.
2147 5862 2303 5931 Vind.
2329 5877 2450 5920 cum
2478 5868 2615 5937 App.
2639 5864 2801 5937 Ausa,
2823 5872 2975 5937 atque
3008 5864 3307 5935 crediderit.

3263 5959 3341 6025 19
