3992 6348
544 427 647 486 687

1456 405 1798 466 APPENDIX
1836 404 1926 460 AD
1966 402 2023 459 S.
2067 399 2309 457 LEUNIS
2348 396 2560 459 MAGNI
2596 396 2844 455 OPERA.

612 543 670 599 Si
692 540 812 612 quis
849 552 979 610 ergo
1016 535 1206 592 dixerit
1234 532 1319 588 vel
1344 528 1633 585 crediderit
1670 540 1699 580 a
1732 526 1841 580 Deo
1874 522 2113 591 omnipoc
2142 522 2196 581 Α
2292 506 3147 612 haematitis-in.
3186 505 3239 563 Ν
3248 548 3262 565 .
3290 506 3418 563 Jesu
3438 504 3619 563 Christi
3647 509 3763 563 indi.

544 644 691 693 lente
720 632 976 689 mundum
1017 630 1157 683 hunc
1190 628 1385 681 factum
1418 638 1523 677 non
1572 619 1760 683 fuisse,
1797 626 1957 685 atque
2005 612 2120 683 ejus

544 729 721 785 omnia
754 726 1134 785 instrumenta;
1164 717 1447 773 anathema
1479 714 1564 767 sit.

616 821 675 877 Si
704 816 826 888 quis
853 812 1141 870 crediderit
1161 818 1318 878 atque
1332 805 1525 860 dixerit
1552 803 1717 857 Deum
1744 802 1951 855 Patrem
1970 814 2117 853 eum-

546 915 667 970 dem
698 910 890 965 Filium
919 920 1058 973 esse,
1098 904 1182 959 vel
1214 900 1568 963 Paraclitum;
1601 896 1885 950 anathema
1914 894 2003 947 sit.

614 1005 675 1061 Si
697 1002 815 1073 quis
841 1000 1035 1056 dixerit
1061 1007 1220 1067 atque
1242 992 1533 1049 crediderit
1562 999 1588 1028 α
1609 990 1893 1045 Dominum
1920 987 2116 1042 Filium

545 1096 798 1155 eumdem
827 1108 980 1163 esse,
1020 1091 1105 1148 vel
1134 1090 1366 1155 Patrem,
1399 1086 1483 1141 vel
1514 1083 1869 1149 Paraclitum;
1900 1082 2125 1136 anathe-

545 1206 631 1249 ma
662 1193 753 1246 sit.
1292 1180 1297 1185 ’

617 1285 781 1358 284,
805 1282 836 1323 b
858 1282 915 1340 Si
944 1281 1061 1351 quis
1089 1279 1285 1334 dixerit
1325 1275 1645 1331 Paraclitum
1689 1273 1945 1344 Spiritum
1974 1287 2123 1327 eum-

547 1381 667 1436 dem
688 1390 809 1433 esse
832 1375 915 1430 vel
937 1374 1170 1437 Patrem,
1194 1370 1281 1424 vel
1310 1369 1534 1434 Filium;
1562 1368 1847 1423 anathema
1870 1366 1959 1422 sit.

624 1482 646 1510 ο
675 1471 731 1526 Si
763 1469 881 1539 quis
909 1465 1109 1521 dixerit
1134 1472 1295 1533 atque
1323 1461 1613 1518 crediderit
1640 1460 1913 1516 hominem
1942 1460 2123 1515 Jesum

549 1566 822 1621 Christum
849 1578 878 1616 a
901 1559 1040 1616 Filio
1061 1558 1156 1615 Dei
1181 1565 1512 1628 assumptum
1540 1572 1647 1613 non
1679 1556 1879 1623 fuisse;
1905 1555 2128 1612 anathe-

550 1673 635 1714 ma
666 1658 755 1712 sit.
1982 1710 1983 1713 η

624 1750 651 1786 ά
676 1748 730 1804 Si
753 1746 873 1817 quis
894 1744 1088 1802 dixerit
1110 1752 1270 1816 atque
1293 1742 1584 1801 crediderit
1614 1742 1809 1799 Filium
1843 1740 1937 1798 Dei
1958 1742 2124 1797 Deum

552 1858 796 1914 passum;
827 1840 1109 1895 anathema
1139 1838 1228 1895 sit.

2291 596 2449 643 screte
2476 597 2523 643 et
2545 587 2780 642 distincte
2808 581 3148 637 manentibus.

2231 746 2249 788 ί
2279 748 2459 806 Sancti
2488 746 2698 805 illum
2716 740 3046 801 Pietavensis
3065 738 3301 810 episcopi
3324 735 3698 810 eticonl'essoris
3716 736 3780 794 de

2595 817 2727 874 Fide
2757 814 3019 872 catholica
3036 809 3177 868 libro
3197 809 3453 867 secundo.
3722 816 3725 821 '

2297 980 2526 1036 Humani
2557 977 2701 1035 enim
2727 977 2939 1049 generis
2990 988 3151 1031 causa
3178 972 3276 1028 Dei
3316 971 3487 1027 Filius
3532 978 3677 1025 natus
3716 985 3771 1029 ex

2226 1074 2447 1144 Virgine
2482 1082 2535 1128 et
2564 1071 2764 1141 Spiritu
2795 1076 2979 1124 sancto
3007 1068 3124 1137 ipso
3154 1066 3258 1121 sibi
3287 1066 3343 1119 in
3373 1064 3473 1118 hac
3500 1064 3776 1132 operatione

2226 1172 2499 1231 consorte,
2539 1171 2595 1219 et
2642 1177 2767 1229 sua,
2794 1158 3046 1215 videlicet
3066 1157 3159 1213 Dei
3187 1195 3205 1223 ,
3236 1157 3566 1212 inumbrante
3584 1154 3777 1217 virtute.

2228 1258 2467 1328 corporis
2496 1256 2595 1312 sibi
2628 1255 2778 1310 initia
2817 1253 3076 1317 eonsevit,
3108 1260 3160 1305 et
3190 1247 3408 1304 exordia
3457 1248 3626 1303 carnis
3652 1246 3779 1305 insti-

2230 1352 2347 1415 tuit,
2383 1359 2438 1403 ut
2471 1349 2632 1403 homo
2665 1349 2833 1401 lactus
2864 1360 2929 1399 ex
2956 1343 3177 1411 Virgine
3198 1350 3447 1395 naturam
3478 1339 3528 1393 in
3549 1354 3607 1395 se
3629 1337 3782 1393 carnis

2228 1443 2518 1511 acciperet,
2548 1455 2750 1513 perque
2772 1438 2932 1508 hujus
2957 1434 3347 1505 assumptionisr
3363 1432 3664 1488 societatem
3680 1446 3784 1485 san-

2229 1535 2520 1592 ctiﬁcatum
2549 1536 2602 1591 in
2625 1549 2691 1591 eo
2719 1531 2954 1589 universi
2984 1529 3195 1602 generis
3223 1527 3443 1584 humani
3476 1540 3663 1597 corpus
3690 1525 3782 1579 exi-

2230 1636 2435 1683 steret:
2470 1637 2529 1682 ut
2550 1626 2997 1698 quemadmodum
3031 1635 3220 1679 omnes
3246 1620 3299 1675 in
3331 1634 3392 1676 se
3420 1661 3435 1687 ,
3477 1634 3566 1688 per
3588 1618 3636 1673 id
3663 1617 3783 1688 quod

2230 1736 2549 1792 corporeum
2576 1735 2635 1775 se
2655 1734 2778 1776 esse
2799 1718 2990 1785 voluit,
3011 1714 3402 1788 conderentur;
3418 1713 3489 1768 ita
3516 1726 3713 1768 rursum
3739 1710 3780 1764 in

2235 1830 2428 1872 omnes
2455 1816 2569 1886 ipse
2592 1829 2686 1885 per
2712 1812 2763 1869 id
2791 1811 2933 1883 quod
2958 1810 3073 1881 ejus
3101 1814 3185 1865 est
3206 1806 3482 1864 invisibile
3506 1803 3783 1860 referretur.

625 1935 679 1992 Si
720 1933 840 2004 quis
865 1934 1062 1989 dixerit
1098 1941 1255 2002 atque
1300 1928 1591 1986 crediderit
1625 1928 1891 1983 hominem
1944 1929 2125 1983 Jesum

2242 1909 2331 1965 Dei
2363 1909 2521 1980 igitur
2565 1909 2737 1977 imago
2762 1904 3042 1961 invisibilis
3079 1901 3336 1972 pudorem
3366 1899 3582 1954 humani
3605 1895 3784 1953 exordii

553 2030 819 2086 Christum
836 2031 1107 2085 hominem
1122 2028 1191 2084 im
1202 2026 1508 2097 passibilem
1525 2024 1689 2079 fuisse
1705 2040 1718 2088 ;
1744 2023 2025 2078 anathema
2041 2023 2129 2077 sit.

622 2126 678 2183 Si
704 2127 822 2197 quis
849 2124 1043 2181 dixerit
1068 2132 1229 2193 atque
1252 2121 1540 2177 crediderit
1570 2122 1798 2175 alterum
1828 2119 1993 2174 Deum
2012 2134 2132 2175 esse

550 2221 745 2292 priscae
773 2220 935 2292 legis,
969 2220 1197 2275 alterum
1229 2216 1673 2285 Evangeliorum;
1704 2213 1990 2291 anathema
2040 2214 2129 2268 sit.

606 2314 678 2372 ‘Si
707 2315 826 2386 quis
853 2312 1051 2368 dixerit
1074 2319 1233 2380 atque
1253 2307 1543 2363 crediderit
1564 2306 1633 2361 ab
1648 2307 1819 2361 altero
1846 2305 1958 2360 Deo
1979 2320 2134 2359 mun-

551 2410 681 2466 dum
712 2416 737 2445 ο
763 2406 927 2462 fuisse
957 2404 1154 2459 factum
1203 2416 1364 2472 quam
1392 2401 1459 2454 ab
1496 2399 1588 2453 illo
1619 2398 1687 2453 de
1733 2413 1838 2468 quo
1870 2397 2130 2465 scriptum

552 2512 673 2562 est:
706 2501 773 2556 In
796 2500 1050 2572 principio
1088 2498 1227 2552 Deus
1255 2496 1373 2566 fecit
1411 2493 1595 2548 cretum
1630 2502 1677 2547 et
1707 2501 1892 2547 terram
1917 2490 2130 2563 (Cenes.

552 2611 592 2655 I.
625 2597 680 2665 i)
706 2614 719 2649 :
742 2595 837 2665 qui
865 2594 1014 2649 solus
1038 2592 1179 2647 Deus
1209 2605 1372 2647 verus
1392 2598 1504 2655 est;
1533 2590 1816 2643 anathema
1845 2589 1934 2643 sit.

624 2690 681 2745 Si
712 2688 832 2759 quis
865 2687 1062 2743 dixerit
1088 2695 1247 2755 atque
1300 2682 1590 2739 crediderit
1639 2696 1862 2752 corpora
1904 2683 2133 2738 humana

557 2781 578 2820 ί
603 2796 709 2839 non
737 2787 1108 2835 resurrectnra
1134 2785 1254 2845 post
1277 2785 1535 2841 mortem;
1566 2774 1850 2829 anathema
1874 2774 1963 2828 sit.

623 2876 680 2931 Si
709 2875 828 2945 quis
853 2872 1050 2928 dixerit
1078 2880 1240 2938 atque
1263 2868 1554 2925 crediderit
1583 2868 1815 2923 animam
1847 2867 2134 2923 humanam

555 2972 652 3028 Dei
694 2971 993 3041 portionem
1024 2967 1108 3024 vel
1139 2964 1233 3023 Dei
1264 2980 1385 3023 esse
1429 2964 1820 3031 substantiam;
1853 2963 2135 3020 anathema

554 3065 645 3121 sit.

570 3206 579 3214 .
622 3156 680 3212 Si
712 3155 831 3227 quis
861 3154 1063 3225 aliquas
1093 3152 1401 3223 Scripturas
1447 3160 1643 3221 praeter
1673 3165 1765 3207 eas
1799 3164 1929 3222 quas
1952 3148 2138 3204 catho-

554 3246 657 3305 lica
692 3249 931 3305 Ecclesia
980 3247 1220 3317 recepit,
1249 3246 1335 3302 vel
1365 3246 1418 3301 in
1459 3246 1832 3301 auctoritatem
1866 3244 2139 3300 habendas

556 3355 679 3402 esse
702 3352 728 3394 ι
754 3341 1064 3411 crediderit,
1100 3341 1185 3397 vel
1211 3341 1369 3397 fuerit
1390 3348 1704 3406 veneratus;
1729 3338 2012 3396 anathema
2044 3339 2132 3395 sit.

947 3518 1110 3591 285
1150 3516 1544 3574 CAPITULUM
1586 3515 1722 3572 XLI.

560 3674 592 3721 ί
612 3675 866 3751 Exempla
887 3674 1290 3734 testimoniorum
1314 3681 1610 3730 sanctorum
1640 3672 1859 3730 Patrum
1878 3715 1893 3743 ,
1923 3674 1986 3730 de
2015 3673 2137 3729 dua-

630 3985 659 4015 ι
688 3976 823 4045 App.
858 3975 1019 4046 Aug.,
1046 3972 1230 4045 [Deum
1274 3970 1493 4027 Filium.
1538 3970 1730 4027 Melius
1760 3972 1902 4042 vulg.
1942 3967 2133 4040 Conc.,

560 4045 660 4105 Dei
689 4044 906 4099 Filium.

612 4063 659 4101 ει
689 4063 725 4098 I'
741 4063 906 4099 mum.

630 4114 659 4155 ι’
686 4115 842 4184 Vulg.
859 4115 1052 4185 Conc.,
1082 4115 1142 4171 Si
1166 4115 1275 4184 quis
1292 4114 1476 4185 dixerit
1498 4114 1575 4168 vel
1603 4113 1871 4185 crediderit
1896 4111 2147 4185 Paracle-

564 4195 671 4241 tum
691 4186 767 4241 vel
798 4183 1011 4243 Patrem
1030 4183 1158 4250 esse,
1180 4183 1270 4238 ’vet
1310 4183 1524 4247 Filium,
1549 4194 1652 4239 etc.
1684 4184 1829 4239 ldem
1859 4194 1940 4238 est
1970 4184 2022 4237 in
2040 4200 2143 4239 ms.

564 4257 723 4313 Vind.
758 4256 943 4313 Solum
971 4266 1093 4328 post
1123 4256 1455 4311 Paractetum
1485 4254 1632 4328 addit
1662 4254 1933 4328 Spiritum.

638 4343 658 4367 η
683 4329 779 4384 Hic
792 4340 845 4385 et
864 4326 1272 4400 duo'sequentes
1292 4327 1720 4400 anathematismi
1738 4326 1895 4382 aliter
1924 4328 1975 4400 in
1995 4326 2143 4400 vulg.

562 4399 770 4457 Concil.
803 4408 857 4457 et
879 4398 1074 4457 melius
1090 4400 1409 4456 etl'eruntur.
1443 4398 1503 4454 Si
1525 4398 1843 4469 quisdixerit
1867 4398 1944 4452 uel
1973 4398 2143 4452 credi-

566 4474 699 4525 derit
726 4489 927 4527 carnem
953 4482 1146 4527 tantum
1170 4476 1279 4526 sine
1304 4471 1477 4525 anima
1501 4467 1545 4524 a’
1562 4468 1610 4521 F
1614 4467 1705 4523 ilio
1738 4468 1832 4523 Dei
1871 4470 2030 4541 fuisse
2060 4486 2148 4524 su-

566 4551 827 4667 scegtam;
866 4545 1135 4599 anathema
1161 4545 1249 4598 sit.

685 4614 834 4667 iouis
861 4616 1043 4667 dixerit
1080 4615 1157 4667 uel
1201 4630 1249 4667 er

685 4614 834 4683 iquis
861 4616 1043 4668 dixerit
1080 4615 1157 4669 uel
1201 4613 1474 4669 crediderit
1497 4610 1756 4667 Christum
1793 4610 2149 4666 innascibilcm

567 4683 687 4754 (ah,
716 4684 1104 4754 iinpassibitem)
1118 4700 1223 4739 esse
1236 4701 1254 4750 ;
1276 4687 1546 4739 anathema
1568 4685 1655 4738 sit.

635 4752 690 4835 Si
719 4752 832 4825 quis
846 4755 1031 4835 dixerit
1057 4752 1138 4835 vel.
1148 4754 1420 4835 crediderit
1448 4754 1703 4835 Deitatem
1730 4752 1922 4810 Christi
1939 4768 2149 4809 conver-

567 4824 759 4895 tibilem
780 4841 884 4880 esse
903 4826 980 4880 vel
1002 4826 1287 4895 passibitem
1303 4841 1321 4888 ;
1339 4824 1610 4879 anathema
1634 4827 1719 4880 sit.

567 4965 584 4978 .
636 4892 664 4933 ἀ
694 4896 823 4978 (2οάἷ
839 4892 1076 4978 Thuan.,
1097 4894 1157 4952 Si
1184 4898 1295 4978 quis
1316 4913 1418 4950 non
1442 4897 1731 4978 crediderit.
1748 4896 2142 4964 Notat.Quesn.

565 4965 624 5021 in
654 4968 924 5039 margine:
956 4965 1132 5021 Bonus
1162 4965 1422 5039 utriusque
1450 4968 1680 5023 lectionis
1705 4984 1880 5039 sensus
1920 4985 2025 5023 esse
2053 4984 2146 5033 po-

566 5046 681 5092 test.
716 5038 885 5093 lmmo
908 5039 1066 5107 hujus
1094 5038 1361 5104 lectionis,
1394 5054 1551 5108 quam
1599 5054 1664 5095 ex
1713 5038 1920 5093 Thuan.
1961 5039 2147 5094 codice

564 5108 759 5179 afﬁxit,
788 5123 978 5166 sensus
1008 5124 1294 5179 perversus
1321 5118 1427 5175 est,
1459 5110 1562 5165 nisi
1603 5111 1914 5179 suppleatur
1950 5111 2148 5165 Filium

564 5178 855 5304 gei‘lDeum
884 5190 930 5236 et
967 5178 1223 5237 hominem
1253 5182 1573 5235 humanitate
1620 5178 1847 5250 passum,
1888 5184 1972 5237 vel
2003 5182 2146 5236 aliud

596 5266 685 5304 lml
711 5266 761 5304 e.

562 5264 761 5307 Slmlle.

642 5330 665 5357 ο
698 5322 929 5378 Verbum
962 5323 1119 5393 fuisse
1148 5323 1454 5379 addidimus
1481 5339 1550 5379 ex
1582 5338 1684 5379 ins.
1707 5323 1889 5389 Vind.,
1922 5324 2007 5379 cui
2031 5323 2147 5378 suf-

566 5391 843 5462 fragantur
872 5391 1010 5464 App.
1038 5395 1175 5465 Aug.
1216 5406 1270 5451 et
1295 5395 1438 5465 vulg.
1467 5395 1676 5450 Concil.
1719 5395 1775 5450 ln
1819 5395 1899 5449 his
1934 5403 2146 5465 postre-

564 5470 669 5537 mis
706 5464 901 5537 legitur
927 5464 1323 5537 factum’fuisse,
1357 5476 1403 5521 et
1432 5481 1535 5521 non
1552 5466 1615 5520 ab
1641 5481 1700 5521 eo
1728 5466 1793 5520 de
1819 5481 1917 5536 quo
1934 5464 1953 5533 ς
1977 5476 2030 5522 et
2057 5466 2151 5521 de-

566 5531 681 5589 lent
706 5531 793 5604 qui
820 5531 962 5591 solus
990 5536 1129 5592 Deus
1149 5531 1425 5593 'verus’est.

642 5603 662 5641 ί
695 5603 853 5682 Vulg.
880 5608 1116 5682 Gon_cil.,
1134 5626 1236 5664 non
1265 5625 1548 5682 resurgere.

642 5685 673 5751 tt
694 5675 769 5732 Ita
787 5675 919 5735 mss.
944 5679 1100 5751 Vind.
1123 5689 1178 5736 et
1200 5682 1396 5736 Heruv.
1411 5675 1543 5736 'cum
1563 5677 1810 5751 Append.
1831 5680 1967 5749 Aug.
1985 5678 2149 5746 Ques-

568 5746 760 5830 ttel‘lus.
780 5764 904 5805 cum
933 5748 1136 5830 01:09.,
1170 5754 1436 5824 receperit,
1461 5752 1543 5830 uel
1584 5746 1737 5823 fuerit
1763 5746 2067 5830 veneratus;
2097 5759 2151 5805 et

570 5825 726 5907 πὲρι
737 5820 801 5907 in
828 5836 1029 5907 marg..‘:
1046 5820 1183 5907 forte
1200 5820 1494 5907 praeceperit
1518 5820 1614 5906 pro
1631 5823 1895 5907 receperit.
1912 5822 2146 5907 Thuan.,

569 5882 804 5947 Ecclesia
833 5882 1025 5961 reciiit.
1052 5893 1129 5951 uel
1150 5882 1263 5952 ante
1286 5896 1340 5949 in
1358 5882 1722 5953 auctoritatem
1745 5882 1992 5950 habendw
2008 5902 2129 5950 sunt

2174 4796 2231 4858 D

2240 2019 2345 2059 non
2369 2001 2729 2067 recusavit,et
2761 2013 2854 2067 per
2883 1995 3309 2067 condeptionem,
3337 2002 3571 2063 partum,
3587 1990 3785 2059 vagitum

2239 2106 2293 2154 et
2312 2111 2499 2162 cunas,
2516 2108 2704 2150 omnes
2725 2104 2931 2147 natura:
2952 2099 3149 2145 nostra:
3170 2085 3526 2143 contumelias
3548 2093 3787 2138 transcur-

2238 2192 2328 2247 rit.
2378 2189 2515 2257 Quid
2548 2187 2760 2244 tandem
2800 2202 2830 2239 τί
2864 2185 3016 2239 nobis
3044 2182 3263 2252 dignum
3292 2186 3455 2234 tanta:
3493 2176 3786 2247 dignationis

2241 2284 2257 2337 i
2278 2284 2487 2340 aﬂ'ectui
2501 2280 2854 2353 rependetur?
2876 2275 3248 2334 lnenarrabilis
3269 2290 3296 2328 a
3318 2274 3431 2329 Deo
3444 2273 3664 2343 originis
3678 2283 3790 2325 unus

2238 2376 2542 2446 unigenitus
2558 2372 2698 2429 Deus
2714 2372 2767 2426 in
2795 2368 3097 2439 corpusculi
3122 2366 3339 2421 humani
3364 2362 3595 2419 formam
3616 2370 3787 2418 sanctis

2237 2467 2478 2539 Virginis
2511 2475 2661 2522 utero
2688 2464 2921 2519 insertus
2943 2459 3224 2526 accrescit,
3251 2469 3304 2517 et
3332 2458 3424 2528 qui
3446 2457 3682 2513 continet
3700 2468 3790 2509 om-

2238 2560 2350 2628 nia,
2379 2568 2432 2614 et
2453 2560 2591 2615 intra
2611 2572 2791 2628 quem,
2811 2564 2866 2613 et
2896 2570 2989 2625 per
3014 2568 3173 2624 quem
3196 2560 3388 2607 cuncta
3424 2560 3571 2614 sunt,
3608 2546 3792 2605 humani

2238 2660 2425 2727 partus
2450 2652 2567 2720 lege
2592 2649 2879 2727 profertur,
2905 2656 2959 2702 et
2988 2644 3053 2701 ad
3075 2644 3229 2715 cujus
3257 2658 3440 2698 vocem
3467 2641 3643 2713 angeli
3665 2649 3795 2709 atque

2238 2724 2543 2813 archangeli
2576 2724 2833 2807 tremunt,
2881 2738 3077 2794 cmlum
3100 2744 3155 2792 et
3176 2745 3316 2791 terra
3336 2777 3350 2799 ,
3375 2742 3432 2791 et
3458 2734 3637 2789 omnia
3666 2730 3794 2799 hujus

2240 2836 2426 2892 mundi
2449 2835 2780 2891 resolventur
2808 2833 3096 2898 elementa,
3119 2827 3147 2868 ¹ι
3173 2822 3412 2885 infantiae
3436 2828 3647 2898 vagitus
3670 2822 3795 2878 audi-

2239 2936 2357 2995 tur;
2391 2939 2445 2984 et
2466 2928 2555 2998 qui
2588 2925 2874 2987 invisibilis
2912 2932 2968 2981 et
2997 2918 3561 2992 incomprehensibilis
3585 2927 3679 2984 est,
3710 2928 3795 2970 non

2240 3020 2384 3087 visu,
2412 3035 2595 3085 sensu,
2630 3028 2879 3087 tactuque
2898 3014 3279 3079 ino‘derandus,
3306 3013 3464 3069 cuuis
3494 3022 3581 3067 est
3605 3008 3796 3066 obvolu-

2242 3124 2351 3170 tus.
2378 3113 2504 3168 Hzee
2529 3113 2575 3168 si
2598 3112 2715 3180 quis
2736 3111 2951 3182 indigna
2973 3108 3084 3164 Deo
3104 3108 3312 3176 recolit,
3338 3116 3491 3162 tanto
3519 3121 3581 3162 se
3613 3101 3797 3174 majoris

2242 3204 2493 3263 beneﬁcii
2539 3204 2828 3259 obnoxium
2858 3201 3232 3266 conﬁtebitur,
3277 3208 3481 3270 quanto
3510 3199 3681 3254 minus
3707 3194 3797 3249 hac

2166 3309 2213 3377 ο
2245 3297 2341 3355 Dei
2373 3299 2697 3354 c0nveniunt
2727 3295 3014 3367 majestati.
3044 3294 3161 3350 Non
3193 3294 3280 3349 ille
3308 3294 3455 3364 eguit
3484 3294 3645 3349 homo
3666 3287 3796 3355 eilici,

2249 3410 2345 3467 per
2364 3409 2521 3465 quem
2551 3394 2712 3449 homo
2736 3392 2909 3448 factus
2936 3398 3055 3457 est;
3080 3388 3173 3446 sed
3197 3386 3294 3443 nos'
3324 3387 3492 3459 236
3517 3386 3744 3457 eguimns
3758 3389 3799 3436 ut

2246 3487 2392 3544 Deus
2415 3486 2434 3524 ι
2455 3501 2581 3543 caro
2608 3485 2761 3541 ﬁeret
2780 3496 2834 3540 et
2854 3484 3119 3540 habitaret
3144 3482 3198 3537 in
3227 3481 3412 3548 nobis;
3438 3479 3498 3535 id
3526 3488 3607 3535 est
3626 3487 3799 3533 assum-

2246 3580 2429 3650 ptione
2446 3579 2624 3634 carnis
2642 3578 2796 3633 unius
2825 3577 3033 3633 interna
3057 3575 3320 3631 universa:
3346 3572 3531 3629 carnis
3552 3569 3798 3626 incoleret.

2245 3672 2534 3732 Humilitas
2577 3672 2693 3744 ejus
2738 3678 2921 3729 nostra
2948 3678 3032 3728 est
3058 3667 3333 3737 nobilitas,
3364 3662 3686 3723 contumelia
3709 3656 3802 3730 eius

2249 3971 2563 4026 crediderit:
2592 3970 2773 4026 minus
2798 3969 2959 4026 bene.
2988 3969 3045 4024 In
3076 3967 3224 4036 vulg.
3257 3965 3480 4036 Concil._
3504 3964 3594 4036 hic
3618 3956 3802 4036 anellis

2250 4044 2535 4098 matismus
2564 4043 2722 4098 aliter
2748 4042 3065 4097 exhibetur:
3093 4039 3154 4094 Si
3174 4028 3287 4103 aut.
3312 4034 3503 4087 dixerit
3520 4034 3595 4087 vel
3612 4028 3803 4103 credide-

2250 4115 2318 4167 rit
2347 4114 2478 4168 atias
2504 4112 2827 4179 Scripturas,
2857 4121 3039 4179 prieter
3062 4102 3447 4179 quasAEcclesia
3481 4102 3722 4179 catholica
3743 4114 3803 4152 re-

2253 4185 2397 4251 cipit,
2418 4185 2472 4233 in
2497 4177 2798 4234 auctaritate
2823 4178 3113 4251 habendas,
3126 4177 3207 4229 vel
3227 4191 3331 4251 esse
3346 4177 3658 4251 venerandus
3670 4189 3687 4238 ;
3705 4185 3803 4251 (tutt-

2252 4241 2423 4308 th'enta
2450 4253 2535 4305 sit.
2570 4251 2701 4307 Dein
2730 4265 2823 4305 sex
2858 4250 2946 4302 alii
2974 4241 3407 4303 anathematismi
3438 4247 3695 4301 adversus
3714 4241 3803 4296 Pri-

2254 4323 2605 4380 scillianistas
2632 4322 2922 4386 adduntur,
2948 4321 3037 4390 qui
3061 4321 3113 4375 in
3139 4325 3322 4373 nostra
3343 4317 3666 4373 collectione
3698 4312 3804 4369 etin

2254 4394 2504 4464 Append.
2530 4394 2812 4454 Augustini
2834 4393 3229 4464 desiderantur.

2330 4454 2358 4503 Β
2388 4466 2446 4520 ln
2475 4466 2595 4520 cod.
2619 4462 3069 4520 Vind.titulilocu
3103 4462 3328 4515 habetur
3350 4470 3561 4514 tantum
3587 4454 3805 4524 Empta

2257 4537 2681 4593 testimoniorum.
2718 4534 2851 4589 Cum
2877 4549 3005 4589 vero
3046 4534 3097 4588 in
3138 4542 3321 4587 nostra
3358 4530 3679 4586 collectione
3715 4526 3804 4579 haec

2255 4609 2443 4664 eadem
2476 4606 2781 4663 testimonia
2809 4608 3001 4661 iterum
3028 4605 3408 4668 exhibeantur,
3437 4616 3562 4671 cap.
3596 4600 3679 4663 67,
3703 4604 3799 4667 post

2254 4679 2536 4749 epistolam
2558 4679 2614 4736 S.
2636 4678 2831 4745 Leonis
2859 4677 2924 4732 ad
2951 4678 3179 4733 Leonem
3197 4672 3520 4749 Augustum,
3540 4685 3690 4749 quam
3708 4680 3804 4749 euut

2254 4738 2446 4806 iisdem
2479 4738 2801 4806 testimoniis
2830 4749 3074 4806 dedimus
3123 4755 3254 4801 tom.
3282 4738 3332 4807 Ῑ,
3360 4738 3527 4815 epist.
3557 4738 3690 4805 165,
3720 4738 3803 4793 col.

2263 4821 2705 4886 l585.varianles
2733 4821 3063 4877 diversarum
3093 4814 3471 4873 collectionum
3496 4814 3687 4886 ibidem
3709 4822 3804 4879 pro-

2259 4884 2532 4949 duximus.
2564 4894 2641 4948 Eo
2668 4893 2829 4963 igitur
2865 4892 3095 4963 lectores
3121 4890 3493 4963 remittentes,
3529 4884 3613 4963 hic
3635 4890 3805 4963 tantum

2259 4964 2329 5021 ad
2351 4955 2851 5034 praestantissimum
2880 4960 3291 5034 Vind.coilicei_n
3321 4958 3481 5027 hujus
3509 4955 3806 5034 collectionis

2244 5047 2314 5097 et
2343 5026 2526 5091 titulos
2554 5038 2874 5106 exegimus,
2894 5044 2948 5106 et
2985 5030 3226 5106 quaedam
3257 5029 3373 5084 loca
3396 5026 3806 5106 emendavimus.

2258 5107 2337 5161 uti
2366 5107 2468 5161 hoc
2497 5097 2683 5176 capite
2699 5106 2763 5160 41
2808 5097 3414 5176 ἰῦἱίιεῐη’“β[οῐρι·υῃιωςε
3448 5097 3594 5176 quod
3619 5105 3807 5176 semper

2259 5170 2769 5247 Subintelligendum
2800 5186 2915 5240 est,
2951 5170 3049 5229 ubi
3064 5174 3334 5242 Quesnelli
3363 5171 3597 5227 lectione
3619 5170 3669 5224 in
3692 5170 3805 5239 netis

2260 5247 2458 5326 rejects
2476 5258 2677 5304 textum
2700 5248 3051 5326 correximus.

2336 5317 2352 5357 ί
2387 5320 2473 5375 Sic
2510 5303 2583 5375 ex
2602 5303 2708 5374 ms.
2742 5303 2902 5374 Vind.
2933 5316 3296 5385 Quesnellus:
3330 5314 3413 5370 Ea:
3457 5313 3590 5368 libro
3619 5303 3807 5385 secundo

2256 5400 2434 5446 contra
2462 5390 2680 5446 Arianos
2705 5392 2866 5445 sancti
2887 5378 3084 5444 Hilarii
3115 5386 3432 5442 Pictavensis
3446 5380 3690 5457 episcopi.
3710 5378 3807 5457 Mox

2258 5477 2325 5518 ex
2346 5462 2537 5547 eodem
2569 5462 2755 5546 codice
2782 5461 3095 5533 particulam
3132 5459 3267 5514 enim
3296 5473 3327 5514 a
3355 5454 3642 5526 QueSnello
3668 5454 3810 5506 omis-

2259 5548 2373 5589 sam
2393 5548 2737 5590 lnSCI‘UImUS.

2261 5604 2475 5730 datalia
2512 5605 2654 5662 idem
2679 5603 2799 5663 cod.
2830 5602 2992 5661 Vind.
3027 5601 3349 5671 Quesnellus
3370 5640 3387 5669 ,
3415 5598 3604 5669 «facta
3638 5593 3811 5663 impen-

2300 5684 2430 5730 etur.

2329 5726 2607 5820 S'Duesu.
2621 5748 2809 5820 inserit
2835 5750 2946 5820 ejus
2977 5761 2997 5806 :
3023 5745 3323 5807 delevimus
3344 5754 3468 5811 eum
3492 5737 3683 5799 eodem
3704 5726 3807 5791 cod.

2337 5816 2357 5858 ι
2386 5820 2557 5890 idem,
2587 5819 2743 5878 homo
2764 5816 2931 5891 ﬁeret.
3474 5832 3475 5835 η
