3992 6348
137 485 240 542 589

557 483 820 554 .CODEX
850 457 1176 543 CONONUM
1217 487 1498 545 ECCLES.
1542 486 1634 544 ΕΤ
1670 487 2256 550 CONSTITUTORUM
2296 495 2354 552 S.
2397 493 2592 552 SEDIS
2630 495 2962 553 APOSTOL.

3312 461 3419 560 sse

136 599 312 655 honor
340 611 528 655 noster
549 609 652 657 est.
680 601 830 669 Quod
862 602 949 658 ille
973 602 1120 659 Deus
1137 603 1189 658 in
1205 618 1366 660 carne
1395 606 1722 675 consistens,
1750 611 1804 672 Α
1828 602 2014 675 cessit,
2034 608 2202 666 Filius
2216 612 2454 682 quidem,
2475 613 2786 669 substantiae
2802 623 3012 682 natura,
3037 615 3130 672 Dei
3152 622 3256 684 est,
3276 619 3432 688 quod'

137 695 237 749 hoc
278 710 380 750 nos
411 695 645 751 vicissim
680 698 730 751 in
762 698 926 752 Deum
958 714 1024 753 ex
1051 714 1214 754 carne
1249 700 1513 756 renovati.

207 788 341 843 Item
369 790 597 862 ejusdem
619 791 673 844 in
700 791 830 845 libro
860 807 935 859 ιχ,
963 793 1090 846 inter
1110 804 1314 848 cratera.
1345 793 1524 850 Nescit
1551 795 1725 865 plane,

135 883 300 936 vitam
346 896 502 938 suam
547 885 752 948 nescit,
785 885 875 954 qui
910 884 1186 941 Christum
1227 887 1408 944 Iesum
1453 899 1510 942 ut
1542 903 1728 943 verum

135 974 338 1042 Deum,
374 975 448 1030 ita
482 992 667 1032 verum
698 978 967 1033 hominem
1003 980 1249 1049 ignorat;
1282 991 1335 1036 et
1373 982 1612 1052 ejusdem
1638 997 1725 1052 pe-

133 1070 288 1127 riculi
317 1085 412 1126 res
441 1080 528 1127 est
549 1070 816 1128 Christum
839 1073 1018 1129 Jesum
1051 1076 1133 1130 vel
1157 1076 1403 1146 spiritum
1439 1077 1726 1142 l)eum,vel

132 1175 350 1219 carnem
368 1165 536 1219 nostri
559 1167 802 1235 corporis
825 1176 847 1202 ⁸
874 1167 1160 1240 denegare.
1198 1171 1394 1236 Umnis,
1428 1173 1620 1241 inquit,
1643 1173 1730 1239 qui

131 1258 457 1326 conﬁtebitur
474 1275 552 1314 me
563 1275 735 1314 coram
761 1262 1048 1316 nominibus
1064 1306 1078 1330 ,
1102 1264 1379 1333 conﬁtebor
1412 1275 1460 1319 et
1499 1282 1592 1336 ego
1614 1282 1728 1320 eum

133 1365 308 1404 coram
332 1347 498 1406 Patre
517 1367 652 1420 meo,
669 1353 758 1421 qui
778 1363 854 1408 est
878 1355 929 1406 in
961 1355 1119 1409 caelis.
1145 1356 1245 1422 Qui
1276 1366 1446 1410 autem
1475 1359 1730 1428 negaverit

132 1459 206 1497 tne
217 1460 396 1498 coram
405 1443 720 1512 Ιιοιιιὶηίθιισ,
738 1445 930 1518 negabo
945 1456 991 1501 et
1005 1464 1098 1518 ego
1107 1465 1220 1502 eum
1234 1465 1407 1502 coram
1430 1448 1582 1504 Patre
1595 1467 1704 1504 meo
1714 1494 1726 1516 ,

131 1537 213 1607 qui
236 1546 318 1591 est
346 1537 401 1591 in
431 1537 592 1594 colis.
609 1536 732 1593 Haec
753 1537 990 1594 Verbum
1013 1554 1140 1595 caro
1161 1539 1356 1596 factum
1380 1541 1717 1611 loquebatur,

131 1640 180 1686 et
201 1630 372 1686 homo
388 1629 551 1686 .lesus
569 1630 838 1698 Christus,
863 1632 1118 1688 Dominus
1147 1635 1440 1705 majestatis
1470 1635 1726 1702 docebat,

131 1723 394 1780 mediator
411 1723 592 1794 ipsein
616 1739 676 1780 se
700 1725 766 1779 sd
798 1725 1025 1780 salutem
1043 1726 1293 1783 Ecclesia:
1306 1729 1654 1792 constitutus,
1674 1737 1728 1784 et

131 1815 241 1888 ipso
254 1817 354 1872 illo
370 1816 511 1872 inter
529 1815 697 1872 Deum
711 1825 767 1874 et
779 1817 1025 1878 homines
1038 1821 1350 1877 mediatoris
1365 1832 1724 1889 sacramento,

131 1920 419 1982 utrumque
432 1925 570 1967 unus
581 1911 824 1968 existens
843 1931 855 1968 :
871 1913 998 1970 dum
1016 1917 1212 1986 ipseex
1233 1917 1461 1972 unitisin
1481 1918 1531 1972 id
1552 1919 1722 1989 ipsum

130 2004 333 2060 naturis
359 2012 563 2060 natura
587 2005 874 2076 utriusque
903 2021 990 2065 res
1007 1999 1210 2064 eadem
1235 2017 1350 2074 est;
1381 2010 1453 2064 ita
1482 2019 1660 2067 tamen
1675 2020 1735 2066 ut-
1761 2009 1809 2070 B

132 2105 329 2153 neutro
357 2107 569 2153 careret
598 2098 654 2153 in
684 2109 911 2169 utroque
937 2085 1056 2156 {ne
1089 2102 1225 2157 forte
1248 2102 1388 2158 Deus
1412 2119 1530 2160 esse
1561 2104 1722 2160 homo

131 2190 404 2246 nascendo
418 2191 713 2259 desineret,
737 2203 790 2248 et
805 2195 965 2250 homo
981 2210 1166 2251 rursus
1181 2197 1322 2253 Deus
1334 2200 1600 2254 manendo
1613 2215 1718 2255 non

131 2291 292 2338 esset.
327 2283 456 2338 Huic
476 2284 656 2354 itaque
677 2285 925 2342 humana
950 2287 1299 2345 beatitudinis
1322 2289 1452 2345 ﬁdes
1463 2306 1589 2346 vera
1618 2302 1719 2357 est,

131 2374 298 2433 Deum
321 2386 379 2433 et
408 2375 678 2433 hominem
700 2379 1014 2449 praedicare,
1040 2380 1274 2437 Verbum
1288 2391 1341 2437 et
1365 2397 1580 2440 carnem
1595 2393 1726 2440 con-‘

134 2467 304 2533 uteri;
355 2483 528 2540 neque
570 2470 740 2526 Deum
785 2473 996 2529 nescire
1023 2475 1163 2544 quod
1212 2474 1375 2532 homo
1417 2479 1520 2547 sit,
1553 2493 1725 2549 neque

131 2576 350 2620 amem
382 2565 629 2634 ignorare
653 2565 794 2634 quod
826 2565 1062 2622 Verbum
1096 2568 1187 2624 sit.

196 2654 339 2710 Item
368 2656 601 2728 ejusdem
640 2657 694 2712 in
733 2657 907 2712 eodem
949 2658 1100 2724 libro,
1137 2659 1270 2716 inter
1316 2671 1517 2719 uetera.
1561 2663 1726 2719 Natus

132 2743 287 2817 igitur
312 2747 636 2817 unigenitus.
671 2746 698 2787 δ
723 2747 865 2803 Deus
886 2766 952 2805 ex
979 2749 1203 2821 Virgine
1229 2753 1412 2823 homo,
1446 2764 1500 2810 et
1528 2769 1724 2812 secun-

132 2839 247 2896 dum
287 2839 678 2910 plenitudinem
707 2852 1005 2912 temporum
1037 2843 1088 2898 in
1115 2845 1410 2915 semetipso
1440 2855 1727 2917 provectu-

133 2947 214 2990 rus
252 2934 311 2988 in
354 2932 522 2990 Deum
568 2927 872 3000 hominem;
907 2934 1050 2990 hunc
1080 2951 1175 3006 per
1221 2939 1404 3008 omnia
1431 2939 1725 3010 evangelici

133 3029 395 3086 sermonis
424 3028 644 3084 modum
679 3031 868 3096 tenuit,
898 3041 956 3086 ut
978 3045 1039 3087 se
1058 3031 1154 3087 Dei
1177 3030 1367 3087 Filium
1389 3031 1538 3089 credi
1559 3033 1724 3089 doce-

133 3131 230 3192 ret,
250 3132 312 3179 et
332 3123 567 3178 hominis
584 3121 778 3178 Filium
800 3133 821 3160 ο
837 3123 1116 3192 praedicari
1147 3123 1488 3192 admoneret;
1516 3127 1726 3182 locutus

134 3213 290 3272 homo
309 3227 363 3274 et
386 3231 582 3289 gerens
600 3216 849 3272 universa
864 3233 980 3288 quae
1007 3217 1102 3274 Dei
1127 3228 1279 3287 sunt;
1296 3219 1518 3290 loquens
1533 3219 1729 3276 deinde

134 3318 399 3381 etgerens
421 3312 561 3369 Deus
579 3314 832 3369 universa
865 3327 988 3385 quae
1019 3311 1252 3378 hominis
1269 3323 1395 3369 sunt
1417 3330 1434 3379 ;
1459 3315 1531 3369 ita
1548 3324 1728 3371 tamen

1832 711 2008 756 autem
2022 703 2316 760 secundum
2329 720 2547 762 carnem
2569 721 2636 763 ex
2662 708 2869 764 semine
2883 708 3048 764 David
3061 717 3167 778 est,
3185 718 3240 766 et
3254 724 3422 768 carne

1831 803 2031 850 sancta:
2053 796 2268 853 Maritc?

1837 889 1851 937 ι
1891 888 2072 943 Sancti
2124 889 2376 968 Ambrosii
2423 892 2653 968 episcopi
2704 891 3110 968 Mediolnnensis
3142 895 3218 968 ad
3257 895 3420 968 impo-

2043 970 2262 1014 ratorem
2285 960 2607 1016 Gratianum
2637 966 2690 1017 in
2733 964 2863 1020 libro
2889 981 2925 1020 ιι
2961 967 3023 1020 de
3043 964 3196 1020 Fide.

1907 1071 2055 1128 Unde
2083 1073 2210 1130 illud
2243 1090 2454 1146 quoque
2477 1077 2673 1132 lectum
2701 1087 2813 1144 est,
2850 1079 3135 1134 Dominum
3167 1079 3422 1151 majesta-

1831 1163 1899 1219 tis
1924 1167 2234 1222 cruciﬁxum
2260 1183 2408 1235 esse;
2437 1184 2540 1226 non
2565 1171 2716 1240 quasi
2748 1172 2800 1225 in
2827 1173 3108 1242 majestate
3124 1190 3218 1230 sua
3239 1175 3421 1231 cruci-

1831 1258 1998 1314 ﬁxum
2024 1270 2291 1331 putemus,
2316 1262 2409 1318 sed
2431 1265 2552 1334 quia
2586 1263 2724 1318 idem
2752 1264 2915 1331 Deus,
2936 1265 3074 1321 idem
3103 1265 3286 1336 homo,
3321 1282 3418 1337 per

1832 1351 2160 1408 divinitatem
2213 1354 2386 1422 Deus,
2441 1371 2536 1425 per
2578 1358 2976 1426 susceptionem
3011 1361 3191 1415 carnis
3231 1361 3414 1430 homo,

1832 1441 2242 1501 JesusChristus
2266 1446 2524 1502 Dominus
2553 1448 2851 1518 majestatis
2872 1448 3070 1506 dicitur
3092 1451 3415 1507 cruciﬁxus:

1830 1537 1952 1608 quia
1983 1553 2206 1595 consors
2223 1539 2496 1610 utriusque
2527 1551 2756 1610 naturze,
2784 1543 2834 1598 id
2863 1553 2969 1612 est,
2996 1527 3241 1601 humanae
3259 1557 3420 1617 atque

1831 1628 2045 1696 divinas,
2079 1632 2130 1685 iu
2171 1644 2359 1687 natura
2393 1632 2628 1689 hominis
2659 1635 2821 1690 subiit
2868 1637 3206 1706 passionem;
3240 1646 3299 1692 ut
3337 1639 3415 1694 in.

1831 1722 2061 1780 discrcte
2088 1733 2142 1781 et
2184 1725 2442 1782 Dominus
2491 1728 2788 1797 majestatis
2825 1728 3036 1785 dicatur
3067 1728 3091 1766 ιι
3121 1745 3243 1786 esse
3270 1769 3287 1797 ,
3319 1731 3412 1801 qui

1831 1829 2020 1886 passus
2070 1825 2194 1886 est,
2223 1828 2278 1874 et
2322 1819 2486 1874 Filius
2527 1820 2792 1889 hominis,
2821 1821 2961 1878 sicut
2988 1823 3249 1894 scriptum
3279 1835 3363 1880 est
3395 1839 3413 1881 :

1834 1909 1935 1977 Qui
1964 1911 2222 1967 descendit
2245 1914 2308 1968 de
2329 1915 2452 1969 caelo
2484 1913 2665 1987 (Joan.
2695 1933 2775 1986 ιιι,
2809 1917 2919 1990 15).

1914 2001 1927 2040 ¹
1971 2003 2103 2060 Item
2129 2007 2180 2059 in
2203 2006 2304 2061 alio
2333 2007 2445 2062 loco
2472 2008 2536 2062 de
2566 2010 2740 2064 eodem
2767 2010 2895 2064 libro
2924 2010 3058 2065 inter
3095 2022 3300 2067 cratera.
3329 2009 3417 2066 Si-

1826 2097 1970 2152 leant
1998 2099 2158 2169 igitur
2185 2099 2370 2155 inanes
2414 2102 2486 2157 de
2532 2102 2872 2159 sermonibus
2899 2103 3257 2174 quaestiones;
3289 2105 3416 2174 quia

1825 2205 2036 2260 regnum
2088 2191 2206 2257 Dei,
2255 2191 2396 2247 sicut
2438 2193 2697 2263 scriptum
2725 2202 2844 2262 est,
2879 2209 2980 2250 non
3007 2195 3058 2248 in
3086 2197 3420 2265 persuasione

1824 2283 1960 2337 uerbi
1981 2294 2073 2350 est,
2099 2286 2187 2338 sed
2210 2287 2263 2339 in
2286 2289 2568 2341 ostensione
2593 2287 2794 2340 virtutis
2827 2286 3002 2358 (lCor.
3027 2304 3086 2353 ιι,
3114 2287 3178 2354 4;
3204 2303 3278 2356 tv,
3299 2285 3414 2358 20).

1826 2374 2111 2431 Seivemus
2142 2377 2536 2433 distinctionem
2566 2377 2863 2434 divinitatis
2885 2389 2936 2433 et
2957 2379 3158 2435 carnis.
3191 2379 3340 2434 Unus
3361 2378 3418 2435 in

1828 2474 2054 2537 utroque
2087 2467 2321 2538 loquitur
2351 2467 2442 2522 Dei
2489 2467 2657 2524 Filius
2681 2510 2696 2536 ,
2722 2469 2846 2539 quia
2879 2469 2932 2524 in
2963 2469 3151 2526 eodem
3193 2479 3418 2540 utraque

1829 2571 2019 2617 natura
2050 2572 2150 2615 est.
2198 2561 2310 2616 Etsi
2343 2561 2482 2616 idem
2517 2562 2780 2630 loquitur,
2824 2576 2929 2616 non
2961 2577 3069 2617 uno
3096 2577 3309 2632 semper
3339 2563 3420 2618 lo-

1828 2656 2011 2725 quitur
2040 2652 2219 2707 modo.
2256 2652 2474 2708 Intende
2506 2653 2556 2707 in
2588 2671 2651 2706 eo
2677 2668 2817 2708 nunc
2854 2653 3079 2723 gloriam
3112 2653 3241 2722 Dei,
3276 2667 3421 2710 nunc

1833 2746 2066 2801 hominis
2108 2747 2382 2816 passiones
2405 2756 2466 2799 ιη.
2495 2746 2656 2814 Quasi
2691 2747 2831 2802 Deus
2863 2747 3098 2818 loquitur
3136 2762 3256 2818 qua:
3293 2757 3419 2805 sunt

1829 2830 2030 2909 divina,
2052 2842 2172 2912 quia
2193 2840 2427 2896 Verbum
2455 2851 2536 2896 est
2557 2861 2570 2907 ;
2616 2842 2773 2910 quasi
2799 2841 2961 2898 homo
2990 2843 3131 2898 dicit
3149 2857 3270 2913 quae
3293 2852 3420 2898 sunt

1831 2933 2083 3002 humana,
2120 2936 2283 3006 288
2303 2937 2424 3006 quia
2453 2934 2504 2991 in
2536 2951 2654 2990 mea
2681 2935 2978 2992 substantia
3004 2936 3344 3007 loquebatur.

1903 3025 2034 3083 Item
2071 3030 2297 3099 ejusdem
2318 3029 2370 3082 in
2397 3028 2527 3082 libro
2555 3029 2619 3083 de
2659 3026 3024 3084 Incarnatione
3053 3029 3264 3084 Domini
3285 3031 3420 3086 inter

1831 3133 2032 3179 cetera.
2069 3123 2174 3179 Sed
2205 3122 2329 3178 dum
2364 3123 2462 3178 hos
2515 3123 2884 3193 redarguimus
2909 3163 2924 3189 ,
2971 3132 3252 3194 emergunt
3286 3106 3416 3194 alii,

1832 3217 1921 3288 qui
1949 3232 2166 3273 carnem
2192 3215 2400 3272 Domi'ni
2423 3215 2601 3273 dicant
2625 3226 2678 3273 et
2711 3217 3050 3273 Divinitatem
3075 3218 3236 3274 unius
3263 3226 3294 3256 ιι
3315 3233 3418 3273 na-

1835 3319 1988 3367 turae.
2031 3309 2160 3380 Qua:
2193 3318 2398 3366 tantum
2447 3311 2786 3381 sacrilegium
2834 3312 3039 3367 inferna
3065 3305 3422 3370 vomuerunt?

134 3407 192 3457 ιι
218 3402 273 3458 in
315 3403 431 3473 ipso
468 3405 562 3460 illo
603 3406 881 3476 utriusque
930 3404 1142 3476 generis
1172 3419 1423 3461 sermone
1452 3420 1723 3476 nunquam
1752 3401 1800 3467 C
1831 3403 1948 3461 Jam
1969 3404 2360 3461 tolerabiliores
2388 3411 2513 3458 sunt
2536 3403 2754 3470 Ariani,
2788 3417 3013 3474 quorum
3033 3419 3129 3474 per
3149 3405 3270 3460 illos
3297 3419 3418 3474 per-

136 3494 240 3552 lisi
274 3510 400 3551 eum
425 3498 807 3568 signiﬁcatione
835 3507 890 3554 et
929 3498 1162 3555 hominis
1188 3499 1400 3556 locutus
1421 3500 1492 3555 sit
1515 3510 1569 3556 et
1594 3501 1716 3558 Dei.

201 3586 348 3643 lt'em
373 3589 426 3644 in
450 3590 549 3646 alio
577 3593 688 3646 loco
715 3591 767 3646 in
795 3591 968 3647 eodem
1002 3591 1134 3648 libro
1162 3592 1295 3649 inter
1321 3591 1720 3650 ctetcra.Vides-

135 3694 197 3736 ne
226 3681 298 3736 ita
328 3679 494 3737 Deum
526 3691 581 3738 et
611 3681 882 3745 hominem
943 3683 1246 3754 praedicari,
1278 3693 1338 3740 ut
1368 3700 1514 3741 mors
1541 3685 1719 3741 homi-

135 3773 204 3842 ni,
235 3773 495 3832 Deovero
511 3765 689 3833 cimis
708 3778 960 3835 escitatio
989 3778 1314 3850 deputetur?
1343 3779 1598 3836 Naturam
1626 3781 1722 3836 Dei

135 3864 182 3922 in
209 3871 410 3925 virtute
440 3869 601 3942 287
637 3872 1048 3928 resurrectionis
1073 3872 1334 3944 intellige,
1362 3875 1723 3945 dispensatio.

132 3974 245 4016 nem
264 3964 505 4020 heminis
528 3966 580 4020 in
597 3976 770 4021 morte
796 3979 1084 4036 cognosce.
1115 3965 1320 4021 Etcum
1351 3969 1462 4022 sint
1495 3976 1723 4040 utraque

133 4056 236 4109 suis
262 4066 418 4126 gesta
433 4061 662 4123 naturis,
692 4074 855 4113 unum
883 4067 1060 4114 tamen
1084 4059 1264 4114 Jesum
1303 4059 1576 4116 Christum
1599 4078 1720 4117 eum

134 4157 400 4206 memento
425 4164 570 4214 esse,
599 4150 691 4220 qui
723 4157 1004 4220 utrumque
1026 4161 1125 4205 cst.
1161 4152 1232 4206 Et
1259 4163 1370 4223 post
1392 4171 1556 4222 pauca
1589 4153 1614 4191 ἀ
1641 4173 1719 4211 se-

133 4245 292 4309 quitur
307 4260 326 4298 :
357 4243 483 4298 llaec
498 4243 664 4314 igitur
684 4243 1100 4300 demonstranda
1114 4246 1298 4315 paucis
1318 4263 1346 4301 a
1370 4263 1453 4302 me
1481 4247 1719 4317 fuerunt,

135 4348 185 4390 ut
208 4339 496 4410 utriusque
536 4348 559 4375 ε
594 4346 798 4394 naturas
829 4353 1114 4409 personam
1149 4341 1364 4395 tractari
1399 4342 1450 4397 in
1498 4343 1724 4400 Domino

135 4425 248 4485 Jesu
280 4430 510 4488 Christo
551 4431 1017 4498 meminissemus;
1054 4433 1176 4503 quia
1207 4433 1297 4504 qui
1329 4433 1382 4490 in
1410 4435 1582 4492 forma
1625 4436 1722 4493 Dei

135 4532 272 4591 erat,
298 4526 540 4582 formam
569 4525 710 4582 servi
733 4523 938 4595 accepit
966 4523 987 4562 ί
999 4563 1015 4579 .

134 4645 156 4683 ε
181 4637 363 4695 Sancti
397 4640 679 4714 Allianttsii
710 4639 1050 4695 Alexandrini
1089 4640 1390 4714 ερξεεορὶίει
1418 4643 1725 4714 confessoris

370 4714 442 4766 ad
476 4711 764 4782 Epictetum
793 4713 1085 4785 episcOpum
1117 4710 1472 4768 Corinthium.

1829 3496 1968 3552 ﬁdite
1992 3497 2159 3551 robur
2195 3494 2487 3560 adolescit;
2513 3506 2569 3550 ut
2599 3504 2622 3529 ο
2657 3495 2862 3566 majore
2893 3495 3242 3550 contentione
3269 3510 3418 3551 asse-

1827 3599 1948 3647 rant
1974 3590 2187 3646 Patrem
2215 3600 2269 3646 et
2292 3591 2480 3644 Filium
2503 3599 2556 3643 et
2575 3589 2833 3657 Spiritum
2857 3578 3098 3643 sanctum
3124 3588 3284 3644 unius
3305 3603 3416 3644 non

1829 3699 1950 3740 esse
1972 3683 2308 3749 substantias,
2338 3682 2458 3753 quia
2492 3681 2578 3738 isti
2612 3682 2954 3737 Divinitatem
2987 3680 3202 3736 Domini
3223 3688 3417 3738 etcar-

1828 3792 1952 3833 nem
1985 3777 2142 3832 unius
2167 3791 2286 3833 esse
2308 3775 2623 3832 substantias
2654 3776 2836 3832 dicere
2859 3784 3214 3831 tentaverunt.
3249 3773 3314 3828 Et
3335 3775 3416 3829 in-

1827 3873 1932 3942 fra.
1964 3870 2026 3925 lii
2081 3870 2209 3925 mihi
2243 3869 2553 3940 frequenter
2583 3868 2784 3924 Niczni
2814 3869 3026 3925 concilii
3053 3877 3335 3924 tractatum
3358 3882 3418 3923 se

1828 3972 2014 4020 tenere
2043 3971 2488 4019 commemorant.
2519 3961 2624 4018 Sed
2662 3962 2712 4016 in
2744 3960 2840 4016 illo
2869 3961 3058 4017 Patres
3093 3959 3260 4016 nostri
3312 3969 3417 4014 tra-

1826 4066 1971 4112 ctatu
1997 4071 2104 4112 non
2134 4072 2373 4124 carnem,
2404 4056 2498 4112 sed
2523 4055 2617 4111 Dei
2638 4053 3078 4122 Verbum,unius
3103 4053 3417 4110 substantiae

1827 4165 1948 4207 cum
1968 4149 2125 4205 Patre
2161 4164 2282 4205 esse
2321 4149 2575 4205 dixerunt
2605 4164 2618 4202 :
2649 4157 2705 4203 et
2729 4145 2966 4202 Verbum
2991 4145 3204 4215 quidem
3228 4160 3296 4200 ex
3319 4160 3414 4215 pa-

1830 4251 1978 4298 terna
2001 4242 2334 4313 processisse
2382 4242 2681 4298 substantia
2713 4281 2730 4309 ,
2755 4254 2974 4296 carnem
3003 4248 3181 4294 autem
3207 4252 3273 4294 ex
3297 4235 3412 4292 Vir-

1826 4335 1947 4406 gine
1977 4348 2098 4391 85:8
2118 4333 2351 4390 confessi
2380 4343 2524 4390 sunt.
2543 4331 2826 4400 Quomodo
2861 4330 3023 4401 igitur
3056 4329 3258 4384 Nic-.eni
3288 4343 3388 4384 cun
3414 4366 3416 4373 ι

1826 4430 1938 4486 eilii
1983 4445 2180 4486 nomen
2225 4427 2555 4495 obtenditur,
2615 4435 2668 4483 et
2714 4439 2850 4480 nova
2890 4422 3245 4491 inducuntur,
3295 4436 3411 4492 qua:

1827 4537 2098 4594 nunquam
2131 4522 2299 4576 nostri
2323 4534 2543 4577 sensere
2563 4517 2832 4590 majores?

1863 4638 2047 4696 Sancti
2069 4634 2345 4706 Augustini
2365 4635 2587 4716 episcopi
2617 4631 2968 4716 Hipponensis
2987 4629 3056 4684 ad
3079 4627 3384 4685 Dardanum

2434 4713 2566 4759 inter
2592 4714 2798 4760 cratera.

196 4805 221 4840 ιι
255 4804 547 4874 Quomodo
575 4814 752 4862 autem
780 4806 864 4862 vel
889 4805 1136 4862 dubitare
1162 4807 1280 4863 ausi
1314 4818 1443 4862 sunt
1465 4848 1484 4877 ,
1511 4807 1604 4878 qui
1633 4807 1716 4864 di-
1741 4791 1798 4854 D
1891 4802 2012 4860 Noli
2040 4803 2221 4873 itaque
2241 4800 2489 4857 dubitare
2509 4798 2582 4856 ibi
2601 4808 2632 4852 ι’
2655 4813 2796 4855 nunc
2821 4813 2942 4856 esse
2963 4796 3238 4855 hominem
3262 4791 3414 4852 Chri.

131 4891 314 4958 cuntur
342 4897 645 4956 ChriStisni
681 4896 698 4936 ί
727 4937 743 4965 ,
771 4898 819 4956 si
844 4897 1125 4967 Dominus,
1173 4899 1264 4971 qui
1289 4913 1360 4957 ex
1391 4899 1560 4958 Maria
1592 4915 1720 4973 pro-

195 5065 216 5130 !
248 5055 461 5128 Quesn.
486 5074 696 5130 negare.

189 5128 216 5168 δ
246 5131 396 5186 ldem
416 5172 433 5198 ,
471 5128 750 5184 Dominus.

193 5213 213 5270 ς
241 5203 452 5270 Quesn.
465 5244 481 5270 ,
507 5201 636 5256 dici.

187 5269 209 5308 δ
240 5275 394 5328 Idem
432 5271 636 5328 omittit
665 5272 914 5343 sequitur.
1291 5329 1295 5336 ,

189 5354 210 5380 ε
238 5345 452 5417 Oxon”
493 5342 738 5417 persona?
763 5352 1002 5417 naturam
1025 5384 1041 5412 ,
1070 5344 1230 5417 male.
1265 5342 1428 5417 Vulg.
1452 5384 1466 5411 ,
1517 5354 1716 5402 natura!

127 5413 339 5489 formam
368 5405 728 5489 (Con‘fergndt.
758 5411 779 5453 ί
807 5409 931 5489 tam.
966 5412 996 5467 Ι
1026 5405 1127 5489 col.
1155 5414 1292 5489 U77
1323 5405 1508 5471 no'strw
1533 5418 1714 5489 edit.).

188 5486 205 5524 ί
238 5486 407 5557 Vulg.
427 5485 797 5559 astte‘Quesn,
811 5485 1016 5541 addunt
1038 5487 1146 5558 ipse
1164 5485 1495 5559 Diuinitatem
1517 5485 1712 5559 nequa-

124 5571 256 5625 quam
285 5555 472 5612 amisit
501 5555 879 5629 (Videjbidem
906 5568 1020 5629 not.
1046 5555 1071 5604 8
1104 5558 1202 5612 col.
1239 5558 1418 5629 H78).

101 5665 106 5676 ς
181 5641 205 5700 β
231 5626 570 5700 Quesneltus
595 5645 610 5683 :
644 5626 727 5683 Ea:
747 5628 964 5700 epistola
993 5628 1054 5684 S.
1082 5629 1354 5700 Athanasii
1380 5626 1716 5686 Alexandrini

122 5696 334 5772 episcopi
367 5699 448 5755 ad
481 5696 785 5772 Epictetum
803 5700 1098 5772 episcopum
1120 5696 1462 5772 Corinthium.

179 5771 207 5808 δ
235 5773 402 5828 Natat
428 5769 748 5840 Quesnellus
776 5769 1092 5842 in’mar’gine
1111 5789 1121 5822 :
1142 5769 1305 5825 Verba
1327 5771 1434 5828 lucc
1453 5773 1515 5829 S.
1548 5772 1717 5826 Atha-

123 5845 240 5896 nasii
264 5856 392 5899 sunt
425 5861 491 5915 ex
517 5843 878 5915 versioneejus
903 5843 1170 5915 epistola,
1192 5860 1304 5912 qua:
1322 5845 1539 5914 inferius
1561 5845 1719 5899 habe-

124 5918 277 5984 tsr,ej.
309 5915 385 5965 5‘2.
414 5914 574 5983 hujus
597 5909 808 5981 codicis,
828 5921 878 5968 et
903 5909 1006 5984 qua
1037 5909 1228 5984 sub
1257 5909 1389 5970 usus"
1408 5926 1502 5972 est.

187 5983 207 6023 ί
226 5983 444 6051 messi.
457 6021 471 6046 ,
487 5984 624 6048 quod
642 5983 932 6049 Dominus:
959 5983 1188 6055 etdein,
1204 5988 1489 6044 sedendum
1513 6003 1725 6044 carnem

1759 6085 1794 6102 \-

1821 4909 1962 4956 stum
1985 4896 2128 4954 unde
2143 4903 2403 4953 venturus
2423 4903 2539 4962 est;
2569 4894 2992 4965 memoriterque
3011 4891 3190 4951 recole
3206 4898 3262 4948 et
3279 4889 3413 4947 lide-

1823 5061 1974 5116 homo
2003 5067 2077 5114 est
2107 5075 2170 5114 ex
2203 5057 2413 5112 semine.

1897 5135 1913 5214 ι
1950 5132 2151 5214 Quesn.
2188 5146 2200 5181 :
2233 5127 2316 5214 Itis:
2343 5127 2477 5214 “prro
2513 5127 2678 5211 sancti
2724 5125 2979 5214 Ambrosii
3000 5124 3408 5214 Hediolanensis

1820 5197 2044 5274 episcopi
2074 5200 2296 5255 secundo
2324 5200 2391 5252 ad
2431 5197 2735 5253 Gratianum
2765 5199 3143 5268 imperatorem.
3179 5268 3190 5279 .

1892 5273 1920 5311 ιι
1955 5274 2099 5326 Idem
2125 5271 2324 5325 delevit
2349 5287 2457 5325 esse
2481 5311 2496 5337 ,
2525 5279 2580 5326 et
2607 5278 2727 5340 post
2765 5271 2833 5325 de
2864 5270 2989 5324 cisio
3009 5267 3220 5324 addidit
3255 5273 3304 5322 et
3334 5273 3409 5322 est

1819 5363 1871 5401 Μ
1897 5343 2145 5478 ῗαὸιῖὲεη.
2169 5455 2182 5476 ,
2219 5411 2349 5465 Item
2376 5411 2430 5464 in
2457 5411 2587 5464 libro
2623 5426 2740 5476 xm,
2769 5409 2932 5465 male.
2964 5408 3223 5466 Nostrum
3261 5407 3410 5465 codi-

1821 5503 1938 5546 cem
1956 5485 2116 5540 Vind.
2159 5498 2372 5550 semper
2406 5483 2574 5536 secuti
2600 5496 2804 5537 sumus.

1894 5568 1932 5598 ω
1964 5557 2162 5624 Οιιεει-ι.
2190 5555 2372 5609 omisit
2399 5554 2583 5623 quasi;
2613 5563 2666 5607 et
2688 5553 2806 5624 ρθιη
2832 5550 2995 5624 habet
3018 5553 3261 5624 loquitur.

1893 5638 1919 5665 η
1943 5622 2111 5692 Natat
2141 5625 2341 5693 Quesn.
2376 5622 2428 5679 in
2459 5623 2618 5692 epist.
2655 5622 2775 5685 154,
2806 5636 2947 5676 nunc
2977 5623 3178 5692 105,8.
3209 5623 3409 5693 Leonis

1821 5699 1946 5755 addi
1987 5715 2108 5752 esse.
2142 5692 2380 5766 Utroque
2414 5710 2546 5750 vero
2586 5695 2641 5749 in
2673 5695 2794 5750 loco
2821 5701 3005 5749 noster
3035 5693 3206 5751 codex
3241 5692 3408 5751 Vind.

1823 5771 1926 5826 hoc
1947 5771 2166 5825 verbum
2192 5771 2420 5838 ignorat.

1898 5852 1922 5924 ξ)
1952 5842 2154 5924 onn.,
2189 5836 2382 5893 minore
2408 5856 2424 5903 ;
2453 5847 2508 5892 et.
2539 5836 2696 5906 paulo
2733 5847 2853 5907 post
2883 5853 3039 5909 quam
3075 5837 3132 5892 hi
3175 5838 3289 5908 qui,
3316 5851 3417 5909 pro

1823 5923 2156 6052 quaéﬁ'e'sn.
2177 6021 2193 6048 ,
2218 5996 2351 6036 nunc
2374 5977 2631 6034 Christum
2654 5996 2784 6051 esse,
2811 5982 2974 6040 unde.
