3992 6348
632 371 737 442 BM

1561 369 1903 434 APPENDIX
1943 374 2036 435 AD
2075 378 2135 435 S.
2177 367 2422 438 [ΕΘΝῐὸ
2459 375 2671 434 MAGNI
2711 373 2960 434 OPERA.
3749 382 3836 446 ωε

622 493 751 557 liter
791 504 911 550 tene
939 493 1283 549 christianam
1312 492 1726 561 confessionem,
1753 494 2002 564 quoniam
2041 509 2214 547 rcsttr-
2241 500 2295 558 Α
2319 493 2570 564 diamque
2599 493 2871 559 dissolvit;
2907 493 2976 547 ita
3022 497 3077 547 et
3105 484 3352 551 Christus
3389 491 3527 552 fecit.
3555 494 3682 555 Deus
3711 501 3835 558 nobis

622 589 761 643 rexit
788 602 820 639 a
848 587 1084 654 mortuis,
1109 585 1337 640 ascendit
1367 585 1433 638 ad
1450 585 1654 653 caelum,
1689 587 1826 640 sedet
1852 586 1919 639 ad
1949 587 2209 642 dexteram
2308 586 2454 656 juste
2483 584 2832 652 irascebatur,
2880 594 2935 641 et
2961 597 3060 639 nos
3094 587 3560 646 contemnebamus
3585 591 3769 659 iratum,
3792 603 3835 649 et

624 676 842 743 Patris;
868 691 966 730 nec
995 676 1210 731 aliunde
1235 690 1394 746 quam
1425 676 1549 732 inde
1577 687 1832 732 venturus
1861 685 1945 734 est
1963 677 2028 732 ad
2058 678 2209 736 vivos

621 779 682 827 et
699 779 941 826 mortuos
954 769 1302 840 judicandos;
1332 778 1385 825 et
1399 771 1472 824 sic
1491 781 1731 826 venturus
1748 782 1840 836 est,
1863 771 1950 826 illa
1965 773 2206 840 angelica

621 874 756 919 voce
789 869 1038 925 testante,
1076 862 1507 936 quemadmodum
1543 872 1617 916 est
1656 863 1730 918 ire
1768 863 1903 916 visus
1933 865 1985 917 in
2023 863 2207 918 caelum

620 953 764 1024 (Act.
790 970 828 1021 I,
855 953 966 1026 ll),
985 954 1035 1008 id
1052 963 1154 1023 est,
1173 955 1225 1009 in
1246 954 1432 1010 eadem
1462 954 1630 1010 forma
1651 963 1674 990 α
1693 956 1869 1011 carnis
1898 964 2058 1026 atque
2080 958 2206 1011 sub-

624 1047 820 1102 stantia
857 1048 978 1102 :cui
1009 1047 1247 1117 profecto
1277 1047 1730 1104 immortalitatem
1757 1047 1923 1116 dedit,
1961 1057 2206 1104 naturam

621 1156 733 1196 non
762 1142 1000 1196 abstulit.

694 1256 828 1313 Item
848 1260 1080 1330 ejusaem
1101 1274 1155 1311 tn
1177 1257 1393 1330 epistola
1411 1259 1477 1312 ad
1495 1257 1832 1313 Volusianum
1852 1258 1982 1314 inter
2001 1267 2201 1312 ctetera.

619 1350 771 1408 Nunc
797 1365 927 1407 vero
958 1350 1184 1406 itainter
1208 1351 1375 1406 Deum
1405 1349 1432 1388 δ
1463 1359 1518 1406 ει
1543 1351 1790 1407 homines
1819 1351 2082 1407 mediator
2108 1365 2204 1420 ap-

616 1445 818 1514 paruit,
844 1442 1047 1500 nnitate
1071 1457 1310 1512 personae
1335 1441 1589 1512 copulans
1618 1452 1898 1512 utramque
1919 1452 2162 1498 naturam
2183 1485 2198 1512 ,

619 1546 678 1590 ut
719 1547 775 1591 et
812 1535 972 1591 solita
1012 1535 1324 1590 sublimaret
1375 1534 1625 1602 insolitis,
1664 1543 1720 1590 et
1759 1535 1975 1590 insolita
2027 1535 2203 1591 solitis

615 1638 723 1684 tem
734 1636 966 1698 peraret.

688 1720 820 1776 Item
875 1722 1105 1788 ejusdem
1149 1723 1203 1776 in
1234 1721 1564 1792 Expositione
1606 1718 1880 1792 Evangelii
1927 1721 2203 1776 secundum

2314 678 2633 733 clementem
2675 675 2963 732 Dominum
2993 676 3421 745 declinabamus;
3458 687 3512 736 et
3549 694 3606 736 se
3643 683 3833 738 medium

2313 765 2560 823 Christus
2591 768 2836 839 ingessit,
2868 776 2924 824 et
2953 768 3177 824 sociavit
3215 777 3501 843 utramque
3529 779 3762 840 naturam,
3787 784 3830 832 et

2312 860 2469 916 nobis
2505 858 2659 930 quod
2725 859 3043 916 imminebat
3090 859 3406 932 supplicium
3453 863 3564 932 ipse
3605 864 3830 923 sustinuit.

2383 951 2514 1007 Item
2525 955 2576 1025 ej
2581 952 2757 1008 usdem
2770 954 2824 1008 in
2832 956 3016 1009 eadem
3039 953 3272 1010 humilia.
3285 955 3526 1012 Christus
3547 956 3690 1028 igitur
3701 959 3832 1014 nostri

2314 1045 2578 1111 primitias
2607 1045 2803 1102 obtulit
2830 1045 3011 1113 Patri,
3057 1056 3111 1102 et
3152 1047 3391 1102 oblatum
3429 1048 3616 1104 donum
3653 1049 3833 1106 miratus

2312 1147 2398 1195 est
2413 1138 2590 1206 Pater,
2611 1138 2754 1209 quod
2779 1147 2925 1193 tanta
2953 1139 3185 1210 dignitas
3216 1137 3491 1208 oﬂ‘erehat,
3519 1149 3570 1197 et
3596 1140 3718 1212 quod
3739 1140 3834 1198 ode-
3907 1179 3913 1190 ι

2311 1231 2532 1287 rebatur
2559 1230 2707 1285 nulla
2738 1230 2945 1286 macula
2972 1230 3299 1287 iwdahatur.
3337 1231 3466 1286 Nam
3504 1241 3556 1288 et
3581 1234 3680 1289 suis
3700 1234 3834 1289 Inani-

2314 1326 2416 1377 hus
2432 1321 2670 1390 suscepit
2697 1320 2958 1389 oblatum,
2989 1330 3046 1377 et
3072 1336 3184 1378 sua:
3213 1320 3357 1378 sedis
3383 1323 3506 1378 fecit
3528 1337 3638 1379 esse
3661 1324 3833 1395 partici-

2315 1428 2467 1484 pem;
2499 1423 2574 1480 et,
2604 1412 2745 1483 quod
2777 1413 2895 1483 plus
2924 1421 3028 1480 est,
3051 1414 3118 1469 ad
3151 1424 3356 1486 partem
3387 1430 3499 1471 suae
3521 1415 3729 1472 dextera.
3744 1417 3832 1472 eol-

2313 1507 2529 1564 locavit.
2566 1504 2967 1578 Cognoscamus
2995 1507 3117 1578 quis
3143 1507 3233 1565 ille
3259 1517 3344 1564 est
3368 1509 3625 1581 290qui
3644 1508 3827 1565 audivit:

2315 1602 2453 1659 Sede
2480 1603 2550 1656 ad
2569 1603 2830 1658 dexteram
2853 1618 3047 1670 meam;
3076 1617 3196 1674 quae
3223 1611 3414 1659 natura
3439 1613 3539 1674 est,
3561 1600 3588 1641 δ
3605 1603 3679 1659 cui
3701 1603 3827 1658 dixit:

2315 1694 2449 1750 Esto
2476 1708 2612 1750 mea)
2637 1695 2906 1766 particeps
2933 1694 3112 1750 sedis?
3133 1693 3224 1750 Illa
3253 1704 3440 1750 natura
3463 1703 3564 1763 est,
3589 1709 3694 1766 quae
3715 1692 3826 1750 audi.

613 1813 873 1870 Joannem
924 1816 1059 1870 inter
1101 1787 1480 1882 casteradQuid
1523 1814 1701 1884 igitur,
1747 1787 2042 1870 ἣξει-ειίεεῖ
2081 1830 2206 1870 cum
2236 1826 2286 1887 Β
2313 1787 2610 1887 νίί-ττεθξτα
2632 1799 2774 1887 ⁸⁸9⁸⁸
2800 1790 2854 1887 ἦν’
2883 1788 3210 1887 τεξῗθηξϋίδο

614 1907 866 1965 Christus
894 1910 965 1964 sit
1003 1910 1142 1964 Deus
1171 1918 1226 1963 et
1269 1908 1450 1972 homo,
1482 1907 1716 1978 loquitur
1743 1917 1802 1964 ut
1832 1909 2016 1975 homo,
2049 1919 2106 1965 et
2143 1918 2200 1965 tu

611 2000 958 2057 calumniaris
988 2000 1133 2057 Deo?
1165 2001 1256 2056 Ille
1283 2001 1336 2054 itt
1369 2015 1428 2056 se
1458 2009 1702 2054 naturam
1731 2001 2077 2056 commendat
2101 2003 2199 2056 hu-

609 2109 826 2150 manam
860 2106 905 2161 ο,
947 2105 1002 2150 ιιι
1034 2095 1087 2149 in
1136 2095 1229 2149 illo
1274 2093 1442 2149 audes
1476 2092 1779 2150 deformare
1821 2094 2094 2149 divinam?
2129 2092 2199 2148 Et

607 2188 752 2260 infra
799 2206 818 2244 :
866 2190 1028 2260 289
1092 2188 1460 2256 Agnoscamus
1518 2189 1784 2255 geminam
1837 2188 2194 2244 substantiam

605 2279 830 2346 Christi,
855 2279 1090 2334 divinam
1119 2281 1362 2350 scilicet,
1394 2295 1498 2350 qua
1529 2280 1752 2350 aequalis
1783 2290 1865 2336 est
1891 2281 2067 2346 Patri;
2093 2281 2196 2336 hu-

603 2389 844 2444 manam,
859 2393 960 2448 qua
979 2378 1150 2446 major
1163 2387 1245 2432 est
1267 2378 1445 2433 Pater.
1466 2377 1764 2448 Utrumque
1791 2387 1971 2434 autem
1994 2377 2021 2415 ά
2040 2379 2197 2433 simul

602 2483 716 2525 non
748 2471 876 2536 duo,
923 2471 1017 2526 sed
1064 2485 1202 2525 unus
1228 2481 1313 2526 est
1335 2471 1602 2535 Christus,
1633 2486 1700 2527 ne
1729 2472 1800 2526 sit
1839 2471 2196 2542 qualernitas,

602 2575 717 2618 non
732 2558 969 2617 Trinitas
999 2562 1162 2617 Deus.
1187 2561 1334 2618 Sicut
1364 2563 1507 2618 enim
1533 2573 1617 2618 est
1639 2562 1800 2618 homo
1829 2563 2005 2618 anima
2033 2565 2200 2620 ratio-

602 2653 748 2711 nalis
773 2663 830 2710 et
855 2669 1012 2720 caro;
1041 2654 1118 2710 sic
1135 2670 1274 2711 unus
1295 2662 1380 2711 est
1405 2652 1649 2710 Christus
1669 2655 1812 2712 Deus
1833 2664 1889 2712 et
1905 2647 2071 2713 homo
2098 2675 2112 2713 :
2135 2672 2200 2712 ac

601 2759 704 2819 per
718 2748 822 2804 hoc
840 2747 1086 2804 Christus
1106 2756 1190 2804 est
1214 2749 1378 2816 Deus,
1405 2750 1581 2804 anima
1617 2751 1894 2808 rationalis
1920 2761 1942 2789 ε
1966 2760 2020 2808 ει
2045 2766 2190 2807 caro.
2269 2749 2274 2758 “

601 2837 879 2896 Christum
911 2841 964 2896 in
988 2840 1072 2896 his
1099 2841 1369 2909 omnibus,
1396 2841 1669 2899 Christum
1688 2843 1739 2897 in
1764 2845 1990 2914 singulis
2018 2843 2192 2900 conﬁ-

599 2941 802 2991 temur.
833 2933 962 3002 Quis
991 2943 1073 2989 est
1104 2949 1234 3004 ergo
1282 2949 1378 3005 per
1418 2950 1578 3004 quem
1614 2935 1785 2992 factus
1811 2945 1894 2992 est
1922 2937 2195 2993 mundus?

598 3022 844 3081 Christus
869 3025 1046 3091 Jesus,
1069 3027 1163 3082 sed
1195 3025 1442 3083 informa
1474 3027 1593 3084 Dei.
1625 3027 1757 3096 Quis
1775 3039 1854 3084 est
1886 3029 2192 3085 suhPontio

597 3109 772 3172 Pilato
793 3116 1116 3172 cruciﬁxus?
1135 3117 1382 3174 Christus
1414 3118 1594 3187 Iesus,
1617 3120 1714 3176 sed
1737 3121 1791 3176 in
1822 3120 1996 3178 forma
2025 3123 2190 3178 servi.
2221 3149 2268 3214 C

597 3227 1021 3310 Sanctiloannis
1049 3228 1600 3310 Constantinopolitani
1625 3235 1870 3310 episcopi,
1914 3245 1961 3290 et
1988 3240 2191 3310 confes-

695 3302 827 3356 saris
856 3304 909 3356 in
940 3303 1152 3357 homilia
1175 3304 1237 3357 de
1263 3320 1412 3360 cruce
1435 3315 1483 3359 et
1507 3302 1708 3361 latrone
1734 3302 1866 3361 inter
1886 3302 2090 3363 uetera.

669 3393 777 3449 Sed
807 3407 903 3448 cur
923 3407 1043 3449 cum
1067 3408 1227 3450 cruce
1253 3395 1451 3465 veniat,
1475 3395 1774 3454 videamus.
1799 3397 2019 3455 Scilicet
2047 3410 2103 3455 ut
2135 3399 2188 3456 hi

596 3486 690 3558 qui
719 3491 841 3542 e'dtn
865 3488 1268 3556 cruciﬁserunt,
1301 3504 1416 3545 suat
1456 3492 1692 3546 sentiant
1721 3493 2007 3548 dementia:
2033 3493 2189 3548 creci-

595 3587 794 3648 tatem;
823 3589 880 3636 et
920 3578 1039 3636 ideo
1064 3580 1412 3652 impudentiae
1456 3595 1643 3638 eorum
1675 3583 1886 3654 signum
1912 3592 2184 3654 portatur;

594 3683 654 3729 et
676 3673 796 3730 ideo
816 3675 1075 3746 propheta
1100 3674 1174 3729 ait
1200 3673 1380 3729 :Tunc
1401 3674 1814 3730 lamentabantur
1837 3678 1998 3732 tribus
2021 3687 2190 3745 terrae,

594 3767 842 3823 ‘videntes
869 3765 890 3805 τ
915 3765 1315 3834 accusatorem,
1340 3777 1396 3823 et
1418 3774 1773 3839 agnoscentes
1800 3781 2095 3840 peccatum.
2125 3772 2190 3826 Et

593 3856 727 3927 quid
753 3857 948 3911 mirum
978 3865 1060 3911 est
1089 3857 1132 3911 si
1157 3871 1372 3912 crucem
1411 3867 1631 3926 portans
1668 3860 1946 3928 adveniat,
1973 3861 2188 3932 quando

593 3955 653 4002 et
702 3947 925 4000 vulnera
975 3945 1212 4016 corporis
1258 3947 1372 4016 ipsa
1417 3947 1785 4004 demonstrat?
1837 3948 1982 4005 Tunc
2027 3953 2186 4020 enim,

594 4033 792 4109 inquit,
822 4039 1057 4093 videbunt
1090 4042 1236 4107 quen't
1268 4042 1636 4110 cruciﬁxerunt
1667 4043 1913 4114 (Zachar.
1939 4061 2033 4110 xn,
2069 4046 2184 4117 10).

596 4129 667 4186 Ει
696 4131 836 4186 sicut
859 4141 982 4200 post
1014 4133 1461 4188 resurrectionem
1493 4135 1662 4190 voluit
1687 4134 1909 4192 Thomas
1937 4135 2187 4193 difﬁden-

594 4224 724 4280 tiam
755 4224 1057 4290 confutare,
1099 4235 1152 4281 et
1185 4226 1257 4280 illi
1299 4227 1573 4283 clavorum
1605 4228 1722 4284 loca
1754 4231 2095 4298 monstravit,
2129 4242 2184 4286 et

590 4315 776 4374 lateris
827 4317 1048 4373 vulnera
1096 4317 1407 4388 declaravit,
1459 4327 1513 4375 et
1558 4320 1697 4376 dixit
1736 4342 1750 4379 :
1791 4322 1936 4377 Mitte
1973 4340 2183 4378 manum

591 4420 756 4477 tuam,
781 4421 827 4465 et
848 4411 960 4464 vide
984 4411 1226 4480 quoniam
1251 4413 1462 4480 spiritus
1501 4429 1704 4468 carnem
1733 4425 1782 4469 et
1810 4431 1926 4470 ossa
1956 4433 2060 4470 non
2083 4418 2182 4470 ha-

2381 1881 2516 1937 Item
2530 1883 2585 1937 in
2606 1885 2781 1939 eadem
2801 1882 3035 1936 humilia.
3050 1880 3168 1948 Quo
3189 1895 3442 1938 sermone
3454 1890 3586 1948 utar,
3596 1894 3690 1951 quo
3701 1879 3826 1936 verbo

2309 1975 2504 2048 dicam,
2536 1977 2774 2050 reperire
2811 1991 2917 2031 non
2951 1989 3187 2046 possum.
3217 1972 3418 2029 Natura
3445 1972 3657 2044 fragilis,
3682 1979 3822 2028 natura

2307 2082 2636 2144 contempta,
2661 2080 2716 2127 et
2735 2071 2982 2126 omnibus
3008 2077 3300 2125 monstrata
3335 2067 3583 2134 deterior,
3609 2068 3754 2122 omnia
3769 2067 3822 2120 vi-

2305 2163 2401 2230 cit,
2415 2164 2593 2219 omnia
2619 2162 2910 2232 superavit,
2931 2159 2947 2198 ί
2973 2168 3033 2216 et
3050 2160 3301 2216 omnibus
3327 2159 3574 2216 hodierna
3586 2157 3665 2214 die
3680 2155 3822 2212 meruit

2305 2253 2570 2310 excelsior
2595 2253 2838 2325 reperiri.
2887 2251 3056 2308 Hodie
3089 2251 3266 2322 angeli
3305 2260 3433 2307 vota
3463 2250 3552 2306 diu
3585 2249 3822 2306 desiderata

2304 2357 2586 2418 ceperunt.
2607 2346 2777 2402 Hodie
2789 2345 3096 2416 archangeli
3109 2346 3252 2417 quod
3271 2345 3441 2401 multo
3460 2353 3679 2416 tempore
3693 2341 3820 2413 epic-

2301 2438 2433 2494 hant
2467 2439 2735 2508 inspicere
2759 2438 3079 2503 valuerunt;
3122 2445 3365 2493 nostram
3393 2436 3533 2494 enim
3558 2444 3761 2491 naturam
3783 2433 3820 2489 in

2302 2532 2431 2588 sede
2443 2517 2720 2588 Dominica
2734 2531 3024 2602 fulgentem
3042 2529 3336 2586 immortali
3351 2529 3514 2602 gloria
3524 2527 3819 2600 pervideruat.

2304 2644 2487 2701 Sancti
2517 2645 2792 2716 Theophili
2820 2645 3433 2717 episcOpihAlexandrini,
3474 2644 3534 2698 de
3555 2641 3735 2717 epistola
3749 2655 3817 2710 ρα-

2525 2713 2689 2773 schali
2715 2713 2872 2789 quam
2901 2713 3302 2789 per'ngyptttm
3332 2713 3592 2772 destinavit
3611 2714 3654 2768 i.

2373 2829 2540 2903 Cujus
2569 2832 2650 2887 rei
2677 2831 2830 2888 testis
2857 2839 2940 2887 est
2966 2830 3055 2887 ille
3076 2827 3104 2867 ¹ι
3127 2829 3218 2902 qui
3247 2830 3484 2902 loquitur
3501 2847 3514 2884 :
3531 2827 3692 2885 Omnes
3706 2823 3815 2880 dedi

2301 2934 2572 2991 nat'erunt,
2599 2925 2753 2979 simul
2780 2923 2988 2977 inutiles
3032 2923 3155 2993 facti
3194 2931 3316 2977 sunt
3348 2921 3463 2996 (Ps.
3495 2936 3659 2988 CXLIII,
3685 2918 3746 2987 5).
3771 2914 3815 2971 Et

2301 3019 2580 3088 prophetae
2608 3015 2808 3072 Christi
2835 3013 3092 3071 auxilium
3123 3014 3479 3087 deprecantes
3502 3029 3517 3069 :
3539 3012 3738 3075 Dandae,
3762 3007 3814 3059 ir-

2300 3109 2442 3164 ch‘na
2471 3111 2621 3164 ctelos
2651 3107 2670 3146 ι
2699 3119 2746 3163 et
2766 3107 3046 3176 descende;
3070 3123 3178 3164 non
3207 3115 3267 3163 ut
3288 3117 3521 3164 mutaret
3541 3105 3644 3162 loca
3667 3102 3713 3158 in
3740 3112 3814 3170 quo

2303 3213 2429 3260 sunt
2453 3203 2658 3273 omnia,
2675 3202 2772 3259 sed
2797 3210 2858 3258 ut
2881 3210 3101 3274 propter
3129 3201 3366 3257 salutem
3395 3209 3636 3265 nostram,
3653 3204 3812 3252 carnem

2301 3297 2552 3353 humanae
2581 3295 2886 3366 fragilitatis
2929 3303 3261 3363 assumeret;
3297 3293 3470 3351 Paulo
3495 3291 3660 3350 eadem
3681 3282 3811 3343 conci-

2297 3399 2498 3450 Ieate:
2526 3388 2655 3445 Cum
2683 3398 2812 3446 esset
2833 3389 2994 3457 dives,
3017 3405 3214 3461 pauper
3230 3389 3406 3459 factus
3432 3397 3521 3455 est,
3543 3398 3593 3440 ut
3615 3399 3692 3439 nos
3711 3379 3810 3434 illis:

2297 3495 2598 3558 paupertate
2637 3487 2817 3542 diuites
2862 3502 3084 3542 essemus
3109 3476 3178 3557 (ll
3203 3483 3329 3540 Cor.
3357 3500 3470 3551 vnI,
3513 3482 3586 3555 9).
3611 3477 3810 3546 Venitun

2297 3580 2352 3634 in
2381 3588 2576 3649 terras,
2620 3588 2674 3636 et
2717 3580 2786 3636 de
2823 3579 3069 3650 virginali
3101 3589 3278 3647 utero,
3327 3594 3485 3652 quem
3512 3567 3805 3632 sanctiﬁcata,

2295 3686 2547 3743 egressus
2593 3682 2678 3730 εει
2725 3673 2921 3741 homo,
2980 3673 3504 3744 interpretationem.
3527 3665 3721 3726 nominis
3749 3657 3806 3715 sui

2296 3767 2645 3838 Emmanuel,
2697 3767 2751 3824 id
2797 3777 2901 3836 est,
2951 3768 3229 3824 nobiscum
3279 3767 3446 3834 Deus,
3490 3757 3805 3835 dispensatione

2293 3860 2645 3926 conﬁrmans,
2688 3859 2884 3915 mirum
2928 3860 2979 3915 in
3021 3860 3237 3915 modum
3265 3861 3436 3930 coepit
3461 3872 3572 3915 esse
3602 3850 3716 3926 quod
3737 3857 3804 3902 nos

2293 3967 2500 4022 sumus,
2546 3963 2603 4010 et
2631 3967 2739 4009 non
2766 3953 2928 4009 desiit
2955 3964 3076 4010 esse
3105 3953 3248 4024 quod
3301 3965 3438 4021 erat,
3486 3952 3558 4008 sic
3596 3952 3802 4004 assumens

2293 4057 2539 4103 naturam
2571 4057 2832 4116 nostram,
2880 4056 2940 4103 ut
2982 4039 3124 4119 quod
3168 4058 3292 4103 erat
3331 4048 3446 4116 ipse
3473 4058 3570 4100 non
3597 4036 3800 4112 perderet.

2287 4141 2618 4211 Quamquam
2645 4141 2788 4196 enim
2821 4141 2874 4194 in
2910 4139 3117 4194 Joanne
3159 4137 3466 4193 scribatur:
3506 4133 3692 4190 Verbum
3712 4137 3799 4180 caro

2289 4233 2484 4300 factum
2513 4241 2586 4285 est
2617 4229 2796 4301 (Joan.
2830 4246 2868 4296 ι,
2910 4229 3000 4298 id)
3042 4229 3093 4284 id
3119 4237 3223 4296 est,
3275 4229 3397 4285 aliis
3438 4226 3626 4291 verbis,
3663 4219 3797 4277 homo:

2289 4334 2470 4380 tamen
2510 4339 2618 4380 non
2661 4333 2745 4380 est
2787 4337 2978 4379 versus
3023 4322 3077 4377 in
3132 4335 3391 4390 carnem,
3434 4319 3551 4393 quia
3593 4320 3794 4382 nunquam

2291 4416 2434 4472 Deus
2455 4431 2576 4472 esse
2602 4417 2854 4489 cessavit,
2886 4415 2954 4471 ad
2986 4429 3145 4486 quem
3175 4425 3231 4470 et
3263 4425 3477 4471 sanctus
3500 4397 3795 4482 loquiturzl’l

591 4501 696 4566 bet,
721 4502 850 4555 sicut
877 4518 956 4556 me
980 4478 1159 4556 uidetis
1187 4478 1372 4558 habere
1402 4503 1584 4574 (Joan.
1621 4522 1714 4572 xx,
1745 4508 1844 4572 27;
1880 4508 2006 4562 Luc.
2031 4525 2179 4578 xxn',
2209 4478 2266 4540 Β
2289 4519 2458 4563 autem
2482 4509 2618 4564 idem
2640 4511 2748 4582 ipse
2770 4525 2824 4563 es
2841 4478 2973 4580 '(Ps.
2995 4478 3068 4573 cI,
3091 4507 3218 4577 28);
3247 4517 3304 4564 et
3329 4507 3485 4564 Pater
3503 4478 3693 4562 deictnlo
3707 4507 3794 4551 con;

589 4590 715 4662 39);
741 4593 819 4648 sic
835 4603 890 4649 et
910 4602 1035 4648 tunc
1055 4597 1304 4650 ostendet
1333 4596 1575 4664 vulnera,
1605 4613 1930 4670 crucemque
1951 4601 2183 4657 demon-

588 4685 806 4751 strabit,
821 4687 1348 4744 utostendatseesse
1370 4689 1543 4758 illum,
1559 4691 1651 4762 qui
1678 4691 1850 4773 fuerat
1865 4694 2178 4750 cruciﬁxus.

662 4772 800 4830 Item
825 4777 1052 4846 ejusdem
1081 4779 1306 4850 episcOpi
1332 4780 1386 4834 in
1417 4779 1632 4836 homilia
1658 4777 1723 4837 de
1755 4786 2048 4839 ascensione
2069 4783 2180 4838 Do-

586 4869 715 4924 mini
733 4869 866 4924 inter
890 4880 1089 4924 cratera.
1106 4881 1131 4919 ε
1147 4870 1278 4927 Nam
1302 4874 1442 4929 sicut
1457 4875 1664 4932 duobus
1687 4877 1868 4948 jurgio
1887 4880 2172 4950 separatis,

583 4981 726 5023 unus
768 4967 821 5022 in
870 4965 1049 5023 medio
1095 4969 1303 5039 positus
1349 4969 1725 5026 altercantium
1776 4971 1924 5028 litem
1969 4972 2175 5030 discor-

656 5110 684 5138 ι
722 5101 923 5179 Quesn.
957 5101 1139 5158 omisit
1177 5106 1386 5174 carnis;
1414 5114 1469 5163 et
1495 5105 1618 5162 dein
1644 5104 1807 5167 habet
1837 5107 1920 5161 cui
1950 5112 2179 5179 perfecta

580 5173 1039 5229 immortalitatem.

652 5242 680 5282 δ
714 5244 890 5312 Idem,
924 5255 969 5299 et
998 5248 1271 5303 hominem.

655 5327 677 5354 ε
711 5315 937 5384 Quesn.,
967 5334 1082 5372 cum
1103 5321 1156 5372 in
1183 5321 1294 5374 illo.

649 5384 678 5423 ἀ
700 5387 902 5455 Quesn.
937 5389 1119 5444 omisit
1145 5391 1323 5448 simul.

653 5468 676 5495 ο
706 5462 1070 5533 ρυεεηηγειξὶυ
1101 5462 1390 5517 verborum
1423 5463 1632 5530 ordine,
1667 5473 1715 5519 et
1743 5483 1865 5521 caro
1896 5465 2012 5522 Dei.
2041 5465 2170 5533 Quis

577 5540 652 5608 est
677 5532 766 5583 sub
800 5529 984 5584 Pontio
1146 5535 1214 5608 in,
1231 5541 1397 5608 [arma
1427 5537 1594 5608 serti?
1619 5529 1770 5602 Quis
1797 5548 1870 5592 est
1903 5556 1992 5608 per
2015 5529 2168 5608 quem

579 5605 746 5675 ωουλδ
771 5612 843 5655 est
866 5604 1126 5657 mundus?
1155 5603 1390 5659 Christus
1417 5605 1591 5666 Iesus,
1638 5609 1727 5661 sed
1755 5611 1806 5660 in
1850 5603 2164 5675 forrtttt'Dei.

578 5670 849 5750 Christum
859 5690 982 5750 ergo
998 5677 1054 5727 in
1078 5675 1154 5750 his
1176 5679 1430 5743 omnibus,
1449 5678 1705 5750 Christum
1733 5680 1786 5732 in
1808 5670 2024 5750 singulis
2045 5696 2166 5733 con-

577 5742 1091 5816 ﬁtenturirﬁotatquc
1121 5745 1174 5799 in
1205 5762 1373 5816 marg.
1404 5742 1423 5802 :'
1453 5747 1562 5804 Vox
1599 5751 1689 5805 Dei
1723 5761 1792 5804 est
1822 5752 1872 5803 in
1890 5742 2013 5804 "solo
2047 5753 2164 5806 cod.

580 5810 754 5867 Oxon.
789 5813 868 5891 ΕΒ
888 5810 1496 5891 Vind.__ctttettdavimus,
1539 5823 1889 5891 ordinemque:
1929 5826 2168 5880 restitui-

573 5897 724 5952 mus.
749 5885 1161 5976 suﬂ'ragantihus
1179 5889 1311 5976 aliis
1326 5905 1460 5949 mss.
1493 5903 1548 5952 et.
1571 5894 1784 5954 excusis
1809 5885 2105 5950 cudiczbus.

2290 4611 2539 4670 testatur,
2567 4613 2621 4658 et
2649 4602 2818 4658 dicit:
2850 4599 2930 4656 Tu
2955 4618 3007 4656 es
3031 4597 3206 4655 Filius
3236 4617 3381 4656 meus
3423 4600 3636 4665 dilectus,
3661 4593 3703 4646 ίιι
3724 4597 3792 4656 ll"

2290 4696 2416 4750 mihi
2455 4697 2577 4752 bene
2597 4695 2884 4766 complacui
2905 4693 3086 4768 (Matt.
3116 4710 3195 4762 III,
3226 4694 3328 4761 i7;
3356 4693 3516 4750 Marc.
3548 4706 3582 4760 I,
3606 4680 3792 4750 Μςιιίο

2286 4805 2366 4856 ιιι,
2391 4790 2519 4857 29.);
2562 4800 2622 4845 ut
2649 4798 2702 4846 et
2749 4789 2912 4845 homo
2957 4789 3128 4845 lactus
3157 4797 3344 4844 nostra
3373 4783 3676 4844 confessione
3704 4785 3790 4845 pel"

2289 4898 2511 4940 manere
2553 4885 2765 4940 dicatur
2793 4885 2938 4956 quod
2982 4882 3082 4939 fuit
3129 4883 3440 4954 priusquam
3477 4879 3620 4935 homo
3656 4872 3788 4925 liertt;

2289 4977 2458 5034 Paulo
2487 4977 2767 5034 nobiscum
2811 4976 3002 5033 eadem
3049 4975 3378 5047 praedicante
3413 4970 3590 5028 :Jesus
3621 4959 3789 5020 Cirim!

2361 5110 2385 5152 ί
2412 5112 2640 5180 Quesn.,
2669 5121 3011 5170 accusatores.

2357 5194 2384 5233 ε
2414 5184 2559 5240 Idem
2587 5185 2772 5240 omisit
2797 5201 2939 5239 nam.

2353 5251 2384 5293 h
2412 5255 2582 5321 idem,
2611 5257 2692 5310 cui
2720 5254 2932 5309 dicitur.

2359 5325 2390 5410 ί,
2409 5314 2579 5410 idem;
2609 5335 2658 5380 et
2693 5325 2946 5382 hodierna
2965 5326 3049 5382 die
3082 5326 3270 5383 meruit
3293 5323 3485 5398 angelis
3508 5316 3713 5376 excelsior
3731 5314 3787 5360 νει

2279 5414 2526 5552 ῗςπίῇοο
2570 5469 2937 5552 testimonium
2977 5479 3252 5552 sumptum
3290 5479 3374 5552 est
3416 5484 3496 5552 ex.
3523 5460 3723 5552 veas‘ion‘e

2277 5518 3389 5614 aadmittitis-3tentataeRufi,
3417 5518 3574 5614 35in;
3590 5529 3663 5590 98.
3678 5518 3780 5614 ,ηλῂ

2273 5589 2750 5670 ὲᾶῆῖῦέἶὸιιῖᾜ
2788 5589 3154 5669 ἷώῗοῖὦῖἶΪ
3167 5589 3603 5670 ιῖἶιίὶίἰέἆΐξιὶπ
3623 5589 3782 5670 epistola

2276 5685 2336 5741 S.
2371 5685 2641 5754 Theophili
2666 5685 3029 5751 Alexandrini,
3058 5686 3124 5740 de
3146 5683 3369 5740 Pascha.

2346 5755 2372 5792 ¹ι
2399 5757 2628 5822 Quesn.,
2659 5759 2746 5822 qui
2771 5757 2899 5811 dicit

2351 5773 2372 5792 ι
2399 5773 2628 5824 ψιεεη..
2659 5773 2744 5826 qut
2771 5773 2899 5811 atcu

2351 5825 2367 5864 ι
2397 5830 2498 5883 Alii
2527 5829 2684 5884 codd.
2717 5843 2840 5884 cum
2865 5828 3097 5902 vulgatis
3122 5829 3324 5890 addunt
3343 5839 3470 5885 tuos.
