  <div class='ocr_page' id='page_1' title='image "/cluster/home/n/w/nwhite01/storage/ocr_20150623/56/hvd.32044015471600/303.png"; bbox 0 0 3996 6344; ppageno 0'>
   <div class='ocr_carea' id='block_1_1' title="bbox 565 325 677 386">
    <p class='ocr_par' dir='ltr' id='par_1_1' title="bbox 565 325 677 386">
     <span class='ocr_line' id='line_1_1' title="bbox 565 325 677 386; baseline 0 0"><span class='ocrx_word' id='word_1_1' title='bbox 565 325 677 386; x_wconf 75' lang='lat'><strong>595</strong></span> 
     </span>
    </p>
   </div>
   <div class='ocr_carea' id='block_1_2' title="bbox 1504 329 2913 407">
    <p class='ocr_par' dir='ltr' id='par_1_2' title="bbox 1504 329 2913 407">
     <span class='ocr_line' id='line_1_2' title="bbox 1504 329 2913 407; baseline 0.015 -23"><span class='ocrx_word' id='word_1_2' title='bbox 1504 329 1852 384; x_wconf 73' lang='lat' dir='ltr'><strong>APPENDIX</strong></span> <span class='ocrx_word' id='word_1_3' title='bbox 1890 336 1983 390; x_wconf 80' lang='lat' dir='ltr'><strong>AD</strong></span> <span class='ocrx_word' id='word_1_4' title='bbox 2021 339 2080 393; x_wconf 92' lang='lat' dir='ltr'><strong>S.</strong></span> <span class='ocrx_word' id='word_1_5' title='bbox 2118 337 2368 400; x_wconf 79' lang='lat' dir='ltr'><strong>LEONIS</strong></span> <span class='ocrx_word' id='word_1_6' title='bbox 2407 343 2622 402; x_wconf 80' lang='lat' dir='ltr'><strong>MAGNI</strong></span> <span class='ocrx_word' id='word_1_7' title='bbox 2659 344 2913 407; x_wconf 77' lang='lat' dir='ltr'><strong>OPEBA.</strong></span> 
     </span>
    </p>
   </div>
   <div class='ocr_carea' id='block_1_3' title="bbox 3686 361 3775 431">
    <p class='ocr_par' dir='ltr' id='par_1_3' title="bbox 3686 361 3775 431">
     <span class='ocr_line' id='line_1_3' title="bbox 3686 361 3775 431; baseline 0.034 -3"><span class='ocrx_word' id='word_1_8' title='bbox 3686 361 3775 431; x_wconf 73' lang='lat'><strong>595</strong></span> 
     </span>
    </p>
   </div>
   <div class='ocr_carea' id='block_1_4' title="bbox 562 444 3773 541">
    <p class='ocr_par' dir='ltr' id='par_1_4' title="bbox 562 444 3773 541">
     <span class='ocr_line' id='line_1_4' title="bbox 562 444 3773 541; baseline 0.011 -41"><span class='ocrx_word' id='word_1_9' title='bbox 562 460 668 500; x_wconf 89' lang='lat' dir='ltr'><strong>non</strong></span> <span class='ocrx_word' id='word_1_10' title='bbox 697 452 782 502; x_wconf 91' lang='lat' dir='ltr'><strong>est</strong></span> <span class='ocrx_word' id='word_1_11' title='bbox 808 444 1042 507; x_wconf 89' lang='lat' dir='ltr'><strong>alienum</strong></span> <span class='ocrx_word' id='word_1_12' title='bbox 1069 461 1102 503; x_wconf 86' lang='lat' dir='ltr'><strong>a</strong></span> <span class='ocrx_word' id='word_1_13' title='bbox 1129 445 1309 504; x_wconf 89' lang='lat' dir='ltr'><strong>Verbo</strong></span> <span class='ocrx_word' id='word_1_14' title='bbox 1335 461 1532 518; x_wconf 90' lang='lat' dir='ltr'><strong>corpus</strong></span> <span class='ocrx_word' id='word_1_15' title='bbox 1557 464 1740 517; x_wconf 86' lang='lat' dir='ltr'><strong>suum,</strong></span> <span class='ocrx_word' id='word_1_16' title='bbox 1765 465 1887 509; x_wconf 92' lang='lat' dir='ltr'><strong>cum</strong></span> <span class='ocrx_word' id='word_1_17' title='bbox 1918 468 2024 520; x_wconf 86' lang='lat' dir='ltr'><strong>quo</strong></span> <span class='ocrx_word' id='word_1_18' title='bbox 2046 457 2147 524; x_wconf 86' lang='lat' dir='ltr'><strong>ipsi</strong></span> <span class='ocrx_word' id='word_1_19' title='bbox 2176 466 2227 522; x_wconf 75' lang='grc' dir='ltr'>Α</span> <span class='ocrx_word' id='word_1_20' title='bbox 2257 475 2416 528; x_wconf 90' lang='lat' dir='ltr'><strong>quam</strong></span> <span class='ocrx_word' id='word_1_21' title='bbox 2447 473 2811 533; x_wconf 86' lang='lat' dir='ltr'><strong>assumpserat</strong></span> <span class='ocrx_word' id='word_1_22' title='bbox 2855 465 3088 524; x_wconf 86' lang='lat' dir='ltr'><strong>humana</strong></span> <span class='ocrx_word' id='word_1_23' title='bbox 3133 475 3337 539; x_wconf 87' lang='lat' dir='ltr'><strong>natura,</strong></span> <span class='ocrx_word' id='word_1_24' title='bbox 3375 487 3530 532; x_wconf 83' lang='lat' dir='ltr'><strong>unum</strong></span> <span class='ocrx_word' id='word_1_25' title='bbox 3555 491 3583 533; x_wconf 83' lang='grc' dir='ltr'>θ</span> <span class='ocrx_word' id='word_1_26' title='bbox 3605 475 3773 541; x_wconf 80' lang='lat' dir='ltr'><strong>duobus</strong></span> 
     </span>
    </p>
   </div>
   <div class='ocr_carea' id='block_1_5' title="bbox 564 538 2152 616">
    <p class='ocr_par' dir='ltr' id='par_1_5' title="bbox 564 538 2152 616">
     <span class='ocr_line' id='line_1_5' title="bbox 564 538 2152 616; baseline 0.006 -22"><span class='ocrx_word' id='word_1_27' title='bbox 564 538 726 594; x_wconf 88' lang='lat' dir='ltr'><strong>etiam</strong></span> <span class='ocrx_word' id='word_1_28' title='bbox 757 539 957 595; x_wconf 83' lang='lat' dir='ltr'><strong>assidet</strong></span> <span class='ocrx_word' id='word_1_29' title='bbox 987 539 1152 597; x_wconf 87' lang='lat' dir='ltr'><strong>Patri.</strong></span> <span class='ocrx_word' id='word_1_30' title='bbox 1183 540 1292 595; x_wconf 89' lang='lat' dir='ltr'><strong>Nec</strong></span> <span class='ocrx_word' id='word_1_31' title='bbox 1333 541 1435 596; x_wconf 90' lang='lat' dir='ltr'><strong>hoc</strong></span> <span class='ocrx_word' id='word_1_32' title='bbox 1463 542 1533 596; x_wconf 85' lang='lat' dir='ltr'><strong>ita</strong></span> <span class='ocrx_word' id='word_1_33' title='bbox 1561 543 1809 609; x_wconf 85' lang='lat' dir='ltr'><strong>dicimus,</strong></span> <span class='ocrx_word' id='word_1_34' title='bbox 1845 548 1998 616; x_wconf 89' lang='lat' dir='ltr'><strong>quasi</strong></span> <span class='ocrx_word' id='word_1_35' title='bbox 2024 548 2152 604; x_wconf 82' lang='lat' dir='ltr'><strong>duo-</strong></span> 
     </span>
    </p>
   </div>
   <div class='ocr_carea' id='block_1_6' title="bbox 568 633 2150 710">
    <p class='ocr_par' dir='ltr' id='par_1_6' title="bbox 568 633 2150 710">
     <span class='ocr_line' id='line_1_6' title="bbox 568 633 2150 710; baseline 0.005 -21"><span class='ocrx_word' id='word_1_36' title='bbox 568 633 668 689; x_wconf 87' lang='lat' dir='ltr'><strong>bus</strong></span> <span class='ocrx_word' id='word_1_37' title='bbox 699 633 820 688; x_wconf 84' lang='lat' dir='ltr'><strong>ﬁliis</strong></span> <span class='ocrx_word' id='word_1_38' title='bbox 849 633 1232 700; x_wconf 88' lang='lat' dir='ltr'><strong>assidentibus,</strong></span> <span class='ocrx_word' id='word_1_39' title='bbox 1283 635 1378 691; x_wconf 87' lang='lat' dir='ltr'><strong>sed</strong></span> <span class='ocrx_word' id='word_1_40' title='bbox 1422 653 1526 692; x_wconf 92' lang='lat' dir='ltr'><strong>uno</strong></span> <span class='ocrx_word' id='word_1_41' title='bbox 1553 653 1672 692; x_wconf 85' lang='lat' dir='ltr'><strong>curn</strong></span> <span class='ocrx_word' id='word_1_42' title='bbox 1699 654 1862 695; x_wconf 91' lang='lat' dir='ltr'><strong>carne</strong></span> <span class='ocrx_word' id='word_1_43' title='bbox 1903 656 1997 710; x_wconf 88' lang='lat' dir='ltr'><strong>per</strong></span> <span class='ocrx_word' id='word_1_44' title='bbox 2029 643 2150 697; x_wconf 92' lang='lat' dir='ltr'><strong>uni-</strong></span> 
     </span>
    </p>
   </div>
   <div class='ocr_carea' id='block_1_7' title="bbox 569 726 2152 802">
    <p class='ocr_par' dir='ltr' id='par_1_7' title="bbox 569 726 2152 802">
     <span class='ocr_line' id='line_1_7' title="bbox 569 726 2152 802; baseline 0.008 -23"><span class='ocrx_word' id='word_1_45' title='bbox 569 734 764 792; x_wconf 79' lang='lat' dir='ltr'><strong>tatem;</strong></span> <span class='ocrx_word' id='word_1_46' title='bbox 799 726 920 796; x_wconf 86' lang='lat' dir='ltr'><strong>quia</strong></span> <span class='ocrx_word' id='word_1_47' title='bbox 951 727 995 781; x_wconf 90' lang='lat' dir='ltr'><strong>si</strong></span> <span class='ocrx_word' id='word_1_48' title='bbox 1037 726 1195 782; x_wconf 95' lang='lat' dir='ltr'><strong>talem</strong></span> <span class='ocrx_word' id='word_1_49' title='bbox 1235 730 1629 798; x_wconf 90' lang='lat' dir='ltr'><strong>copulationem</strong></span> <span class='ocrx_word' id='word_1_50' title='bbox 1671 730 1864 787; x_wconf 84' lang='lat' dir='ltr'><strong>factam</strong></span> <span class='ocrx_word' id='word_1_51' title='bbox 1901 750 1995 802; x_wconf 85' lang='lat' dir='ltr'><strong>per</strong></span> <span class='ocrx_word' id='word_1_52' title='bbox 2025 735 2152 791; x_wconf 83' lang='lat' dir='ltr'><strong>sub—</strong></span> 
     </span>
    </p>
   </div>
   <div class='ocr_carea' id='block_1_8' title="bbox 567 816 2150 896">
    <p class='ocr_par' dir='ltr' id='par_1_8' title="bbox 567 816 2150 896">
     <span class='ocr_line' id='line_1_8' title="bbox 567 816 2150 896; baseline 0.004 -22"><span class='ocrx_word' id='word_1_53' title='bbox 567 816 840 883; x_wconf 89' lang='lat' dir='ltr'><strong>stantiam,</strong></span> <span class='ocrx_word' id='word_1_54' title='bbox 879 826 972 874; x_wconf 88' lang='lat' dir='ltr'><strong>aut</strong></span> <span class='ocrx_word' id='word_1_55' title='bbox 1008 819 1160 888; x_wconf 88' lang='lat' dir='ltr'><strong>quasi</strong></span> <span class='ocrx_word' id='word_1_56' title='bbox 1197 819 1606 891; x_wconf 88' lang='lat' dir='ltr'><strong>impossibilem,</strong></span> <span class='ocrx_word' id='word_1_57' title='bbox 1645 833 1738 879; x_wconf 88' lang='lat' dir='ltr'><strong>aut</strong></span> <span class='ocrx_word' id='word_1_58' title='bbox 1774 825 1929 896; x_wconf 87' lang='lat' dir='ltr'><strong>quasi</strong></span> <span class='ocrx_word' id='word_1_59' title='bbox 1961 841 2150 896; x_wconf 89' lang='lat' dir='ltr'><strong>parum</strong></span> 
     </span>
    </p>
   </div>
   <div class='ocr_carea' id='block_1_9' title="bbox 570 911 2153 987">
    <p class='ocr_par' dir='ltr' id='par_1_9' title="bbox 570 911 2153 987">
     <span class='ocr_line' id='line_1_9' title="bbox 570 911 2153 987; baseline 0.005 -21"><span class='ocrx_word' id='word_1_60' title='bbox 570 912 819 966; x_wconf 76' lang='lat' dir='ltr'><strong>decoram</strong></span> <span class='ocrx_word' id='word_1_61' title='bbox 860 911 1191 968; x_wconf 88' lang='lat' dir='ltr'><strong>uoluerimus</strong></span> <span class='ocrx_word' id='word_1_62' title='bbox 1234 915 1509 984; x_wconf 91' lang='lat' dir='ltr'><strong>accipere,</strong></span> <span class='ocrx_word' id='word_1_63' title='bbox 1551 917 1603 970; x_wconf 92' lang='lat' dir='ltr'><strong>in</strong></span> <span class='ocrx_word' id='word_1_64' title='bbox 1643 916 1694 971; x_wconf 91' lang='lat' dir='ltr'><strong>id</strong></span> <span class='ocrx_word' id='word_1_65' title='bbox 1739 918 2042 987; x_wconf 81' lang='lat' dir='ltr'><strong>incidimus,</strong></span> <span class='ocrx_word' id='word_1_66' title='bbox 2095 930 2153 976; x_wconf 89' lang='lat' dir='ltr'><strong>ut</strong></span> 
     </span>
    </p>
   </div>
   <div class='ocr_carea' id='block_1_10' title="bbox 564 1002 2157 1068">
    <p class='ocr_par' dir='ltr' id='par_1_10' title="bbox 564 1002 2157 1068">
     <span class='ocr_line' id='line_1_10' title="bbox 564 1002 2157 1068; baseline 0.005 -10"><span class='ocrx_word' id='word_1_67' title='bbox 564 1002 701 1068; x_wconf 87' lang='lat' dir='ltr'><strong>duos</strong></span> <span class='ocrx_word' id='word_1_68' title='bbox 725 1003 864 1059; x_wconf 87' lang='lat' dir='ltr'><strong>ﬁlios</strong></span> <span class='ocrx_word' id='word_1_69' title='bbox 884 1017 1006 1060; x_wconf 88' lang='lat' dir='ltr'><strong>esse</strong></span> <span class='ocrx_word' id='word_1_70' title='bbox 1031 1003 1296 1060; x_wconf 90' lang='lat' dir='ltr'><strong>dicamus.</strong></span> <span class='ocrx_word' id='word_1_71' title='bbox 1320 1014 1346 1042; x_wconf 75' lang='grc' dir='ltr'>α</span> <span class='ocrx_word' id='word_1_72' title='bbox 1371 1006 1482 1062; x_wconf 85' lang='lat' dir='ltr'><strong>Nec</strong></span> <span class='ocrx_word' id='word_1_73' title='bbox 1509 1008 1652 1064; x_wconf 90' lang='lat' dir='ltr'><strong>enim</strong></span> <span class='ocrx_word' id='word_1_74' title='bbox 1677 1008 1933 1065; x_wconf 83' lang='lat' dir='ltr'><strong>debemus</strong></span> <span class='ocrx_word' id='word_1_75' title='bbox 1953 1011 2157 1066; x_wconf 88' lang='lat' dir='ltr'><strong>discer-</strong></span> 
     </span>
    </p>
   </div>
   <div class='ocr_carea' id='block_1_11' title="bbox 567 1099 2158 1171">
    <p class='ocr_par' dir='ltr' id='par_1_11' title="bbox 567 1099 2158 1171">
     <span class='ocr_line' id='line_1_11' title="bbox 567 1099 2158 1171; baseline 0.003 -15"><span class='ocrx_word' id='word_1_76' title='bbox 567 1114 698 1156; x_wconf 83' lang='lat' dir='ltr'><strong>nere</strong></span> <span class='ocrx_word' id='word_1_77' title='bbox 741 1105 797 1155; x_wconf 89' lang='lat' dir='ltr'><strong>et</strong></span> <span class='ocrx_word' id='word_1_78' title='bbox 829 1099 1009 1156; x_wconf 87' lang='lat' dir='ltr'><strong>dicere</strong></span> <span class='ocrx_word' id='word_1_79' title='bbox 1051 1099 1326 1156; x_wconf 86' lang='lat' dir='ltr'><strong>hominem</strong></span> <span class='ocrx_word' id='word_1_80' title='bbox 1363 1103 1654 1171; x_wconf 72' lang='lat' dir='ltr'><strong>separatim</strong></span> <span class='ocrx_word' id='word_1_81' title='bbox 1696 1103 1856 1161; x_wconf 87' lang='lat' dir='ltr'><strong>luisse</strong></span> <span class='ocrx_word' id='word_1_82' title='bbox 1887 1104 2001 1160; x_wconf 87' lang='lat' dir='ltr'><strong>sola</strong></span> <span class='ocrx_word' id='word_1_83' title='bbox 2032 1104 2158 1160; x_wconf 84' lang='lat' dir='ltr'><strong>Filii</strong></span> 
     </span>
    </p>
   </div>
   <div class='ocr_carea' id='block_1_12' title="bbox 567 1192 2160 1269">
    <p class='ocr_par' dir='ltr' id='par_1_12' title="bbox 567 1192 2160 1269">
     <span class='ocr_line' id='line_1_12' title="bbox 567 1192 2160 1269; baseline 0.003 -21"><span class='ocrx_word' id='word_1_84' title='bbox 567 1192 933 1262; x_wconf 76' lang='lat' dir='ltr'><strong>appellatione</strong></span> <span class='ocrx_word' id='word_1_85' title='bbox 957 1194 1308 1261; x_wconf 89' lang='lat' dir='ltr'><strong>honoratum;</strong></span> <span class='ocrx_word' id='word_1_86' title='bbox 1332 1199 1387 1250; x_wconf 90' lang='lat' dir='ltr'><strong>et</strong></span> <span class='ocrx_word' id='word_1_87' title='bbox 1414 1211 1599 1251; x_wconf 86' lang='lat' dir='ltr'><strong>rursus</strong></span> <span class='ocrx_word' id='word_1_88' title='bbox 1619 1196 1876 1262; x_wconf 82' lang='lat' dir='ltr'><strong>Verbum,</strong></span> <span class='ocrx_word' id='word_1_89' title='bbox 1908 1198 2051 1269; x_wconf 93' lang='lat' dir='ltr'><strong>quod</strong></span> <span class='ocrx_word' id='word_1_90' title='bbox 2073 1205 2160 1254; x_wconf 84' lang='lat' dir='ltr'><strong>est</strong></span> 
     </span>
    </p>
   </div>
   <div class='ocr_carea' id='block_1_13' title="bbox 568 1284 2158 1356">
    <p class='ocr_par' dir='ltr' id='par_1_13' title="bbox 568 1284 2158 1356">
     <span class='ocr_line' id='line_1_13' title="bbox 568 1284 2158 1356; baseline 0.003 -17"><span class='ocrx_word' id='word_1_91' title='bbox 568 1300 637 1350; x_wconf 63' lang='lat' dir='ltr'><strong>es</strong></span> <span class='ocrx_word' id='word_1_92' title='bbox 672 1284 783 1340; x_wconf 89' lang='lat' dir='ltr'><strong>Deo</strong></span> <span class='ocrx_word' id='word_1_93' title='bbox 809 1294 869 1341; x_wconf 88' lang='lat' dir='ltr'><strong>et</strong></span> <span class='ocrx_word' id='word_1_94' title='bbox 895 1286 1112 1356; x_wconf 79' lang='lat' dir='ltr'><strong>nomine</strong></span> <span class='ocrx_word' id='word_1_95' title='bbox 1132 1295 1188 1342; x_wconf 90' lang='lat' dir='ltr'><strong>et</strong></span> <span class='ocrx_word' id='word_1_96' title='bbox 1215 1287 1444 1342; x_wconf 83' lang='lat' dir='ltr'><strong>veritate</strong></span> <span class='ocrx_word' id='word_1_97' title='bbox 1475 1285 1641 1346; x_wconf 87' lang='lat' dir='ltr'><strong>Filius</strong></span> <span class='ocrx_word' id='word_1_98' title='bbox 1665 1287 1778 1342; x_wconf 89' lang='lat' dir='ltr'><strong>Dei.</strong></span> <span class='ocrx_word' id='word_1_99' title='bbox 1813 1287 1918 1344; x_wconf 87' lang='lat' dir='ltr'><strong>Sed</strong></span> <span class='ocrx_word' id='word_1_100' title='bbox 1946 1288 2158 1344; x_wconf 91' lang='lat' dir='ltr'><strong>discer-</strong></span> 
     </span>
    </p>
   </div>
   <div class='ocr_carea' id='block_1_14' title="bbox 571 1376 2153 1452">
    <p class='ocr_par' dir='ltr' id='par_1_14' title="bbox 571 1376 2153 1452">
     <span class='ocr_line' id='line_1_14' title="bbox 571 1376 2153 1452; baseline 0.001 -19"><span class='ocrx_word' id='word_1_101' title='bbox 571 1391 702 1452; x_wconf 70' lang='lat' dir='ltr'><strong>nere</strong></span> <span class='ocrx_word' id='word_1_102' title='bbox 746 1376 800 1431; x_wconf 90' lang='lat' dir='ltr'><strong>in</strong></span> <span class='ocrx_word' id='word_1_103' title='bbox 853 1376 987 1433; x_wconf 91' lang='lat' dir='ltr'><strong>duos</strong></span> <span class='ocrx_word' id='word_1_104' title='bbox 1028 1377 1168 1432; x_wconf 81' lang='lat' dir='ltr'><strong>ﬁlios</strong></span> <span class='ocrx_word' id='word_1_105' title='bbox 1207 1394 1314 1432; x_wconf 91' lang='lat' dir='ltr'><strong>non</strong></span> <span class='ocrx_word' id='word_1_106' title='bbox 1365 1377 1626 1435; x_wconf 88' lang='lat' dir='ltr'><strong>debemus</strong></span> <span class='ocrx_word' id='word_1_107' title='bbox 1673 1395 1835 1434; x_wconf 89' lang='lat' dir='ltr'><strong>unum</strong></span> <span class='ocrx_word' id='word_1_108' title='bbox 1867 1379 2153 1435; x_wconf 89' lang='lat' dir='ltr'><strong>Dominum</strong></span> 
     </span>
    </p>
   </div>
   <div class='ocr_carea' id='block_1_15' title="bbox 569 1466 2158 1542">
    <p class='ocr_par' dir='ltr' id='par_1_15' title="bbox 569 1466 2158 1542">
     <span class='ocr_line' id='line_1_15' title="bbox 569 1466 2158 1542; baseline 0.003 -18"><span class='ocrx_word' id='word_1_109' title='bbox 569 1466 756 1540; x_wconf 64' lang='lat' dir='ltr'><strong>Ipsum</strong></span> <span class='ocrx_word' id='word_1_110' title='bbox 785 1469 1081 1530; x_wconf 82' lang='lat' dir='ltr'><strong>Christum.</strong></span> <span class='ocrx_word' id='word_1_111' title='bbox 1105 1470 1289 1540; x_wconf 82' lang='lat' dir='ltr'><strong>Neque</strong></span> <span class='ocrx_word' id='word_1_112' title='bbox 1311 1471 1452 1527; x_wconf 90' lang='lat' dir='ltr'><strong>enim</strong></span> <span class='ocrx_word' id='word_1_113' title='bbox 1482 1472 1532 1526; x_wconf 90' lang='lat' dir='ltr'><strong>id</strong></span> <span class='ocrx_word' id='word_1_114' title='bbox 1557 1472 1774 1542; x_wconf 87' lang='lat' dir='ltr'><strong>adjuvat</strong></span> <span class='ocrx_word' id='word_1_115' title='bbox 1796 1481 2000 1529; x_wconf 88' lang='lat' dir='ltr'><strong>rectam</strong></span> <span class='ocrx_word' id='word_1_116' title='bbox 2029 1473 2158 1530; x_wconf 83' lang='lat' dir='ltr'><strong>ﬁdei</strong></span> 
     </span>
    </p>
   </div>
   <div class='ocr_carea' id='block_1_16' title="bbox 572 1560 2157 1637">
    <p class='ocr_par' dir='ltr' id='par_1_16' title="bbox 572 1560 2157 1637">
     <span class='ocr_line' id='line_1_16' title="bbox 572 1560 2157 1637; baseline 0.004 -21"><span class='ocrx_word' id='word_1_117' title='bbox 572 1562 857 1628; x_wconf 78' lang='lat' dir='ltr'><strong>rationem,</strong></span> <span class='ocrx_word' id='word_1_118' title='bbox 902 1560 1030 1616; x_wconf 90' lang='lat' dir='ltr'><strong>licet</strong></span> <span class='ocrx_word' id='word_1_119' title='bbox 1056 1563 1299 1620; x_wconf 90' lang='lat' dir='ltr'><strong>nonnulli</strong></span> <span class='ocrx_word' id='word_1_120' title='bbox 1341 1563 1737 1634; x_wconf 89' lang='lat' dir='ltr'><strong>copulationem</strong></span> <span class='ocrx_word' id='word_1_121' title='bbox 1776 1565 1960 1622; x_wconf 86' lang='lat' dir='ltr'><strong>nescio</strong></span> <span class='ocrx_word' id='word_1_122' title='bbox 1996 1581 2157 1637; x_wconf 88' lang='lat' dir='ltr'><strong>quam</strong></span> 
     </span>
    </p>
   </div>
   <div class='ocr_carea' id='block_1_17' title="bbox 571 1652 2157 1728">
    <p class='ocr_par' dir='ltr' id='par_1_17' title="bbox 571 1652 2157 1728">
     <span class='ocr_line' id='line_1_17' title="bbox 571 1652 2157 1728; baseline 0.001 -18"><span class='ocrx_word' id='word_1_123' title='bbox 571 1652 895 1723; x_wconf 70' lang='lat' dir='ltr'><strong>perhibeant</strong></span> <span class='ocrx_word' id='word_1_124' title='bbox 944 1667 1314 1722; x_wconf 87' lang='lat' dir='ltr'><strong>personarum.</strong></span> <span class='ocrx_word' id='word_1_125' title='bbox 1355 1653 1470 1710; x_wconf 86' lang='lat' dir='ltr'><strong>Non</strong></span> <span class='ocrx_word' id='word_1_126' title='bbox 1510 1655 1654 1710; x_wconf 70' lang='lat' dir='ltr'><strong>dixit</strong></span> <span class='ocrx_word' id='word_1_127' title='bbox 1685 1655 1827 1712; x_wconf 88' lang='lat' dir='ltr'><strong>enim</strong></span> <span class='ocrx_word' id='word_1_128' title='bbox 1858 1656 2157 1728; x_wconf 90' lang='lat' dir='ltr'><strong>Scriptura,</strong></span> 
     </span>
    </p>
   </div>
   <div class='ocr_carea' id='block_1_18' title="bbox 2264 553 3774 638">
    <p class='ocr_par' dir='ltr' id='par_1_18' title="bbox 2264 553 3774 638">
     <span class='ocr_line' id='line_1_18' title="bbox 2264 553 3774 638; baseline 0.017 -32"><span class='ocrx_word' id='word_1_129' title='bbox 2264 553 2490 608; x_wconf 84' lang='lat' dir='ltr'><strong>invicem</strong></span> <span class='ocrx_word' id='word_1_130' title='bbox 2522 558 2806 612; x_wconf 78' lang='lat' dir='ltr'><strong>contrariis</strong></span> <span class='ocrx_word' id='word_1_131' title='bbox 2847 562 3121 629; x_wconf 83' lang='lat' dir='ltr'><strong>existens,</strong></span> <span class='ocrx_word' id='word_1_132' title='bbox 3160 579 3318 620; x_wconf 84' lang='lat' dir='ltr'><strong>carne</strong></span> <span class='ocrx_word' id='word_1_133' title='bbox 3355 581 3415 622; x_wconf 91' lang='lat' dir='ltr'><strong>ac</strong></span> <span class='ocrx_word' id='word_1_134' title='bbox 3438 567 3636 638; x_wconf 86' lang='lat' dir='ltr'><strong>spiritu,</strong></span> <span class='ocrx_word' id='word_1_135' title='bbox 3662 573 3774 631; x_wconf 84' lang='lat' dir='ltr'><strong>aliud</strong></span> 
     </span>
    </p>
   </div>
   <div class='ocr_carea' id='block_1_19' title="bbox 2265 644 3774 732">
    <p class='ocr_par' dir='ltr' id='par_1_19' title="bbox 2265 644 3774 732">
     <span class='ocr_line' id='line_1_19' title="bbox 2265 644 3774 732; baseline 0.017 -34"><span class='ocrx_word' id='word_1_136' title='bbox 2265 644 2316 699; x_wconf 91' lang='lat' dir='ltr'><strong>in</strong></span> <span class='ocrx_word' id='word_1_137' title='bbox 2349 645 2514 701; x_wconf 92' lang='lat' dir='ltr'><strong>Deum</strong></span> <span class='ocrx_word' id='word_1_138' title='bbox 2539 651 2851 718; x_wconf 86' lang='lat' dir='ltr'><strong>assumitur,</strong></span> <span class='ocrx_word' id='word_1_139' title='bbox 2884 653 3028 708; x_wconf 88' lang='lat' dir='ltr'><strong>aliud</strong></span> <span class='ocrx_word' id='word_1_140' title='bbox 3060 655 3279 712; x_wconf 87' lang='lat' dir='ltr'><strong>Deitatis</strong></span> <span class='ocrx_word' id='word_1_141' title='bbox 3305 660 3515 728; x_wconf 83' lang='lat' dir='ltr'><strong>gratiam</strong></span> <span class='ocrx_word' id='word_1_142' title='bbox 3541 675 3774 732; x_wconf 78' lang='lat' dir='ltr'><strong>praestat...</strong></span> 
     </span>
    </p>
   </div>
   <div class='ocr_carea' id='block_1_20' title="bbox 2263 737 3778 824">
    <p class='ocr_par' dir='ltr' id='par_1_20' title="bbox 2263 737 3778 824">
     <span class='ocr_line' id='line_1_20' title="bbox 2263 737 3778 824; baseline 0.016 -31"><span class='ocrx_word' id='word_1_143' title='bbox 2263 737 2453 795; x_wconf 87' lang='lat' dir='ltr'><strong>Missus</strong></span> <span class='ocrx_word' id='word_1_144' title='bbox 2481 753 2564 797; x_wconf 90' lang='lat' dir='ltr'><strong>est</strong></span> <span class='ocrx_word' id='word_1_145' title='bbox 2590 744 2826 813; x_wconf 88' lang='lat' dir='ltr'><strong>quidem,</strong></span> <span class='ocrx_word' id='word_1_146' title='bbox 2862 747 2955 803; x_wconf 89' lang='lat' dir='ltr'><strong>sed</strong></span> <span class='ocrx_word' id='word_1_147' title='bbox 2987 760 3043 804; x_wconf 91' lang='lat' dir='ltr'><strong>ut</strong></span> <span class='ocrx_word' id='word_1_148' title='bbox 3073 749 3233 804; x_wconf 91' lang='lat' dir='ltr'><strong>homo</strong></span> <span class='ocrx_word' id='word_1_149' title='bbox 3270 769 3282 805; x_wconf 95' lang='lat'>:</span> <span class='ocrx_word' id='word_1_150' title='bbox 3323 753 3507 824; x_wconf 77' lang='lat' dir='ltr'><strong>duplex</strong></span> <span class='ocrx_word' id='word_1_151' title='bbox 3535 756 3658 812; x_wconf 88' lang='lat' dir='ltr'><strong>enim</strong></span> <span class='ocrx_word' id='word_1_152' title='bbox 3690 769 3778 817; x_wconf 87' lang='lat' dir='ltr'><strong>erat</strong></span> 
     </span>
    </p>
   </div>
   <div class='ocr_carea' id='block_1_21' title="bbox 2267 831 3775 922">
    <p class='ocr_par' dir='ltr' id='par_1_21' title="bbox 2267 831 3775 922">
     <span class='ocr_line' id='line_1_21' title="bbox 2267 831 3775 922; baseline 0.012 -36"><span class='ocrx_word' id='word_1_153' title='bbox 2267 831 2320 887; x_wconf 91' lang='lat' dir='ltr'><strong>in</strong></span> <span class='ocrx_word' id='word_1_154' title='bbox 2370 846 2436 888; x_wconf 89' lang='lat' dir='ltr'><strong>eo</strong></span> <span class='ocrx_word' id='word_1_155' title='bbox 2479 843 2690 890; x_wconf 88' lang='lat' dir='ltr'><strong>natura.</strong></span> <span class='ocrx_word' id='word_1_156' title='bbox 2738 837 2864 894; x_wconf 84' lang='lat' dir='ltr'><strong>Inde</strong></span> <span class='ocrx_word' id='word_1_157' title='bbox 2893 838 3122 912; x_wconf 91' lang='lat' dir='ltr'><strong>denique</strong></span> <span class='ocrx_word' id='word_1_158' title='bbox 3165 851 3219 897; x_wconf 92' lang='lat' dir='ltr'><strong>et</strong></span> <span class='ocrx_word' id='word_1_159' title='bbox 3247 841 3500 900; x_wconf 87' lang='lat' dir='ltr'><strong>laboravit</strong></span> <span class='ocrx_word' id='word_1_160' title='bbox 3524 861 3583 901; x_wconf 79' lang='lat' dir='ltr'><strong>ex</strong></span> <span class='ocrx_word' id='word_1_161' title='bbox 3609 847 3775 922; x_wconf 85' lang='lat' dir='ltr'><strong>itinere,</strong></span> 
     </span>
    </p>
   </div>
   <div class='ocr_carea' id='block_1_22' title="bbox 2267 925 3777 1019">
    <p class='ocr_par' dir='ltr' id='par_1_22' title="bbox 2267 925 3777 1019">
     <span class='ocr_line' id='line_1_22' title="bbox 2267 925 3777 1019; baseline 0.017 -40"><span class='ocrx_word' id='word_1_162' title='bbox 2267 925 2392 982; x_wconf 89' lang='lat' dir='ltr'><strong>inde</strong></span> <span class='ocrx_word' id='word_1_163' title='bbox 2421 935 2475 982; x_wconf 88' lang='lat' dir='ltr'><strong>et</strong></span> <span class='ocrx_word' id='word_1_164' title='bbox 2500 929 2706 998; x_wconf 88' lang='lat' dir='ltr'><strong>esuriit,</strong></span> <span class='ocrx_word' id='word_1_165' title='bbox 2741 939 2796 987; x_wconf 88' lang='lat' dir='ltr'><strong>et</strong></span> <span class='ocrx_word' id='word_1_166' title='bbox 2824 933 2976 1000; x_wconf 90' lang='lat' dir='ltr'><strong>sitiit,</strong></span> <span class='ocrx_word' id='word_1_167' title='bbox 3008 942 3062 990; x_wconf 88' lang='lat' dir='ltr'><strong>et</strong></span> <span class='ocrx_word' id='word_1_168' title='bbox 3086 937 3432 995; x_wconf 84' lang='lat' dir='ltr'><strong>contristatus</strong></span> <span class='ocrx_word' id='word_1_169' title='bbox 3454 949 3552 1011; x_wconf 84' lang='lat' dir='ltr'><strong>est,</strong></span> <span class='ocrx_word' id='word_1_170' title='bbox 3579 951 3626 1000; x_wconf 85' lang='lat' dir='ltr'><strong>et</strong></span> <span class='ocrx_word' id='word_1_171' title='bbox 3649 943 3777 1019; x_wconf 76' lang='lat' dir='ltr'><strong>ﬂevit,</strong></span> 
     </span>
    </p>
   </div>
   <div class='ocr_carea' id='block_1_23' title="bbox 2265 1017 2920 1095">
    <p class='ocr_par' dir='ltr' id='par_1_23' title="bbox 2265 1017 2920 1095">
     <span class='ocr_line' id='line_1_23' title="bbox 2265 1017 2920 1095; baseline 0.012 -23"><span class='ocrx_word' id='word_1_172' title='bbox 2265 1017 2484 1074; x_wconf 88' lang='lat' dir='ltr'><strong>humani</strong></span> <span class='ocrx_word' id='word_1_173' title='bbox 2514 1023 2756 1090; x_wconf 91' lang='lat' dir='ltr'><strong>corporis</strong></span> <span class='ocrx_word' id='word_1_174' title='bbox 2784 1023 2920 1095; x_wconf 86' lang='lat' dir='ltr'><strong>lege.</strong></span> 
     </span>
    </p>
   </div>
   <div class='ocr_carea' id='block_1_24' title="bbox 2530 1112 3576 1192">
    <p class='ocr_par' dir='ltr' id='par_1_24' title="bbox 2530 1112 3576 1192">
     <span class='ocr_line' id='line_1_24' title="bbox 2530 1112 3576 1192; baseline 0.011 -25"><span class='ocrx_word' id='word_1_175' title='bbox 2530 1112 2710 1168; x_wconf 82' lang='lat' dir='ltr'><strong>Sancti</strong></span> <span class='ocrx_word' id='word_1_176' title='bbox 2736 1114 2920 1171; x_wconf 81' lang='lat' dir='ltr'><strong>Basilii</strong></span> <span class='ocrx_word' id='word_1_177' title='bbox 2944 1119 3172 1189; x_wconf 77' lang='lat' dir='ltr'><strong>episcopi</strong></span> <span class='ocrx_word' id='word_1_178' title='bbox 3196 1119 3510 1192; x_wconf 85' lang='lat' dir='ltr'><strong>Cappadocis</strong></span> <span class='ocrx_word' id='word_1_179' title='bbox 3532 1122 3576 1178; x_wconf 69' lang='grc'><strong>⁸.</strong></span> 
     </span>
    </p>
   </div>
   <div class='ocr_carea' id='block_1_25' title="bbox 2339 1204 3785 1281">
    <p class='ocr_par' dir='ltr' id='par_1_25' title="bbox 2339 1204 3785 1281">
     <span class='ocr_line' id='line_1_25' title="bbox 2339 1204 3785 1281; baseline 0.01 -22"><span class='ocrx_word' id='word_1_180' title='bbox 2339 1204 2477 1260; x_wconf 84' lang='lat' dir='ltr'><strong>Cum</strong></span> <span class='ocrx_word' id='word_1_181' title='bbox 2523 1223 2651 1278; x_wconf 83' lang='lat' dir='ltr'><strong>ergo</strong></span> <span class='ocrx_word' id='word_1_182' title='bbox 2692 1209 2763 1262; x_wconf 91' lang='lat' dir='ltr'><strong>ita</strong></span> <span class='ocrx_word' id='word_1_183' title='bbox 2810 1210 3054 1281; x_wconf 63' lang='lat' dir='ltr'><strong>quaedam</strong></span> <span class='ocrx_word' id='word_1_184' title='bbox 3102 1214 3154 1268; x_wconf 91' lang='lat' dir='ltr'><strong>in</strong></span> <span class='ocrx_word' id='word_1_185' title='bbox 3186 1213 3400 1269; x_wconf 86' lang='lat' dir='ltr'><strong>Christo</strong></span> <span class='ocrx_word' id='word_1_186' title='bbox 3435 1215 3678 1272; x_wconf 78' lang='lat' dir='ltr'><strong>videamus</strong></span> <span class='ocrx_word' id='word_1_187' title='bbox 3711 1217 3785 1275; x_wconf 82' lang='lat' dir='ltr'><strong>ltu-</strong></span> 
     </span>
    </p>
   </div>
   <div class='ocr_carea' id='block_1_26' title="bbox 2266 1300 3785 1378">
    <p class='ocr_par' dir='ltr' id='par_1_26' title="bbox 2266 1300 3785 1378">
     <span class='ocr_line' id='line_1_26' title="bbox 2266 1300 3785 1378; baseline 0.007 -24"><span class='ocrx_word' id='word_1_188' title='bbox 2266 1313 2446 1366; x_wconf 88' lang='lat' dir='ltr'><strong>mana,</strong></span> <span class='ocrx_word' id='word_1_189' title='bbox 2473 1308 2533 1354; x_wconf 91' lang='lat' dir='ltr'><strong>ut</strong></span> <span class='ocrx_word' id='word_1_190' title='bbox 2562 1300 2694 1355; x_wconf 89' lang='lat' dir='ltr'><strong>nihil</strong></span> <span class='ocrx_word' id='word_1_191' title='bbox 2726 1311 2749 1339; x_wconf 75' lang='grc' dir='ltr'>θ</span> <span class='ocrx_word' id='word_1_192' title='bbox 2781 1317 2811 1356; x_wconf 91' lang='lat' dir='ltr'><strong>a</strong></span> <span class='ocrx_word' id='word_1_193' title='bbox 2842 1305 3113 1359; x_wconf 89' lang='lat' dir='ltr'><strong>communi</strong></span> <span class='ocrx_word' id='word_1_194' title='bbox 3152 1306 3455 1373; x_wconf 86' lang='lat' dir='ltr'><strong>mortalium</strong></span> <span class='ocrx_word' id='word_1_195' title='bbox 3498 1307 3785 1378; x_wconf 81' lang='lat' dir='ltr'><strong>fragilitatum</strong></span> 
     </span>
    </p>
   </div>
   <div class='ocr_carea' id='block_1_27' title="bbox 2266 1392 3787 1470">
    <p class='ocr_par' dir='ltr' id='par_1_27' title="bbox 2266 1392 3787 1470">
     <span class='ocr_line' id='line_1_27' title="bbox 2266 1392 3787 1470; baseline 0.005 -22"><span class='ocrx_word' id='word_1_196' title='bbox 2266 1392 2468 1448; x_wconf 87' lang='lat' dir='ltr'><strong>distare</strong></span> <span class='ocrx_word' id='word_1_197' title='bbox 2514 1393 2823 1460; x_wconf 82' lang='lat' dir='ltr'><strong>videantur;</strong></span> <span class='ocrx_word' id='word_1_198' title='bbox 2861 1399 3104 1466; x_wconf 63' lang='lat' dir='ltr'><strong>quaedam</strong></span> <span class='ocrx_word' id='word_1_199' title='bbox 3164 1397 3236 1452; x_wconf 90' lang='lat' dir='ltr'><strong>ita</strong></span> <span class='ocrx_word' id='word_1_200' title='bbox 3283 1399 3464 1454; x_wconf 83' lang='lat' dir='ltr'><strong>divina</strong></span> <span class='ocrx_word' id='word_1_201' title='bbox 3487 1441 3502 1466; x_wconf 93' lang='lat'><strong>,</strong></span> <span class='ocrx_word' id='word_1_202' title='bbox 3537 1395 3653 1470; x_wconf 66' lang='lat' dir='ltr'><strong>qua:</strong></span> <span class='ocrx_word' id='word_1_203' title='bbox 3689 1401 3787 1456; x_wconf 88' lang='lat' dir='ltr'><strong>nulli</strong></span> 
     </span>
    </p>
   </div>
   <div class='ocr_carea' id='block_1_28' title="bbox 2267 1483 3788 1562">
    <p class='ocr_par' dir='ltr' id='par_1_28' title="bbox 2267 1483 3788 1562">
     <span class='ocr_line' id='line_1_28' title="bbox 2267 1483 3788 1562; baseline 0.005 -22"><span class='ocrx_word' id='word_1_204' title='bbox 2267 1483 2359 1540; x_wconf 86' lang='lat' dir='ltr'><strong>alii</strong></span> <span class='ocrx_word' id='word_1_205' title='bbox 2401 1485 2503 1542; x_wconf 89' lang='lat' dir='ltr'><strong>nisi</strong></span> <span class='ocrx_word' id='word_1_206' title='bbox 2552 1487 2632 1542; x_wconf 89' lang='lat' dir='ltr'><strong>illi</strong></span> <span class='ocrx_word' id='word_1_207' title='bbox 2677 1487 2933 1544; x_wconf 72' lang='lat' dir='ltr'><strong>ineﬂ’abili</strong></span> <span class='ocrx_word' id='word_1_208' title='bbox 2980 1499 3187 1546; x_wconf 70' lang='lat' dir='ltr'><strong>naturae</strong></span> <span class='ocrx_word' id='word_1_209' title='bbox 3235 1493 3550 1549; x_wconf 82' lang='lat' dir='ltr'><strong>conveniant</strong></span> <span class='ocrx_word' id='word_1_210' title='bbox 3587 1495 3788 1562; x_wconf 79' lang='lat' dir='ltr'><strong>Deitatis;</strong></span> 
     </span>
    </p>
   </div>
   <div class='ocr_carea' id='block_1_29' title="bbox 2267 1577 3790 1654">
    <p class='ocr_par' dir='ltr' id='par_1_29' title="bbox 2267 1577 3790 1654">
     <span class='ocr_line' id='line_1_29' title="bbox 2267 1577 3790 1654; baseline 0.007 -21"><span class='ocrx_word' id='word_1_211' title='bbox 2267 1577 2438 1635; x_wconf 70' lang='lat' dir='ltr'><strong>haeret</strong></span> <span class='ocrx_word' id='word_1_212' title='bbox 2468 1579 2687 1636; x_wconf 91' lang='lat' dir='ltr'><strong>humani</strong></span> <span class='ocrx_word' id='word_1_213' title='bbox 2736 1581 3041 1640; x_wconf 89' lang='lat' dir='ltr'><strong>intellectus</strong></span> <span class='ocrx_word' id='word_1_214' title='bbox 3065 1585 3332 1654; x_wconf 77' lang='lat' dir='ltr'><strong>angustia,</strong></span> <span class='ocrx_word' id='word_1_215' title='bbox 3363 1597 3416 1642; x_wconf 90' lang='lat' dir='ltr'><strong>et</strong></span> <span class='ocrx_word' id='word_1_216' title='bbox 3441 1596 3589 1642; x_wconf 72' lang='lat' dir='ltr'><strong>tantae</strong></span> <span class='ocrx_word' id='word_1_217' title='bbox 3611 1587 3790 1644; x_wconf 81' lang='lat' dir='ltr'><strong>admira-</strong></span> 
     </span>
    </p>
   </div>
   <div class='ocr_carea' id='block_1_30' title="bbox 2267 1672 3790 1752">
    <p class='ocr_par' dir='ltr' id='par_1_30' title="bbox 2267 1672 3790 1752">
     <span class='ocr_line' id='line_1_30' title="bbox 2267 1672 3790 1752; baseline 0.007 -26"><span class='ocrx_word' id='word_1_218' title='bbox 2267 1672 2433 1728; x_wconf 87' lang='lat' dir='ltr'><strong>tionis</strong></span> <span class='ocrx_word' id='word_1_219' title='bbox 2460 1683 2682 1744; x_wconf 84' lang='lat' dir='ltr'><strong>stupore</strong></span> <span class='ocrx_word' id='word_1_220' title='bbox 2709 1677 2976 1746; x_wconf 89' lang='lat' dir='ltr'><strong>perculsa,</strong></span> <span class='ocrx_word' id='word_1_221' title='bbox 3014 1675 3035 1716; x_wconf 69' lang='grc' dir='ltr'>ί</span> <span class='ocrx_word' id='word_1_222' title='bbox 3080 1693 3186 1749; x_wconf 89' lang='lat' dir='ltr'><strong>quo</strong></span> <span class='ocrx_word' id='word_1_223' title='bbox 3214 1679 3469 1747; x_wconf 87' lang='lat' dir='ltr'><strong>declinet,</strong></span> <span class='ocrx_word' id='word_1_224' title='bbox 3495 1681 3609 1752; x_wconf 89' lang='lat' dir='ltr'><strong>quid</strong></span> <span class='ocrx_word' id='word_1_225' title='bbox 3639 1690 3790 1752; x_wconf 82' lang='lat' dir='ltr'><strong>teneat,</strong></span> 
     </span>
    </p>
   </div>
   <div class='ocr_carea' id='block_1_31' title="bbox 571 1741 2170 1845">
    <p class='ocr_par' dir='ltr' id='par_1_31' title="bbox 571 1741 2160 1819">
     <span class='ocr_line' id='line_1_31' title="bbox 571 1741 2160 1819; baseline 0.003 -17"><span class='ocrx_word' id='word_1_226' title='bbox 571 1741 808 1806; x_wconf 76' lang='lat' dir='ltr'><strong>Verbum</strong></span> <span class='ocrx_word' id='word_1_227' title='bbox 836 1743 930 1799; x_wconf 92' lang='lat' dir='ltr'><strong>Dei</strong></span> <span class='ocrx_word' id='word_1_228' title='bbox 949 1758 1237 1814; x_wconf 87' lang='lat' dir='ltr'><strong>personam</strong></span> <span class='ocrx_word' id='word_1_229' title='bbox 1265 1746 1366 1804; x_wconf 88' lang='lat' dir='ltr'><strong>sibi</strong></span> <span class='ocrx_word' id='word_1_230' title='bbox 1398 1745 1632 1804; x_wconf 90' lang='lat' dir='ltr'><strong>hominis</strong></span> <span class='ocrx_word' id='word_1_231' title='bbox 1654 1751 2039 1819; x_wconf 86' lang='lat' dir='ltr'><strong>assumpsisse;</strong></span> <span class='ocrx_word' id='word_1_232' title='bbox 2063 1749 2160 1806; x_wconf 91' lang='lat' dir='ltr'><strong>sed</strong></span> 
     </span>
    </p>
   </div>
   <div class='ocr_carea' id='block_1_32' title="bbox 2278 1741 3792 1845">
    <p class='ocr_par' dir='ltr' id='par_1_32' title="bbox 2278 1770 3792 1845">
     <span class='ocr_line' id='line_1_32' title="bbox 2278 1770 3792 1845; baseline 0.006 -24"><span class='ocrx_word' id='word_1_233' title='bbox 2278 1781 2378 1837; x_wconf 83' lang='lat' dir='ltr'><strong>quo</strong></span> <span class='ocrx_word' id='word_1_234' title='bbox 2405 1780 2465 1822; x_wconf 89' lang='lat' dir='ltr'><strong>se</strong></span> <span class='ocrx_word' id='word_1_235' title='bbox 2504 1777 2784 1824; x_wconf 84' lang='lat' dir='ltr'><strong>convertat</strong></span> <span class='ocrx_word' id='word_1_236' title='bbox 2812 1770 3036 1840; x_wconf 80' lang='lat' dir='ltr'><strong>ignorat.</strong></span> <span class='ocrx_word' id='word_1_237' title='bbox 3070 1781 3097 1817; x_wconf 75' lang='grc' dir='ltr'><strong><em>κ</em></strong></span> <span class='ocrx_word' id='word_1_238' title='bbox 3139 1771 3195 1828; x_wconf 89' lang='lat' dir='ltr'><strong>Si</strong></span> <span class='ocrx_word' id='word_1_239' title='bbox 3244 1773 3510 1828; x_wconf 90' lang='lat' dir='ltr'><strong>hominem</strong></span> <span class='ocrx_word' id='word_1_240' title='bbox 3541 1783 3688 1845; x_wconf 87' lang='lat' dir='ltr'><strong>putet,</strong></span> <span class='ocrx_word' id='word_1_241' title='bbox 3725 1774 3792 1830; x_wconf 78' lang='lat' dir='ltr'><strong>de-</strong></span> 
     </span>
    </p>
   </div>
   <div class='ocr_carea' id='block_1_33' title="bbox 571 1838 2160 1900">
    <p class='ocr_par' dir='ltr' id='par_1_33' title="bbox 571 1838 2160 1900">
     <span class='ocr_line' id='line_1_33' title="bbox 571 1838 2160 1900; baseline 0.003 -4"><span class='ocrx_word' id='word_1_242' title='bbox 571 1852 787 1896; x_wconf 82' lang='lat' dir='ltr'><strong>carnem</strong></span> <span class='ocrx_word' id='word_1_243' title='bbox 819 1838 1018 1894; x_wconf 83' lang='lat' dir='ltr'><strong>factum</strong></span> <span class='ocrx_word' id='word_1_244' title='bbox 1040 1853 1160 1896; x_wconf 87' lang='lat' dir='ltr'><strong>esse</strong></span> <span class='ocrx_word' id='word_1_245' title='bbox 1184 1859 1196 1894; x_wconf 91' lang='lat'>:</span> <span class='ocrx_word' id='word_1_246' title='bbox 1225 1840 1279 1897; x_wconf 90' lang='lat' dir='ltr'><strong>id</strong></span> <span class='ocrx_word' id='word_1_247' title='bbox 1301 1850 1478 1898; x_wconf 87' lang='lat' dir='ltr'><strong>autem</strong></span> <span class='ocrx_word' id='word_1_248' title='bbox 1507 1853 1590 1899; x_wconf 89' lang='lat' dir='ltr'><strong>est</strong></span> <span class='ocrx_word' id='word_1_249' title='bbox 1611 1843 1898 1900; x_wconf 88' lang='lat' dir='ltr'><strong>ostendere</strong></span> <span class='ocrx_word' id='word_1_250' title='bbox 1919 1843 2160 1900; x_wconf 78' lang='lat' dir='ltr'><strong>Verbum</strong></span> 
     </span>
    </p>
   </div>
   <div class='ocr_carea' id='block_1_34' title="bbox 571 1930 2159 2004">
    <p class='ocr_par' dir='ltr' id='par_1_34' title="bbox 571 1930 2159 2004">
     <span class='ocr_line' id='line_1_34' title="bbox 571 1930 2159 2004; baseline 0.004 -17"><span class='ocrx_word' id='word_1_251' title='bbox 571 1930 673 1994; x_wconf 75' lang='lat' dir='ltr'><strong>Dei</strong></span> <span class='ocrx_word' id='word_1_252' title='bbox 715 1931 966 1988; x_wconf 86' lang='lat' dir='ltr'><strong>similiter</strong></span> <span class='ocrx_word' id='word_1_253' title='bbox 996 1947 1059 1989; x_wconf 87' lang='lat' dir='ltr'><strong>ac</strong></span> <span class='ocrx_word' id='word_1_254' title='bbox 1090 1931 1235 1988; x_wconf 48' lang='lat' dir='ltr'><strong>nos”</strong></span> <span class='ocrx_word' id='word_1_255' title='bbox 1276 1935 1653 2004; x_wconf 89' lang='lat' dir='ltr'><strong>participatum</strong></span> <span class='ocrx_word' id='word_1_256' title='bbox 1693 1935 1946 1992; x_wconf 84' lang='lat' dir='ltr'><strong>habuisse</strong></span> <span class='ocrx_word' id='word_1_257' title='bbox 1980 1937 2159 1994; x_wconf 82' lang='lat' dir='ltr'><strong>carnis</strong></span> 
     </span>
    </p>
   </div>
   <div class='ocr_carea' id='block_1_35' title="bbox 573 2026 2162 2100">
    <p class='ocr_par' dir='ltr' id='par_1_35' title="bbox 573 2026 2162 2100">
     <span class='ocr_line' id='line_1_35' title="bbox 573 2026 2162 2100; baseline 0.002 -16"><span class='ocrx_word' id='word_1_258' title='bbox 573 2039 638 2084; x_wconf 79' lang='lat' dir='ltr'><strong>ac</strong></span> <span class='ocrx_word' id='word_1_259' title='bbox 665 2026 968 2096; x_wconf 79' lang='lat' dir='ltr'><strong>sanguinis,</strong></span> <span class='ocrx_word' id='word_1_260' title='bbox 1019 2034 1074 2082; x_wconf 88' lang='lat' dir='ltr'><strong>et</strong></span> <span class='ocrx_word' id='word_1_261' title='bbox 1107 2041 1303 2098; x_wconf 90' lang='lat' dir='ltr'><strong>corpus</strong></span> <span class='ocrx_word' id='word_1_262' title='bbox 1343 2037 1583 2084; x_wconf 86' lang='lat' dir='ltr'><strong>nostrum</strong></span> <span class='ocrx_word' id='word_1_263' title='bbox 1625 2031 1839 2100; x_wconf 85' lang='lat' dir='ltr'><strong>proprie</strong></span> <span class='ocrx_word' id='word_1_264' title='bbox 1877 2045 2032 2086; x_wconf 92' lang='lat' dir='ltr'><strong>suum</strong></span> <span class='ocrx_word' id='word_1_265' title='bbox 2079 2030 2162 2087; x_wconf 82' lang='lat' dir='ltr'><strong>fe-</strong></span> 
     </span>
    </p>
   </div>
   <div class='ocr_carea' id='block_1_36' title="bbox 572 2121 2164 2194">
    <p class='ocr_par' dir='ltr' id='par_1_36' title="bbox 572 2121 2164 2194">
     <span class='ocr_line' id='line_1_36' title="bbox 572 2121 2164 2194; baseline 0.002 -16"><span class='ocrx_word' id='word_1_266' title='bbox 572 2121 734 2189; x_wconf 85' lang='lat' dir='ltr'><strong>cisse,</strong></span> <span class='ocrx_word' id='word_1_267' title='bbox 763 2130 818 2178; x_wconf 89' lang='lat' dir='ltr'><strong>et</strong></span> <span class='ocrx_word' id='word_1_268' title='bbox 848 2122 1118 2177; x_wconf 90' lang='lat' dir='ltr'><strong>hominem</strong></span> <span class='ocrx_word' id='word_1_269' title='bbox 1165 2138 1232 2178; x_wconf 78' lang='lat' dir='ltr'><strong>ex</strong></span> <span class='ocrx_word' id='word_1_270' title='bbox 1271 2123 1495 2179; x_wconf 87' lang='lat' dir='ltr'><strong>muliere</strong></span> <span class='ocrx_word' id='word_1_271' title='bbox 1539 2125 1892 2194; x_wconf 89' lang='lat' dir='ltr'><strong>processisse,</strong></span> <span class='ocrx_word' id='word_1_272' title='bbox 1926 2140 2030 2181; x_wconf 91' lang='lat' dir='ltr'><strong>non</strong></span> <span class='ocrx_word' id='word_1_273' title='bbox 2067 2127 2164 2181; x_wconf 88' lang='lat' dir='ltr'><strong>ah-</strong></span> 
     </span>
    </p>
   </div>
   <div class='ocr_carea' id='block_1_37' title="bbox 571 2213 2156 2288">
    <p class='ocr_par' dir='ltr' id='par_1_37' title="bbox 571 2213 2156 2288">
     <span class='ocr_line' id='line_1_37' title="bbox 571 2213 2156 2288; baseline 0.001 -18"><span class='ocrx_word' id='word_1_274' title='bbox 571 2213 718 2284; x_wconf 82' lang='lat' dir='ltr'><strong>jecta</strong></span> <span class='ocrx_word' id='word_1_275' title='bbox 747 2228 847 2268; x_wconf 91' lang='lat' dir='ltr'><strong>nec</strong></span> <span class='ocrx_word' id='word_1_276' title='bbox 872 2213 1111 2283; x_wconf 86' lang='lat' dir='ltr'><strong>deposita</strong></span> <span class='ocrx_word' id='word_1_277' title='bbox 1138 2213 1351 2271; x_wconf 89' lang='lat' dir='ltr'><strong>Deitate</strong></span> <span class='ocrx_word' id='word_1_278' title='bbox 1385 2225 1478 2271; x_wconf 89' lang='lat' dir='ltr'><strong>aut</strong></span> <span class='ocrx_word' id='word_1_279' title='bbox 1501 2217 1849 2287; x_wconf 76' lang='lat' dir='ltr'><strong>generatione</strong></span> <span class='ocrx_word' id='word_1_280' title='bbox 1875 2217 1965 2272; x_wconf 89' lang='lat' dir='ltr'><strong>illa</strong></span> <span class='ocrx_word' id='word_1_281' title='bbox 1996 2233 2156 2288; x_wconf 88' lang='lat' dir='ltr'><strong>quam</strong></span> 
     </span>
    </p>
   </div>
   <div class='ocr_carea' id='block_1_38' title="bbox 569 2306 2158 2381">
    <p class='ocr_par' dir='ltr' id='par_1_38' title="bbox 569 2306 2158 2381">
     <span class='ocr_line' id='line_1_38' title="bbox 569 2306 2158 2381; baseline 0.003 -19"><span class='ocrx_word' id='word_1_282' title='bbox 569 2306 804 2369; x_wconf 87' lang='lat' dir='ltr'><strong>habebat</strong></span> <span class='ocrx_word' id='word_1_283' title='bbox 831 2323 894 2362; x_wconf 83' lang='lat' dir='ltr'><strong>ex</strong></span> <span class='ocrx_word' id='word_1_284' title='bbox 916 2308 1090 2375; x_wconf 84' lang='lat' dir='ltr'><strong>Patre,</strong></span> <span class='ocrx_word' id='word_1_285' title='bbox 1115 2308 1210 2363; x_wconf 91' lang='lat' dir='ltr'><strong>sed</strong></span> <span class='ocrx_word' id='word_1_286' title='bbox 1227 2310 1489 2366; x_wconf 87' lang='lat' dir='ltr'><strong>mansisse</strong></span> <span class='ocrx_word' id='word_1_287' title='bbox 1511 2310 1671 2366; x_wconf 90' lang='lat' dir='ltr'><strong>etiam</strong></span> <span class='ocrx_word' id='word_1_288' title='bbox 1703 2311 1759 2365; x_wconf 90' lang='lat' dir='ltr'><strong>in</strong></span> <span class='ocrx_word' id='word_1_289' title='bbox 1785 2311 2158 2381; x_wconf 88' lang='lat' dir='ltr'><strong>assumptione</strong></span> 
     </span>
    </p>
   </div>
   <div class='ocr_carea' id='block_1_39' title="bbox 568 2401 2158 2475">
    <p class='ocr_par' dir='ltr' id='par_1_39' title="bbox 568 2401 2158 2475">
     <span class='ocr_line' id='line_1_39' title="bbox 568 2401 2158 2475; baseline 0.002 -15"><span class='ocrx_word' id='word_1_290' title='bbox 568 2401 750 2460; x_wconf 75' lang='lat' dir='ltr'><strong>carnis</strong></span> <span class='ocrx_word' id='word_1_291' title='bbox 777 2401 964 2468; x_wconf 90' lang='lat' dir='ltr'><strong>Deum,</strong></span> <span class='ocrx_word' id='word_1_292' title='bbox 999 2403 1141 2472; x_wconf 91' lang='lat' dir='ltr'><strong>quod</strong></span> <span class='ocrx_word' id='word_1_293' title='bbox 1172 2411 1310 2460; x_wconf 88' lang='lat' dir='ltr'><strong>erat.</strong></span> <span class='ocrx_word' id='word_1_294' title='bbox 1327 2404 1439 2461; x_wconf 82' lang='lat' dir='ltr'><strong>Hoc.</strong></span> <span class='ocrx_word' id='word_1_295' title='bbox 1468 2405 1664 2475; x_wconf 88' lang='lat' dir='ltr'><strong>ubique</strong></span> <span class='ocrx_word' id='word_1_296' title='bbox 1691 2414 1855 2462; x_wconf 66' lang='lat' dir='ltr'><strong>recta:</strong></span> <span class='ocrx_word' id='word_1_297' title='bbox 1875 2406 1995 2462; x_wconf 83' lang='lat' dir='ltr'><strong>ﬁdet</strong></span> <span class='ocrx_word' id='word_1_298' title='bbox 2021 2407 2158 2463; x_wconf 87' lang='lat' dir='ltr'><strong>ratio</strong></span> 
     </span>
    </p>
   </div>
   <div class='ocr_carea' id='block_1_40' title="bbox 571 2495 2158 2563">
    <p class='ocr_par' dir='ltr' id='par_1_40' title="bbox 571 2495 2158 2563">
     <span class='ocr_line' id='line_1_40' title="bbox 571 2495 2158 2563; baseline 0.004 -15"><span class='ocrx_word' id='word_1_299' title='bbox 571 2501 918 2563; x_wconf 88' lang='lat' dir='ltr'><strong>protestatur.</strong></span> <span class='ocrx_word' id='word_1_300' title='bbox 955 2495 1009 2550; x_wconf 93' lang='lat' dir='ltr'><strong>ln</strong></span> <span class='ocrx_word' id='word_1_301' title='bbox 1043 2497 1132 2551; x_wconf 92' lang='lat' dir='ltr'><strong>tali</strong></span> <span class='ocrx_word' id='word_1_302' title='bbox 1161 2511 1324 2552; x_wconf 87' lang='lat' dir='ltr'><strong>sensu</strong></span> <span class='ocrx_word' id='word_1_303' title='bbox 1360 2507 1574 2554; x_wconf 89' lang='lat' dir='ltr'><strong>sanctos</strong></span> <span class='ocrx_word' id='word_1_304' title='bbox 1605 2498 1792 2554; x_wconf 88' lang='lat' dir='ltr'><strong>Patres</strong></span> <span class='ocrx_word' id='word_1_305' title='bbox 1819 2497 1985 2554; x_wconf 80' lang='lat' dir='ltr'><strong>fuisse</strong></span> <span class='ocrx_word' id='word_1_306' title='bbox 2006 2513 2158 2554; x_wconf 84' lang='lat' dir='ltr'><strong>com-</strong></span> 
     </span>
    </p>
   </div>
   <div class='ocr_carea' id='block_1_41' title="bbox 570 2587 2156 2662">
    <p class='ocr_par' dir='ltr' id='par_1_41' title="bbox 570 2587 2156 2662">
     <span class='ocr_line' id='line_1_41' title="bbox 570 2587 2156 2662; baseline 0.004 -20"><span class='ocrx_word' id='word_1_307' title='bbox 570 2587 808 2658; x_wconf 84' lang='lat' dir='ltr'><strong>perimus</strong></span> <span class='ocrx_word' id='word_1_308' title='bbox 833 2606 847 2642; x_wconf 89' lang='lat'><strong>:</strong></span> <span class='ocrx_word' id='word_1_309' title='bbox 873 2588 996 2644; x_wconf 89' lang='lat' dir='ltr'><strong>ideo</strong></span> <span class='ocrx_word' id='word_1_310' title='bbox 1025 2589 1098 2644; x_wconf 91' lang='lat' dir='ltr'><strong>illi</strong></span> <span class='ocrx_word' id='word_1_311' title='bbox 1130 2604 1236 2644; x_wconf 89' lang='lat' dir='ltr'><strong>non</strong></span> <span class='ocrx_word' id='word_1_312' title='bbox 1266 2588 1584 2645; x_wconf 87' lang='lat' dir='ltr'><strong>dubitarunt</strong></span> <span class='ocrx_word' id='word_1_313' title='bbox 1609 2599 1849 2646; x_wconf 88' lang='lat' dir='ltr'><strong>sanctam</strong></span> <span class='ocrx_word' id='word_1_314' title='bbox 1881 2589 2156 2662; x_wconf 77' lang='lat' dir='ltr'><strong>Virginem</strong></span> 
     </span>
    </p>
   </div>
   <div class='ocr_carea' id='block_1_42' title="bbox 571 2678 2166 2756">
    <p class='ocr_par' dir='ltr' id='par_1_42' title="bbox 571 2678 2166 2756">
     <span class='ocr_line' id='line_1_42' title="bbox 571 2678 2166 2756; baseline 0.005 -22"><span class='ocrx_word' id='word_1_315' title='bbox 571 2678 752 2748; x_wconf 85' lang='lat' dir='ltr'><strong>dicere</strong></span> <span class='ocrx_word' id='word_1_316' title='bbox 776 2679 1110 2749; x_wconf 84' lang='lat' dir='ltr'><strong>Theotoeon,</strong></span> <span class='ocrx_word' id='word_1_317' title='bbox 1145 2697 1252 2737; x_wconf 90' lang='lat' dir='ltr'><strong>non</strong></span> <span class='ocrx_word' id='word_1_318' title='bbox 1279 2681 1424 2753; x_wconf 90' lang='lat' dir='ltr'><strong>quod</strong></span> <span class='ocrx_word' id='word_1_319' title='bbox 1455 2680 1620 2738; x_wconf 90' lang='lat' dir='ltr'><strong>Verbi</strong></span> <span class='ocrx_word' id='word_1_320' title='bbox 1662 2693 1848 2737; x_wconf 89' lang='lat' dir='ltr'><strong>natura</strong></span> <span class='ocrx_word' id='word_1_321' title='bbox 1875 2682 2166 2756; x_wconf 86' lang='lat' dir='ltr'><strong>Deitasque</strong></span> 
     </span>
    </p>
   </div>
   <div class='ocr_carea' id='block_1_43' title="bbox 569 2771 2166 2846">
    <p class='ocr_par' dir='ltr' id='par_1_43' title="bbox 569 2771 2166 2846">
     <span class='ocr_line' id='line_1_43' title="bbox 569 2771 2166 2846; baseline 0.004 -18"><span class='ocrx_word' id='word_1_322' title='bbox 569 2771 625 2829; x_wconf 87' lang='lat' dir='ltr'><strong>In</strong></span> <span class='ocrx_word' id='word_1_323' title='bbox 647 2780 834 2829; x_wconf 88' lang='lat' dir='ltr'><strong>sancta</strong></span> <span class='ocrx_word' id='word_1_324' title='bbox 863 2772 1084 2844; x_wconf 77' lang='lat' dir='ltr'><strong>Virgine</strong></span> <span class='ocrx_word' id='word_1_325' title='bbox 1107 2779 1338 2844; x_wconf 88' lang='lat' dir='ltr'><strong>sumpsit</strong></span> <span class='ocrx_word' id='word_1_326' title='bbox 1367 2775 1676 2839; x_wconf 78' lang='lat' dir='ltr'><strong>exordium,</strong></span> <span class='ocrx_word' id='word_1_327' title='bbox 1703 2775 1797 2832; x_wconf 91' lang='lat' dir='ltr'><strong>sed</strong></span> <span class='ocrx_word' id='word_1_328' title='bbox 1830 2775 1973 2846; x_wconf 82' lang='lat' dir='ltr'><strong>quod</strong></span> <span class='ocrx_word' id='word_1_329' title='bbox 2001 2793 2066 2833; x_wconf 79' lang='lat' dir='ltr'><strong>ex</strong></span> <span class='ocrx_word' id='word_1_330' title='bbox 2101 2793 2166 2835; x_wconf 90' lang='lat' dir='ltr'><strong>ea</strong></span> 
     </span>
    </p>
   </div>
   <div class='ocr_carea' id='block_1_44' title="bbox 571 2866 2167 2940">
    <p class='ocr_par' dir='ltr' id='par_1_44' title="bbox 571 2866 2167 2940">
     <span class='ocr_line' id='line_1_44' title="bbox 571 2866 2167 2940; baseline 0.004 -20"><span class='ocrx_word' id='word_1_331' title='bbox 571 2872 759 2920; x_wconf 86' lang='lat' dir='ltr'><strong>natum</strong></span> <span class='ocrx_word' id='word_1_332' title='bbox 786 2866 858 2921; x_wconf 88' lang='lat' dir='ltr'><strong>sit</strong></span> <span class='ocrx_word' id='word_1_333' title='bbox 899 2880 1113 2923; x_wconf 89' lang='lat' dir='ltr'><strong>sacrum</strong></span> <span class='ocrx_word' id='word_1_334' title='bbox 1151 2867 1283 2923; x_wconf 91' lang='lat' dir='ltr'><strong>illud</strong></span> <span class='ocrx_word' id='word_1_335' title='bbox 1315 2883 1513 2940; x_wconf 90' lang='lat' dir='ltr'><strong>corpus</strong></span> <span class='ocrx_word' id='word_1_336' title='bbox 1543 2872 1836 2924; x_wconf 83' lang='lat' dir='ltr'><strong>animatum</strong></span> <span class='ocrx_word' id='word_1_337' title='bbox 1866 2867 2044 2925; x_wconf 87' lang='lat' dir='ltr'><strong>anima</strong></span> <span class='ocrx_word' id='word_1_338' title='bbox 2080 2875 2167 2926; x_wconf 75' lang='lat' dir='ltr'><strong>ra-</strong></span> 
     </span>
    </p>
   </div>
   <div class='ocr_carea' id='block_1_45' title="bbox 568 2955 2168 3030">
    <p class='ocr_par' dir='ltr' id='par_1_45' title="bbox 568 2955 2168 3030">
     <span class='ocr_line' id='line_1_45' title="bbox 568 2955 2168 3030; baseline 0.006 -17"><span class='ocrx_word' id='word_1_339' title='bbox 568 2957 836 3030; x_wconf 81' lang='lat' dir='ltr'><strong>tionabili,</strong></span> <span class='ocrx_word' id='word_1_340' title='bbox 873 2960 960 3016; x_wconf 90' lang='lat' dir='ltr'><strong>cui</strong></span> <span class='ocrx_word' id='word_1_341' title='bbox 1005 2961 1437 3019; x_wconf 87' lang='lat' dir='ltr'><strong>substantialiter</strong></span> <span class='ocrx_word' id='word_1_342' title='bbox 1474 2963 1771 3020; x_wconf 86' lang='lat' dir='ltr'><strong>adunatum</strong></span> <span class='ocrx_word' id='word_1_343' title='bbox 1808 2963 1902 3021; x_wconf 85' lang='lat' dir='ltr'><strong>Dei</strong></span> <span class='ocrx_word' id='word_1_344' title='bbox 1931 2955 2168 3022; x_wconf 80' lang='lat' dir='ltr'><strong>Verbum</strong></span> 
     </span>
    </p>
   </div>
   <div class='ocr_carea' id='block_1_46' title="bbox 569 3050 2244 3145">
    <p class='ocr_par' dir='ltr' id='par_1_46' title="bbox 569 3050 2244 3145">
     <span class='ocr_line' id='line_1_46' title="bbox 569 3050 2244 3145; baseline 0.004 -40"><span class='ocrx_word' id='word_1_345' title='bbox 569 3050 862 3117; x_wconf 79' lang='lat' dir='ltr'><strong>carnaliter</strong></span> <span class='ocrx_word' id='word_1_346' title='bbox 883 3061 1066 3110; x_wconf 87' lang='lat' dir='ltr'><strong>natum</strong></span> <span class='ocrx_word' id='word_1_347' title='bbox 1097 3069 1220 3112; x_wconf 89' lang='lat' dir='ltr'><strong>esse</strong></span> <span class='ocrx_word' id='word_1_348' title='bbox 1242 3055 1460 3113; x_wconf 88' lang='lat' dir='ltr'><strong>dicitur.</strong></span> <span class='ocrx_word' id='word_1_349' title='bbox 2189 3079 2244 3145; x_wconf 67' lang='grc' dir='ltr'>ο</span> 
     </span>
    </p>
   </div>
   <div class='ocr_carea' id='block_1_47' title="bbox 571 3186 2166 3262">
    <p class='ocr_par' dir='ltr' id='par_1_47' title="bbox 571 3186 2166 3262">
     <span class='ocr_line' id='line_1_47' title="bbox 571 3186 2166 3262; baseline 0.001 -18"><span class='ocrx_word' id='word_1_350' title='bbox 571 3186 736 3260; x_wconf 66' lang='grc'><strong>294</strong></span> <span class='ocrx_word' id='word_1_351' title='bbox 775 3186 958 3244; x_wconf 82' lang='lat' dir='ltr'><strong>Sancti</strong></span> <span class='ocrx_word' id='word_1_352' title='bbox 979 3187 1222 3262; x_wconf 77' lang='lat' dir='ltr'><strong>Gregorii</strong></span> <span class='ocrx_word' id='word_1_353' title='bbox 1263 3188 1581 3262; x_wconf 54' lang='lat' dir='ltr'><strong>Nazianzeni</strong></span> <span class='ocrx_word' id='word_1_354' title='bbox 1614 3189 1842 3262; x_wconf 74' lang='lat' dir='ltr'><strong>episcopi</strong></span> <span class='ocrx_word' id='word_1_355' title='bbox 1871 3191 1924 3245; x_wconf 89' lang='lat' dir='ltr'><strong>in</strong></span> <span class='ocrx_word' id='word_1_356' title='bbox 1955 3191 2166 3246; x_wconf 84' lang='lat' dir='ltr'><strong>Itontilia</strong></span> 
     </span>
    </p>
   </div>
   <div class='ocr_carea' id='block_1_48' title="bbox 1167 3260 1570 3330">
    <p class='ocr_par' dir='ltr' id='par_1_48' title="bbox 1167 3260 1570 3330">
     <span class='ocr_line' id='line_1_48' title="bbox 1167 3260 1570 3330; baseline 0.01 -17"><span class='ocrx_word' id='word_1_357' title='bbox 1167 3261 1230 3314; x_wconf 88' lang='lat' dir='ltr'><strong>de</strong></span> <span class='ocrx_word' id='word_1_358' title='bbox 1253 3260 1570 3330; x_wconf 82' lang='lat' dir='ltr'><strong>Epiphania.</strong></span> 
     </span>
    </p>
   </div>
   <div class='ocr_carea' id='block_1_49' title="bbox 598 3381 2173 3470">
    <p class='ocr_par' dir='ltr' id='par_1_49' title="bbox 598 3381 2173 3470">
     <span class='ocr_line' id='line_1_49' title="bbox 598 3381 2173 3470; baseline 0.005 -19"><span class='ocrx_word' id='word_1_359' title='bbox 598 3381 600 3383; x_wconf 54' lang='grc'><em>’</em></span> <span class='ocrx_word' id='word_1_360' title='bbox 648 3405 673 3436; x_wconf 76' lang='grc' dir='ltr'>ε</span> <span class='ocrx_word' id='word_1_361' title='bbox 697 3398 832 3452; x_wconf 74' lang='lat' dir='ltr'><strong>Cum</strong></span> <span class='ocrx_word' id='word_1_362' title='bbox 873 3410 1004 3468; x_wconf 86' lang='lat' dir='ltr'><strong>ergo</strong></span> <span class='ocrx_word' id='word_1_363' title='bbox 1048 3398 1403 3468; x_wconf 83' lang='lat' dir='ltr'><strong>processisset</strong></span> <span class='ocrx_word' id='word_1_364' title='bbox 1445 3413 1512 3454; x_wconf 79' lang='lat' dir='ltr'><strong>ex</strong></span> <span class='ocrx_word' id='word_1_365' title='bbox 1555 3397 1774 3470; x_wconf 88' lang='lat' dir='ltr'><strong>Virgine</strong></span> <span class='ocrx_word' id='word_1_366' title='bbox 1823 3397 1966 3456; x_wconf 85' lang='lat' dir='ltr'><strong>Deus</strong></span> <span class='ocrx_word' id='word_1_367' title='bbox 2006 3399 2064 3458; x_wconf 89' lang='lat' dir='ltr'><strong>in</strong></span> <span class='ocrx_word' id='word_1_368' title='bbox 2105 3415 2173 3459; x_wconf 85' lang='lat' dir='ltr'><strong>ea</strong></span> 
     </span>
    </p>
   </div>
   <div class='ocr_carea' id='block_1_50' title="bbox 644 3580 2171 3653">
    <p class='ocr_par' dir='ltr' id='par_1_50' title="bbox 644 3580 2171 3653">
     <span class='ocr_line' id='line_1_50' title="bbox 644 3580 2171 3653; baseline -0.002 -12"><span class='ocrx_word' id='word_1_369' title='bbox 644 3593 669 3622; x_wconf 74' lang='grc'>⁸</span> <span class='ocrx_word' id='word_1_370' title='bbox 697 3583 831 3641; x_wconf 91' lang='lat' dir='ltr'><strong>Cod.</strong></span> <span class='ocrx_word' id='word_1_371' title='bbox 862 3585 1096 3650; x_wconf 86' lang='lat' dir='ltr'><strong>Thuan.,</strong></span> <span class='ocrx_word' id='word_1_372' title='bbox 1123 3580 1234 3640; x_wconf 86' lang='lat' dir='ltr'><strong>Nec</strong></span> <span class='ocrx_word' id='word_1_373' title='bbox 1278 3583 1413 3653; x_wconf 85' lang='lat' dir='ltr'><strong>enim</strong></span> <span class='ocrx_word' id='word_1_374' title='bbox 1442 3582 1725 3653; x_wconf 82' lang='lat' dir='ltr'><strong>discernere</strong></span> <span class='ocrx_word' id='word_1_375' title='bbox 1756 3583 1835 3653; x_wconf 79' lang='lat' dir='ltr'><strong>fas</strong></span> <span class='ocrx_word' id='word_1_376' title='bbox 1865 3589 1961 3637; x_wconf 79' lang='lat' dir='ltr'><strong>est.</strong></span> <span class='ocrx_word' id='word_1_377' title='bbox 2007 3581 2171 3638; x_wconf 83' lang='lat' dir='ltr'><strong>Addit</strong></span> 
     </span>
    </p>
   </div>
   <div class='ocr_carea' id='block_1_51' title="bbox 573 3651 2167 3726">
    <p class='ocr_par' dir='ltr' id='par_1_51' title="bbox 573 3651 2167 3726">
     <span class='ocr_line' id='line_1_51' title="bbox 573 3651 2167 3726; baseline -0.002 -15"><span class='ocrx_word' id='word_1_378' title='bbox 573 3655 775 3726; x_wconf 84' lang='lat' dir='ltr'><strong>Quesn.</strong></span> <span class='ocrx_word' id='word_1_379' title='bbox 808 3659 859 3710; x_wconf 91' lang='lat' dir='ltr'><strong>in</strong></span> <span class='ocrx_word' id='word_1_380' title='bbox 895 3657 1134 3725; x_wconf 82' lang='lat' dir='ltr'><strong>margine</strong></span> <span class='ocrx_word' id='word_1_381' title='bbox 1178 3672 1191 3707; x_wconf 90' lang='lat'><strong>:</strong></span> <span class='ocrx_word' id='word_1_382' title='bbox 1238 3651 1380 3708; x_wconf 85' lang='lat' dir='ltr'><strong>Alias</strong></span> <span class='ocrx_word' id='word_1_383' title='bbox 1397 3655 1553 3726; x_wconf 76' lang='lat' dir='ltr'><strong>juxta</strong></span> <span class='ocrx_word' id='word_1_384' title='bbox 1598 3651 1831 3708; x_wconf 77' lang='lat' dir='ltr'><strong>Graecam</strong></span> <span class='ocrx_word' id='word_1_385' title='bbox 1859 3653 2167 3726; x_wconf 79' lang='lat' dir='ltr'><strong>lectionem:</strong></span> 
     </span>
    </p>
   </div>
   <div class='ocr_carea' id='block_1_52' title="bbox 573 3723 2174 3812">
    <p class='ocr_par' dir='ltr' id='par_1_52' title="bbox 573 3723 2174 3812">
     <span class='ocr_line' id='line_1_52' title="bbox 573 3723 2174 3812; baseline -0.002 -30"><span class='ocrx_word' id='word_1_386' title='bbox 573 3723 827 3812; x_wconf 25' lang='lat' dir='ltr'><strong>Necesse,</strong></span> <span class='ocrx_word' id='word_1_387' title='bbox 843 3737 926 3784; x_wconf 87' lang='lat' dir='ltr'><strong>est</strong></span> <span class='ocrx_word' id='word_1_388' title='bbox 960 3723 1129 3812; x_wconf 63' lang='lat' dir='ltr'><strong>enim,</strong></span> <span class='ocrx_word' id='word_1_389' title='bbox 1157 3723 1612 3812; x_wconf 36' lang='lat' dir='ltr'><strong>etc.,lqun.d&#39;velut</strong></span> <span class='ocrx_word' id='word_1_390' title='bbox 1642 3740 1954 3793; x_wconf 78' lang='lat' dir='ltr'><strong>consequens</strong></span> <span class='ocrx_word' id='word_1_391' title='bbox 1986 3741 2050 3779; x_wconf 71' lang='lat' dir='ltr'><strong>ex</strong></span> <span class='ocrx_word' id='word_1_392' title='bbox 2078 3725 2174 3779; x_wconf 88' lang='lat' dir='ltr'><strong>do-</strong></span> 
     </span>
    </p>
   </div>
   <div class='ocr_carea' id='block_1_53' title="bbox 575 3795 1516 3867">
    <p class='ocr_par' dir='ltr' id='par_1_53' title="bbox 575 3795 1516 3867">
     <span class='ocr_line' id='line_1_53' title="bbox 575 3795 1516 3867; baseline -0.005 -14"><span class='ocrx_word' id='word_1_393' title='bbox 575 3801 741 3862; x_wconf 75' lang='lat' dir='ltr'><strong>ctrina</strong></span> <span class='ocrx_word' id='word_1_394' title='bbox 773 3799 1003 3854; x_wconf 85' lang='lat' dir='ltr'><strong>Nestorii</strong></span> <span class='ocrx_word' id='word_1_395' title='bbox 1029 3799 1216 3851; x_wconf 83' lang='lat' dir='ltr'><strong>dicitur</strong></span> <span class='ocrx_word' id='word_1_396' title='bbox 1237 3814 1268 3849; x_wconf 90' lang='lat' dir='ltr'><strong>a</strong></span> <span class='ocrx_word' id='word_1_397' title='bbox 1297 3795 1516 3867; x_wconf 80' lang='lat' dir='ltr'><strong>Cyrillo.</strong></span> 
     </span>
    </p>
   </div>
   <div class='ocr_carea' id='block_1_54' title="bbox 645 3866 2176 3937">
    <p class='ocr_par' dir='ltr' id='par_1_54' title="bbox 645 3866 2176 3937">
     <span class='ocr_line' id='line_1_54' title="bbox 645 3866 2176 3937; baseline -0.002 -12"><span class='ocrx_word' id='word_1_398' title='bbox 645 3868 674 3907; x_wconf 69' lang='grc' dir='ltr'><strong>ι’</strong></span> <span class='ocrx_word' id='word_1_399' title='bbox 717 3871 792 3925; x_wconf 89' lang='lat' dir='ltr'><strong>lta</strong></span> <span class='ocrx_word' id='word_1_400' title='bbox 823 3869 985 3924; x_wconf 88' lang='lat' dir='ltr'><strong>Vind.</strong></span> <span class='ocrx_word' id='word_1_401' title='bbox 1030 3884 1153 3924; x_wconf 89' lang='lat' dir='ltr'><strong>cum</strong></span> <span class='ocrx_word' id='word_1_402' title='bbox 1197 3883 1298 3923; x_wconf 92' lang='lat' dir='ltr'><strong>ms.</strong></span> <span class='ocrx_word' id='word_1_403' title='bbox 1343 3866 1524 3922; x_wconf 85' lang='lat' dir='ltr'><strong>Oxon.</strong></span> <span class='ocrx_word' id='word_1_404' title='bbox 1574 3866 1893 3935; x_wconf 86' lang='lat' dir='ltr'><strong>Quesnellus</strong></span> <span class='ocrx_word' id='word_1_405' title='bbox 1938 3867 2176 3937; x_wconf 64' lang='lat' dir='ltr'><strong>praetulit</strong></span> 
     </span>
    </p>
   </div>
   <div class='ocr_carea' id='block_1_55' title="bbox 580 3942 932 4011">
    <p class='ocr_par' dir='ltr' id='par_1_55' title="bbox 580 3942 932 4011">
     <span class='ocr_line' id='line_1_55' title="bbox 580 3942 932 4011; baseline 0 -19"><span class='ocrx_word' id='word_1_406' title='bbox 580 3942 932 4011; x_wconf 73' lang='lat' dir='ltr'><strong>participium.</strong></span> 
     </span>
    </p>
   </div>
   <div class='ocr_carea' id='block_1_56' title="bbox 654 4007 2175 4076">
    <p class='ocr_par' dir='ltr' id='par_1_56' title="bbox 654 4007 2175 4076">
     <span class='ocr_line' id='line_1_56' title="bbox 654 4007 2175 4076; baseline -0.001 -12"><span class='ocrx_word' id='word_1_407' title='bbox 654 4021 677 4048; x_wconf 82' lang='grc'>⁶</span> <span class='ocrx_word' id='word_1_408' title='bbox 704 4007 789 4064; x_wconf 76' lang='lat' dir='ltr'><strong>Ea:</strong></span> <span class='ocrx_word' id='word_1_409' title='bbox 827 4012 1053 4063; x_wconf 86' lang='lat' dir='ltr'><strong>oratione</strong></span> <span class='ocrx_word' id='word_1_410' title='bbox 1088 4011 1156 4066; x_wconf 76' lang='lat'><strong>58</strong></span> <span class='ocrx_word' id='word_1_411' title='bbox 1186 4011 1239 4063; x_wconf 89' lang='lat' dir='ltr'><strong>in</strong></span> <span class='ocrx_word' id='word_1_412' title='bbox 1277 4009 1696 4076; x_wconf 79' lang='lat' dir='ltr'><strong>Theophaniam,</strong></span> <span class='ocrx_word' id='word_1_413' title='bbox 1727 4025 1815 4063; x_wconf 83' lang='lat' dir='ltr'><strong>seu</strong></span> <span class='ocrx_word' id='word_1_414' title='bbox 1845 4007 2175 4062; x_wconf 86' lang='lat' dir='ltr'><strong>Nativitatem</strong></span> 
     </span>
    </p>
   </div>
   <div class='ocr_carea' id='block_1_57' title="bbox 580 4080 2176 4151">
    <p class='ocr_par' dir='ltr' id='par_1_57' title="bbox 580 4080 2176 4151">
     <span class='ocr_line' id='line_1_57' title="bbox 580 4080 2176 4151; baseline 0 -17"><span class='ocrx_word' id='word_1_415' title='bbox 580 4080 814 4146; x_wconf 82' lang='lat' dir='ltr'><strong>Domini,</strong></span> <span class='ocrx_word' id='word_1_416' title='bbox 837 4097 954 4151; x_wconf 87' lang='lat' dir='ltr'><strong>cap.</strong></span> <span class='ocrx_word' id='word_1_417' title='bbox 979 4081 1072 4146; x_wconf 67' lang='lat'><strong>20,</strong></span> <span class='ocrx_word' id='word_1_418' title='bbox 1097 4097 1160 4136; x_wconf 81' lang='lat' dir='ltr'><strong>ea:</strong></span> <span class='ocrx_word' id='word_1_419' title='bbox 1198 4081 1498 4150; x_wconf 78' lang='lat' dir='ltr'><strong>Ruﬁniana,</strong></span> <span class='ocrx_word' id='word_1_420' title='bbox 1539 4088 1593 4133; x_wconf 89' lang='lat' dir='ltr'><strong>ut</strong></span> <span class='ocrx_word' id='word_1_421' title='bbox 1623 4081 1827 4149; x_wconf 86' lang='lat' dir='ltr'><strong>opinor,</strong></span> <span class='ocrx_word' id='word_1_422' title='bbox 1871 4081 2176 4150; x_wconf 84' lang='lat' dir='ltr'><strong>interpreta-</strong></span> 
     </span>
    </p>
   </div>
   <div class='ocr_carea' id='block_1_58' title="bbox 582 4151 1132 4220">
    <p class='ocr_par' dir='ltr' id='par_1_58' title="bbox 582 4151 1132 4220">
     <span class='ocr_line' id='line_1_58' title="bbox 582 4151 1132 4220; baseline 0.005 -15"><span class='ocrx_word' id='word_1_423' title='bbox 582 4151 736 4220; x_wconf 81' lang='lat' dir='ltr'><strong>tione.</strong></span> <span class='ocrx_word' id='word_1_424' title='bbox 762 4152 1132 4220; x_wconf 71' lang='lat' dir='ltr'><strong>Qussnuws.</strong></span> 
     </span>
    </p>
   </div>
   <div class='ocr_carea' id='block_1_59' title="bbox 657 4221 2138 4295">
    <p class='ocr_par' dir='ltr' id='par_1_59' title="bbox 657 4221 2138 4295">
     <span class='ocr_line' id='line_1_59' title="bbox 657 4221 2138 4295; baseline 0 -18"><span class='ocrx_word' id='word_1_425' title='bbox 657 4221 685 4260; x_wconf 72' lang='grc' dir='ltr'>α</span> <span class='ocrx_word' id='word_1_426' title='bbox 707 4223 792 4279; x_wconf 81' lang='lat' dir='ltr'><strong>Ea:</strong></span> <span class='ocrx_word' id='word_1_427' title='bbox 812 4241 912 4295; x_wconf 87' lang='lat' dir='ltr'><strong>quo</strong></span> <span class='ocrx_word' id='word_1_428' title='bbox 942 4223 1128 4278; x_wconf 77' lang='lat' dir='ltr'><strong>Basilii</strong></span> <span class='ocrx_word' id='word_1_429' title='bbox 1158 4223 1402 4291; x_wconf 77' lang='lat' dir='ltr'><strong>opusculo</strong></span> <span class='ocrx_word' id='word_1_430' title='bbox 1432 4240 1533 4276; x_wconf 85' lang='lat' dir='ltr'><strong>non</strong></span> <span class='ocrx_word' id='word_1_431' title='bbox 1563 4224 1737 4293; x_wconf 81' lang='lat' dir='ltr'><strong>liquet.</strong></span> <span class='ocrx_word' id='word_1_432' title='bbox 1766 4222 1910 4295; x_wconf 83' lang='lat' dir='ltr'><strong>Idem</strong></span> <span class='ocrx_word' id='word_1_433' title='bbox 1942 4224 2138 4291; x_wconf 75' lang='lat' dir='ltr'><strong>QUESN.</strong></span> 
     </span>
    </p>
   </div>
   <div class='ocr_carea' id='block_1_60' title="bbox 659 4293 2180 4367">
    <p class='ocr_par' dir='ltr' id='par_1_60' title="bbox 659 4293 2180 4367">
     <span class='ocr_line' id='line_1_60' title="bbox 659 4293 2180 4367; baseline -0.001 -15"><span class='ocrx_word' id='word_1_434' title='bbox 659 4305 684 4333; x_wconf 82' lang='grc'><strong><em>⁸</em></strong></span> <span class='ocrx_word' id='word_1_435' title='bbox 709 4293 936 4365; x_wconf 71' lang='lat' dir='ltr'><strong>Quean</strong></span> <span class='ocrx_word' id='word_1_436' title='bbox 966 4313 998 4350; x_wconf 93' lang='lat' dir='ltr'><strong>a</strong></span> <span class='ocrx_word' id='word_1_437' title='bbox 1037 4295 1388 4351; x_wconf 83' lang='lat' dir='ltr'><strong>communione</strong></span> <span class='ocrx_word' id='word_1_438' title='bbox 1411 4297 1642 4350; x_wconf 84' lang='lat' dir='ltr'><strong>mortalis</strong></span> <span class='ocrx_word' id='word_1_439' title='bbox 1670 4293 1964 4367; x_wconf 80' lang='lat' dir='ltr'><strong>fragilitatis</strong></span> <span class='ocrx_word' id='word_1_440' title='bbox 1990 4296 2180 4350; x_wconf 79' lang='lat' dir='ltr'><strong>distare</strong></span> 
     </span>
    </p>
   </div>
   <div class='ocr_carea' id='block_1_61' title="bbox 585 4367 835 4424">
    <p class='ocr_par' dir='ltr' id='par_1_61' title="bbox 585 4367 835 4424">
     <span class='ocr_line' id='line_1_61' title="bbox 585 4367 835 4424; baseline -0.008 0"><span class='ocrx_word' id='word_1_441' title='bbox 585 4367 835 4424; x_wconf 71' lang='lat' dir='ltr'><strong>videatur.</strong></span> 
     </span>
    </p>
   </div>
   <div class='ocr_carea' id='block_1_62' title="bbox 664 4437 1876 4510">
    <p class='ocr_par' dir='ltr' id='par_1_62' title="bbox 664 4437 1876 4510">
     <span class='ocr_line' id='line_1_62' title="bbox 664 4437 1876 4510; baseline -0.003 -14"><span class='ocrx_word' id='word_1_442' title='bbox 664 4438 682 4478; x_wconf 68' lang='grc' dir='ltr'><strong>ί</strong></span> <span class='ocrx_word' id='word_1_443' title='bbox 709 4441 840 4496; x_wconf 87' lang='lat' dir='ltr'><strong>Cod.</strong></span> <span class='ocrx_word' id='word_1_444' title='bbox 866 4439 1103 4508; x_wconf 86' lang='lat' dir='ltr'><strong>Thuan.,</strong></span> <span class='ocrx_word' id='word_1_445' title='bbox 1132 4448 1187 4494; x_wconf 88' lang='lat' dir='ltr'><strong>ut</strong></span> <span class='ocrx_word' id='word_1_446' title='bbox 1212 4455 1313 4510; x_wconf 89' lang='lat' dir='ltr'><strong>quo</strong></span> <span class='ocrx_word' id='word_1_447' title='bbox 1335 4437 1634 4510; x_wconf 86' lang='lat' dir='ltr'><strong>declinet</strong></span> <span class='ocrx_word' id='word_1_448' title='bbox 1659 4438 1876 4510; x_wconf 77' lang='lat' dir='ltr'><strong>ignoret.</strong></span> 
     </span>
    </p>
   </div>
   <div class='ocr_carea' id='block_1_63' title="bbox 664 4489 2262 4578">
    <p class='ocr_par' dir='ltr' id='par_1_63' title="bbox 664 4489 2262 4578">
     <span class='ocr_line' id='line_1_63' title="bbox 664 4489 2262 4578; baseline -0.001 -13"><span class='ocrx_word' id='word_1_449' title='bbox 664 4519 690 4557; x_wconf 79' lang='grc' dir='ltr'><strong>ις</strong></span> <span class='ocrx_word' id='word_1_450' title='bbox 718 4489 1195 4578; x_wconf 52' lang='grc' dir='ltr'><strong>ὃῦὲβῖτῗέἶίὲυἷό</strong></span> <span class='ocrx_word' id='word_1_451' title='bbox 1216 4489 1827 4566; x_wconf 49' lang='lat' dir='ltr'><strong>satisnesatisne</strong></span> <span class='ocrx_word' id='word_1_452' title='bbox 1841 4489 1875 4563; x_wconf 77' lang='grc' dir='ltr'><strong>’Ξ</strong></span> <span class='ocrx_word' id='word_1_453' title='bbox 1918 4509 1980 4566; x_wconf 87' lang='lat' dir='ltr'><strong>Si</strong></span> <span class='ocrx_word' id='word_1_454' title='bbox 2019 4510 2179 4564; x_wconf 84' lang='lat' dir='ltr'><strong>Deum</strong></span> <span class='ocrx_word' id='word_1_455' title='bbox 2209 4489 2262 4548; x_wconf 81' lang='grc' dir='ltr'><strong>Ι)</strong></span> 
     </span>
    </p>
   </div>
   <div class='ocr_carea' id='block_1_64' title="bbox 589 4579 2180 4652">
    <p class='ocr_par' dir='ltr' id='par_1_64' title="bbox 589 4579 2180 4652">
     <span class='ocr_line' id='line_1_64' title="bbox 589 4579 2180 4652; baseline 0 -16"><span class='ocrx_word' id='word_1_456' title='bbox 589 4581 1068 4651; x_wconf 79' lang='lat' dir='ltr'><strong>putet,cruciﬁ:cum</strong></span> <span class='ocrx_word' id='word_1_457' title='bbox 1096 4581 1502 4652; x_wconf 83' lang='lat' dir='ltr'><strong>contemplatur;</strong></span> <span class='ocrx_word' id='word_1_458' title='bbox 1542 4590 1590 4635; x_wconf 91' lang='lat' dir='ltr'><strong>at</strong></span> <span class='ocrx_word' id='word_1_459' title='bbox 1623 4579 1816 4636; x_wconf 82' lang='lat' dir='ltr'><strong>fatetur</strong></span> <span class='ocrx_word' id='word_1_460' title='bbox 1847 4583 1960 4637; x_wconf 77' lang='lat' dir='ltr'><strong>haec</strong></span> <span class='ocrx_word' id='word_1_461' title='bbox 1990 4582 2180 4652; x_wconf 74' lang='lat' dir='ltr'><strong>deesse</strong></span> 
     </span>
    </p>
   </div>
   <div class='ocr_carea' id='block_1_65' title="bbox 588 4645 2177 4708">
    <p class='ocr_par' dir='ltr' id='par_1_65' title="bbox 588 4645 2177 4708">
     <span class='ocr_line' id='line_1_65' title="bbox 588 4645 2177 4708; baseline 0 -1"><span class='ocrx_word' id='word_1_462' title='bbox 588 4645 646 4707; x_wconf 78' lang='lat' dir='ltr'><strong>in</strong></span> <span class='ocrx_word' id='word_1_463' title='bbox 673 4645 795 4707; x_wconf 90' lang='lat' dir='ltr'><strong>cod.</strong></span> <span class='ocrx_word' id='word_1_464' title='bbox 839 4645 1051 4706; x_wconf 80' lang='lat' dir='ltr'><strong>Tbuan.</strong></span> <span class='ocrx_word' id='word_1_465' title='bbox 1096 4653 1234 4706; x_wconf 89' lang='lat' dir='ltr'><strong>sicut</strong></span> <span class='ocrx_word' id='word_1_466' title='bbox 1272 4645 1438 4708; x_wconf 79' lang='lat' dir='ltr'><strong>etiam</strong></span> <span class='ocrx_word' id='word_1_467' title='bbox 1464 4645 1661 4708; x_wconf 88' lang='lat' dir='ltr'><strong>desunt</strong></span> <span class='ocrx_word' id='word_1_468' title='bbox 1692 4653 1745 4706; x_wconf 91' lang='lat' dir='ltr'><strong>in</strong></span> <span class='ocrx_word' id='word_1_469' title='bbox 1801 4662 1984 4707; x_wconf 87' lang='lat' dir='ltr'><strong>nostro</strong></span> <span class='ocrx_word' id='word_1_470' title='bbox 2014 4645 2177 4708; x_wconf 88' lang='lat' dir='ltr'><strong>Vind.</strong></span> 
     </span>
    </p>
   </div>
   <div class='ocr_carea' id='block_1_66' title="bbox 593 4721 2180 4782">
    <p class='ocr_par' dir='ltr' id='par_1_66' title="bbox 593 4721 2180 4782">
     <span class='ocr_line' id='line_1_66' title="bbox 593 4721 2180 4782; baseline -0.002 -1"><span class='ocrx_word' id='word_1_471' title='bbox 593 4733 648 4782; x_wconf 77' lang='lat' dir='ltr'><strong>et</strong></span> <span class='ocrx_word' id='word_1_472' title='bbox 677 4723 734 4778; x_wconf 92' lang='lat' dir='ltr'><strong>in</strong></span> <span class='ocrx_word' id='word_1_473' title='bbox 763 4725 1009 4778; x_wconf 89' lang='lat' dir='ltr'><strong>omnibus</strong></span> <span class='ocrx_word' id='word_1_474' title='bbox 1039 4723 1158 4779; x_wconf 91' lang='lat' dir='ltr'><strong>aliis</strong></span> <span class='ocrx_word' id='word_1_475' title='bbox 1185 4723 1343 4779; x_wconf 92' lang='lat' dir='ltr'><strong>codd.</strong></span> <span class='ocrx_word' id='word_1_476' title='bbox 1374 4721 1512 4779; x_wconf 86' lang='lat' dir='ltr'><strong>Vide</strong></span> <span class='ocrx_word' id='word_1_477' title='bbox 1544 4730 1658 4778; x_wconf 87' lang='lat' dir='ltr'><strong>not.</strong></span> <span class='ocrx_word' id='word_1_478' title='bbox 1690 4724 1758 4781; x_wconf 86' lang='lat'><strong>70</strong></span> <span class='ocrx_word' id='word_1_479' title='bbox 1788 4725 1839 4778; x_wconf 91' lang='lat' dir='ltr'><strong>in</strong></span> <span class='ocrx_word' id='word_1_480' title='bbox 1872 4724 2180 4780; x_wconf 88' lang='lat' dir='ltr'><strong>testimonia</strong></span> 
     </span>
    </p>
   </div>
   <div class='ocr_carea' id='block_1_67' title="bbox 591 4791 2180 4921">
    <p class='ocr_par' dir='ltr' id='par_1_67' title="bbox 591 4791 2180 4921">
     <span class='ocr_line' id='line_1_67' title="bbox 591 4791 2180 4921; baseline 0.002 -73"><span class='ocrx_word' id='word_1_481' title='bbox 591 4792 830 4921; x_wconf 52' lang='lat' dir='ltr'><strong>iugjsecta</strong></span> <span class='ocrx_word' id='word_1_482' title='bbox 863 4793 1057 4921; x_wconf 46' lang='lat' dir='ltr'><strong>Iasonis</strong></span> <span class='ocrx_word' id='word_1_483' title='bbox 1079 4794 1325 4864; x_wconf 70' lang='lat' dir='ltr'><strong>epistolae</strong></span> <span class='ocrx_word' id='word_1_484' title='bbox 1357 4791 1457 4852; x_wconf 82' lang='lat' dir='ltr'><strong>l65</strong></span> <span class='ocrx_word' id='word_1_485' title='bbox 1487 4796 1670 4867; x_wconf 84' lang='lat' dir='ltr'><strong>(nostr.</strong></span> <span class='ocrx_word' id='word_1_486' title='bbox 1703 4795 1826 4850; x_wconf 87' lang='lat' dir='ltr'><strong>edit.</strong></span> <span class='ocrx_word' id='word_1_487' title='bbox 1862 4805 1987 4853; x_wconf 92' lang='lat' dir='ltr'><strong>tom.</strong></span> <span class='ocrx_word' id='word_1_488' title='bbox 2020 4794 2046 4850; x_wconf 86' lang='lat' dir='ltr'><strong>l</strong></span> <span class='ocrx_word' id='word_1_489' title='bbox 2080 4797 2180 4851; x_wconf 89' lang='lat' dir='ltr'><strong>col.</strong></span> 
     </span>
     <span class='ocr_line' id='line_1_68' title="bbox 741 4883 950 4921; baseline 0 0"><span class='ocrx_word' id='word_1_490' title='bbox 741 4905 755 4921; x_wconf 91' lang='lat'><strong>.</strong></span> <span class='ocrx_word' id='word_1_491' title='bbox 789 4883 841 4921; x_wconf 85' lang='grc' dir='ltr'><strong>η.</strong></span> <span class='ocrx_word' id='word_1_492' title='bbox 934 4905 950 4921; x_wconf 89' lang='grc'><strong>.</strong></span> 
     </span>
    </p>
   </div>
   <div class='ocr_carea' id='block_1_68' title="bbox 633 4867 950 4929">
    <p class='ocr_par' dir='ltr' id='par_1_68' title="bbox 633 4867 950 4929">
     <span class='ocr_line' id='line_1_69' title="bbox 633 4867 950 4929; baseline 0.006 -9"><span class='ocrx_word' id='word_1_493' title='bbox 633 4867 755 4929; x_wconf 81' lang='grc'><strong>185,</strong></span> <span class='ocrx_word' id='word_1_494' title='bbox 789 4883 841 4921; x_wconf 90' lang='lat' dir='ltr'><strong>n.</strong></span> <span class='ocrx_word' id='word_1_495' title='bbox 877 4867 950 4929; x_wconf 76' lang='grc'><strong>8).</strong></span> 
     </span>
    </p>
   </div>
   <div class='ocr_carea' id='block_1_69' title="bbox 667 4868 2180 5008">
    <p class='ocr_par' dir='ltr' id='par_1_69' title="bbox 667 4868 2180 5008">
     <span class='ocr_line' id='line_1_70' title="bbox 667 4868 2180 5008; baseline 0.001 -18"><span class='ocrx_word' id='word_1_496' title='bbox 667 4868 1101 5002; x_wconf 52' lang='grc' dir='ltr'><strong>ξῗῆοῗέιιεόυθεη.</strong></span> <span class='ocrx_word' id='word_1_497' title='bbox 1135 4936 1187 4992; x_wconf 94' lang='lat' dir='ltr'><strong>in</strong></span> <span class='ocrx_word' id='word_1_498' title='bbox 1215 4937 1452 5008; x_wconf 85' lang='lat' dir='ltr'><strong>margine</strong></span> <span class='ocrx_word' id='word_1_499' title='bbox 1477 4953 1492 4992; x_wconf 86' lang='lat'><strong>:</strong></span> <span class='ocrx_word' id='word_1_500' title='bbox 1515 4935 1603 4992; x_wconf 86' lang='lat' dir='ltr'><strong>Ita</strong></span> <span class='ocrx_word' id='word_1_501' title='bbox 1623 4954 1686 4993; x_wconf 76' lang='lat' dir='ltr'><strong>ea:</strong></span> <span class='ocrx_word' id='word_1_502' title='bbox 1709 4935 1913 4994; x_wconf 84' lang='lat' dir='ltr'><strong>Tltuan.</strong></span> <span class='ocrx_word' id='word_1_503' title='bbox 1943 4949 1993 4994; x_wconf 89' lang='lat' dir='ltr'><strong>et</strong></span> <span class='ocrx_word' id='word_1_504' title='bbox 2013 4938 2180 4993; x_wconf 78' lang='lat' dir='ltr'><strong>Oxon.</strong></span> 
     </span>
    </p>
   </div>
   <div class='ocr_carea' id='block_1_70' title="bbox 595 5009 2186 5079">
    <p class='ocr_par' dir='ltr' id='par_1_70' title="bbox 595 5009 2186 5079">
     <span class='ocr_line' id='line_1_71' title="bbox 595 5009 2186 5079; baseline -0.001 -13"><span class='ocrx_word' id='word_1_505' title='bbox 595 5023 779 5070; x_wconf 72' lang='lat' dir='ltr'><strong>nonam</strong></span> <span class='ocrx_word' id='word_1_506' title='bbox 829 5011 1095 5064; x_wconf 85' lang='lat' dir='ltr'><strong>lectionem</strong></span> <span class='ocrx_word' id='word_1_507' title='bbox 1144 5009 1517 5079; x_wconf 82' lang='lat' dir='ltr'><strong>composuimus</strong></span> <span class='ocrx_word' id='word_1_508' title='bbox 1542 5050 1558 5076; x_wconf 94' lang='lat'><strong>,</strong></span> <span class='ocrx_word' id='word_1_509' title='bbox 1601 5025 1713 5076; x_wconf 79' lang='lat' dir='ltr'><strong>qua:</strong></span> <span class='ocrx_word' id='word_1_510' title='bbox 1752 5011 1806 5066; x_wconf 85' lang='lat' dir='ltr'><strong>in</strong></span> <span class='ocrx_word' id='word_1_511' title='bbox 1849 5009 2144 5065; x_wconf 86' lang='lat' dir='ltr'><strong>Grimam&#39;co</strong></span> <span class='ocrx_word' id='word_1_512' title='bbox 2171 5051 2186 5076; x_wconf 92' lang='lat'><strong>,</strong></span> 
     </span>
    </p>
   </div>
   <div class='ocr_carea' id='block_1_71' title="bbox 596 5078 2194 5153">
    <p class='ocr_par' dir='ltr' id='par_1_71' title="bbox 596 5078 2194 5153">
     <span class='ocr_line' id='line_1_72' title="bbox 596 5078 2194 5153; baseline 0.001 -19"><span class='ocrx_word' id='word_1_513' title='bbox 596 5080 756 5153; x_wconf 68' lang='lat' dir='ltr'><strong>epist1</strong></span> <span class='ocrx_word' id='word_1_514' title='bbox 778 5081 902 5150; x_wconf 73' lang='grc'><strong>154,</strong></span> <span class='ocrx_word' id='word_1_515' title='bbox 926 5079 999 5134; x_wconf 88' lang='lat' dir='ltr'><strong>al.</strong></span> <span class='ocrx_word' id='word_1_516' title='bbox 1027 5079 1095 5153; x_wconf 65' lang='lat'><strong>9]</strong></span> <span class='ocrx_word' id='word_1_517' title='bbox 1128 5078 1447 5153; x_wconf 82' lang='lat' dir='ltr'><strong>(nuncl65)</strong></span> <span class='ocrx_word' id='word_1_518' title='bbox 1480 5080 1566 5153; x_wconf 72' lang='lat' dir='ltr'><strong>S._</strong></span> <span class='ocrx_word' id='word_1_519' title='bbox 1575 5079 1759 5153; x_wconf 76' lang='lat' dir='ltr'><strong>Leonis</strong></span> <span class='ocrx_word' id='word_1_520' title='bbox 1797 5084 1970 5138; x_wconf 84' lang='lat' dir='ltr'><strong>codice</strong></span> <span class='ocrx_word' id='word_1_521' title='bbox 1996 5084 2194 5153; x_wconf 85' lang='lat' dir='ltr'><strong>reperi-</strong></span> 
     </span>
    </p>
   </div>
   <div class='ocr_carea' id='block_1_72' title="bbox 596 5150 2190 5224">
    <p class='ocr_par' dir='ltr' id='par_1_72' title="bbox 596 5150 2190 5224">
     <span class='ocr_line' id='line_1_73' title="bbox 596 5150 2190 5224; baseline 0.004 -20"><span class='ocrx_word' id='word_1_522' title='bbox 596 5158 701 5207; x_wconf 88' lang='lat' dir='ltr'><strong>tur.</strong></span> <span class='ocrx_word' id='word_1_523' title='bbox 719 5151 888 5207; x_wconf 73' lang='lat' dir='ltr'><strong>Oason.</strong></span> <span class='ocrx_word' id='word_1_524' title='bbox 913 5167 1008 5222; x_wconf 88' lang='lat' dir='ltr'><strong>pro</strong></span> <span class='ocrx_word' id='word_1_525' title='bbox 1030 5150 1185 5224; x_wconf 74' lang='lat' dir='ltr'><strong>illuSa</strong></span> <span class='ocrx_word' id='word_1_526' title='bbox 1218 5151 1335 5224; x_wconf 79' lang='lat' dir='ltr'><strong>legit</strong></span> <span class='ocrx_word' id='word_1_527' title='bbox 1361 5153 1471 5224; x_wconf 85' lang='lat' dir='ltr'><strong>suis</strong></span> <span class='ocrx_word' id='word_1_528' title='bbox 1486 5168 1511 5224; x_wconf 12' lang='lat' dir='ltr'><strong>;r</strong></span> <span class='ocrx_word' id='word_1_529' title='bbox 1524 5150 1733 5224; x_wconf 73' lang='lat' dir='ltr'><strong>T/tuan.</strong></span> <span class='ocrx_word' id='word_1_530' title='bbox 1751 5150 2190 5224; x_wconf 58' lang='lat' dir='ltr'><strong>proastimentur</strong></span> 
     </span>
    </p>
   </div>
   <div class='ocr_carea' id='block_1_73' title="bbox 597 5222 2183 5299">
    <p class='ocr_par' dir='ltr' id='par_1_73' title="bbox 597 5222 2183 5299">
     <span class='ocr_line' id='line_1_74' title="bbox 597 5222 2183 5299; baseline 0.002 -23"><span class='ocrx_word' id='word_1_531' title='bbox 597 5223 1011 5299; x_wconf 77' lang='lat' dir='ltr'><strong>legit_aptentur.</strong></span> <span class='ocrx_word' id='word_1_532' title='bbox 1028 5222 1223 5299; x_wconf 55' lang='lat' dir='ltr'><strong>plaster</strong></span> <span class='ocrx_word' id='word_1_533' title='bbox 1242 5222 1404 5299; x_wconf 88' lang='lat' dir='ltr'><strong>Vind.</strong></span> <span class='ocrx_word' id='word_1_534' title='bbox 1430 5223 1576 5299; x_wconf 64' lang='lat' dir='ltr'><strong>vulg.</strong></span> <span class='ocrx_word' id='word_1_535' title='bbox 1598 5222 1878 5299; x_wconf 74' lang='lat' dir='ltr'><strong>lectionem</strong></span> <span class='ocrx_word' id='word_1_536' title='bbox 1906 5226 2183 5299; x_wconf 86' lang='lat' dir='ltr'><strong>approbat.</strong></span> 
     </span>
    </p>
   </div>
   <div class='ocr_carea' id='block_1_74' title="bbox 675 5292 2188 5362">
    <p class='ocr_par' dir='ltr' id='par_1_74' title="bbox 675 5292 2188 5362">
     <span class='ocr_line' id='line_1_75' title="bbox 675 5292 2188 5362; baseline 0.001 -13"><span class='ocrx_word' id='word_1_537' title='bbox 675 5292 691 5332; x_wconf 76' lang='grc' dir='ltr'><strong>ί</strong></span> <span class='ocrx_word' id='word_1_538' title='bbox 720 5292 926 5349; x_wconf 66' lang='grc' dir='ltr'><strong>Ρὲωιει·</strong></span> <span class='ocrx_word' id='word_1_539' title='bbox 946 5293 1159 5349; x_wconf 88' lang='lat' dir='ltr'><strong>codices</strong></span> <span class='ocrx_word' id='word_1_540' title='bbox 1184 5293 1340 5362; x_wconf 88' lang='lat' dir='ltr'><strong>hujus</strong></span> <span class='ocrx_word' id='word_1_541' title='bbox 1368 5294 1700 5350; x_wconf 86' lang='lat' dir='ltr'><strong>collectionis</strong></span> <span class='ocrx_word' id='word_1_542' title='bbox 1729 5292 1996 5351; x_wconf 71' lang='lat' dir='ltr'><strong>invenitur</strong></span> <span class='ocrx_word' id='word_1_543' title='bbox 2025 5299 2188 5352; x_wconf 90' lang='lat' dir='ltr'><strong>etiam</strong></span> 
     </span>
    </p>
   </div>
   <div class='ocr_carea' id='block_1_75' title="bbox 597 5363 2187 5427">
    <p class='ocr_par' dir='ltr' id='par_1_75' title="bbox 597 5363 2187 5427">
     <span class='ocr_line' id='line_1_76' title="bbox 597 5363 2187 5427; baseline 0.003 -9"><span class='ocrx_word' id='word_1_544' title='bbox 597 5365 651 5418; x_wconf 90' lang='lat' dir='ltr'><strong>in</strong></span> <span class='ocrx_word' id='word_1_545' title='bbox 684 5380 814 5420; x_wconf 91' lang='lat' dir='ltr'><strong>mss.</strong></span> <span class='ocrx_word' id='word_1_546' title='bbox 843 5365 1222 5421; x_wconf 90' lang='lat' dir='ltr'><strong>collectionum</strong></span> <span class='ocrx_word' id='word_1_547' title='bbox 1256 5363 1376 5422; x_wconf 84' lang='lat' dir='ltr'><strong>Vat.</strong></span> <span class='ocrx_word' id='word_1_548' title='bbox 1413 5363 1572 5427; x_wconf 72' lang='grc'><strong>1542,</strong></span> <span class='ocrx_word' id='word_1_549' title='bbox 1621 5373 1677 5420; x_wconf 88' lang='lat' dir='ltr'><strong>et</strong></span> <span class='ocrx_word' id='word_1_550' title='bbox 1721 5367 1772 5421; x_wconf 92' lang='lat' dir='ltr'><strong>in</strong></span> <span class='ocrx_word' id='word_1_551' title='bbox 1822 5367 2187 5423; x_wconf 87' lang='lat' dir='ltr'><strong>additionibns</strong></span> 
     </span>
    </p>
   </div>
   <div class='ocr_carea' id='block_1_76' title="bbox 515 5435 2183 5509">
    <p class='ocr_par' dir='ltr' id='par_1_76' title="bbox 515 5435 2183 5509">
     <span class='ocr_line' id='line_1_77' title="bbox 515 5435 2183 5509; baseline 0.003 -19"><span class='ocrx_word' id='word_1_552' title='bbox 515 5487 518 5490; x_wconf 83' lang='lat'><strong>.</strong></span> <span class='ocrx_word' id='word_1_553' title='bbox 596 5435 985 5509; x_wconf 9' lang='lat' dir='ltr'><strong>_Dionyrsianis_1</strong></span> <span class='ocrx_word' id='word_1_554' title='bbox 1023 5451 1256 5509; x_wconf 82' lang='lat' dir='ltr'><strong>quarum</strong></span> <span class='ocrx_word' id='word_1_555' title='bbox 1285 5445 1419 5509; x_wconf 35' lang='lat' dir='ltr'><strong>htres</strong></span> <span class='ocrx_word' id='word_1_556' title='bbox 1444 5435 1692 5509; x_wconf 83' lang='lat' dir='ltr'><strong>__codices</strong></span> <span class='ocrx_word' id='word_1_557' title='bbox 1741 5440 2183 5509; x_wconf 84' lang='lat' dir='ltr'><strong>recognovimus,</strong></span> 
     </span>
    </p>
   </div>
   <div class='ocr_carea' id='block_1_77' title="bbox 596 5504 2185 5573">
    <p class='ocr_par' dir='ltr' id='par_1_77' title="bbox 596 5504 2185 5573">
     <span class='ocr_line' id='line_1_78' title="bbox 596 5504 2185 5573; baseline 0.002 -11"><span class='ocrx_word' id='word_1_558' title='bbox 596 5504 719 5562; x_wconf 84' lang='lat' dir='ltr'><strong>Vat.</strong></span> <span class='ocrx_word' id='word_1_559' title='bbox 742 5504 913 5572; x_wconf 68' lang='lat'><strong>5845,</strong></span> <span class='ocrx_word' id='word_1_560' title='bbox 941 5504 1183 5562; x_wconf 87' lang='lat' dir='ltr'><strong>Vallicel.</strong></span> <span class='ocrx_word' id='word_1_561' title='bbox 1216 5509 1260 5561; x_wconf 81' lang='grc' dir='ltr'><strong>Α</strong></span> <span class='ocrx_word' id='word_1_562' title='bbox 1281 5505 1334 5573; x_wconf 85' lang='lat'><strong>5,</strong></span> <span class='ocrx_word' id='word_1_563' title='bbox 1368 5517 1423 5563; x_wconf 87' lang='lat' dir='ltr'><strong>et</strong></span> <span class='ocrx_word' id='word_1_564' title='bbox 1443 5504 1893 5563; x_wconf 45' lang='lat' dir='ltr'><strong>Vercellensemf</strong></span> <span class='ocrx_word' id='word_1_565' title='bbox 1907 5504 2185 5566; x_wconf 55' lang='lat' dir='ltr'><strong>Pint-missa</strong></span> 
     </span>
    </p>
   </div>
   <div class='ocr_carea' id='block_1_78' title="bbox 599 5578 2183 5648">
    <p class='ocr_par' dir='ltr' id='par_1_78' title="bbox 599 5578 2183 5648">
     <span class='ocr_line' id='line_1_79' title="bbox 599 5578 2183 5648; baseline 0.003 -16"><span class='ocrx_word' id='word_1_566' title='bbox 599 5587 681 5648; x_wconf 84' lang='lat' dir='ltr'><strong>est</strong></span> <span class='ocrx_word' id='word_1_567' title='bbox 715 5587 971 5644; x_wconf 66' lang='lat' dir='ltr'><strong>praeterea</strong></span> <span class='ocrx_word' id='word_1_568' title='bbox 1001 5579 1170 5634; x_wconf 86' lang='lat' dir='ltr'><strong>codici</strong></span> <span class='ocrx_word' id='word_1_569' title='bbox 1198 5578 1323 5634; x_wconf 88' lang='lat' dir='ltr'><strong>Vat.</strong></span> <span class='ocrx_word' id='word_1_570' title='bbox 1355 5578 1518 5647; x_wconf 76' lang='lat'><strong>3853,</strong></span> <span class='ocrx_word' id='word_1_571' title='bbox 1544 5580 1632 5648; x_wconf 88' lang='lat' dir='ltr'><strong>qui</strong></span> <span class='ocrx_word' id='word_1_572' title='bbox 1666 5579 2035 5636; x_wconf 88' lang='lat' dir='ltr'><strong>collectionem</strong></span> <span class='ocrx_word' id='word_1_573' title='bbox 2064 5597 2183 5636; x_wconf 88' lang='lat' dir='ltr'><strong>car-</strong></span> 
     </span>
    </p>
   </div>
   <div class='ocr_carea' id='block_1_79' title="bbox 599 5647 2185 5708">
    <p class='ocr_par' dir='ltr' id='par_1_79' title="bbox 599 5647 2185 5708">
     <span class='ocr_line' id='line_1_80' title="bbox 599 5647 2185 5708; baseline 0.004 -6"><span class='ocrx_word' id='word_1_574' title='bbox 599 5647 795 5704; x_wconf 88' lang='lat' dir='ltr'><strong>dinalis</strong></span> <span class='ocrx_word' id='word_1_575' title='bbox 822 5651 1110 5704; x_wconf 81' lang='lat' dir='ltr'><strong>Deusdedit</strong></span> <span class='ocrx_word' id='word_1_576' title='bbox 1131 5651 1398 5706; x_wconf 87' lang='lat' dir='ltr'><strong>continet:</strong></span> <span class='ocrx_word' id='word_1_577' title='bbox 1443 5666 1506 5705; x_wconf 90' lang='lat' dir='ltr'><strong>ac</strong></span> <span class='ocrx_word' id='word_1_578' title='bbox 1532 5647 1743 5706; x_wconf 80' lang='lat' dir='ltr'><strong>tandem</strong></span> <span class='ocrx_word' id='word_1_579' title='bbox 1775 5667 1841 5707; x_wconf 82' lang='lat' dir='ltr'><strong>ex</strong></span> <span class='ocrx_word' id='word_1_580' title='bbox 1873 5652 1970 5707; x_wconf 83' lang='lat' dir='ltr'><strong>hac</strong></span> <span class='ocrx_word' id='word_1_581' title='bbox 1996 5652 2185 5708; x_wconf 86' lang='lat' dir='ltr'><strong>eadem</strong></span> 
     </span>
    </p>
   </div>
   <div class='ocr_carea' id='block_1_80' title="bbox 601 5722 2186 5794">
    <p class='ocr_par' dir='ltr' id='par_1_80' title="bbox 601 5722 2186 5794">
     <span class='ocr_line' id='line_1_81' title="bbox 601 5722 2186 5794; baseline 0.004 -22"><span class='ocrx_word' id='word_1_582' title='bbox 601 5723 871 5794; x_wconf 57' lang='lat' dir='ltr'><strong>versione,</strong></span> <span class='ocrx_word' id='word_1_583' title='bbox 904 5736 1027 5794; x_wconf 55' lang='lat' dir='ltr'><strong>quae</strong></span> <span class='ocrx_word' id='word_1_584' title='bbox 1054 5722 1220 5776; x_wconf 86' lang='lat' dir='ltr'><strong>Leoni</strong></span> <span class='ocrx_word' id='word_1_585' title='bbox 1267 5725 1315 5775; x_wconf 89' lang='lat' dir='ltr'><strong>in</strong></span> <span class='ocrx_word' id='word_1_586' title='bbox 1349 5737 1447 5777; x_wconf 91' lang='lat' dir='ltr'><strong>suo</strong></span> <span class='ocrx_word' id='word_1_587' title='bbox 1474 5722 1541 5776; x_wconf 88' lang='lat' dir='ltr'><strong>de</strong></span> <span class='ocrx_word' id='word_1_588' title='bbox 1573 5723 1811 5794; x_wconf 82' lang='lat' dir='ltr'><strong>Eutyche</strong></span> <span class='ocrx_word' id='word_1_589' title='bbox 1836 5723 2035 5789; x_wconf 86' lang='lat' dir='ltr'><strong>judicio</strong></span> <span class='ocrx_word' id='word_1_590' title='bbox 2067 5725 2186 5779; x_wconf 90' lang='lat' dir='ltr'><strong>usui</strong></span> 
     </span>
    </p>
   </div>
   <div class='ocr_carea' id='block_1_81' title="bbox 596 5786 2183 5866">
    <p class='ocr_par' dir='ltr' id='par_1_81' title="bbox 596 5786 2183 5866">
     <span class='ocr_line' id='line_1_82' title="bbox 596 5786 2183 5866; baseline 0.001 -18"><span class='ocrx_word' id='word_1_591' title='bbox 596 5786 719 5866; x_wconf 75' lang='lat' dir='ltr'><strong>fuit,</strong></span> <span class='ocrx_word' id='word_1_592' title='bbox 753 5792 828 5845; x_wconf 91' lang='lat' dir='ltr'><strong>uti</strong></span> <span class='ocrx_word' id='word_1_593' title='bbox 857 5786 1157 5866; x_wconf 55' lang='lat' dir='ltr'><strong>patebiteg</strong></span> <span class='ocrx_word' id='word_1_594' title='bbox 1176 5804 1290 5866; x_wconf 81' lang='lat' dir='ltr'><strong>not.</strong></span> <span class='ocrx_word' id='word_1_595' title='bbox 1332 5796 1398 5848; x_wconf 81' lang='lat'><strong>56</strong></span> <span class='ocrx_word' id='word_1_596' title='bbox 1431 5795 1612 5865; x_wconf 81' lang='lat' dir='ltr'><strong>(infra,</strong></span> <span class='ocrx_word' id='word_1_597' title='bbox 1643 5786 1742 5849; x_wconf 78' lang='lat' dir='ltr'><strong>col.</strong></span> <span class='ocrx_word' id='word_1_598' title='bbox 1769 5786 1890 5861; x_wconf 54' lang='lat'><strong>609,</strong></span> <span class='ocrx_word' id='word_1_599' title='bbox 1927 5813 1980 5848; x_wconf 82' lang='grc' dir='ltr'><strong>η.</strong></span> <span class='ocrx_word' id='word_1_600' title='bbox 2013 5796 2086 5866; x_wconf 75' lang='grc' dir='ltr'><strong>ρ),</strong></span> <span class='ocrx_word' id='word_1_601' title='bbox 2117 5797 2183 5850; x_wconf 85' lang='lat' dir='ltr'><strong>ah</strong></span> 
     </span>
    </p>
   </div>
   <div class='ocr_carea' id='block_1_82' title="bbox 597 5861 2179 5936">
    <p class='ocr_par' dir='ltr' id='par_1_82' title="bbox 597 5861 2179 5936">
     <span class='ocr_line' id='line_1_83' title="bbox 597 5861 2179 5936; baseline 0.001 -16"><span class='ocrx_word' id='word_1_602' title='bbox 597 5861 820 5933; x_wconf 69' lang='lat' dir='ltr'><strong>ltitique</strong></span> <span class='ocrx_word' id='word_1_603' title='bbox 865 5863 1076 5918; x_wconf 89' lang='lat' dir='ltr'><strong>concilii</strong></span> <span class='ocrx_word' id='word_1_604' title='bbox 1121 5861 1572 5923; x_wconf 70' lang='lat' dir='ltr'><strong>ChalcedonenSis</strong></span> <span class='ocrx_word' id='word_1_605' title='bbox 1622 5867 1914 5936; x_wconf 86' lang='lat' dir='ltr'><strong>interprete</strong></span> <span class='ocrx_word' id='word_1_606' title='bbox 1943 5861 2179 5934; x_wconf 81' lang='lat' dir='ltr'><strong>recepta,</strong></span> 
     </span>
    </p>
   </div>
   <div class='ocr_carea' id='block_1_83' title="bbox 2268 1858 3791 1934">
    <p class='ocr_par' dir='ltr' id='par_1_83' title="bbox 2268 1858 3791 1934">
     <span class='ocr_line' id='line_1_84' title="bbox 2268 1858 3791 1934; baseline 0.006 -21"><span class='ocrx_word' id='word_1_607' title='bbox 2268 1858 2410 1914; x_wconf 83' lang='lat' dir='ltr'><strong>victo</strong></span> <span class='ocrx_word' id='word_1_608' title='bbox 2441 1860 2634 1916; x_wconf 86' lang='lat' dir='ltr'><strong>mortis</strong></span> <span class='ocrx_word' id='word_1_609' title='bbox 2664 1876 2830 1934; x_wconf 90' lang='lat' dir='ltr'><strong>regno</strong></span> <span class='ocrx_word' id='word_1_610' title='bbox 2851 1876 2976 1918; x_wconf 90' lang='lat' dir='ltr'><strong>eum</strong></span> <span class='ocrx_word' id='word_1_611' title='bbox 3021 1864 3204 1934; x_wconf 86' lang='lat' dir='ltr'><strong>spoliis</strong></span> <span class='ocrx_word' id='word_1_612' title='bbox 3233 1866 3542 1922; x_wconf 85' lang='lat' dir='ltr'><strong>redeuntem</strong></span> <span class='ocrx_word' id='word_1_613' title='bbox 3571 1883 3597 1922; x_wconf 86' lang='lat' dir='ltr'><strong>a</strong></span> <span class='ocrx_word' id='word_1_614' title='bbox 3621 1869 3791 1929; x_wconf 81' lang='lat' dir='ltr'><strong>mortuis</strong></span> 
     </span>
    </p>
   </div>
   <div class='ocr_carea' id='block_1_84' title="bbox 2269 1952 3792 2026">
    <p class='ocr_par' dir='ltr' id='par_1_84' title="bbox 2269 1952 3792 2026">
     <span class='ocr_line' id='line_1_85' title="bbox 2269 1952 3792 2026; baseline 0.005 -18"><span class='ocrx_word' id='word_1_615' title='bbox 2269 1952 2442 2008; x_wconf 90' lang='lat' dir='ltr'><strong>cernit</strong></span> <span class='ocrx_word' id='word_1_616' title='bbox 2483 1969 2498 2006; x_wconf 88' lang='lat'><strong>:</strong></span> <span class='ocrx_word' id='word_1_617' title='bbox 2532 1961 2754 2024; x_wconf 87' lang='lat' dir='ltr'><strong>propter</strong></span> <span class='ocrx_word' id='word_1_618' title='bbox 2791 1955 2934 2026; x_wconf 92' lang='lat' dir='ltr'><strong>quod</strong></span> <span class='ocrx_word' id='word_1_619' title='bbox 2963 1972 3085 2014; x_wconf 90' lang='lat' dir='ltr'><strong>cum</strong></span> <span class='ocrx_word' id='word_1_620' title='bbox 3117 1959 3264 2015; x_wconf 90' lang='lat' dir='ltr'><strong>omni</strong></span> <span class='ocrx_word' id='word_1_621' title='bbox 3298 1969 3444 2015; x_wconf 90' lang='lat' dir='ltr'><strong>metu</strong></span> <span class='ocrx_word' id='word_1_622' title='bbox 3472 1970 3522 2016; x_wconf 90' lang='lat' dir='ltr'><strong>et</strong></span> <span class='ocrx_word' id='word_1_623' title='bbox 3553 1962 3792 2016; x_wconf 82' lang='lat' dir='ltr'><strong>reverentia</strong></span> 
     </span>
    </p>
   </div>
   <div class='ocr_carea' id='block_1_85' title="bbox 2267 2047 3793 2125">
    <p class='ocr_par' dir='ltr' id='par_1_85' title="bbox 2267 2047 3793 2125">
     <span class='ocr_line' id='line_1_86' title="bbox 2267 2047 3793 2125; baseline 0.005 -25"><span class='ocrx_word' id='word_1_624' title='bbox 2267 2047 2740 2116; x_wconf 89' lang='lat' dir='ltr'><strong>contemplandum</strong></span> <span class='ocrx_word' id='word_1_625' title='bbox 2771 2058 2878 2116; x_wconf 89' lang='lat' dir='ltr'><strong>est,</strong></span> <span class='ocrx_word' id='word_1_626' title='bbox 2910 2057 2972 2105; x_wconf 90' lang='lat' dir='ltr'><strong>ut</strong></span> <span class='ocrx_word' id='word_1_627' title='bbox 2999 2050 3052 2105; x_wconf 90' lang='lat' dir='ltr'><strong>in</strong></span> <span class='ocrx_word' id='word_1_628' title='bbox 3083 2066 3190 2106; x_wconf 92' lang='lat' dir='ltr'><strong>uno</strong></span> <span class='ocrx_word' id='word_1_629' title='bbox 3218 2052 3516 2125; x_wconf 89' lang='lat' dir='ltr'><strong>eodemque</strong></span> <span class='ocrx_word' id='word_1_630' title='bbox 3555 2053 3619 2107; x_wconf 90' lang='lat' dir='ltr'><strong>ita</strong></span> <span class='ocrx_word' id='word_1_631' title='bbox 3644 2054 3793 2107; x_wconf 60' lang='lat' dir='ltr'><strong>utrius</strong></span> 
     </span>
    </p>
   </div>
   <div class='ocr_carea' id='block_1_86' title="bbox 2268 2143 3794 2216">
    <p class='ocr_par' dir='ltr' id='par_1_86' title="bbox 2268 2143 3794 2216">
     <span class='ocr_line' id='line_1_87' title="bbox 2268 2143 3794 2216; baseline 0.001 -20"><span class='ocrx_word' id='word_1_632' title='bbox 2268 2155 2373 2211; x_wconf 92' lang='lat' dir='ltr'><strong>que</strong></span> <span class='ocrx_word' id='word_1_633' title='bbox 2399 2148 2604 2197; x_wconf 62' lang='lat' dir='ltr'><strong>naturai</strong></span> <span class='ocrx_word' id='word_1_634' title='bbox 2633 2143 2834 2198; x_wconf 83' lang='lat' dir='ltr'><strong>veritas</strong></span> <span class='ocrx_word' id='word_1_635' title='bbox 2875 2143 3298 2208; x_wconf 88' lang='lat' dir='ltr'><strong>demonstretur,</strong></span> <span class='ocrx_word' id='word_1_636' title='bbox 3343 2154 3401 2203; x_wconf 90' lang='lat' dir='ltr'><strong>ut</strong></span> <span class='ocrx_word' id='word_1_637' title='bbox 3447 2144 3607 2216; x_wconf 87' lang='lat' dir='ltr'><strong>neque</strong></span> <span class='ocrx_word' id='word_1_638' title='bbox 3641 2143 3794 2214; x_wconf 82' lang='lat' dir='ltr'><strong>aliquid</strong></span> 
     </span>
    </p>
   </div>
   <div class='ocr_carea' id='block_1_87' title="bbox 2269 2234 3795 2305">
    <p class='ocr_par' dir='ltr' id='par_1_87' title="bbox 2269 2234 3795 2305">
     <span class='ocr_line' id='line_1_88' title="bbox 2269 2234 3795 2305; baseline 0.003 -15"><span class='ocrx_word' id='word_1_639' title='bbox 2269 2234 2542 2305; x_wconf 79' lang='lat' dir='ltr'><strong>indignum</strong></span> <span class='ocrx_word' id='word_1_640' title='bbox 2575 2245 2630 2292; x_wconf 90' lang='lat' dir='ltr'><strong>et</strong></span> <span class='ocrx_word' id='word_1_641' title='bbox 2659 2236 2913 2294; x_wconf 87' lang='lat' dir='ltr'><strong>indecens</strong></span> <span class='ocrx_word' id='word_1_642' title='bbox 2940 2238 3008 2294; x_wconf 86' lang='lat' dir='ltr'><strong>de</strong></span> <span class='ocrx_word' id='word_1_643' title='bbox 3038 2239 3216 2294; x_wconf 85' lang='lat' dir='ltr'><strong>divina</strong></span> <span class='ocrx_word' id='word_1_644' title='bbox 3241 2240 3337 2297; x_wconf 89' lang='lat' dir='ltr'><strong>illa</strong></span> <span class='ocrx_word' id='word_1_645' title='bbox 3367 2250 3421 2297; x_wconf 87' lang='lat' dir='ltr'><strong>et</strong></span> <span class='ocrx_word' id='word_1_646' title='bbox 3451 2241 3683 2297; x_wconf 82' lang='lat' dir='ltr'><strong>ineﬂabili</strong></span> <span class='ocrx_word' id='word_1_647' title='bbox 3704 2239 3795 2296; x_wconf 84' lang='lat' dir='ltr'><strong>sub-</strong></span> 
     </span>
    </p>
   </div>
   <div class='ocr_carea' id='block_1_88' title="bbox 2269 2329 3796 2404">
    <p class='ocr_par' dir='ltr' id='par_1_88' title="bbox 2269 2329 3796 2404">
     <span class='ocr_line' id='line_1_89' title="bbox 2269 2329 3796 2404; baseline 0.004 -22"><span class='ocrx_word' id='word_1_648' title='bbox 2269 2329 2467 2384; x_wconf 90' lang='lat' dir='ltr'><strong>stantia</strong></span> <span class='ocrx_word' id='word_1_649' title='bbox 2515 2329 2796 2396; x_wconf 88' lang='lat' dir='ltr'><strong>sentiatur,</strong></span> <span class='ocrx_word' id='word_1_650' title='bbox 2843 2345 3016 2402; x_wconf 88' lang='lat' dir='ltr'><strong>neque</strong></span> <span class='ocrx_word' id='word_1_651' title='bbox 3060 2346 3270 2387; x_wconf 86' lang='lat' dir='ltr'><strong>rursum</strong></span> <span class='ocrx_word' id='word_1_652' title='bbox 3322 2348 3445 2404; x_wconf 78' lang='lat' dir='ltr'><strong>quae</strong></span> <span class='ocrx_word' id='word_1_653' title='bbox 3503 2341 3641 2404; x_wconf 86' lang='lat' dir='ltr'><strong>gesta</strong></span> <span class='ocrx_word' id='word_1_654' title='bbox 3689 2338 3796 2400; x_wconf 82' lang='lat' dir='ltr'><strong>sunt.</strong></span> 
     </span>
    </p>
   </div>
   <div class='ocr_carea' id='block_1_89' title="bbox 2269 2418 3386 2493">
    <p class='ocr_par' dir='ltr' id='par_1_89' title="bbox 2269 2418 3386 2493">
     <span class='ocr_line' id='line_1_90' title="bbox 2269 2418 3386 2493; baseline 0.004 -16"><span class='ocrx_word' id='word_1_655' title='bbox 2269 2418 2298 2459; x_wconf 68' lang='grc' dir='ltr'><strong>ιι</strong></span> <span class='ocrx_word' id='word_1_656' title='bbox 2319 2420 2470 2478; x_wconf 71' lang='lat' dir='ltr'><strong>falsis</strong></span> <span class='ocrx_word' id='word_1_657' title='bbox 2499 2423 2653 2480; x_wconf 90' lang='lat' dir='ltr'><strong>iilusa</strong></span> <span class='ocrx_word' id='word_1_658' title='bbox 2683 2423 3003 2493; x_wconf 89' lang='lat' dir='ltr'><strong>imaginibus</strong></span> <span class='ocrx_word' id='word_1_659' title='bbox 3028 2427 3386 2482; x_wconf 84' lang='lat' dir='ltr'><strong>aestimentur.</strong></span> 
     </span>
    </p>
   </div>
   <div class='ocr_carea' id='block_1_90' title="bbox 2662 2515 3469 2587">
    <p class='ocr_par' dir='ltr' id='par_1_90' title="bbox 2662 2515 3469 2587">
     <span class='ocr_line' id='line_1_91' title="bbox 2662 2515 3469 2587; baseline 0.004 -17"><span class='ocrx_word' id='word_1_660' title='bbox 2662 2515 2821 2587; x_wconf 73' lang='lat'><strong>295</strong></span> <span class='ocrx_word' id='word_1_661' title='bbox 2871 2516 3266 2574; x_wconf 84' lang='lat' dir='ltr'><strong>CAPITULUM</strong></span> <span class='ocrx_word' id='word_1_662' title='bbox 3309 2518 3469 2574; x_wconf 83' lang='lat' dir='ltr'><strong>XLII.</strong></span> 
     </span>
    </p>
   </div>
   <div class='ocr_carea' id='block_1_91' title="bbox 2273 2606 3796 2682">
    <p class='ocr_par' dir='ltr' id='par_1_91' title="bbox 2273 2606 3796 2682">
     <span class='ocr_line' id='line_1_92' title="bbox 2273 2606 3796 2682; baseline 0.002 -19"><span class='ocrx_word' id='word_1_663' title='bbox 2273 2607 2292 2645; x_wconf 71' lang='grc' dir='ltr'><strong>ί</strong></span> <span class='ocrx_word' id='word_1_664' title='bbox 2325 2606 2518 2679; x_wconf 79' lang='lat' dir='ltr'><strong>Incipit</strong></span> <span class='ocrx_word' id='word_1_665' title='bbox 2549 2609 2812 2680; x_wconf 69' lang='lat' dir='ltr'><strong>exemplar</strong></span> <span class='ocrx_word' id='word_1_666' title='bbox 2850 2620 3138 2682; x_wconf 77' lang='lat' dir='ltr'><strong>gestorum,</strong></span> <span class='ocrx_word' id='word_1_667' title='bbox 3172 2612 3258 2666; x_wconf 85' lang='lat' dir='ltr'><strong>ubi</strong></span> <span class='ocrx_word' id='word_1_668' title='bbox 3297 2613 3354 2666; x_wconf 89' lang='lat' dir='ltr'><strong>in</strong></span> <span class='ocrx_word' id='word_1_669' title='bbox 3390 2611 3796 2682; x_wconf 78' lang='lat' dir='ltr'><strong>Constantinopoli-</strong></span> 
     </span>
    </p>
   </div>
   <div class='ocr_carea' id='block_1_92' title="bbox 2339 2681 3801 2754">
    <p class='ocr_par' dir='ltr' id='par_1_92' title="bbox 2339 2681 3801 2754">
     <span class='ocr_line' id='line_1_93' title="bbox 2339 2681 3801 2754; baseline 0.002 -19"><span class='ocrx_word' id='word_1_670' title='bbox 2339 2690 2462 2735; x_wconf 86' lang='lat' dir='ltr'><strong>tana</strong></span> <span class='ocrx_word' id='word_1_671' title='bbox 2486 2683 2695 2754; x_wconf 50' lang='lat' dir='ltr'><strong>synodo</strong></span> <span class='ocrx_word' id='word_1_672' title='bbox 2725 2681 2961 2754; x_wconf 9' lang='lat' dir='ltr'><strong>arsancto</strong></span> <span class='ocrx_word' id='word_1_673' title='bbox 3001 2681 3256 2738; x_wconf 84' lang='lat' dir='ltr'><strong>Flaviano</strong></span> <span class='ocrx_word' id='word_1_674' title='bbox 3297 2685 3538 2754; x_wconf 79' lang='lat' dir='ltr'><strong>episcopo</strong></span> <span class='ocrx_word' id='word_1_675' title='bbox 3574 2694 3616 2739; x_wconf 81' lang='lat' dir='ltr'><strong>et</strong></span> <span class='ocrx_word' id='word_1_676' title='bbox 3647 2681 3801 2752; x_wconf 75' lang='lat' dir='ltr'><strong>conlct-</strong></span> 
     </span>
    </p>
   </div>
   <div class='ocr_carea' id='block_1_93' title="bbox 2339 2748 3797 2828">
    <p class='ocr_par' dir='ltr' id='par_1_93' title="bbox 2339 2748 3797 2828">
     <span class='ocr_line' id='line_1_94' title="bbox 2339 2748 3797 2828; baseline 0.001 -22"><span class='ocrx_word' id='word_1_677' title='bbox 2339 2768 2453 2807; x_wconf 84' lang='lat' dir='ltr'><strong>sore</strong></span> <span class='ocrx_word' id='word_1_678' title='bbox 2474 2748 2728 2824; x_wconf 72' lang='lat' dir='ltr'><strong>Eutycltes</strong></span> <span class='ocrx_word' id='word_1_679' title='bbox 2753 2753 3019 2808; x_wconf 79' lang='lat' dir='ltr'><strong>luereticus</strong></span> <span class='ocrx_word' id='word_1_680' title='bbox 3049 2755 3256 2810; x_wconf 76' lang='lat' dir='ltr'><strong>auditus</strong></span> <span class='ocrx_word' id='word_1_681' title='bbox 3281 2748 3440 2828; x_wconf 73' lang='lat' dir='ltr'><strong>atque</strong></span> <span class='ocrx_word' id='word_1_682' title='bbox 3461 2748 3703 2811; x_wconf 76' lang='lat' dir='ltr'><strong>damnatus</strong></span> <span class='ocrx_word' id='word_1_683' title='bbox 3723 2748 3797 2810; x_wconf 75' lang='lat' dir='ltr'><strong>est.</strong></span> 
     </span>
    </p>
   </div>
   <div class='ocr_carea' id='block_1_94' title="bbox 2345 2843 3802 2920">
    <p class='ocr_par' dir='ltr' id='par_1_94' title="bbox 2345 2843 3802 2920">
     <span class='ocr_line' id='line_1_95' title="bbox 2345 2843 3802 2920; baseline 0 -20"><span class='ocrx_word' id='word_1_684' title='bbox 2345 2843 2678 2916; x_wconf 86' lang='lat' dir='ltr'><strong>Congregata</strong></span> <span class='ocrx_word' id='word_1_685' title='bbox 2705 2860 2893 2901; x_wconf 88' lang='lat' dir='ltr'><strong>rursus</strong></span> <span class='ocrx_word' id='word_1_686' title='bbox 2915 2856 3098 2902; x_wconf 86' lang='lat' dir='ltr'><strong>sancta</strong></span> <span class='ocrx_word' id='word_1_687' title='bbox 3128 2856 3182 2903; x_wconf 88' lang='lat' dir='ltr'><strong>et</strong></span> <span class='ocrx_word' id='word_1_688' title='bbox 3207 2862 3404 2918; x_wconf 90' lang='lat' dir='ltr'><strong>magna</strong></span> <span class='ocrx_word' id='word_1_689' title='bbox 3426 2848 3640 2920; x_wconf 83' lang='lat' dir='ltr'><strong>synodo,</strong></span> <span class='ocrx_word' id='word_1_690' title='bbox 3667 2846 3802 2916; x_wconf 55' lang='lat' dir='ltr'><strong>proice</strong></span> 
     </span>
    </p>
   </div>
   <div class='ocr_carea' id='block_1_95' title="bbox 2271 2936 3800 3010">
    <p class='ocr_par' dir='ltr' id='par_1_95' title="bbox 2271 2936 3800 3010">
     <span class='ocr_line' id='line_1_96' title="bbox 2271 2936 3800 3010; baseline -0.003 -16"><span class='ocrx_word' id='word_1_691' title='bbox 2271 2936 2338 2994; x_wconf 84' lang='lat' dir='ltr'><strong>tis</strong></span> <span class='ocrx_word' id='word_1_692' title='bbox 2362 2938 2564 2992; x_wconf 89' lang='lat' dir='ltr'><strong>sanctis</strong></span> <span class='ocrx_word' id='word_1_693' title='bbox 2592 2947 2645 2992; x_wconf 89' lang='lat' dir='ltr'><strong>et</strong></span> <span class='ocrx_word' id='word_1_694' title='bbox 2679 2937 2693 2988; x_wconf 82' lang='lat' dir='ltr'><strong>i</strong></span> <span class='ocrx_word' id='word_1_695' title='bbox 2749 2938 3041 2994; x_wconf 85' lang='lat' dir='ltr'><strong>tremendis</strong></span> <span class='ocrx_word' id='word_1_696' title='bbox 3071 2939 3402 3010; x_wconf 80' lang='lat' dir='ltr'><strong>Erangeliis,</strong></span> <span class='ocrx_word' id='word_1_697' title='bbox 3435 2950 3488 2996; x_wconf 90' lang='lat' dir='ltr'><strong>et</strong></span> <span class='ocrx_word' id='word_1_698' title='bbox 3529 2939 3555 2978; x_wconf 72' lang='grc' dir='ltr'><strong>ιι</strong></span> <span class='ocrx_word' id='word_1_699' title='bbox 3591 2946 3800 3010; x_wconf 67' lang='lat' dir='ltr'><strong>praesente</strong></span> 
     </span>
    </p>
   </div>
   <div class='ocr_carea' id='block_1_96' title="bbox 2271 3031 3800 3102">
    <p class='ocr_par' dir='ltr' id='par_1_96' title="bbox 2271 3031 3800 3102">
     <span class='ocr_line' id='line_1_97' title="bbox 2271 3031 3800 3102; baseline -0.001 -16"><span class='ocrx_word' id='word_1_700' title='bbox 2271 3039 2460 3087; x_wconf 88' lang='lat' dir='ltr'><strong>sancto</strong></span> <span class='ocrx_word' id='word_1_701' title='bbox 2509 3046 2573 3087; x_wconf 89' lang='lat' dir='ltr'><strong>ac</strong></span> <span class='ocrx_word' id='word_1_702' title='bbox 2602 3031 2894 3088; x_wconf 76' lang='lat' dir='ltr'><strong>venerabili</strong></span> <span class='ocrx_word' id='word_1_703' title='bbox 2938 3031 3352 3102; x_wconf 87' lang='lat' dir='ltr'><strong>archiepiscopo</strong></span> <span class='ocrx_word' id='word_1_704' title='bbox 3398 3041 3574 3094; x_wconf 89' lang='lat' dir='ltr'><strong>nostro</strong></span> <span class='ocrx_word' id='word_1_705' title='bbox 3600 3031 3800 3088; x_wconf 76' lang='lat' dir='ltr'><strong>Flaviano</strong></span> 
     </span>
    </p>
   </div>
   <div class='ocr_carea' id='block_1_97' title="bbox 2274 3124 3803 3198">
    <p class='ocr_par' dir='ltr' id='par_1_97' title="bbox 2274 3124 3803 3198">
     <span class='ocr_line' id='line_1_98' title="bbox 2274 3124 3803 3198; baseline -0.002 -18"><span class='ocrx_word' id='word_1_706' title='bbox 2274 3124 2330 3180; x_wconf 84' lang='lat' dir='ltr'><strong>in</strong></span> <span class='ocrx_word' id='word_1_707' title='bbox 2359 3128 2648 3181; x_wconf 88' lang='lat' dir='ltr'><strong>secretario</strong></span> <span class='ocrx_word' id='word_1_708' title='bbox 2671 3125 2966 3196; x_wconf 72' lang='lat' dir='ltr'><strong>episcopii,</strong></span> <span class='ocrx_word' id='word_1_709' title='bbox 3001 3136 3203 3183; x_wconf 89' lang='lat' dir='ltr'><strong>statuto</strong></span> <span class='ocrx_word' id='word_1_710' title='bbox 3233 3135 3498 3198; x_wconf 84' lang='lat' dir='ltr'><strong>tempore,</strong></span> <span class='ocrx_word' id='word_1_711' title='bbox 3525 3125 3726 3184; x_wconf 82' lang='lat' dir='ltr'><strong>secunda</strong></span> <span class='ocrx_word' id='word_1_712' title='bbox 3747 3124 3803 3178; x_wconf 90' lang='lat' dir='ltr'><strong>le-</strong></span> 
     </span>
    </p>
   </div>
   <div class='ocr_carea' id='block_1_98' title="bbox 2273 3215 3803 3290">
    <p class='ocr_par' dir='ltr' id='par_1_98' title="bbox 2273 3215 3803 3290">
     <span class='ocr_line' id='line_1_99' title="bbox 2273 3215 3803 3290; baseline -0.005 -17"><span class='ocrx_word' id='word_1_713' title='bbox 2273 3216 2376 3284; x_wconf 87' lang='lat' dir='ltr'><strong>ria,</strong></span> <span class='ocrx_word' id='word_1_714' title='bbox 2413 3232 2533 3288; x_wconf 65' lang='lat' dir='ltr'><strong>quae</strong></span> <span class='ocrx_word' id='word_1_715' title='bbox 2579 3226 2661 3276; x_wconf 89' lang='lat' dir='ltr'><strong>est</strong></span> <span class='ocrx_word' id='word_1_716' title='bbox 2694 3215 2713 3256; x_wconf 80' lang='grc' dir='ltr'>ι</span> <span class='ocrx_word' id='word_1_717' title='bbox 2754 3235 2785 3274; x_wconf 84' lang='lat' dir='ltr'><strong>x</strong></span> <span class='ocrx_word' id='word_1_718' title='bbox 2817 3219 2924 3276; x_wconf 82' lang='lat' dir='ltr'><strong>kal.</strong></span> <span class='ocrx_word' id='word_1_719' title='bbox 2966 3219 3247 3286; x_wconf 87' lang='lat' dir='ltr'><strong>Deceinb.,</strong></span> <span class='ocrx_word' id='word_1_720' title='bbox 3280 3221 3528 3278; x_wconf 86' lang='lat' dir='ltr'><strong>Asterius</strong></span> <span class='ocrx_word' id='word_1_721' title='bbox 3581 3216 3803 3290; x_wconf 80' lang='lat' dir='ltr'><strong>presbyter</strong></span> 
     </span>
    </p>
   </div>
   <div class='ocr_carea' id='block_1_99' title="bbox 2276 3308 3804 3381">
    <p class='ocr_par' dir='ltr' id='par_1_99' title="bbox 2276 3308 3804 3381">
     <span class='ocr_line' id='line_1_100' title="bbox 2276 3308 3804 3381; baseline -0.003 -15"><span class='ocrx_word' id='word_1_722' title='bbox 2276 3318 2316 3349; x_wconf 77' lang='grc' dir='ltr'>ω</span> <span class='ocrx_word' id='word_1_723' title='bbox 2355 3318 2410 3366; x_wconf 87' lang='lat' dir='ltr'><strong>et</strong></span> <span class='ocrx_word' id='word_1_724' title='bbox 2437 3311 2771 3381; x_wconf 87' lang='lat' dir='ltr'><strong>primicerius</strong></span> <span class='ocrx_word' id='word_1_725' title='bbox 2801 3308 2932 3368; x_wconf 70' lang='lat' dir='ltr'><strong>dixit</strong></span> <span class='ocrx_word' id='word_1_726' title='bbox 2955 3330 2968 3366; x_wconf 89' lang='lat'>:</span> <span class='ocrx_word' id='word_1_727' title='bbox 2994 3313 3226 3370; x_wconf 86' lang='lat' dir='ltr'><strong>Advenit</strong></span> <span class='ocrx_word' id='word_1_728' title='bbox 3250 3323 3491 3372; x_wconf 83' lang='lat' dir='ltr'><strong>statutus</strong></span> <span class='ocrx_word' id='word_1_729' title='bbox 3527 3313 3649 3378; x_wconf 86' lang='lat' dir='ltr'><strong>dies,</strong></span> <span class='ocrx_word' id='word_1_730' title='bbox 3669 3320 3713 3366; x_wconf 90' lang='lat' dir='ltr'><strong>et</strong></span> <span class='ocrx_word' id='word_1_731' title='bbox 3737 3321 3804 3362; x_wconf 79' lang='lat' dir='ltr'><strong>re-</strong></span> 
     </span>
    </p>
   </div>
   <div class='ocr_carea' id='block_1_100' title="bbox 2280 3396 3804 3477">
    <p class='ocr_par' dir='ltr' id='par_1_100' title="bbox 2280 3396 3804 3477">
     <span class='ocr_line' id='line_1_101' title="bbox 2280 3396 3804 3477; baseline -0.002 -17"><span class='ocrx_word' id='word_1_732' title='bbox 2280 3402 2535 3460; x_wconf 89' lang='lat' dir='ltr'><strong>uerabilis</strong></span> <span class='ocrx_word' id='word_1_733' title='bbox 2575 3402 2838 3462; x_wconf 86' lang='lat' dir='ltr'><strong>Eusebius</strong></span> <span class='ocrx_word' id='word_1_734' title='bbox 2879 3406 3162 3477; x_wconf 89' lang='lat' dir='ltr'><strong>episcopus</strong></span> <span class='ocrx_word' id='word_1_735' title='bbox 3191 3421 3288 3476; x_wconf 89' lang='lat' dir='ltr'><strong>pro</strong></span> <span class='ocrx_word' id='word_1_736' title='bbox 3323 3404 3530 3464; x_wconf 80' lang='lat' dir='ltr'><strong>foribus</strong></span> <span class='ocrx_word' id='word_1_737' title='bbox 3551 3413 3682 3462; x_wconf 84' lang='lat' dir='ltr'><strong>stans</strong></span> <span class='ocrx_word' id='word_1_738' title='bbox 3707 3396 3804 3470; x_wconf 70' lang='lat' dir='ltr'><strong>petit</strong></span> 
     </span>
    </p>
   </div>
   <div class='ocr_carea' id='block_1_101' title="bbox 2275 3573 3807 3658">
    <p class='ocr_par' dir='ltr' id='par_1_101' title="bbox 2275 3573 3807 3658">
     <span class='ocr_line' id='line_1_102' title="bbox 2275 3573 3807 3658; baseline -0.003 -19"><span class='ocrx_word' id='word_1_739' title='bbox 2275 3573 2330 3640; x_wconf 74' lang='lat' dir='ltr'><strong>et</strong></span> <span class='ocrx_word' id='word_1_740' title='bbox 2354 3586 2421 3642; x_wconf 93' lang='lat' dir='ltr'><strong>ad</strong></span> <span class='ocrx_word' id='word_1_741' title='bbox 2454 3584 2698 3643; x_wconf 68' lang='lat' dir='ltr'><strong>Griecum</strong></span> <span class='ocrx_word' id='word_1_742' title='bbox 2731 3592 2933 3644; x_wconf 72' lang='lat' dir='ltr'><strong>teritum</strong></span> <span class='ocrx_word' id='word_1_743' title='bbox 2965 3581 3161 3645; x_wconf 82' lang='lat' dir='ltr'><strong>alicubi</strong></span> <span class='ocrx_word' id='word_1_744' title='bbox 3187 3599 3404 3655; x_wconf 78' lang='lat' dir='ltr'><strong>exacta,</strong></span> <span class='ocrx_word' id='word_1_745' title='bbox 3456 3589 3641 3648; x_wconf 84' lang='lat' dir='ltr'><strong>inserta</strong></span> <span class='ocrx_word' id='word_1_746' title='bbox 3667 3582 3807 3658; x_wconf 69' lang='lat' dir='ltr'><strong>legitur</strong></span> 
     </span>
    </p>
   </div>
   <div class='ocr_carea' id='block_1_102' title="bbox 2280 3650 3809 3731">
    <p class='ocr_par' dir='ltr' id='par_1_102' title="bbox 2280 3650 3809 3731">
     <span class='ocr_line' id='line_1_103' title="bbox 2280 3650 3809 3731; baseline -0.004 -21"><span class='ocrx_word' id='word_1_747' title='bbox 2280 3666 2387 3731; x_wconf 71' lang='lat' dir='ltr'><strong>act.</strong></span> <span class='ocrx_word' id='word_1_748' title='bbox 2445 3659 2502 3712; x_wconf 86' lang='lat' dir='ltr'><strong>ll</strong></span> <span class='ocrx_word' id='word_1_749' title='bbox 2539 3658 2778 3731; x_wconf 76' lang='lat' dir='ltr'><strong>ejusdem</strong></span> <span class='ocrx_word' id='word_1_750' title='bbox 2811 3658 3044 3713; x_wconf 87' lang='lat' dir='ltr'><strong>concilii.</strong></span> <span class='ocrx_word' id='word_1_751' title='bbox 3093 3659 3188 3714; x_wconf 83' lang='lat' dir='ltr'><strong>Est</strong></span> <span class='ocrx_word' id='word_1_752' title='bbox 3216 3650 3401 3716; x_wconf 83' lang='lat' dir='ltr'><strong>autem</strong></span> <span class='ocrx_word' id='word_1_753' title='bbox 3451 3658 3587 3731; x_wconf 76' lang='lat' dir='ltr'><strong>actio</strong></span> <span class='ocrx_word' id='word_1_754' title='bbox 3612 3658 3639 3711; x_wconf 89' lang='lat' dir='ltr'><strong>&#39;l</strong></span> <span class='ocrx_word' id='word_1_755' title='bbox 3663 3650 3809 3731; x_wconf 77' lang='lat' dir='ltr'><strong>synodi</strong></span> 
     </span>
    </p>
   </div>
   <div class='ocr_carea' id='block_1_103' title="bbox 2281 3727 3809 3816">
    <p class='ocr_par' dir='ltr' id='par_1_103' title="bbox 2281 3727 3809 3816">
     <span class='ocr_line' id='line_1_104' title="bbox 2281 3727 3809 3816; baseline -0.003 -34"><span class='ocrx_word' id='word_1_756' title='bbox 2281 3727 3172 3816; x_wconf 41' lang='lat' dir='ltr'><strong>Constantinopolitanae.adversus</strong></span> <span class='ocrx_word' id='word_1_757' title='bbox 3200 3731 3504 3816; x_wconf 61' lang='lat' dir='ltr'><strong>Eutychen.</strong></span> <span class='ocrx_word' id='word_1_758' title='bbox 3535 3727 3809 3816; x_wconf 29' lang='lat' dir='ltr'><strong>Otnnia‘quoi:</strong></span> 
     </span>
    </p>
   </div>
   <div class='ocr_carea' id='block_1_104' title="bbox 2281 3797 3810 3874">
    <p class='ocr_par' dir='ltr' id='par_1_104' title="bbox 2281 3797 3810 3874">
     <span class='ocr_line' id='line_1_105' title="bbox 2281 3797 3810 3874; baseline -0.006 -20"><span class='ocrx_word' id='word_1_759' title='bbox 2281 3799 2402 3855; x_wconf 90' lang='lat' dir='ltr'><strong>dem</strong></span> <span class='ocrx_word' id='word_1_760' title='bbox 2434 3797 2617 3874; x_wconf 80' lang='lat' dir='ltr'><strong>Graeca</strong></span> <span class='ocrx_word' id='word_1_761' title='bbox 2639 3797 2801 3872; x_wconf 60' lang='lat' dir='ltr'><strong>&#39;gesta</strong></span> <span class='ocrx_word' id='word_1_762' title='bbox 2851 3801 3090 3874; x_wconf 84' lang='lat' dir='ltr'><strong>ejusdem</strong></span> <span class='ocrx_word' id='word_1_763' title='bbox 3125 3797 3326 3874; x_wconf 82' lang='lat' dir='ltr'><strong>synodi</strong></span> <span class='ocrx_word' id='word_1_764' title='bbox 3346 3803 3415 3858; x_wconf 89' lang='lat' dir='ltr'><strong>ad</strong></span> <span class='ocrx_word' id='word_1_765' title='bbox 3445 3802 3658 3874; x_wconf 83' lang='lat' dir='ltr'><strong>Leonem</strong></span> <span class='ocrx_word' id='word_1_766' title='bbox 3690 3797 3810 3849; x_wconf 83' lang='lat' dir='ltr'><strong>missa</strong></span> 
     </span>
    </p>
   </div>
   <div class='ocr_carea' id='block_1_105' title="bbox 2283 3871 3811 3950">
    <p class='ocr_par' dir='ltr' id='par_1_105' title="bbox 2283 3871 3811 3950">
     <span class='ocr_line' id='line_1_106' title="bbox 2283 3871 3811 3950; baseline -0.005 -23"><span class='ocrx_word' id='word_1_767' title='bbox 2283 3875 2448 3950; x_wconf 77' lang='lat' dir='ltr'><strong>luere.</strong></span> <span class='ocrx_word' id='word_1_768' title='bbox 2481 3873 2587 3950; x_wconf 74' lang='lat' dir='ltr'><strong>Sed</strong></span> <span class='ocrx_word' id='word_1_769' title='bbox 2617 3871 2739 3928; x_wconf 87' lang='lat' dir='ltr'><strong>cum</strong></span> <span class='ocrx_word' id='word_1_770' title='bbox 2772 3873 2822 3926; x_wconf 91' lang='lat' dir='ltr'><strong>in</strong></span> <span class='ocrx_word' id='word_1_771' title='bbox 2857 3873 2956 3950; x_wconf 79' lang='lat' dir='ltr'><strong>hac</strong></span> <span class='ocrx_word' id='word_1_772' title='bbox 2980 3871 3204 3950; x_wconf 71' lang='lat' dir='ltr'><strong>septima</strong></span> <span class='ocrx_word' id='word_1_773' title='bbox 3217 3881 3288 3950; x_wconf 78' lang='lat' dir='ltr'><strong>_et</strong></span> <span class='ocrx_word' id='word_1_774' title='bbox 3329 3875 3518 3929; x_wconf 82' lang='lat' dir='ltr'><strong>ultima</strong></span> <span class='ocrx_word' id='word_1_775' title='bbox 3555 3871 3811 3950; x_wconf 67' lang='lat' dir='ltr'><strong>natiuitate-</strong></span> 
     </span>
    </p>
   </div>
   <div class='ocr_carea' id='block_1_106' title="bbox 2284 3944 3810 4013">
    <p class='ocr_par' dir='ltr' id='par_1_106' title="bbox 2284 3944 3810 4013">
     <span class='ocr_line' id='line_1_107' title="bbox 2284 3944 3810 4013; baseline 0.001 -19"><span class='ocrx_word' id='word_1_776' title='bbox 2284 3944 2388 3997; x_wconf 88' lang='lat' dir='ltr'><strong>tins</strong></span> <span class='ocrx_word' id='word_1_777' title='bbox 2419 3946 2494 3998; x_wconf 86' lang='lat' dir='ltr'><strong>rei</strong></span> <span class='ocrx_word' id='word_1_778' title='bbox 2539 3959 2746 4008; x_wconf 85' lang='lat' dir='ltr'><strong>summa</strong></span> <span class='ocrx_word' id='word_1_779' title='bbox 2774 3985 2788 4009; x_wconf 94' lang='lat'><strong>,</strong></span> <span class='ocrx_word' id='word_1_780' title='bbox 2831 3953 2885 4000; x_wconf 88' lang='lat' dir='ltr'><strong>et</strong></span> <span class='ocrx_word' id='word_1_781' title='bbox 2929 3944 3185 4013; x_wconf 86' lang='lat' dir='ltr'><strong>judicium</strong></span> <span class='ocrx_word' id='word_1_782' title='bbox 3217 3944 3442 3999; x_wconf 79' lang='lat' dir='ltr'><strong>Patrum</strong></span> <span class='ocrx_word' id='word_1_783' title='bbox 3487 3944 3810 4013; x_wconf 77' lang='lat' dir='ltr'><strong>contineretur.</strong></span> 
     </span>
    </p>
   </div>
   <div class='ocr_carea' id='block_1_107' title="bbox 2286 4009 3813 4081">
    <p class='ocr_par' dir='ltr' id='par_1_107' title="bbox 2286 4009 3813 4081">
     <span class='ocr_line' id='line_1_108' title="bbox 2286 4009 3813 4081; baseline -0.003 -16"><span class='ocrx_word' id='word_1_784' title='bbox 2286 4014 2402 4069; x_wconf 66' lang='lat' dir='ltr'><strong>hate</strong></span> <span class='ocrx_word' id='word_1_785' title='bbox 2451 4015 2561 4069; x_wconf 88' lang='lat' dir='ltr'><strong>sola</strong></span> <span class='ocrx_word' id='word_1_786' title='bbox 2594 4015 2773 4070; x_wconf 80' lang='lat' dir='ltr'><strong>statim</strong></span> <span class='ocrx_word' id='word_1_787' title='bbox 2804 4009 2992 4070; x_wconf 77' lang='lat' dir='ltr'><strong>Latine</strong></span> <span class='ocrx_word' id='word_1_788' title='bbox 3034 4016 3238 4068; x_wconf 80' lang='lat' dir='ltr'><strong>reddita</strong></span> <span class='ocrx_word' id='word_1_789' title='bbox 3286 4027 3397 4080; x_wconf 86' lang='lat' dir='ltr'><strong>est,</strong></span> <span class='ocrx_word' id='word_1_790' title='bbox 3429 4031 3489 4068; x_wconf 89' lang='lat' dir='ltr'><strong>ac</strong></span> <span class='ocrx_word' id='word_1_791' title='bbox 3519 4009 3711 4081; x_wconf 79' lang='lat' dir='ltr'><strong>proinde</strong></span> <span class='ocrx_word' id='word_1_792' title='bbox 3733 4009 3813 4081; x_wconf 65' lang='lat' dir='ltr'><strong>lucc</strong></span> 
     </span>
    </p>
   </div>
   <div class='ocr_carea' id='block_1_108' title="bbox 2285 4076 3814 4157">
    <p class='ocr_par' dir='ltr' id='par_1_108' title="bbox 2285 4076 3814 4157">
     <span class='ocr_line' id='line_1_109' title="bbox 2285 4076 3814 4157; baseline -0.006 -19"><span class='ocrx_word' id='word_1_793' title='bbox 2285 4086 2398 4139; x_wconf 90' lang='lat' dir='ltr'><strong>sola</strong></span> <span class='ocrx_word' id='word_1_794' title='bbox 2443 4087 2492 4140; x_wconf 91' lang='lat' dir='ltr'><strong>in</strong></span> <span class='ocrx_word' id='word_1_795' title='bbox 2524 4089 2724 4157; x_wconf 85' lang='lat' dir='ltr'><strong>aliquot</strong></span> <span class='ocrx_word' id='word_1_796' title='bbox 2757 4087 2971 4142; x_wconf 85' lang='lat' dir='ltr'><strong>Latinas</strong></span> <span class='ocrx_word' id='word_1_797' title='bbox 3012 4076 3663 4157; x_wconf 47' lang='lat' dir='ltr'><strong>collectionestransivit,</strong></span> <span class='ocrx_word' id='word_1_798' title='bbox 3686 4076 3814 4157; x_wconf 50' lang='lat' dir='ltr'><strong>etde.</strong></span> 
     </span>
    </p>
   </div>
   <div class='ocr_carea' id='block_1_109' title="bbox 2289 4152 3812 4226">
    <p class='ocr_par' dir='ltr' id='par_1_109' title="bbox 2289 4152 3812 4226">
     <span class='ocr_line' id='line_1_110' title="bbox 2289 4152 3812 4226; baseline -0.001 -16"><span class='ocrx_word' id='word_1_799' title='bbox 2289 4157 2485 4226; x_wconf 88' lang='lat' dir='ltr'><strong>scripta</strong></span> <span class='ocrx_word' id='word_1_800' title='bbox 2531 4152 2631 4212; x_wconf 75' lang='lat' dir='ltr'><strong>fuit</strong></span> <span class='ocrx_word' id='word_1_801' title='bbox 2660 4159 2774 4214; x_wconf 79' lang='lat' dir='ltr'><strong>sive</strong></span> <span class='ocrx_word' id='word_1_802' title='bbox 2803 4160 2982 4212; x_wconf 88' lang='lat' dir='ltr'><strong>statim</strong></span> <span class='ocrx_word' id='word_1_803' title='bbox 3028 4166 3147 4220; x_wconf 83' lang='lat' dir='ltr'><strong>post</strong></span> <span class='ocrx_word' id='word_1_804' title='bbox 3174 4158 3435 4226; x_wconf 84' lang='lat' dir='ltr'><strong>epistolas</strong></span> <span class='ocrx_word' id='word_1_805' title='bbox 3465 4156 3623 4226; x_wconf 84' lang='lat' dir='ltr'><strong>ipsius</strong></span> <span class='ocrx_word' id='word_1_806' title='bbox 3646 4152 3812 4209; x_wconf 72' lang='lat' dir='ltr'><strong>Leonis.</strong></span> 
     </span>
    </p>
   </div>
   <div class='ocr_carea' id='block_1_110' title="bbox 2287 4225 3816 4301">
    <p class='ocr_par' dir='ltr' id='par_1_110' title="bbox 2287 4225 3816 4301">
     <span class='ocr_line' id='line_1_111' title="bbox 2287 4225 3816 4301; baseline -0.001 -22"><span class='ocrx_word' id='word_1_807' title='bbox 2287 4225 2425 4301; x_wconf 75' lang='lat' dir='ltr'><strong>utin</strong></span> <span class='ocrx_word' id='word_1_808' title='bbox 2457 4229 2773 4285; x_wconf 65' lang='lat' dir='ltr'><strong>collectione</strong></span> <span class='ocrx_word' id='word_1_809' title='bbox 2792 4228 2916 4284; x_wconf 87' lang='lat' dir='ltr'><strong>Vat.</strong></span> <span class='ocrx_word' id='word_1_810' title='bbox 2953 4229 3109 4294; x_wconf 71' lang='grc'><strong>1542,</strong></span> <span class='ocrx_word' id='word_1_811' title='bbox 3143 4230 3254 4301; x_wconf 74' lang='lat' dir='ltr'><strong>sive</strong></span> <span class='ocrx_word' id='word_1_812' title='bbox 3300 4230 3447 4284; x_wconf 89' lang='lat' dir='ltr'><strong>inter</strong></span> <span class='ocrx_word' id='word_1_813' title='bbox 3477 4225 3697 4301; x_wconf 66' lang='lat' dir='ltr'><strong>ejusdem</strong></span> <span class='ocrx_word' id='word_1_814' title='bbox 3708 4233 3816 4301; x_wconf 59' lang='lat' dir='ltr'><strong>p001</strong></span> 
     </span>
    </p>
   </div>
   <div class='ocr_carea' id='block_1_111' title="bbox 2291 4293 3815 4368">
    <p class='ocr_par' dir='ltr' id='par_1_111' title="bbox 2291 4293 3815 4368">
     <span class='ocr_line' id='line_1_112' title="bbox 2291 4293 3815 4368; baseline -0.007 -17"><span class='ocrx_word' id='word_1_815' title='bbox 2291 4299 2446 4356; x_wconf 86' lang='lat' dir='ltr'><strong>tilicis</strong></span> <span class='ocrx_word' id='word_1_816' title='bbox 2471 4303 2748 4368; x_wconf 78' lang='lat' dir='ltr'><strong>epistolas,</strong></span> <span class='ocrx_word' id='word_1_817' title='bbox 2792 4312 2850 4354; x_wconf 88' lang='lat' dir='ltr'><strong>ut</strong></span> <span class='ocrx_word' id='word_1_818' title='bbox 2881 4302 2932 4354; x_wconf 91' lang='lat' dir='ltr'><strong>in</strong></span> <span class='ocrx_word' id='word_1_819' title='bbox 2977 4300 3292 4355; x_wconf 63' lang='lat' dir='ltr'><strong>collectione</strong></span> <span class='ocrx_word' id='word_1_820' title='bbox 3319 4293 3640 4368; x_wconf 79' lang='lat' dir='ltr'><strong>additionnm</strong></span> <span class='ocrx_word' id='word_1_821' title='bbox 3668 4293 3815 4358; x_wconf 80' lang='lat' dir='ltr'><strong>Diony-</strong></span> 
     </span>
    </p>
   </div>
   <div class='ocr_carea' id='block_1_112' title="bbox 2291 4367 3816 4446">
    <p class='ocr_par' dir='ltr' id='par_1_112' title="bbox 2291 4367 3816 4446">
     <span class='ocr_line' id='line_1_113' title="bbox 2291 4367 3816 4446; baseline -0.007 -23"><span class='ocrx_word' id='word_1_822' title='bbox 2291 4371 2376 4425; x_wconf 89' lang='lat' dir='ltr'><strong>sii.</strong></span> <span class='ocrx_word' id='word_1_823' title='bbox 2411 4367 2647 4446; x_wconf 84' lang='lat' dir='ltr'><strong>Titulum</strong></span> <span class='ocrx_word' id='word_1_824' title='bbox 2685 4372 3035 4446; x_wconf 77' lang='lat' dir='ltr'><strong>exhibuimus</strong></span> <span class='ocrx_word' id='word_1_825' title='bbox 3059 4413 3072 4435; x_wconf 93' lang='lat'><strong>,</strong></span> <span class='ocrx_word' id='word_1_826' title='bbox 3127 4373 3200 4424; x_wconf 91' lang='lat' dir='ltr'><strong>uti</strong></span> <span class='ocrx_word' id='word_1_827' title='bbox 3233 4370 3284 4424; x_wconf 91' lang='lat' dir='ltr'><strong>in</strong></span> <span class='ocrx_word' id='word_1_828' title='bbox 3332 4388 3466 4425; x_wconf 86' lang='lat' dir='ltr'><strong>mss.</strong></span> <span class='ocrx_word' id='word_1_829' title='bbox 3501 4367 3642 4446; x_wconf 81' lang='lat' dir='ltr'><strong>hujus</strong></span> <span class='ocrx_word' id='word_1_830' title='bbox 3669 4370 3816 4446; x_wconf 62' lang='lat' dir='ltr'><strong>hostes</strong></span> 
     </span>
    </p>
   </div>
   <div class='ocr_carea' id='block_1_113' title="bbox 2289 4440 3816 4514">
    <p class='ocr_par' dir='ltr' id='par_1_113' title="bbox 2289 4440 3816 4514">
     <span class='ocr_line' id='line_1_114' title="bbox 2289 4440 3816 4514; baseline -0.007 -20"><span class='ocrx_word' id='word_1_831' title='bbox 2289 4451 2342 4495; x_wconf 92' lang='lat' dir='ltr'><strong>et</strong></span> <span class='ocrx_word' id='word_1_832' title='bbox 2373 4444 2790 4514; x_wconf 59' lang='lat' dir='ltr'><strong>praecedentium</strong></span> <span class='ocrx_word' id='word_1_833' title='bbox 2847 4442 3073 4496; x_wconf 88' lang='lat' dir='ltr'><strong>duarum</strong></span> <span class='ocrx_word' id='word_1_834' title='bbox 3124 4452 3458 4497; x_wconf 71' lang='lat' dir='ltr'><strong>vetustarum</strong></span> <span class='ocrx_word' id='word_1_835' title='bbox 3499 4440 3816 4514; x_wconf 64' lang='lat' dir='ltr'><strong>collectionum</strong></span> 
     </span>
    </p>
   </div>
   <div class='ocr_carea' id='block_1_114' title="bbox 2289 4511 3816 4581">
    <p class='ocr_par' dir='ltr' id='par_1_114' title="bbox 2289 4511 3816 4581">
     <span class='ocr_line' id='line_1_115' title="bbox 2289 4511 3816 4581; baseline -0.004 -15"><span class='ocrx_word' id='word_1_836' title='bbox 2289 4513 2589 4581; x_wconf 68' lang='lat' dir='ltr'><strong>prmfcrtur.</strong></span> <span class='ocrx_word' id='word_1_837' title='bbox 2635 4515 2955 4580; x_wconf 83' lang='lat' dir='ltr'><strong>Quesnellus</strong></span> <span class='ocrx_word' id='word_1_838' title='bbox 2985 4528 3111 4570; x_wconf 86' lang='lat' dir='ltr'><strong>vero</strong></span> <span class='ocrx_word' id='word_1_839' title='bbox 3155 4515 3234 4568; x_wconf 89' lang='lat' dir='ltr'><strong>sic</strong></span> <span class='ocrx_word' id='word_1_840' title='bbox 3277 4531 3288 4568; x_wconf 92' lang='lat'><strong>:</strong></span> <span class='ocrx_word' id='word_1_841' title='bbox 3335 4514 3491 4570; x_wconf 76' lang='lat' dir='ltr'><strong>Gesta</strong></span> <span class='ocrx_word' id='word_1_842' title='bbox 3540 4511 3816 4581; x_wconf 36' lang='lat' dir='ltr'><strong>damnationi</strong></span> 
     </span>
    </p>
   </div>
   <div class='ocr_carea' id='block_1_115' title="bbox 2287 4569 3814 4657">
    <p class='ocr_par' dir='ltr' id='par_1_115' title="bbox 2287 4569 3814 4657">
     <span class='ocr_line' id='line_1_116' title="bbox 2287 4569 3814 4657; baseline -0.001 -21"><span class='ocrx_word' id='word_1_843' title='bbox 2287 4569 2584 4657; x_wconf 61' lang='lat' dir='ltr'><strong>Eutychetis</strong></span> <span class='ocrx_word' id='word_1_844' title='bbox 2612 4569 2675 4640; x_wconf 57' lang='lat' dir='ltr'><strong>iri</strong></span> <span class='ocrx_word' id='word_1_845' title='bbox 2695 4569 2889 4657; x_wconf 63' lang='lat' dir='ltr'><strong>synodo</strong></span> <span class='ocrx_word' id='word_1_846' title='bbox 2918 4569 3504 4657; x_wconf 81' lang='lat' dir='ltr'><strong>Constantinopolitano,</strong></span> <span class='ocrx_word' id='word_1_847' title='bbox 3539 4569 3814 4657; x_wconf 54' lang='lat' dir='ltr'><strong>p_f:tl?$€l_llf~.§-</strong></span> 
     </span>
    </p>
   </div>
   <div class='ocr_carea' id='block_1_116' title="bbox 2289 4641 3814 4729">
    <p class='ocr_par' dir='ltr' id='par_1_116' title="bbox 2289 4641 3814 4729">
     <span class='ocr_line' id='line_1_117' title="bbox 2289 4641 3814 4729; baseline -0.01 -20"><span class='ocrx_word' id='word_1_848' title='bbox 2289 4641 2542 4729; x_wconf 53' lang='lat' dir='ltr'><strong>{Habinna</strong></span> <span class='ocrx_word' id='word_1_849' title='bbox 2564 4641 2851 4722; x_wconf 48' lang='lat' dir='ltr'><strong>cattfesusore</strong></span> <span class='ocrx_word' id='word_1_850' title='bbox 2880 4656 3108 4729; x_wconf 67' lang='lat' dir='ltr'><strong>ejusdem</strong></span> <span class='ocrx_word' id='word_1_851' title='bbox 3130 4641 3814 4729; x_wconf 10' lang='lat' dir='ltr'><strong>urbis,episcop&#39;OIVataSSSSt</strong></span> 
     </span>
    </p>
   </div>
   <div class='ocr_carea' id='block_1_117' title="bbox 2288 4722 3819 4851">
    <p class='ocr_par' dir='ltr' id='par_1_117' title="bbox 2288 4722 3819 4851">
     <span class='ocr_line' id='line_1_118' title="bbox 2288 4722 3819 4851; baseline -0.004 -72"><span class='ocrx_word' id='word_1_852' title='bbox 2288 4725 2481 4851; x_wconf 52' lang='lat' dir='ltr'><strong>grcipiit</strong></span> <span class='ocrx_word' id='word_1_853' title='bbox 2522 4729 2752 4798; x_wconf 78' lang='lat' dir='ltr'><strong>definitio</strong></span> <span class='ocrx_word' id='word_1_854' title='bbox 2789 4722 2976 4799; x_wconf 75' lang='lat' dir='ltr'><strong>synodi</strong></span> <span class='ocrx_word' id='word_1_855' title='bbox 3015 4722 3592 4799; x_wconf 77' lang='lat' dir='ltr'><strong>Constantinopolitante</strong></span> <span class='ocrx_word' id='word_1_856' title='bbox 3627 4722 3819 4774; x_wconf 67' lang='lat' dir='ltr'><strong>adamat</strong></span> 
     </span>
     <span class='ocr_line' id='line_1_119' title="bbox 2339 4809 3816 4851; baseline -0.006 0"><span class='ocrx_word' id='word_1_857' title='bbox 2339 4809 2456 4851; x_wconf 82' lang='lat' dir='ltr'><strong>utuc</strong></span> <span class='ocrx_word' id='word_1_858' title='bbox 2477 4816 2575 4851; x_wconf 76' lang='grc' dir='ltr'><strong>ιεη.</strong></span> <span class='ocrx_word' id='word_1_859' title='bbox 3814 4837 3816 4842; x_wconf 92' lang='grc'>.</span> 
     </span>
    </p>
   </div>
   <div class='ocr_carea' id='block_1_118' title="bbox 2339 4799 3816 4854">
    <p class='ocr_par' dir='ltr' id='par_1_118' title="bbox 2339 4799 3816 4854">
     <span class='ocr_line' id='line_1_120' title="bbox 2339 4799 3816 4854; baseline -0.007 -2"><span class='ocrx_word' id='word_1_860' title='bbox 2339 4799 2575 4854; x_wconf 72' lang='lat' dir='ltr'><strong>uiue/ten.</strong></span> <span class='ocrx_word' id='word_1_861' title='bbox 3814 4837 3816 4842; x_wconf 91' lang='lat'><strong>.</strong></span> 
     </span>
    </p>
   </div>
   <div class='ocr_carea' id='block_1_119' title="bbox 2366 4817 3812 4929">
    <p class='ocr_par' dir='ltr' id='par_1_119' title="bbox 2366 4817 3812 4929">
     <span class='ocr_line' id='line_1_121' title="bbox 2366 4817 3812 4929; baseline -0.003 -5"><span class='ocrx_word' id='word_1_862' title='bbox 2366 4817 2706 4927; x_wconf 39' lang='lat' dir='ltr'><strong>iiiialegmnes</strong></span> <span class='ocrx_word' id='word_1_863' title='bbox 2733 4872 2903 4928; x_wconf 67' lang='lat' dir='ltr'><strong>no:tri</strong></span> <span class='ocrx_word' id='word_1_864' title='bbox 2931 4870 3089 4928; x_wconf 90' lang='lat' dir='ltr'><strong>codd.</strong></span> <span class='ocrx_word' id='word_1_865' title='bbox 3119 4880 3174 4927; x_wconf 91' lang='lat' dir='ltr'><strong>et</strong></span> <span class='ocrx_word' id='word_1_866' title='bbox 3200 4869 3426 4927; x_wconf 82' lang='lat' dir='ltr'><strong>Baluzii.</strong></span> <span class='ocrx_word' id='word_1_867' title='bbox 3462 4868 3614 4927; x_wconf 88' lang='lat' dir='ltr'><strong>Solus</strong></span> <span class='ocrx_word' id='word_1_868' title='bbox 3637 4863 3812 4929; x_wconf 57' lang='lat' dir='ltr'><strong>Quesn-t</strong></span> 
     </span>
    </p>
   </div>
   <div class='ocr_carea' id='block_1_120' title="bbox 2289 4942 2671 4997">
    <p class='ocr_par' dir='ltr' id='par_1_120' title="bbox 2289 4942 2671 4997">
     <span class='ocr_line' id='line_1_122' title="bbox 2289 4942 2671 4997; baseline -0.003 0"><span class='ocrx_word' id='word_1_869' title='bbox 2289 4951 2336 4997; x_wconf 88' lang='lat' dir='ltr'><strong>et</strong></span> <span class='ocrx_word' id='word_1_870' title='bbox 2364 4942 2671 4996; x_wconf 81' lang='lat' dir='ltr'><strong>reverendis.</strong></span> 
     </span>
    </p>
   </div>
   <div class='ocr_carea' id='block_1_121' title="bbox 2367 5004 3820 5089">
    <p class='ocr_par' dir='ltr' id='par_1_121' title="bbox 2367 5004 3820 5089">
     <span class='ocr_line' id='line_1_123' title="bbox 2367 5004 3820 5089; baseline -0.003 -20"><span class='ocrx_word' id='word_1_871' title='bbox 2367 5013 2390 5089; x_wconf 50' lang='grc' dir='ltr'><strong><em>ξ</em></strong></span> <span class='ocrx_word' id='word_1_872' title='bbox 2437 5015 2512 5089; x_wconf 88' lang='lat' dir='ltr'><strong>lta</strong></span> <span class='ocrx_word' id='word_1_873' title='bbox 2561 5023 2782 5089; x_wconf 72' lang='lat' dir='ltr'><strong>vetusta:</strong></span> <span class='ocrx_word' id='word_1_874' title='bbox 2813 5015 3202 5089; x_wconf 51' lang='lat' dir='ltr'><strong>collection“,</strong></span> <span class='ocrx_word' id='word_1_875' title='bbox 3249 5012 3642 5089; x_wconf 46' lang='lat' dir='ltr'><strong>mendosa}:</strong></span> <span class='ocrx_word' id='word_1_876' title='bbox 3674 5004 3820 5089; x_wconf 56' lang='grc' dir='ltr'><strong>(ξτες)</strong></span> 
     </span>
    </p>
   </div>
   <div class='ocr_carea' id='block_1_122' title="bbox 2292 5075 3816 5166">
    <p class='ocr_par' dir='ltr' id='par_1_122' title="bbox 2292 5075 3816 5166">
     <span class='ocr_line' id='line_1_124' title="bbox 2292 5075 3816 5166; baseline -0.005 -26"><span class='ocrx_word' id='word_1_877' title='bbox 2292 5083 2445 5166; x_wconf 76' lang='lat' dir='ltr'><strong>enim</strong></span> <span class='ocrx_word' id='word_1_878' title='bbox 2472 5086 2759 5166; x_wconf 76' lang='lat' dir='ltr'><strong>legendum</strong></span> <span class='ocrx_word' id='word_1_879' title='bbox 2807 5095 2890 5144; x_wconf 90' lang='lat' dir='ltr'><strong>est</strong></span> <span class='ocrx_word' id='word_1_880' title='bbox 2931 5099 3054 5142; x_wconf 91' lang='lat' dir='ltr'><strong>cum</strong></span> <span class='ocrx_word' id='word_1_881' title='bbox 3096 5075 3244 5156; x_wconf 83' lang='lat' dir='ltr'><strong>vulg.</strong></span> <span class='ocrx_word' id='word_1_882' title='bbox 3270 5081 3442 5140; x_wconf 89' lang='lat' dir='ltr'><strong>Cone.</strong></span> <span class='ocrx_word' id='word_1_883' title='bbox 3471 5075 3662 5140; x_wconf 42' lang='lat' dir='ltr'><strong>et&#39;Vat.</strong></span> <span class='ocrx_word' id='word_1_884' title='bbox 3687 5075 3816 5134; x_wconf 74' lang='lat'><strong>3855.</strong></span> 
     </span>
    </p>
   </div>
   <div class='ocr_carea' id='block_1_123' title="bbox 2292 5157 3821 5298">
    <p class='ocr_par' dir='ltr' id='par_1_123' title="bbox 2292 5157 3821 5298">
     <span class='ocr_line' id='line_1_125' title="bbox 2435 5157 2613 5210; baseline 0.006 -1"><span class='ocrx_word' id='word_1_885' title='bbox 2435 5157 2482 5209; x_wconf 84' lang='lat' dir='ltr'><strong>&#39;d</strong></span> <span class='ocrx_word' id='word_1_886' title='bbox 2512 5174 2530 5209; x_wconf 84' lang='grc' dir='ltr'><em>ι</em></span> <span class='ocrx_word' id='word_1_887' title='bbox 2601 5197 2613 5210; x_wconf 94' lang='grc'><strong>.</strong></span> 
     </span>
     <span class='ocr_line' id='line_1_126' title="bbox 2292 5168 3821 5298; baseline -0.004 -15"><span class='ocrx_word' id='word_1_888' title='bbox 2292 5168 2752 5284; x_wconf 50' lang='grc' dir='ltr'><strong>ρηῗεέἰῗιηεηιηθε</strong></span> <span class='ocrx_word' id='word_1_889' title='bbox 2797 5229 2965 5283; x_wconf 86' lang='lat' dir='ltr'><strong>nostri</strong></span> <span class='ocrx_word' id='word_1_890' title='bbox 2991 5227 3148 5283; x_wconf 87' lang='lat' dir='ltr'><strong>codd.</strong></span> <span class='ocrx_word' id='word_1_891' title='bbox 3179 5225 3337 5298; x_wconf 87' lang='lat' dir='ltr'><strong>Vulg.</strong></span> <span class='ocrx_word' id='word_1_892' title='bbox 3370 5226 3537 5285; x_wconf 87' lang='lat' dir='ltr'><strong>Cone.</strong></span> <span class='ocrx_word' id='word_1_893' title='bbox 3581 5236 3686 5279; x_wconf 82' lang='lat' dir='ltr'><strong>cum</strong></span> <span class='ocrx_word' id='word_1_894' title='bbox 3723 5229 3821 5298; x_wconf 66' lang='grc' dir='ltr'><strong>ιικξο</strong></span> 
     </span>
    </p>
   </div>
   <div class='ocr_carea' id='block_1_124' title="bbox 2292 5285 3821 5378">
    <p class='ocr_par' dir='ltr' id='par_1_124' title="bbox 2292 5285 3821 5378">
     <span class='ocr_line' id='line_1_127' title="bbox 2292 5285 3821 5378; baseline 0 -26"><span class='ocrx_word' id='word_1_895' title='bbox 2292 5300 2525 5378; x_wconf 77' lang='lat' dir='ltr'><strong>antiqua:</strong></span> <span class='ocrx_word' id='word_1_896' title='bbox 2569 5299 2832 5378; x_wconf 68' lang='lat' dir='ltr'><strong>versipnis</strong></span> <span class='ocrx_word' id='word_1_897' title='bbox 2877 5285 3327 5378; x_wconf 57' lang='lat' dir='ltr'><strong>Chalcedonensis</strong></span> <span class='ocrx_word' id='word_1_898' title='bbox 3376 5299 3613 5378; x_wconf 53' lang='lat' dir='ltr'><strong>unauna</strong></span> <span class='ocrx_word' id='word_1_899' title='bbox 3643 5285 3821 5378; x_wconf 46' lang='lat' dir='ltr'><strong>gentili“</strong></span> 
     </span>
    </p>
   </div>
   <div class='ocr_carea' id='block_1_125' title="bbox 2293 5361 3822 5440">
    <p class='ocr_par' dir='ltr' id='par_1_125' title="bbox 2293 5361 3822 5440">
     <span class='ocr_line' id='line_1_128' title="bbox 2293 5361 3822 5440; baseline 0.006 -19"><span class='ocrx_word' id='word_1_900' title='bbox 2293 5370 2399 5424; x_wconf 84' lang='lat' dir='ltr'><strong>dies</strong></span> <span class='ocrx_word' id='word_1_901' title='bbox 2423 5361 2627 5426; x_wconf 66' lang='lat' dir='ltr'><strong>&#39;memis</strong></span> <span class='ocrx_word' id='word_1_902' title='bbox 2670 5370 2972 5427; x_wconf 76' lang='lat' dir='ltr'><strong>Novembris</strong></span> <span class='ocrx_word' id='word_1_903' title='bbox 2997 5412 3013 5438; x_wconf 94' lang='lat'><strong>,</strong></span> <span class='ocrx_word' id='word_1_904' title='bbox 3053 5387 3173 5440; x_wconf 67' lang='lat' dir='ltr'><strong>qlia:</strong></span> <span class='ocrx_word' id='word_1_905' title='bbox 3211 5370 3406 5425; x_wconf 86' lang='lat' dir='ltr'><strong>eodem</strong></span> <span class='ocrx_word' id='word_1_906' title='bbox 3438 5367 3638 5424; x_wconf 80' lang='lat' dir='ltr'><strong>recidit.</strong></span> <span class='ocrx_word' id='word_1_907' title='bbox 3662 5361 3822 5440; x_wconf 58' lang='lat'><strong>0095”?</strong></span> 
     </span>
    </p>
   </div>
   <div class='ocr_carea' id='block_1_126' title="bbox 2291 5439 3820 5513">
    <p class='ocr_par' dir='ltr' id='par_1_126' title="bbox 2291 5439 3820 5513">
     <span class='ocr_line' id='line_1_129' title="bbox 2291 5439 3820 5513; baseline -0.02 -3"><span class='ocrx_word' id='word_1_908' title='bbox 2291 5457 2570 5511; x_wconf 67' lang='lat' dir='ltr'><strong>Pct&#39;peram</strong></span> <span class='ocrx_word' id='word_1_909' title='bbox 2619 5443 2670 5498; x_wconf 93' lang='lat' dir='ltr'><strong>in</strong></span> <span class='ocrx_word' id='word_1_910' title='bbox 2717 5453 2862 5499; x_wconf 83' lang='lat' dir='ltr'><strong>textu</strong></span> <span class='ocrx_word' id='word_1_911' title='bbox 2909 5439 3113 5513; x_wconf 88' lang='lat' dir='ltr'><strong>recepit</strong></span> <span class='ocrx_word' id='word_1_912' title='bbox 3159 5441 3266 5496; x_wconf 79' lang='lat' dir='ltr'><strong>ttat.</strong></span> <span class='ocrx_word' id='word_1_913' title='bbox 3316 5440 3623 5501; x_wconf 78' lang='lat' dir='ltr'><strong>Decembris,</strong></span> <span class='ocrx_word' id='word_1_914' title='bbox 3661 5439 3820 5485; x_wconf 78' lang='lat' dir='ltr'><strong>omissa</strong></span> 
     </span>
    </p>
   </div>
   <div class='ocr_carea' id='block_1_127' title="bbox 2291 5516 3630 5592">
    <p class='ocr_par' dir='ltr' id='par_1_127' title="bbox 2291 5516 3630 5592">
     <span class='ocr_line' id='line_1_130' title="bbox 2291 5516 3630 5592; baseline 0.013 -26"><span class='ocrx_word' id='word_1_915' title='bbox 2291 5521 2415 5568; x_wconf 89' lang='lat' dir='ltr'><strong>nota</strong></span> <span class='ocrx_word' id='word_1_916' title='bbox 2434 5516 2810 5592; x_wconf 28' lang='lat' dir='ltr'><strong>numerati,»</strong></span> <span class='ocrx_word' id='word_1_917' title='bbox 3010 5586 3067 5592; x_wconf 90' lang='lat'><em>__</em></span> <span class='ocrx_word' id='word_1_918' title='bbox 3524 5583 3556 5592; x_wconf 56' lang='grc'><strong>,,</strong></span> <span class='ocrx_word' id='word_1_919' title='bbox 3619 5579 3630 5592; x_wconf 92' lang='grc'><em>,</em></span> 
     </span>
    </p>
   </div>
   <div class='ocr_carea' id='block_1_128' title="bbox 2360 5581 3821 5652">
    <p class='ocr_par' dir='ltr' id='par_1_128' title="bbox 2360 5581 3821 5652">
     <span class='ocr_line' id='line_1_131' title="bbox 2360 5581 3821 5652; baseline 0.004 -15"><span class='ocrx_word' id='word_1_920' title='bbox 2360 5593 2400 5621; x_wconf 79' lang='grc' dir='ltr'>ω</span> <span class='ocrx_word' id='word_1_921' title='bbox 2427 5583 2597 5641; x_wconf 86' lang='lat' dir='ltr'><strong>Codd.</strong></span> <span class='ocrx_word' id='word_1_922' title='bbox 2631 5585 2962 5640; x_wconf 87' lang='lat' dir='ltr'><strong>additionum</strong></span> <span class='ocrx_word' id='word_1_923' title='bbox 3010 5586 3163 5641; x_wconf 92' lang='lat' dir='ltr'><strong>Dion.</strong></span> <span class='ocrx_word' id='word_1_924' title='bbox 3204 5599 3324 5640; x_wconf 90' lang='lat' dir='ltr'><strong>cum</strong></span> <span class='ocrx_word' id='word_1_925' title='bbox 3373 5599 3478 5639; x_wconf 84' lang='lat' dir='ltr'><strong>ms.</strong></span> <span class='ocrx_word' id='word_1_926' title='bbox 3522 5581 3676 5637; x_wconf 62' lang='lat' dir='ltr'><strong>Paris.</strong></span> <span class='ocrx_word' id='word_1_927' title='bbox 3707 5581 3821 5652; x_wconf 61' lang='grc' dir='ltr'><strong>Ρὲπῗθ</strong></span> 
     </span>
    </p>
   </div>
   <div class='ocr_carea' id='block_1_129' title="bbox 2291 5655 3821 5732">
    <p class='ocr_par' dir='ltr' id='par_1_129' title="bbox 2291 5655 3821 5732">
     <span class='ocr_line' id='line_1_132' title="bbox 2291 5655 3821 5732; baseline -0.009 -15"><span class='ocrx_word' id='word_1_928' title='bbox 2291 5657 2555 5732; x_wconf 73' lang='lat' dir='ltr'><strong>versionis</strong></span> <span class='ocrx_word' id='word_1_929' title='bbox 2600 5657 3072 5732; x_wconf 66' lang='lat' dir='ltr'><strong>atitiqua:__synodi</strong></span> <span class='ocrx_word' id='word_1_930' title='bbox 3097 5655 3554 5732; x_wconf 73' lang='lat' dir='ltr'><strong>Chalcedonensis</strong></span> <span class='ocrx_word' id='word_1_931' title='bbox 3572 5692 3585 5716; x_wconf 92' lang='lat'><strong>,</strong></span> <span class='ocrx_word' id='word_1_932' title='bbox 3611 5659 3654 5732; x_wconf 66' lang='lat' dir='ltr'><strong>et</strong></span> <span class='ocrx_word' id='word_1_933' title='bbox 3678 5655 3821 5732; x_wconf 35' lang='lat' dir='ltr'><strong>pnite}:</strong></span> 
     </span>
    </p>
   </div>
   <div class='ocr_carea' id='block_1_130' title="bbox 2290 5713 3822 5800">
    <p class='ocr_par' dir='ltr' id='par_1_130' title="bbox 2290 5713 3822 5800">
     <span class='ocr_line' id='line_1_133' title="bbox 2290 5713 3822 5800; baseline -0.005 -21"><span class='ocrx_word' id='word_1_934' title='bbox 2290 5730 2452 5782; x_wconf 85' lang='lat' dir='ltr'><strong>cerius</strong></span> <span class='ocrx_word' id='word_1_935' title='bbox 2481 5713 2819 5783; x_wconf 55' lang='lat' dir='ltr'><strong>notariorum.</strong></span> <span class='ocrx_word' id='word_1_936' title='bbox 2838 5713 2997 5800; x_wconf 71' lang='grc' dir='ltr'><strong>γιῖιε.</strong></span> <span class='ocrx_word' id='word_1_937' title='bbox 3023 5713 3383 5785; x_wconf 85' lang='lat' dir='ltr'><strong>Conciliorum</strong></span> <span class='ocrx_word' id='word_1_938' title='bbox 3409 5741 3528 5800; x_wconf 71' lang='lat' dir='ltr'><strong>eum</strong></span> <span class='ocrx_word' id='word_1_939' title='bbox 3553 5713 3822 5800; x_wconf 54' lang='lat' dir='ltr'><strong>quibusdali!</strong></span> 
     </span>
    </p>
   </div>
   <div class='ocr_carea' id='block_1_131' title="bbox 2290 5785 3823 5868">
    <p class='ocr_par' dir='ltr' id='par_1_131' title="bbox 2290 5785 3823 5868">
     <span class='ocr_line' id='line_1_134' title="bbox 2290 5785 3823 5868; baseline 0.002 -16"><span class='ocrx_word' id='word_1_940' title='bbox 2290 5801 2690 5868; x_wconf 76' lang='lat' dir='ltr'><strong>exemplaribus</strong></span> <span class='ocrx_word' id='word_1_941' title='bbox 2736 5785 2984 5868; x_wconf 59' lang='lat' dir='ltr'><strong>Rustici&quot;,</strong></span> <span class='ocrx_word' id='word_1_942' title='bbox 3033 5801 3348 5856; x_wconf 89' lang='lat' dir='ltr'><strong>concinente</strong></span> <span class='ocrx_word' id='word_1_943' title='bbox 3397 5785 3584 5852; x_wconf 65' lang='lat' dir='ltr'><strong>Graeco</strong></span> <span class='ocrx_word' id='word_1_944' title='bbox 3623 5785 3823 5868; x_wconf 57' lang='grc' dir='ltr'><strong>ιςιιςξνέί</strong></span> 
     </span>
    </p>
   </div>
   <div class='ocr_carea' id='block_1_132' title="bbox 2285 5855 3819 5946">
    <p class='ocr_par' dir='ltr' id='par_1_132' title="bbox 2285 5855 3819 5946">
     <span class='ocr_line' id='line_1_135' title="bbox 2285 5855 3819 5946; baseline -0.014 -6"><span class='ocrx_word' id='word_1_945' title='bbox 2285 5855 2550 5936; x_wconf 51' lang='lat' dir='ltr'><strong>notarii“;</strong></span> <span class='ocrx_word' id='word_1_946' title='bbox 2575 5888 2695 5928; x_wconf 81' lang='lat' dir='ltr'><strong>mox</strong></span> <span class='ocrx_word' id='word_1_947' title='bbox 2719 5871 2877 5932; x_wconf 85' lang='lat' dir='ltr'><strong>iidem</strong></span> <span class='ocrx_word' id='word_1_948' title='bbox 2901 5855 3188 5946; x_wconf 54' lang='lat' dir='ltr'><strong>vuigtcum</strong></span> <span class='ocrx_word' id='word_1_949' title='bbox 3201 5855 3323 5930; x_wconf 86' lang='lat' dir='ltr'><strong>Vat.</strong></span> <span class='ocrx_word' id='word_1_950' title='bbox 3342 5869 3626 5939; x_wconf 74' lang='lat' dir='ltr'><strong>5835,.prte</strong></span> <span class='ocrx_word' id='word_1_951' title='bbox 3645 5855 3819 5930; x_wconf 70' lang='grc' dir='ltr'><strong>[υτὶιηέιι</strong></span> 
     </span>
    </p>
   </div>
  </div>
