3996 6344
521 398 588 452 5E)
604 392 631 443 ἶ)

1443 385 1786 444 APPENDIX
1825 385 1916 442 AD
1955 385 2013 439 S.
2057 382 2300 441 LEONIS
2336 381 2545 441 MAGN'
2581 382 2833 441 OPERA.

3663 383 3760 446 600

523 517 778 568 diaconus
815 521 870 568 et
909 512 1146 566 notarius
1190 509 1397 578 legebat
1424 507 1617 562 factum
1646 506 1746 560 sub
1790 505 2096 574 cognitione
2122 505 2178 564 Α
2203 503 2570 574 presbyterum
2585 504 2860 576 Eutychen
2873 516 3125 560 continuo
3141 501 3391 573 suscipiet
3413 501 3635 573 ialiquis
3652 519 3754 560 cou-

520 612 815 674 gcstorum.
859 600 926 660 Et
955 616 1076 656 cum
1124 599 1320 668 legeret
1351 598 1592 668 pervenit
1615 597 1677 650 ad
1711 605 1914 664 partem
1961 604 1986 631 ιι
2017 609 2102 650 se-

523 697 714 751 cundm
753 693 994 762 epistolae
1037 699 1237 747 sancttie
1265 689 1540 746 memoria:
1567 688 1753 761 Cyrilli
1784 688 1996 757 scripta:
2035 685 2104 741 ad

523 788 860 844 venerabiles
895 787 1175 857 episcopos
1202 784 1504 840 Orientales
1523 829 1538 852 ,
1585 784 1636 838 in
1667 798 1770 854 qua
1796 783 1910 838 haec
1934 782 2104 838 conti-

523 881 788 936 nehantur
816 899 828 933 :
860 879 1172 946 Confitentur
1190 879 1362 948 itaque
1382 875 1661 931 Dominum
1677 887 1908 930 nostrum
1928 873 2104 928 Jesum

525 973 781 1029 Christum
810 969 1005 1025 Filium
1033 969 1130 1024 Dei
1160 970 1503 1040 unigenitum,
1528 966 1693 1022 Deum
1715 967 2027 1038 perfectum,
2057 974 2106 1020 et

523 1066 778 1121 hominem
801 1067 1082 1135 perfectum
1104 1080 1168 1118 ea:
1193 1066 1363 1116 anima
1388 1062 1634 1116 rationali
1655 1069 1701 1114 et
1728 1076 1962 1128 corpore,
1987 1066 2104 1112 ante

523 1160 732 1222 sa’cula,
760 1174 824 1212 ea:
851 1156 1008 1210 Patre
1034 1164 1212 1209 natum
1241 1155 1520 1210 secundum
1544 1154 1815 1218 Deitatem,
1839 1153 1892 1205 in
1912 1151 2105 1206 ultimis

523 1260 692 1305 autem
721 1249 896 1302 diebus
925 1249 1153 1302 eumdem
1188 1257 1392 1319 propter
1422 1264 1514 1300 nos
1555 1254 1603 1299 et
1634 1254 1842 1314 propter
1880 1253 2106 1297 nostram

523 1344 739 1397 salutem
763 1342 828 1394 de
855 1340 1026 1394 Maria
1057 1339 1269 1411 Virgine
1293 1339 1569 1393 secundum
1588 1336 1614 1375 δ
1647 1337 1921 1391 humanam
1942 1337 2104 1390 ratio-

524 1449 672 1500 nem;
713 1429 1196 1486 consubstantialem
1224 1430 1373 1483 Patri
1402 1429 1679 1484 secundum
1715 1426 2005 1494 Deitatem,
2058 1442 2105 1486 et

523 1527 1006 1585 consubstantialem
1051 1526 1192 1580 nobis
1225 1527 1505 1580 secundum
1532 1525 1922 1579 humanitatem.
1958 1522 2106 1576 Dua-

524 1638 643 1676 rum
683 1621 816 1673 enim
857 1629 1160 1672 naturarum
1209 1618 1368 1671 unitio
1394 1617 1531 1686 facta
1561 1625 1632 1669 est
1663 1633 1682 1672 :
1725 1623 1932 1686 prOpter
1969 1614 2107 1682 quod

528 1725 551 1751 ο
569 1729 727 1767 umtm
745 1710 1026 1780 Christum,
1046 1727 1203 1764 unum
1219 1709 1489 1763 Dominum
1500 1709 1802 1778 conﬁtemur
1823 1708 2105 1761 secundum

525 1804 747 1875 gratiam
787 1803 1066 1873 inconfusa:
1105 1803 1339 1856 unitatis.
1380 1800 1697 1868 Con/itemur
1725 1811 1950 1854 sanctant
1985 1799 2105 1853 Vir-

2208 597 2554 662 sentientem,
2587 599 2685 652 nisi
2716 599 3060 653 convincatur
3082 597 3210 666 quid
3241 606 3366 652 ante
3395 595 3641 652 senserit.
3669 597 3753 654 Eu-

2206 691 2386 746 sebius
2415 691 2697 762 episcopus
2728 691 2862 745 dixit
2893 709 2908 745 :
2941 691 3118 746 Metuo
3152 690 3168 740 t
3205 689 3612 745 concussionem
3636 689 3759 759 ejus.

2207 783 2318 854 Ego
2364 799 2567 854 pauper
2590 799 2737 848 sum,
2767 783 2997 838 minatur
3032 780 3166 837 mihi
3204 781 3461 838 exsilium
3511 799 3525 834 :
3569 781 3762 839 divitias

2208 875 2396 942 habet;
2441 891 2564 931 nam
2600 876 2843 946 designat
2884 876 3013 930 mihi
3055 878 3166 944 jam
3196 890 3336 930 nunc
3372 873 3399 912 ιι
3445 873 3620 928 Oasim
3661 873 3761 929 loco

2207 969 2400 1024 exsilii.
2425 969 2710 1024 Flavianus
2731 970 3014 1040 episcopus
3038 969 3213 1025 dixit:
3241 965 3259 1006 ι
3287 968 3405 1023 Etsi
3432 967 3628 1035 saepius
3651 981 3762 1036 per-

2208 1077 2422 1118 severes
2447 1061 2633 1117 eadem
2658 1063 2862 1128 dicens,
2896 1077 2996 1117 nos
3024 1070 3202 1118 tamen
3244 1059 3457 1116 veritati
3487 1057 3618 1114 nihil
3646 1073 3766 1128 pra-

2209 1155 2474 1223 ponimus.
2528 1154 2788 1209 Eusebius
2834 1155 3117 1224 episcopus
3160 1153 3291 1209 dixit
3342 1170 3356 1207 :
3402 1154 3460 1210 Si
3511 1151 3764 1207 convictus

2208 1248 2358 1303 luero
2384 1263 2483 1318 ego
2511 1249 2815 1317 calumnia,
2849 1249 3162 1320 dignitatem
3191 1253 3451 1304 amittam.
3485 1247 3765 1304 Florentius

2208 1339 2417 1394 illuster
2441 1340 2575 1394 dixit
2601 1358 2613 1392 :
2641 1339 2882 1410 Spatium
2914 1341 3170 1396 offeratur
3192 1341 3420 1413 Eutycbi
3452 1341 3762 1411 presbytero,

2208 1440 2266 1485 ut
2308 1442 2537 1502 exponat
2565 1433 3011 1501 quemadmodum
3043 1434 3242 1499 credit;
3275 1442 3331 1490 et
3381 1443 3508 1488 tunc
3539 1443 3580 1470 ω
3608 1446 3765 1487 rursus

2209 1520 2569 1590 interrogetur
2597 1538 2694 1577 cur
2718 1523 2878 1578 modo
2906 1524 3005 1580 ista
3035 1540 3281 1580 asserens
3312 1535 3438 1580 ante
3462 1524 3623 1580 aliter
3645 1538 3767 1579 asse-

2210 1613 2381 1669 rebat.
2410 1615 2673 1671 Eusebius
2697 1617 2982 1686 episcopus
3003 1616 3140 1672 dixit
3172 1634 3185 1672 :
3214 1617 3362 1673 Sicut
3384 1617 3633 1686 praedixi,
3657 1631 3767 1684 ιιι-ως

2206 1706 2460 1775 judicium
2493 1709 2620 1763 mihi
2645 1725 2751 1764 non
2782 1709 2875 1765 liat
2917 1720 2944 1747 ιι
2985 1725 3048 1766 ex
3077 1711 3194 1780 ejus
3240 1711 3519 1780 repentina
3569 1725 3768 1766 consen-

2209 1801 2379 1867 sione,
2409 1810 2465 1857 et
2507 1801 2867 1872 interrogetur
2916 1822 2927 1856 :
2979 1819 3100 1857 nam
3142 1819 3241 1873 ego
3281 1820 3346 1860 ex
3398 1803 3484 1858 his
3522 1819 3643 1874 quae
3667 1811 3770 1857 ante

524 1897 692 1966 ginem
749 1895 1072 1959 Theotocon;
1102 1904 1304 1966 propter
1355 1895 1490 1964 quod
1529 1893 1669 1948 Deus
1709 1893 1926 1946 Verbum
1967 1890 1993 1930 ά
2026 1893 2108 1947 in-
2137 1900 2185 1961 Β
2210 1903 2357 1965 gesta
2380 1904 2504 1950 sunt
2529 1896 2734 1952 convici
2765 1911 2888 1952 eum
2919 1911 3023 1951 non
3057 1906 3203 1952 recte
3229 1897 3484 1954 sensisse.
3507 1895 3772 1952 Flavianus

524 1999 764 2042 carnatus
809 1998 855 2040 et
892 1988 1042 2040 homo
1075 1988 1239 2058 factus
1277 1996 1386 2053 est,
1439 1996 1489 2040 et
1537 2002 1598 2040 ea:
1623 1987 1735 2057 ejus
1783 1987 2110 2056 conceptione

525 2081 768 2135 adunavit
788 2079 882 2133 sibi
909 2080 1042 2149 quod
1067 2095 1130 2134 ea:
1157 2095 1215 2132 ea
1239 2088 1526 2148 susceperat
1549 2078 1816 2142 templum.
1849 2075 2110 2131 Eusebius

524 2171 808 2242 episcopus
851 2170 983 2224 dixit
1019 2187 1030 2222 :
1074 2169 1179 2225 Iste
1210 2185 1305 2240 per
1328 2169 1550 2238 vestigia
1581 2177 1760 2222 vestra
1791 2175 1814 2203 ⁸
1863 2167 1978 2222 ιιωο
2001 2181 2109 2221 non

524 2265 831 2331 conﬁtetur,
858 2279 956 2318 nec
984 2264 1066 2317 his
1091 2262 1377 2332 aliquando
1396 2262 1699 2324 consensit;
1723 2261 1817 2316 sed
1839 2260 2109 2344 contraria

526 2357 612 2412 his
636 2358 825 2426 sensit,
855 2366 910 2412 et
939 2357 1149 2412 locutus
1175 2365 1260 2411 est
1287 2356 1352 2410 ad
1379 2370 1809 2426 unumquemque
1840 2356 1906 2409 ad
1931 2370 1990 2410 se
2018 2369 2112 2410 ve-

527 2450 786 2512 nientem,
819 2459 873 2503 et
898 2449 1097 2504 docuit.
1135 2449 1440 2504 Florentius
1465 2448 1822 2516 cxpraeiectus
1849 2449 1980 2503 dixit
2012 2467 2027 2504 :
2054 2448 2112 2504 Si

526 2543 704 2612 placet
735 2550 926 2596 vestra:
948 2543 1238 2606 sanctitati,
1267 2543 1624 2610 interrogetur
1652 2557 1816 2610 papas
1845 2540 2112 2612 Eutyches

526 2643 706 2690 utrum
735 2633 817 2689 his
841 2635 1164 2689 consentiat.
1196 2634 1460 2689 Eusebius
1485 2634 1771 2703 episc0pus
1802 2633 1932 2687 dixit
1963 2652 1978 2688 :
2011 2633 2109 2687 Pa-

527 2728 723 2793 timini,
750 2729 954 2799 legatur
979 2729 1154 2782 omnis
1174 2731 1314 2782 actio
1339 2736 1640 2797 gestorum;
1669 2727 1940 2782 sufﬁciunt
1967 2727 2108 2783 enim

526 2820 659 2875 mihi
690 2818 710 2859 ί
740 2821 889 2890 prius
911 2827 1026 2874 acta
1055 2819 1121 2874 ad
1143 2821 1307 2890 299
1331 2835 1454 2874 eum
1491 2821 1952 2889 convincendum,
1986 2835 2110 2884 nam

527 2910 661 2966 mihi
705 2911 817 2980 jam
863 2911 1234 2966 manifestatus
1281 2920 1383 2966 est.
1437 2910 1619 2980 Neque
1666 2911 1808 2966 enim
1857 2911 1901 2966 si
1950 2911 2112 2966 modo

525 3003 860 3059 consenserit
900 3016 1119 3058 sumens
1149 3002 1398 3058 alicunde
1425 3002 1804 3057 documentum
1827 3043 1842 3067 ,
1875 3011 1900 3050 s
1941 3002 2112 3058 debeo

527 3095 638 3164 pati
665 3094 1054 3164 prtejudicium.
1087 3094 1218 3149 Nam
1255 3109 1355 3165 ego
1389 3094 1750 3150 demonstravi
1785 3109 1908 3149 eum
1939 3103 1993 3149 et
2019 3109 2114 3163 per

528 3186 836 3240 sanctiones
865 3203 982 3257 quae
1019 3187 1085 3242 ad
1116 3203 1238 3242 eum
1262 3187 1441 3242 missa:
1466 3195 1592 3242 sunt
1621 3202 1649 3240 a
1678 3196 1863 3242 sancta
1886 3188 2109 3258 synodo,

2219 1988 2503 2058 episcopus
2523 1988 2657 2043 dixit
2688 2005 2702 2044 :
2736 1987 2849 2044 Non
2891 1987 3114 2044 habebis
3138 1989 3536 2059 pra‘judicium,
3563 1988 3607 2044 si
3637 1989 3770 2044 modo

2213 2082 2574 2147 consenserit;
2601 2097 2722 2136 nam
2744 2097 2863 2152 qua:
2885 2091 3009 2136 ante
3026 2090 3143 2136 acta
3157 2090 3285 2137 sunt
3303 2080 3502 2136 habent
3526 2081 3771 2152 propriam

2214 2174 2538 2229 ﬁrmitatem.
2583 2172 2846 2228 Eusebius
2872 2173 3156 2243 episcopus
3183 2171 3317 2228 dixit
3359 2190 3373 2225 :
3401 2173 3688 2227 Consentit
3719 2171 3772 2227 iis

2212 2279 2332 2334 quae
2358 2263 2518 2319 modo
2545 2263 2681 2318 lecta
2709 2271 2835 2318 sunt
2859 2274 3059 2320 sancta:
3100 2265 3374 2318 memoria:
3404 2263 3597 2334 Cyrilli
3618 2263 3772 2319 οεοιί-

2214 2357 2340 2426 ptis,
2357 2365 2411 2410 et
2431 2356 2714 2411 conﬁtetur
2734 2355 2867 2410 duas
2893 2355 3054 2426 300
3083 2368 3299 2410 naturas
3325 2354 3591 2409 adunatas
3612 2353 3664 2408 in
3689 2368 3774 2408 una

2214 2462 2463 2516 persona,
2495 2456 2550 2502 et
2601 2449 2653 2502 in
2684 2462 2786 2501 una
2818 2446 3113 2500 substantia
3137 2487 3152 2511 ,
3203 2455 3297 2500 aut
3325 2447 3468 2500 non?
3513 2445 3775 2500 Flavianus

2213 2541 2498 2611 episcopus
2524 2540 2661 2595 dixit
2705 2557 2719 2593 :
2764 2539 3006 2605 Audisti,
3035 2539 3315 2610 presbyter
3340 2539 3644 2610 Eutychcs,
3666 2535 3775 2607 quid

2214 2640 2495 2686 accusator
2524 2640 2648 2685 tuus
2687 2630 2862 2685 dicat?
2899 2631 3094 2686 edicito
3126 2645 3268 2684 nunc
3296 2630 3341 2684 si
3367 2645 3437 2685 ex
3465 2630 3671 2685 duabus
3697 2644 3774 2684 na-

2215 2723 2350 2778 turis
2375 2725 2629 2777 unitatem
2651 2722 2942 2778 conﬁteris.
2972 2733 2998 2771 p
3023 2723 3290 2793 Eutyches
3312 2722 3597 2793 presbyter
3621 2721 3775 2776 dixit:

2215 2815 2386 2869 Etiam
2415 2831 2483 2870 ex
2520 2814 2730 2869 duabus
2760 2815 2986 2868 naturis.
3021 2813 3284 2868 Eusebius
3313 2814 3598 2884 episcopus
3619 2812 3773 2868 dixit:

2213 2905 2502 2960 Conﬁteris
2527 2905 2661 2960 duas
2684 2914 2923 2972 naturas,
2938 2905 3131 2960 domne
3151 2905 3657 2971 archimandritas,<t
3672 2912 3775 2975 post

2215 2994 2741 3065 incorporationem,
2797 3006 2852 3051 us
2887 2997 3398 3053 consubstantialem
3457 2998 3609 3053 nobis
3658 2997 3775 3052 dicis

2215 3102 2339 3144 esse
2367 3087 2637 3143 Christum
2661 3088 2955 3144 secundum
2979 3103 3218 3157 carnem,
3246 3097 3339 3144 aut
3368 3089 3513 3144 non?
3536 3089 3776 3160 Eutyches

2217 3183 2516 3252 presbyter,
2545 3182 2721 3236 dixit:
2755 3182 2864 3252 Ego
2900 3197 3006 3236 non
3050 3183 3170 3237 veni
3217 3182 3510 3249 disserere,
3541 3182 3630 3238 sed
3669 3179 3772 3236 veni

527 3288 583 3334 et
610 3293 707 3348 per
747 3288 913 3334 testes
941 3281 1220 3350 episcopos
1250 3279 1436 3335 eadem
1467 3295 1684 3350 possum
1714 3295 1902 3336 rursus
1933 3289 2115 3336 osten-
2139 3280 2185 3344 C
2221 3286 2236 3312 ³
2270 3290 2556 3346 suggerere
2583 3275 2853 3331 sanctitati
2877 3285 3072 3330 vestra:
3098 3275 3224 3344 quid
3251 3277 3515 3343 sentiam;
3541 3274 3771 3344 scriptum

529 3370 678 3435 dere,
701 3372 746 3426 si
770 3374 1059 3454 negaverit.
1087 3369 1112 3409 ιι
1143 3373 1238 3427 Est
1258 3373 1401 3429 enim
1431 3372 1660 3428 domnus
1695 3372 2106 3443 Melipttongus,

530 3474 582 3521 et
631 3465 860 3521 domnus
905 3464 1127 3521 .lobinus
1152 3506 1166 3530 ,
1216 3472 1272 3520 et
1311 3465 1540 3520 domnus
1580 3465 1823 3520 Julianus
1852 3465 2105 3520 scientes.

530 3554 810 3612 Flavianus
839 3558 1122 3628 episcopus
1148 3558 1283 3614 dixit
1324 3575 1338 3611 :
1371 3558 1539 3612 Nemo
1565 3571 1739 3626 neque
1778 3557 1871 3611 tibi
1916 3571 2109 3612 conte-

527 3646 646 3716 det,
683 3648 881 3705 Eusebi
908 3651 1190 3720 episcope,
1239 3665 1360 3705 eum
1391 3663 1498 3704 non
1531 3647 1886 3714 convincere,
1933 3663 2109 3719 neque

602 3909 631 3937 ι
656 3898 830 3953 Voces
849 3897 1080 3951 secundm
1098 3904 1152 3949 et
1174 3895 1479 3951 venerabiles
1493 3894 1753 3962 episcopos
1773 3905 1804 3945 a
1824 3893 2113 3958 Quesnello

531 3970 762 4026 omissas
790 3967 1088 4020 addidimus
1118 3982 1182 4021 ex
1214 3966 1463 4021 omnibus
1481 3964 1676 4017 nostris
1697 3962 1853 4017 codd.
1884 3971 1938 4017 et
1964 3963 2110 4030 vulg.

600 4039 630 4079 ιι
659 4038 767 4092 Sic.
788 4037 947 4090 Vind.
973 4045 1027 4090 et
1053 4039 1232 4091 czctcri
1257 4036 1426 4090 nostri
1449 4049 1578 4088 mss.
1594 4033 1751 4087 codd.
1775 4031 2110 4098 Quosnellus,

533 4110 947 4164 humanationem
975 4118 1168 4162 natum.
1202 4107 1383 4177 Vulg.,
1412 4104 1802 4172 humanitatem,
1826 4106 1944 4160 sine
1981 4118 2112 4159 voce

531 4190 728 4236 natum.
1327 4189 1332 4192 ’

607 4265 630 4293 ο
666 4251 735 4306 Ita
767 4249 926 4305 iidem
959 4249 1116 4304 codd.
1148 4259 1201 4304 et
1230 4250 1373 4318 vulg.
1416 4246 1755 4316 Qucsnellus,
1779 4263 1937 4300 unum
1963 4244 2112 4299 Chri-

532 4337 663 4381 stum
692 4334 924 4377 nostrum
968 4321 1260 4376 Dominum.
1293 4320 1425 4374 Dein
1469 4319 1753 4388 inconfusa:
1781 4318 2019 4372 unitionis
2057 4317 2110 4370 in

535 4397 651 4450 Vat.
679 4395 836 4459 5855,
865 4409 986 4448 cum
1016 4408 1143 4446 mss.
1174 4408 1327 4447 conc.
1357 4390 1611 4446 Chalced.

603 4463 630 4502 ά
659 4466 884 4530 Quesu.,
905 4481 970 4519 ea:
998 4480 1060 4517 ea
1082 4466 1396 4529 incarnatus,
1423 4471 1470 4515 et
1497 4462 1647 4515 homo
1679 4461 1841 4530 factus
1863 4467 1970 4524 est,
2000 4459 2112 4528 ejus

533 4537 877 4601 conceptione.
912 4535 1096 4590 Secuti
1127 4550 1311 4589 sumus
1343 4534 1464 4588 cod.
1498 4531 1684 4596 Vind.,
1709 4532 2116 4585 concinentibus

534 4608 768 4663 caeteris.
797 4604 895 4657 nisi
918 4605 1059 4673 quod
1081 4606 1244 4675 aliqui
1271 4605 1467 4659 habent
1495 4605 1839 4667 incarnatum,
1871 4601 1960 4655 alii
1990 4615 2116 4655 vero

534 4676 789 4731 omittunt
825 4685 868 4726 et
888 4685 1012 4730 ante
1042 4692 1104 4728 ea:
1127 4681 1258 4743 eius.

610 4757 634 4816 ἐ
666 4747 786 4801 Vat.
821 4745 980 4811 1542,
1013 4761 1132 4799 cum
1164 4748 1330 4816 vulg.,
1364 4747 1589 4816 hocnon
1617 4743 1902 4816 conﬁtetur.

2217 3378 2301 3424 est
2322 3379 2498 3425 autem
2525 3370 2577 3422 in
2611 3369 2709 3422 hac
2753 3367 2996 3424 chartula
3022 3368 3153 3438 quid
3175 3369 3408 3424 sentiam
3425 3410 3441 3434 ,
3470 3368 3646 3438 jubete
3668 3382 3771 3422 eam

2215 3463 2337 3534 legi.
2372 3464 2658 3518 Flavianus
2683 3463 2970 3534 episcopus
2999 3462 3133 3517 dixit
3165 3462 3323 3532 :lpse
3356 3463 3492 3532 lege.
3528 3459 3775 3532 Eutycbes

2219 3556 2496 3626 presbyter
2535 3555 2666 3610 dixit
2699 3571 2713 3608 :
2760 3555 2873 3611 Non
2905 3569 3144 3625 possum.
3187 3553 3476 3609 Flavianus
3514 3553 3770 3624 episcopus

2216 3647 2349 3705 dixit
2388 3666 2402 3702 :
2436 3648 2648 3717 Quare?
2671 3659 2728 3704 tu
2749 3662 2856 3704 non
2881 3645 3212 3719 exposuisti,
3239 3655 3330 3704 aut
3348 3645 3571 3704 alterius
3591 3653 3665 3702 est
3683 3658 3771 3705 ex:

2217 3893 2676 3950 habentJoannes.
2698 3895 2818 3950 Vat.
2842 3895 3004 3960 5855,
3028 3894 3264 3949 Iovinus.
3292 3892 3425 3948 Dein
3445 3901 3566 3961 post
3582 3893 3764 3961 scientes

2215 3965 2372 4021 codd.
2425 3967 2649 4020 aliarum
2692 3966 3069 4021 collectionum
3115 3965 3317 4020 addunt
3364 3960 3764 4024 certissime,vel

2215 4036 2570 4090 certissimum.

2293 4104 2308 4142 ί
2339 4108 2564 4174 Quesn.,
2601 4107 2817 4175 aliquis,
2854 4108 2953 4161 nisi
2991 4109 3132 4176 prius
3183 4104 3533 4162 convincatur.
3569 4103 3762 4160 Nostros

2216 4176 2377 4232 codd.
2401 4187 2456 4233 et
2482 4181 2622 4247 vulg.
2656 4180 3006 4246 prtetulimus.
3269 4242 3282 4247 _
3511 4225 3519 4230 .

2292 4247 2305 4298 i
2346 4247 2515 4304 Codd.
2551 4242 2716 4302 avddit.
2760 4249 2941 4315 Dion.,
2974 4250 3133 4317 ipsius
3164 4242 3564 4302 coniventionent.
3603 4244 3763 4301 Melius

2216 4317 2376 4373 Crah.
2400 4334 2520 4374 cum
2544 4335 2671 4374 mss.
2698 4319 2971 4385 Chalced.,
3004 4321 3166 4380 ipsius
3197 4321 3677 4372 circumventionem.

2293 4387 2318 4426 k
2345 4390 2512 4444 Codd.
2543 4391 2777 4455 Thuan.,
2804 4390 3000 4445 insulas
3025 4391 3078 4443 in
3097 4393 3207 4443 loco
3224 4388 3415 4443 exsilii.
3434 4387 3556 4443 Vat.
3587 4385 3762 4442 15420(

2221 4461 2404 4525 Crab.,
2431 4464 2480 4514 in
2514 4477 2771 4526 margine,
2807 4479 2892 4515 eas
2922 4464 2973 4514 in
3005 4465 3133 4514 loco.
3160 4458 3332 4514 Codd.
3362 4460 3530 4514 addit.
3558 4457 3694 4513 Dion.
3717 4462 3762 4509 ct

2218 4530 2340 4585 Vat.
2392 4534 2565 4593 5855,
2621 4529 2795 4586 0asim
2823 4533 2988 4585 locum
3032 4532 3214 4585 exsilii.
3256 4531 3592 4600 Exemplaria
3628 4541 3758 4600 conc.

2219 4602 2404 4674 Chalt'.
2428 4604 2696 4674 pt'atpt'ttgil
2717 4605 2843 4674 mihi
2849 4606 2964 4674 jant
2979 4603 3188 4674 (lasani,
3215 4602 3272 4674 id
3290 4612 3369 4674 est
3398 4596 3592 4671 petram
3609 4596 3762 4653 exsilii.

2300 4672 2311 4709 ί
2345 4675 2472 4728 Mss.
2517 4672 2668 4728 eone.
2702 4672 2980 4741 Chalced.,
3016 4672 3153 4726 Licet
3185 4672 3492 4744 milliesista
3521 4681 3764 4744 perseveres

2221 4744 2467 4805 dicendo;
2493 4756 2543 4800 et
2577 4754 2697 4810 post
2724 4745 3017 4810 aliquanto,
3042 4743 3300 4814 inquisitio
3317 4743 3585 4810 o/feratur.

610 4815 632 4854 τ
668 4818 792 4872 Mss.
821 4831 977 4872 conc.
1003 4816 1185 4871 Chalc.
1214 4814 1277 4872 et'
1298 4816 1415 4870 Vat.
1449 4815 1586 4871 5855
1607 4815 1785 4868 delent
1807 4817 1964 4881 prius.
1995 4814 2113 4866 Mox
2146 4814 2195 4874 D
2293 4824 2330 4850 ω
2355 4815 2524 4869 Codd.
2549 4815 2807 4870 addition.
2827 4816 2982 4870 Dion.
3002 4815 3183 4869 delent
3207 4830 3411 4880 rursus;
3425 4823 3480 4869 et
3497 4821 3610 4881 post
3628 4822 3764 4879 pauca

537 4889 678 4958 apud
709 4891 939 4956 Quesm,
985 4890 1381 4941 convincendum
1411 4903 1428 4941 :
1453 4890 1566 4956 jam
1608 4887 1732 4958 mihi
1762 4886 2116 4954 manifestatus

537 4957 632 5013 est.
663 4960 992 5028 Exemplaria
1021 4959 1185 5013 Vind.
1219 4967 1276 5014 et
1302 4957 1876 5028 Tltuan._pr;etulimtts
1907 4959 2116 5028 cieteris

537 5032 740 5086 nostris
759 5026 1239 5085 consentientibus.
1256 5029 1484 5083 Codices
1499 5026 1750 5082 Chalced.
1776 5026 1974 5080 Baluzii
1995 5041 2114 5080 cum

537 5099 760 5162 Crabb.,
787 5119 904 5154 nam
932 5102 1057 5153 mihi
1080 5104 1333 5155 convictus
1353 5110 1448 5154 est.

609 5181 636 5218 8
667 5173 828 5226 Iidem
856 5171 1010 5225 codd.
1046 5172 1262 5227 Baluzii.
1284 5171 1437 5223 debeo
1460 5170 1818 5240 prajudicium
1844 5169 2108 5222 sustinere.

537 5242 663 5297 Mox
693 5243 839 5297 solus
866 5242 1067 5308 Quesn.
1101 5252 1221 5309 post
1238 5241 1572 5294 demonstrari
1594 5257 1707 5294 eum
1736 5240 1881 5293 addit
1915 5240 2113 5300 lucreti-

539 5327 698 5378 cum;
743 5314 1003 5382 ignorant
1039 5327 1226 5382 omnes
1280 5315 1443 5365 uestri
1481 5327 1608 5366 mss.
1639 5322 1690 5366 et
1731 5311 1919 5366 excusi
1949 5309 2109 5364 codd.

536 5381 878 5452 Exemplaria
911 5381 1076 5436 addit.
1104 5381 1262 5439 Dion.
1287 5393 1341 5437 et
1369 5381 1656 5437 Chalced.:
1691 5382 1829 5435 Nam
1885 5397 1977 5449 ego
2029 5382 2116 5432 de-

537 5454 830 5525 monstrabo
883 5469 1026 5525 eumi,
1067 5463 1114 5508 et
1166 5454 1503 5525 professiones
1551 5471 1662 5524 qua:
1690 5454 1758 5506 ad
1796 5452 2117 5525 eum_mis_sa:

535 5536 674 5579 sunt.
705 5524 828 5580 Vat.
881 5523 1021 5580 1542
1072 5521 1232 5582 habet
1264 5521 1462 5596 pariter
1501 5521 1872 5596 demonstrabo.
1927 5521 2115 5596 Melius

533 5597 681 5664 ‘vulg.
723 5597 890 5652 Conc.
937 5611 1058 5652 cum
1089 5592 1281 5653 Graeco
1310 5611 1324 5652 :
1361 5595 1500 5649 Nam
1520 5612 1609 5665 ego
1634 5592 1974 5647 demonstravi
2001 5607 2116 5643 eum

537 5677 585 5719 et
606 5683 704 5790 pe;
716 5669 1056 5739 professiones
1070 5685 1264 5734 eorum,
1284 5669 1370 5738 qui
1383 5667 1448 5722 ad
1471 5682 1584 5721 eum
1605 5667 1741 5718 missi
1755 5674 1871 5719 sunt
1890 5680 1921 5717 a
1941 5672 2117 5717 sancta

537 5753 664 5790 svno
705 5756 754 5790 ο.

537 5753 754 5806 synoao.

611 5807 636 5844 ιι
661 5809 918 5881 SicVipd.
935 5821 988 5866 ct
1011 5811 1247 5881 plerique
1271 5811 1360 5865 alii
1381 5808 1538 5866 codd.
1558 5808 1782 5876 Quesn.,
1806 5805 1938 5881 Sunt
1954 5803 2138 5881 enim.
2171 5801 2192 5848 τ’

538 5876 657 5956 Mox
679 5895 778 5950 pro
807 5876 1025 5936 Jobinus
1055 5876 1210 5940 codd.
1240 5882 1407 5938 addit.
1444 5881 1597 5937 Dion.
1627 5893 1748 5934 cum
1775 5876 1922 5947 vulg.
1944 5877 2113 5934 Cone.

2222 4900 2317 4956 pro
2343 4889 2591 4940 asserebat
2621 4903 2750 4941 is.
2777 4903 2930 4940 eone.
2959 4885 3207 4940 Chalced.
3240 4885 3441 4939 habent
3464 4884 3706 4939 sentiebat.

2291 4966 2317 4992 ιι
2347 4958 2516 5013 Codd.
2548 4958 2754 5022 Chatta,
2784 4958 2845 5009 de
2874 4965 2984 5024 ejus
3012 4957 3253 5009 ntoderna
3279 4959 3610 5024 professione,
3638 4963 3678 5007 et
3701 4953 3767 5004 itt-

2218 5039 2279 5079 te:
2297 5041 2522 5098 rogetur.
2560 5027 2667 5098 Ego
2687 5031 2820 5081 enim
2842 5043 2904 5080 ea:
2925 5029 3024 5092 his,
3053 5043 3165 5095 quis:
3185 5038 3302 5079 ante
3323 5036 3442 5080 acta
3463 5034 3605 5093 sunt,
3635 5024 3766 5077 docti-

2222 5103 2397 5152 mentis
2419 5100 2610 5152 εωιυὶεὶ
2641 5116 2753 5151 eum
2779 5115 2880 5150 ηοη
2908 5110 3048 5152 recta
3075 5101 3388 5150 sentientem.
3720 5143 3729 5156 ,

2295 5178 2319 5205 ο
2362 5171 2523 5222 Iidem
2569 5170 2726 5224 codd.
2767 5185 2886 5222 cum
2910 5171 3052 5243 vulg.
3083 5168 3247 5224 Cone.
3275 5169 3460 5222 delent
3483 5167 3688 5235 scriptis.
3715 5175 3766 5243 ac

2222 5257 2345 5295 mox
2371 5250 2663 5308 sequuntur
2695 5258 2709 5293 :
2738 5254 2782 5294 et
2812 5240 3081 5308 conﬁtetur
3111 5246 3326 5292 duarttm
3349 5249 3641 5292 naturarum
3667 5240 3762 5308 uui-

2223 5313 2408 5364 tionem
2439 5306 2624 5382 factam
2654 5313 2704 5364 in
2734 5327 2836 5364 una
2865 5306 3081 5381 persona
3101 5354 3115 5375 ,
3158 5321 3202 5363 et
3227 5312 3279 5364 in
3320 5327 3421 5363 una
3456 5306 3766 5382 subsistentia.

2295 5393 2322 5430 P
2354 5379 2567 5452 Septem
2607 5379 2891 5450 sequentes
2922 5396 3087 5452 voces
3117 5381 3408 5449 Quosnello
3455 5379 3766 5437 exciderunt.

2225 5454 2304 5507 Ex
2333 5451 2580 5508 omnibus
2607 5454 2808 5508 nostris
2835 5451 2992 5506 codd.
3017 5456 3239 5520 ct-vulg.
3265 5455 3646 5507 revocavimus.

2294 5535 2319 5573 (ι
2343 5525 2497 5594 Vulg.
2523 5541 2645 5580 cum
2675 5539 2805 5579 mss.
2837 5522 3021 5580 Ghalc.
3056 5534 3112 5580 et
3136 5523 3256 5579 Vat.
3291 5523 3452 5592 1542,
3481 5531 3590 5593 post
3624 5523 3770 5575 incar-

2223 5597 2496 5651 nationem.

2294 5676 2316 5704 τ
2351 5669 2546 5723 Eadem
2593 5682 2722 5723 mss.
2756 5665 3034 5732 Chalced.,
3065 5668 3358 5738 satisfacere
3406 5665 3655 5738 sanctitati
3693 5675 3771 5713 ve-

2219 5746 2342 5810 strae
2359 5739 2613 5803 quomodo
2641 5741 2906 5810 sapiant...
2945 5743 2997 5792 in
3024 5738 3121 5792 hac
3137 5736 3377 5793 chartula
3403 5736 3649 5810 quomodo
3669 5748 3772 5810 θεηή

2220 5809 2319 5882 tio._
2345 5810 2476 5882 Dein
2518 5804 2894 5882 voces'jubete
2937 5826 3047 5864 eam
3073 5812 3172 5880 legi
3206 5811 3364 5865 codd.
3408 5804 3526 5863 Vat.
3560 5804 3682 5862 i3“
3723 5809 3770 5856 et

2219 5879 2384 5938 addit.
2417 5880 2572 5937 Dion.
2603 5879 2930 5941 trauSlerunt
2951 5891 3075 5952 post
3095 5879 3255 5938 voces
3282 5898 3384 5937 non
3402 5894 3621 5950 possunt.

2691 5975 2718 5998 ι,
