3996 6344
222 420 319 477 601
675 411 902 470 CODEX
939 409 1266 469 CANONUM
1305 407 1585 468 ECCLES.
1629 407 1716 464 ΕΤ
1756 407 2334 468 CONSTITUTORUM
2373 413 2432 469 S.
2474 411 2669 471 SEDlS
2705 411 3043 474 APOSTOL.
3395 415 3506 476 602'

221 527 454 603 positio?
497 525 547 584 si
575 534 664 582 tua
700 534 817 594 est,
864 525 980 596 lege
1011 525 1124 596 ipse
1172 541 1187 579 :
1218 524 1488 599 Eutyches
1531 523 1811 594 presbyter
1835 527 1893 587 Α
1916 535 1998 580 tns
2021 534 2124 581 est.
2154 526 2209 583 Si
2239 543 2368 600 ergo
2393 544 2566 586 mater
2587 531 2702 601 ejus
2723 534 3196 589 consubstanuans
3217 541 3299 590 cst
3319 537 3498 609 nobis,

216 625 360 680 dixit
404 640 418 678 :
472 622 588 677 Mea
617 619 835 690 quidem
878 629 962 675 est
1008 627 1035 657 ι
1074 619 1271 684 dictio;
1321 634 1440 690 qua:
1484 632 1602 674 mea
1648 617 1812 673 dictio
1914 625 1969 673 et
1998 618 2112 687 ipse
2143 622 2436 677 secundum
2467 638 2682 678 carnem
2714 626 3184 681 consubstantialis
3212 635 3294 683 est
3320 629 3495 686 nobis.

213 717 442 790 aqualis
472 723 558 771 est
602 713 852 770 sensibus
898 722 1203 769 sanctorum
1243 712 1482 766 Patrum.
1525 709 1813 766 Flavianus

215 814 508 882 episcopus
535 809 670 865 dixit
695 825 708 864 :
733 807 760 847 δ
789 807 885 863 Dic
900 823 1124 878 quorum
1146 807 1388 875 Patrum,
1415 821 1510 877 per
1537 814 1588 862 te
1610 805 1812 875 ipsum;

210 907 346 975 quid
377 917 552 962 autem
585 918 721 974 opus
753 903 918 958 habes
944 902 1166 959 charta?
1209 901 1481 972 Eutychos
1530 899 1813 972 presbyter

209 1000 349 1055 dixit
381 1019 394 1054 :
418 998 506 1054 Sic
528 997 691 1053 credo
717 1013 730 1050 :
757 995 938 1052 Adoro
961 995 1174 1050 Patrem
1204 1009 1326 1049 cum
1351 992 1504 1058 Filio,
1535 1002 1588 1048 et
1615 992 1808 1048 Filium

207 1107 339 1147 cum
371 1090 565 1156 Patre,
609 1098 662 1143 et
687 1088 944 1158 Spiritum
970 1096 1214 1142 sanctum
1245 1100 1350 1141 una
1383 1101 1509 1142 cum
1542 1087 1702 1141 Patre
1757 1093 1810 1141 et

207 1181 374 1237 Filio.
417 1191 438 1220 ο
481 1178 755 1236 Conﬁteor
804 1186 983 1235 autem
1039 1178 1510 1248 presentationem
1563 1178 1809 1233 incarna-

209 1283 326 1330 tam
361 1274 532 1344 ipsius
569 1272 762 1327 factam
816 1286 882 1328 ex
919 1285 1083 1326 carne
1115 1281 1316 1326 sanctae
1340 1270 1613 1342 Virginis,
1644 1279 1698 1326 et
1729 1271 1812 1326 in-

207 1379 556 1442 corporatam
603 1367 842 1440 perfecte
890 1377 1109 1438 propter
1139 1376 1380 1421 nostram
1418 1366 1668 1421 salutem.
1717 1364 1808 1422 Sic

207 1465 480 1520 conﬁteor
530 1475 714 1518 coram
745 1459 907 1516 Patre
935 1467 991 1514 et
1017 1457 1152 1513 Filio
1178 1467 1234 1514 et
1260 1458 1462 1528 Spiritu
1495 1466 1712 1524 sancto,
1755 1466 1809 1513 et

209 1568 402 1615 vestra
432 1558 736 1615 sanctitate.
777 1555 1070 1611 Flavianus
1117 1555 1402 1626 episcopus
1450 1555 1625 1609 dixit:
1659 1553 1805 1608 Con-

207 1653 388 1709 ﬁteris
434 1650 950 1708 consubstantialem
999 1649 1144 1704 Patri
1200 1648 1494 1705 secundum
1547 1649 1808 1704 Divinita-

207 1759 362 1816 tem,
440 1757 496 1805 et
558 1746 1070 1804 consubstantialem
1133 1746 1291 1800 matri
1349 1745 1642 1800 secundum
1697 1743 1801 1798 hu-

206 1844 563 1910 manitatem,
593 1841 840 1898 eumdem
873 1841 1045 1910 ipsum
1079 1854 1242 1895 unum
1267 1837 1459 1894 Filium
1517 1837 1802 1894 Dominum

1916 711 2191 784 Eutyches
2244 716 2525 788 presbyter
2569 717 2734 773 dixit:
2767 719 3029 787 Quoniam
3081 721 3244 777 modo
3294 723 3495 794 dicitis,

1917 813 1941 851 8
1972 805 2221 863 omnibus
2277 809 2578 864 consentio.
2629 809 2935 868 Florentius
2967 812 3050 868 vir
3078 813 3285 870 illuster
3315 815 3494 872 dixit:

1912 899 2079 956 Mater
2126 903 2170 957 si
2218 903 2372 957 nobis
2417 905 2887 962 consubstantialis
2935 918 3039 977 est,
3087 909 3204 965 sine
3247 909 3414 966 dubio
3442 921 3498 968 et

1912 991 2080 1048 Filius
2111 995 2582 1051 consubstantialis
2607 997 2763 1054 nobis
2789 1009 2891 1055 est.
2917 999 3186 1072 Eutychos
3216 1003 3500 1076 presbyter

1912 1087 2046 1143 dixit
2085 1107 2097 1142 :
2134 1088 2403 1146 Hactenus
2448 1107 2556 1147 non
2606 1091 2715 1147 dixi
2772 1096 3025 1164 quoniam
3082 1098 3252 1168 ipsum
3294 1113 3495 1170 corpus
3583 1095 3597 1111 ’

1913 1181 2008 1238 Dei
2036 1183 2317 1239 conﬁteor.
2349 1183 2379 1220 δ
2416 1185 2858 1242 Animadvertis?
2882 1187 2996 1244 Non
3027 1189 3137 1245 dixi
3165 1204 3363 1263 corpus
3394 1190 3496 1247 hu-

1911 1291 2148 1342 manum,
2199 1293 2397 1348 corpus
2423 1278 2557 1345 Dei;
2611 1279 2902 1336 humanum
2951 1293 3130 1339 autem
3181 1299 3409 1356 corpus,
3439 1294 3496 1345 et

1911 1373 2161 1442 quoniam
2193 1373 2354 1445 302
2380 1389 2443 1429 ex
2476 1373 2593 1444 ipsa
2622 1373 2844 1445 Virgine
2869 1375 3178 1434 incarnatus
3199 1388 3284 1435 est
3310 1380 3497 1436 Domi-

1910 1478 2030 1518 nus.
2089 1464 2145 1519 Si
2176 1474 2355 1520 autem
2401 1473 2612 1534 oportet
2641 1473 2697 1520 ut
2722 1465 2932 1522 dicatur
2977 1483 3046 1524 ex
3073 1469 3292 1542 Virgine
3320 1469 3336 1509 ί
3362 1487 3495 1529 con-

1908 1555 2276 1611 substantialis
2329 1556 2506 1623 nobis,
2552 1566 2608 1613 et
2659 1557 2761 1614 hoc
2815 1558 2957 1628 dico,
3007 1559 3260 1630 domine;
3313 1573 3494 1621 tamen

1908 1647 2103 1703 Filium
2134 1649 2228 1705 Dei
2273 1650 2605 1720 unigenitum
2639 1652 2923 1709 Dominum
2951 1653 3072 1710 caeli
3099 1664 3154 1712 et
3180 1664 3338 1713 terra:
3365 1673 3495 1716 con-

1907 1742 2275 1798 dominantem
2307 1754 2361 1799 et
2390 1754 2808 1816 conregnantem
2850 1747 3022 1815 Patri,
3050 1751 3142 1821 qui
3196 1749 3211 1801 i
3250 1753 3490 1810 considet

1907 1847 1960 1893 et
1989 1837 2348 1894 collaudatur.
2403 1838 2585 1910 Neque
2614 1840 2758 1895 enim
2802 1840 2923 1897 dico
2980 1844 3492 1904 consubstantialem

206 1946 463 1994 nostrum
503 1935 683 1992 Jesum
709 1934 1022 1991 Christum?
1072 1933 1342 2004 Eutyches
1389 1933 1670 2004 presbyter
1721 1933 1802 1988 di-
1833 1920 1880 1982 Β
1908 1945 2153 2001 negasse,
2185 1946 2250 1987 eo
2278 1931 2419 2002 quod
2464 1933 2537 1988 sit
2587 1931 2703 2002 ipse
2751 1933 2918 1991 Filius
2949 1934 3080 1992 Dei:
3125 1946 3250 1994 ante
3275 1938 3494 2010 quidem

205 2033 325 2090 xit:
360 2031 522 2103 301
554 2030 684 2100 Ego,
717 2028 970 2099 quoniam
1001 2025 1372 2082 commendavi
1416 2041 1501 2080 me
1530 2025 1801 2082 sanctitati

205 2130 430 2187 vostrae,
453 2120 561 2176 dixi
591 2118 717 2190 quid
745 2120 974 2176 sentiam
1002 2116 1069 2172 de
1096 2117 1252 2172 Patre
1275 2125 1329 2170 et
1357 2117 1490 2171 Filio
1521 2125 1574 2172 et
1601 2117 1800 2187 Spiritu

204 2224 436 2279 Iuncto;
467 2213 599 2267 nihil
631 2212 852 2268 ulterius
880 2226 965 2265 me
993 2209 1349 2280 interrogetis.
1380 2207 1667 2266 Flavianus
1689 2210 1802 2282 epi-

205 2321 410 2377 sc0pus
431 2306 592 2360 dixit:
618 2305 753 2359 Non.
779 2299 972 2359 dNunc
985 2305 1257 2359 conﬁteris
1285 2319 1349 2358 ex
1375 2301 1580 2359 duabus
1598 2306 1803 2359 naturis

205 2395 487 2458 Christum
518 2398 541 2451 ?
582 2396 849 2468 Eutychcs
875 2397 1154 2468 presbyter
1189 2395 1324 2450 dixit
1354 2412 1368 2449 :
1403 2395 1522 2450 Dixi
1552 2397 1800 2467 quoniam

205 2492 477 2552 conﬁteor
498 2505 620 2547 eum
639 2489 806 2545 Deum
818 2503 880 2544 ac
902 2487 1184 2544 Dominum
1198 2488 1319 2544 caeli
1342 2495 1584 2546 ctterrae.
1615 2489 1803 2545 llacte-

206 2600 313 2640 nus
329 2583 404 2640 de
424 2584 546 2653 ejus
557 2588 744 2637 natura
758 2581 1033 2651 disputare
1053 2580 1184 2635 mihi
1219 2590 1242 2618 ε
1256 2596 1360 2636 non
1379 2580 1800 2652 persuadebam:

205 2665 724 2731 consubsmntialem
748 2682 928 2727 autem
953 2671 1107 2728 nobis
1129 2688 1399 2744 nunquam
1439 2675 1696 2730 hactenus
1718 2690 1806 2732 me

205 2769 415 2825 dixisse
437 2767 720 2824 conﬁteor.
740 2766 1024 2822 Flavianus
1045 2765 1330 2839 episcopus
1351 2767 1513 2824 dixit:
1531 2768 1645 2824 Non
1668 2769 1804 2826 dicis

205 2863 724 2922 consubstantialem
738 2861 880 2917 Patri
899 2861 1192 2918 secundum
1210 2863 1491 2924 Deitatem.
1507 2875 1563 2920 et
1577 2866 1804 2922 consub-

206 2957 522 3015 stantialem
554 2956 710 3013 nobis
739 2955 1032 3013 secundum
1064 2955 1498 3011 humanitatem?
1528 2957 1799 3029 Eutyches

206 3051 496 3122 presbyter
525 3048 666 3104 dixit
691 3065 705 3103 :
740 3047 921 3119 Usque
943 3047 1006 3101 ad
1040 3046 1356 3103 hodiernum
1383 3048 1525 3105 diem
1557 3065 1661 3105 non
1691 3051 1799 3108 dixi

211 3156 411 3212 corpus
438 3140 652 3196 Domini
698 3147 755 3195 et
798 3139 896 3195 Dei
927 3141 1094 3195 nostri
1124 3139 1585 3198 consubstantialc
1613 3143 1796 3212 nobis;

1908 2042 2012 2080 non
2043 2025 2308 2090 dicebam,
2335 2024 2360 2063 ιι
2393 2026 2514 2082 dico
2543 2026 2759 2096 quidem
2791 2029 2952 2084 modo
2980 2030 3097 2100 tibi,
3126 2039 3255 2102 puto
3275 2034 3414 2103 quod
3439 2036 3492 2091 in

1905 2119 2130 2174 exordio
2157 2119 2299 2183 dixi;
2336 2134 2476 2174 nunc
2525 2130 2704 2176 autem
2746 2122 3001 2192 quoniam
3031 2127 3288 2183 sanctitas
3311 2137 3494 2186 vestra

1906 2211 2010 2266 hoc
2039 2211 2188 2280 dicit,
2220 2211 2357 2267 dico.
2391 2211 2675 2268 Flavianus
2705 2214 2991 2286 episcopus
3019 2217 3154 2272 dixit
3188 2235 3202 2272 :
3232 2219 3371 2292 Ergo
3398 2237 3495 2292 per

1909 2306 2306 2370 necessitatem,
2341 2321 2446 2360 non
2470 2304 2566 2375 per
2590 2307 2943 2374 voluntatem,
2971 2324 3154 2366 veram
3177 2310 3336 2367 ﬁdem
3364 2328 3495 2370 con-

1907 2399 2114 2455 ﬁteris?
2148 2398 2416 2470 Eutychos
2443 2399 2727 2471 presbyter
2752 2399 3107 2470 dixitzNunc,
3145 2383 3388 2474 Domine,
3418 2405 3492 2463 ita

1909 2490 1928 2532 ι
1965 2492 2156 2549 habet:
2187 2507 2353 2563 usque
2380 2493 2446 2548 ad
2491 2493 2646 2548 istam
2696 2492 2883 2548 horam
2935 2497 3099 2552 metui
3129 2496 3331 2566 dicere,
3361 2515 3494 2571 quo-

1907 2590 2048 2644 niam
2074 2590 2186 2646 scio
2209 2589 2494 2645 Dominum
2522 2588 2688 2645 Deum
2714 2599 2978 2654 nostrum.
3013 2599 3067 2646 et
3089 2589 3156 2646 de
3173 2592 3288 2663 ejus
3305 2576 3503 2652 natura.

1907 2681 2183 2751 disputare
2231 2680 2360 2736 mihi
2406 2697 2512 2735 non
2568 2681 3284 2753 persuadebam;qnoniant
3313 2696 3490 2742 autem

1905 2785 2083 2830 vestra
2116 2775 2372 2830 sanctitas
2415 2773 2678 2844 permittit
2723 2781 2776 2828 ct
2813 2774 2990 2840 docet,
3021 2775 3165 2832 dico.
3209 2775 3496 2836 Flavianus

1907 2869 2194 2940 episcopus
2216 2868 2384 2924 dixit:
2417 2867 2533 2923 Non
2565 2881 2663 2923 nos
2694 2869 2983 2924 novitatem
3029 2869 3328 2926 inducimus
3353 2913 3368 2937 ,
3400 2872 3495 2930 sed

1908 2972 1948 3001 ιυ
1984 2973 2232 3033 parentes
2287 2960 2454 3016 nostri
2509 2969 2912 3030 exposuerunt;
2970 2969 3024 3016 et
3068 2962 3208 3017 sicut
3252 2964 3497 3034 exposita

1907 3055 1976 3110 ab
1996 3055 2074 3110 eis
2105 3054 2236 3110 ﬁdes
2265 3053 2444 3116 habet,
2477 3052 2554 3107 sic
2598 3051 2904 3119 credentes,
2938 3052 2991 3106 in
3025 3052 3108 3108 his
3149 3069 3498 3124 perseverare

1907 3163 2097 3206 omnes
2126 3146 2395 3210 volumus,
2424 3154 2477 3200 et
2502 3143 2706 3199 nullum
2736 3142 2936 3213 aliquid
2965 3144 3241 3200 innovare.
3274 3145 3495 3202 Floren-

206 3243 448 3292 vanctam
475 3238 654 3289 autem
678 3234 952 3305 Virginem
974 3235 1236 3290 conﬁteor
1257 3235 1414 3292 nobis
1444 3238 1796 3294 consubstan-
1823 3246 1870 3310 ο
1903 3243 2008 3299 tius
2035 3242 2117 3298 vir
2144 3242 2352 3297 illuster
2378 3238 2512 3294 dixit
2537 3256 2549 3294 :
2583 3236 3108 3295 Consubstantialem
3139 3247 3166 3275 ιι
3189 3253 3256 3293 ex
3285 3237 3496 3294 duabus

207 3333 413 3401 sialem,
437 3340 492 3388 et
511 3331 764 3403 quoniam
792 3346 858 3387 ex
887 3347 947 3387 ea
979 3332 1284 3387 incarnatus
1305 3342 1387 3388 est
1417 3333 1557 3389 Deus
1589 3343 1793 3392 noster.

221 3419 243 3462 ³
272 3422 499 3479 Basilius
538 3423 826 3494 episcopus
883 3422 1020 3478 dixit
1045 3440 1058 3478 :
1094 3423 1150 3480 Si
1177 3433 1350 3479 mater
1369 3433 1452 3480 est
1481 3425 1636 3481 nobis
1664 3443 1796 3484 con—

207 3515 575 3572 substantialis
596 3553 611 3578 ,
640 3523 695 3569 et
723 3515 860 3586 ipse,
893 3513 1148 3585 quoniam
1182 3514 1322 3570 ﬁlius
1353 3515 1586 3572 hominis
1633 3534 1796 3576 voca-

272 3709 301 3738 ι
326 3699 504 3772 Αωαά.
535 3699 720 3772 Chalc.
756 3709 810 3756 et
849 3699 1016 3756 addit.
1050 3701 1202 3756 Dion.
1238 3699 1525 3772 utrobique
1557 3701 1794 3758 dictatio.

202 3770 365 3829 Vind.
394 3785 520 3828 cum
552 3771 674 3827 Vat.
707 3773 865 3838 1542,
910 3773 1085 3842 primo
1130 3773 1268 3842 loco,
1299 3770 1489 3837 dictio;
1535 3775 1792 3841 secundo,

201 3843 598 3918 dictatioLMox
630 3859 739 3918 pro
767 3841 1166 3918 sensibusvulg.
1200 3841 1366 3899 Cone.
1411 3845 1608 3900 habent
1638 3862 1797 3918 expo-

199 3915 397 3986 sitioni.
426 3915 583 3970 Vind.
614 3926 669 3972 et
702 3916 907 3972 Vcrccl.
936 3915 1118 3971 delent
1147 3925 1450 3986 utrumque.

266 3984 298 4026 δ
327 3986 666 4059 Mssaaddit1
713 3989 887 4052 Dion.,
917 4003 1139 4059 quorum
1185 3984 1589 4059 Patrum?_Dic
1625 4005 1717 4058 per
1747 3999 1792 4043 te

195 4057 392 4185 iﬂsum.
431 4057 592 4141 Vulg.
631 4057 800 4142 Cone.
849 4057 970 4114 cum
1024 4073 1156 4113 mss.
1199 4058 1411 4126 Chalc.,
1445 4057 1543 4112 Dic
1579 4057 1797 4130 quorum

243 4139 443 4185 atrum.
467 4131 551 4183 dsc
576 4147 667 4185 per
697 4138 744 4185 te
765 4147 952 4185 ipsum.

243 4139 443 4201 atrum,
467 4131 551 4201 dic
576 4147 667 4201 per
697 4138 744 4185 te
765 4131 952 4201 ipsum.

267 4212 293 4241 ε
323 4199 485 4270 Vulg.
507 4199 676 4256 COnc.
711 4219 724 4254 :
747 4200 1002 4270 Conﬁteor
1029 4210 1201 4271 autem
1230 4204 1420 4270 [actam
1448 4201 1559 4271 ejus
1574 4201 1625 4255 in
1642 4217 1795 4257 carne

193 4260 529 4342 prwsnttivam
550 4289 614 4327 ea:
638 4288 792 4344 carne
822 4260 1015 4344 sancta:
1061 4260 1311 4344 Virginis,
1335 4282 1382 4325 et
1414 4260 1794 4340 incorporatum

193 4359 316 4398 sum
345 4345 593 4417 perfecte.
624 4342 758 4417 Cod.
789 4343 1000 4417 'l'huan.
1035 4361 1049 4396 ς
1089 4342 1345 4413 Conﬁteor
1372 4352 1539 4397 autem
1570 4360 1795 4416 prwsen-

193 4417 443 4487 tationem
466 4416 522 4468 in
543 4431 708 4487 carne
733 4416 928 4487 ipsius,
948 4425 1052 4470 etc.

263 4483 293 4523 ά
336 4487 498 4542 Solus
528 4483 761 4554 Qnesn.,'
788 4485 912 4541 Non
958 4485 1238 4545 conﬁteris.
1271 4487 1398 4541 Dein
1448 4501 1579 4541 mss.
1623 4486 1792 4542 addit.

195 4555 358 4614 Dion.
382 4569 438 4613 et
464 4557 655 4612 Chalc.
694 4572 814 4612 cum
865 4555 985 4612 Vat.
1017 4557 1157 4613 5855
1200 4557 1382 4611 delent
1406 4558 1550 4623 dixi;
1603 4569 1658 4611 et
1699 4574 1795 4624 pro

1904 3337 2108 3392 naturis
2149 3344 2269 3405 post
2299 3332 2722 3389 incarnationem
2765 3329 3048 3386 Dominum
3092 3341 3359 3398 nostrum,
3401 3345 3496 3403 qui

1902 3444 1967 3487 ex
1999 3429 2219 3500 Virgine
2249 3436 2274 3464 ο
2301 3435 2408 3494 est,
2437 3425 2594 3493 dicis,
2623 3441 2690 3480 an
2731 3425 2883 3480 non?
2915 3424 3182 3496 Entyches
3212 3424 3488 3496 presbytei

1903 3520 2045 3577 dixit
2077 3538 2092 3576 :
2128 3530 2156 3570 P
2187 3517 2450 3588 Conﬁteor
2479 3533 2545 3572 ea;
2572 3515 2773 3571 duabus
2801 3515 3000 3571 naturis
3032 3516 3190 3587 fuisse
3223 3515 3482 3570 Dominun

1905 3703 2153 3760 Potiores
2173 3703 2333 3760 codd.
2366 3718 2489 3761 cum
2512 3701 2675 3759 Vind.
2703 3701 3055 3773 praetulimus.
3082 3702 3285 3760 Sensus
3312 3714 3477 3766 auten

1903 3791 1968 3830 ex
2000 3775 2188 3831 Graeco
2212 3786 2333 3831 est:
2367 3776 2492 3831 Non
2519 3775 2628 3829 dixi
2652 3790 2838 3845 corpus
2872 3773 3094 3846 hominis
3133 3791 3320 3846 corpus
3363 3775 3496 3846 Dei;

1899 3847 1990 3917 sed
2018 3849 2127 3901 dixi
2157 3849 2441 3919 humanum
2464 3862 2670 3916 corpus,
2695 3841 2751 3900 et
2769 3845 2907 3915 quod
2927 3861 2994 3901 ea:
3030 3845 3143 3917 ipsa
3173 3841 3387 3919 Virgine
3414 3841 3496 3905 in;

1901 3928 2143 3974 carnatus
2164 3927 2236 3974 cst
2261 3918 2532 3974 Dominus.

1981 3989 1996 4028 ί
2034 3989 2157 4046 Vat.
2187 3991 2350 4054 5855,
2382 3999 2429 4044 et
2450 3985 2822 4044 substantialis.
2864 3987 3035 4044 Codd.
3063 3987 3252 4046 Chalc.
3283 3999 3331 4044 et
3366 4008 3493 4047 con-

1902 4062 2260 4116 substantiola.
2326 4061 2446 4117 Mox
2501 4059 2706 4126 Quesn.
2736 4067 2861 4131 ante
2905 4069 3074 4114 tamen
3114 4063 3314 4131 repetit
3355 4063 3492 4119 dico.

1903 4132 2215 4188 Delevimus
2242 4147 2361 4187 cum
2385 4134 2586 4187 nostris
2614 4129 2773 4184 codd.
2801 4139 2856 4184 et
2880 4132 3026 4201 Vulg.

1977 4203 1990 4254 ἱ
2027 4204 2147 4259 Vat.
2173 4203 2312 4260 15ιὲ
2328 4215 2381 4258 et
2403 4217 2533 4258 mss.
2559 4201 2728 4258 addit.
2754 4201 2910 4256 Dion.
2941 4204 3188 4258 consedit.
3215 4203 3333 4260 Mox
3359 4207 3496 4260 enim

1901 4289 1969 4330 ex
1999 4275 2250 4330 omnibus
2279 4275 2479 4330 nostris
2501 4273 2660 4328 codd.
2691 4282 2744 4329 et
2775 4274 2987 4328 excusis
3016 4273 3330 4342 adjecimus.
3361 4277 3493 4333 Dein

1902 4362 2092 4472 υἷέ]βηῖ
2121 4347 2278 4474 ᾳέιεοὲίδ
2290 4361 2387 4416 pro
2409 4360 2618 4418 negasse
2645 4359 2702 4398 eo
2730 4343 2866 4413 quod
2896 4354 2980 4398 cst
3011 4345 3062 4398 in
3084 4341 3270 4400 codd.
3302 4346 3489 4404 Chalc.

1902 4431 1930 4471 e
2035 4435 2060 4467 a
2093 4457 2109 4474 .
2286 4457 2300 4471 .

1899 4431 1956 4471 ει
1993 4431 2109 4474 VM.
2138 4431 2300 4474 ὒδῦῧ.

1972 4485 1997 4524 ιι
2021 4488 2249 4555 Quesn.,
2281 4489 2412 4543 sicut
2442 4495 2586 4556 puto.
2617 4483 2845 4556 Textum
2892 4483 2957 4556 ad
2994 4484 3150 4556 Vind.
3182 4495 3237 4541 et
3263 4500 3490 4546 caeteros

1901 4554 2117 4615 nostros
2146 4560 2360 4614 codices
2386 4554 2694 4626 exegimus.
2725 4555 2853 4609 Mss.
2894 4554 3077 4610 Chalc.
3111 4555 3315 4614 Rustici
3366 4574 3489 4616 cum

195 4646 315 4683 eum
344 4627 516 4704 Deum
562 4628 764 4704 habent
795 4628 956 4704 Deum
1011 4645 1202 4682 meum.
1234 4627 1358 4682 Vat.
1412 4629 1574 4694 1542,
1619 4628 1797 4704 deleto
1821 4643 1874 4704 Ῑ)
1900 4629 2086 4704 C_rab.,
2117 4631 2235 4704 dico
2256 4629 2556 4704 autem_t_ib'i,
2585 4627 2707 4704 quia
2731 4627 2803 4680 sic
2830 4627 3051 4704 restimo,
3076 4628 3200 4704 quia
3237 4645 3270 4682 α
3297 4632 3492 4704 princi-

194 4717 336 4763 essm,
380 4699 541 4754 habet
584 4701 782 4766 pariter
815 4700 976 4753 Deum
1007 4716 1196 4764 meum,
1227 4708 1281 4755 et
1311 4714 1431 4754 cum
1462 4713 1593 4754 mss.
1623 4700 1790 4757 addit.

192 4767 359 4827 Dion.
388 4770 604 4841 ignorat
631 4785 793 4825 voces
821 4769 934 4825 caeli
955 4779 1002 4824 et
1025 4779 1194 4824 terrae.

265 4851 292 4880 ο
327 4841 416 4897 Sic
450 4841 613 4897 Vind.
643 4850 699 4902 et
727 4841 940 4896 Thuan.
976 4841 1387 4896 concinentibus
1420 4842 1650 4897 caeteris.
1697 4842 1797 4898 So-

192 4909 308 4967 lum
339 4913 503 4968 codd.
533 4911 792 4968 Chalced.
824 4927 946 4967 cum
978 4911 1165 4982 Crab.,
1199 4929 1304 4967 non
1340 4913 1465 4967 mihi
1485 4915 1790 4984 persuadeo.

192 4983 358 5040 Solus
391 4985 624 5052 Quesn.,
651 5001 754 5037 non
781 4985 1110 5052 persuadeas.

268 5053 289 5093 ί
317 5057 375 5110 1η
395 5055 648 5110 omnibus
666 5070 796 5112 mss.
815 5055 1222 5110 collectionibus
1246 5056 1500 5125 antiquis,
1519 5071 1635 5124 qua:
1653 5055 1792 5112 hanc

193 5126 508 5196 primaevam
546 5126 848 5196 versionem
888 5126 1187 5192 continent,
1218 5127 1433 5181 omissae
1459 5140 1582 5181 sunt
1613 5127 1792 5182 brevis

195 5195 538 5253 interlocutio
581 5195 837 5263 Flaviani,
891 5207 946 5252 et
989 5197 1244 5268 Eutychis
1291 5200 1786 5268 responsio,iquas

195 5269 449 5339 antiquus
488 5269 755 5336 interpres
783 5269 993 5323 concilii
1025 5267 1477 5324 Chalcedonensis
1504 5284 1570 5324 ex
1604 5267 1792 5324 Grccco

193 5339 462 5413 supplevit
487 5340 571 5394 his
596 5340 802 5413 verbis:
826 5339 1192 5413 Sanctissimus
1212 5339 1621 5413 archiepiscopus
1643 5341 1795 5395 dixit:

193 5408 675 5482 Consubstantialis
687 5427 806 5482 ergo
834 5411 975 5482 nobis
997 5419 1043 5464 et
1073 5410 1256 5482 Virgo,
1281 5427 1343 5465 ea:
1371 5408 1472 5481 qua
1493 5408 1798 5466 incarnatus

223 5491 274 5536 st
309 5481 616 5537 Dominator
636 5480 890 5536 Christus.
916 5480 1453 5606 Eutyches'presbltziter
1477 5482 1645 5537 dixit:
1675 5482 1800 5538 Dixi

223 5553 344 5606 auia
377 5553 536 5606 νῦναο
563 5554 1007 5606 consubstantialis
1037 5563 1106 5606 est
1135 5554 1294 5606 nobis.
1371 5552 1584 5606 asilius:
1615 5564 1722 5606 etc.

193 5553 1007 5626 equitsiVirgoicqnsubslantialis
1037 5563 1106 5607 est
1135 5554 1294 5607 nobis.
1323 5552 1584 5626 Basilius;
1615 5564 1722 5626 etc.

280 5635 304 5672 8
334 5624 660 5692 Vat.'l542,
685 5625 740 5679 in
788 5625 1042 5679 omnibus.
1093 5626 1215 5680 Mox
1246 5624 1400 5680 codd.
1438 5625 1605 5680 addit.
1633 5625 1792 5682 Dion.

194 5704 254 5752 et
277 5711 407 5752 mss.
436 5694 649 5760 Chalc.,
674 5712 790 5750 cum
819 5706 982 5750 mater
1009 5695 1155 5751 nobis
1182 5696 1632 5751 consubstantialis
1673 5697 1760 5752 sit.

273 5766 561 5840 h__Qttesn.,
591 5768 972 5824 Animadvertis
999 5770 1135 5840 quod
1158 5784 1259 5822 non
1285 5768 1414 5822 dixi.
1447 5767 1794 5840 Correxitnus

195 5851 271 5908 ex
294 5837 457 5894 Vind.
488 5838 701 5894 Thuan.
741 5849 796 5895 et
836 5854 966 5896 mss.
999 5837 1166 5895 addit.
1223 5840 1376 5895 Dion.
1414 5847 1574 5908 atque
1603 5838 1788 5894 (:halc.

196 5906 360 5972 Dein.
388 5909 595 5982 Quesn.
626 5909 770 5968 delet
795 5921 864 5976 et,
897 5920 953 5969 ct
980 5927 1080 5974 pro
1106 5912 1402 5974 incarnatus
1429 5906 1593 5969 habet
1613 5919 1785 5970 natus.

1899 4701 1986 4782 pio
2024 4717 2125 4784 non
2147 4700 2393 4755 dicebam.
2426 4700 2549 4755 Mox
2587 4697 2681 4753 hoc
2733 4712 2800 4752 ex
2838 4697 3028 4754 ilsdcm
3049 4698 3212 4754 codd.
3239 4697 3305 4755 et
3341 4701 3488 4774 vulg.

1900 4785 2246 4827 mserntmus.

1976 4841 1993 4880 ι
2026 4843 2228 4911 Quesn.
2259 4842 2409 4898 addit
2450 4857 2536 4906 se;
2566 4840 2864 4899 delevimus
2905 4855 3026 4896 cum
3079 4840 3241 4897 Vind.
3271 4841 3485 4902 Thuan.

1897 4914 2122 4984 aliisque
2153 4917 2350 4970 nostris
2379 4913 2538 4968 codd.

1972 4996 2012 5023 ιο
2039 4981 2186 5040 ldetn
2220 4985 2410 5042 inserit
2449 4986 2713 5054 quoniam.
2765 4982 2936 5039 Codd.
2971 4981 3158 5039 Chalc.
3190 4997 3312 5038 cum
3362 4983 3485 5040 Val.

1899 5057 2041 5113 5855
2074 5072 2170 5126 pro
2199 5067 2433 5121 parentes
2455 5056 2654 5112 habent
2684 5055 2890 5110 Patres.

1970 5137 1997 5164 ιι
2025 5123 2144 5183 Vat.
2174 5127 2313 5183 1562
2331 5139 2384 5184 et
2403 5127 2560 5182 codd.
2592 5127 2759 5182 addit.
2783 5126 2939 5181 Dion.
2960 5134 3121 5193 atque
3141 5123 3331 5179 Chalc.
3361 5137 3486 5181 cum

1903 5199 2112 5262 Graeco,
2141 5208 2189 5253 et
2209 5217 2272 5254 ea:
2291 5199 2490 5253 duabus
2520 5200 2738 5254 naturis.
2773 5197 2829 5253 In
2853 5196 2982 5252 solis
3007 5195 3164 5251 codd.
3197 5196 3354 5264 hujns
3373 5197 3488 5252 cul-

1901 5269 2149 5326 lectionis
2175 5270 2481 5341 conjunctio
2507 5280 2553 5324 et
2591 5270 2813 5326 excidit.

1973 5351 1996 5377 ο
2031 5342 2226 5398 Vocem
2266 5337 2420 5396 natus
2445 5359 2474 5396 a
2514 5341 2803 5409 Quesncllo
2835 5339 3095 5394 insertam
3124 5337 3484 5409 expunximus

1899 5413 2218 5469 auctoritate
2248 5429 2380 5470 mss.
2416 5408 2576 5469 Vind.
2611 5428 2676 5468 ac
2703 5411 2940 5476 Tbuan.,
2973 5409 3093 5465 aliis
3119 5408 3344 5464 aliarum
3373 5413 3489 5466 col-

1900 5482 2190 5540 lectionum
2230 5483 2555 5541 faventibus.

1972 5565 2000 5604 P
2025 5555 2156 5610 Haec
2181 5556 2357 5611 eadem
2385 5555 2535 5610 verba
2555 5554 2711 5625 refert
2734 5569 2799 5609 ea:
2826 5554 2927 5609 ista
2953 5553 3193 5625 versione,
3209 5551 3284 5625 γε.
3312 5551 3415 5607 Leo
3435 5553 3490 5608 in

1966 5628 2113 5682 istola
2152 5627 2220 5681 ad
2251 5626 2561 5682 Flavianum
2613 5624 2730 5696 cap.
2773 5625 2836 5691 6;
2891 5625 3024 5696 unde
3075 5624 3332 5696 conjicere
3373 5625 3490 5678 licet

1899 5694 2045 5753 illam
2067 5701 2232 5770 ipsam
2263 5714 2370 5754 esse
2396 5714 2511 5770 qua;
2530 5713 2594 5770 ea;
2619 5694 2803 5770 Graeco
2815 5695 3054 5770 confecta
3081 5705 3152 5749 est
3170 5694 3353 5770 statim
3375 5712 3469 5768 pos

1898 5764 2105 5840 accepta
2151 5777 2292 5840 gesta
2344 5764 2527 5840 synodi
2568 5768 2724 5832 huius
2763 5764 2874 5840 GP.
2899 5781 3013 5840 qua:
3040 5767 3274 5837 pontifex
3315 5764 3482 5840 noster

1898 5838 2088 5912 passim
2113 5838 2256 5913 gesta
2286 5838 2535 5913 appellat,
2581 5838 3011 5913 quemadmodum
3048 5841 3101 5889 in
3134 5840 3301 5913 fronte
3328 5839 3482 5913 liuius

1897 5907 2451 5994 capituli'legituralta
2495 5907 2696 5982 Quesn.
2727 5909 2852 5967 cod.
2883 5907 3095 5975 Thuan.
3122 5924 3139 5979 ;
3172 5910 3305 5968 alias
3331 5907 3485 5967 colo.
