3996 6344
1451 343 1798 406 sppsnntx
1835 343 1928 402 an
1968 343 2027 399 s.
2068 339 2309 398 LEONlS
2345 342 2558 400 MAGNI
2598 345 2846 406 ovans.

3672 357 3766 418 σοι

530 468 764 522 nostrum
781 468 903 530 ante,
927 461 1289 526 adunationem
1305 478 1328 530 ;
1370 469 1480 531 post
1515 476 1650 530 vero,
1681 474 1838 514 unam
1876 465 2113 511 naturam
2139 455 2192 520 Α
2217 455 2378 529 304.
2406 457 2703 531 Athanasii,
2735 461 2983 532 quoniam
3005 475 3076 519 ex
3105 463 3308 521 duabus
3335 481 3406 538 qu
3431 460 3545 513 deat
3583 477 3645 516 ιω
3693 472 3763 528 τίς

532 555 801 625 conﬁteor.
829 554 1024 612 Sancta
1048 553 1282 628 synodus
1327 553 1466 610 dixit
1496 571 1508 606 :
1561 561 1588 590 ⁸
1619 551 1844 623 Oportet
1871 561 1924 608 te
1947 548 2114 606 conii-

533 646 632 703 teri
663 661 781 718 qute
810 648 968 702 modo
999 647 1157 718 303
1196 646 1332 702 lecta
1365 653 1511 711 sunt,
1564 653 1619 701 et
1659 645 2114 701 anathematizare

532 753 692 808 omne
733 738 925 810 dogma
959 739 1100 809 quod
1133 739 1462 794 contrarium
1518 747 1603 795 est
1639 739 1740 794 his.
1785 738 1810 776 ι’
1840 737 2112 810 Eutyches

533 834 814 908 presbyter
843 834 1014 890 dixit:
1045 834 1164 890 Dixi
1187 834 1459 890 sanctitati
1489 841 1684 890 vestrae
1707 834 1961 904 quoniam
1989 841 2114 890 ante

532 928 634 992 hoc
662 942 766 983 non
795 926 1068 994 dicebam;
1131 943 1274 984 nunc
1317 937 1495 988 autem
1549 927 1800 1000 quoniam
1850 927 1952 982 hoc
1985 926 2117 982 dicit

443 1061 448 1068 η
530 1026 782 1082 sanctitas
826 1031 1028 1092 vestra,
1073 1023 1236 1090 dico;
1288 1031 1342 1082 et
1377 1039 1574 1095 sequor
1623 1023 1828 1080 Patres.
1863 1033 1885 1063 ο
1928 1021 2116 1094 Neque

529 1117 670 1193 enim
725 1131 794 1172 ex
843 1115 1136 1186 Scripturis
1185 1115 1290 1171 hoc
1337 1115 1516 1172 inveni
1566 1114 1949 1186 explanatum,
2013 1129 2113 1171 nec

530 1222 715 1270 omnes
744 1207 929 1264 Patres
958 1207 1228 1264 dixerunt.
1251 1207 1308 1265 Si
1336 1208 1476 1264 enim
1504 1208 1852 1278 damnavero,
1875 1223 1953 1263 va:
1983 1205 2110 1263 mihi

530 1311 634 1378 est,
673 1300 816 1372 quod
847 1300 1036 1356 Patres
1067 1307 1281 1356 nostros
1310 1300 1631 1358 condemno.
1667 1301 1968 1372 Exsurgens
1987 1315 2111 1356 san-

529 1403 612 1472 cta
642 1393 876 1466 synodus
895 1394 1230 1458 acclamavit,
1259 1393 1443 1450 dicens
1471 1413 1483 1448 :
1522 1395 1812 1450 Anatltema
1835 1395 1956 1466 ipsi.
1981 1395 2110 1452 Post

531 1486 646 1543 btet:
675 1487 962 1544 Flavianus
984 1487 1268 1560 episcopus
1299 1487 1461 1552 dixit:
1486 1486 1638 1543 Dicat
1662 1496 1844 1543 sancta
1869 1488 2109 1560 synodus
2140 1543 2153 1554 η

532 1579 661 1648 quid
683 1588 956 1635 mereatur
983 1595 1244 1651 praesens,
1296 1595 1468 1652 neque
1507 1581 1768 1636 conﬁtens
1809 1590 2009 1638 rectam
2051 1583 2111 1637 li-

531 1657 676 1742 dem,
706 1687 880 1742 neque
904 1674 1213 1729 consentire
1240 1673 1430 1728 volens
1466 1675 1718 1745 prasenti
1746 1675 1972 1746 synodo,
2019 1674 2112 1730 sed

2218 562 2342 610 ante
2362 554 2736 610 adunationem
2761 556 3039 612 dixerunt:
3067 570 3187 630 post
3216 569 3390 616 autem
3413 561 3764 622 adunationem

2218 657 2274 705 et
2320 647 2737 710 incarnationem
2785 665 2892 705 non
2945 643 3088 706 duas.
3121 664 3356 720 naturas,
3398 652 3415 692 ί
3470 654 3564 716 sed
3603 673 3763 714 unam.

2219 741 2520 804 Florentius
2549 743 2628 798 vir
2659 742 2867 798 illuster
2892 742 3024 798 dixit
3057 760 3070 797 :
3102 742 3387 802 Confiteris
3413 745 3545 801 duas
3574 759 3766 807 naturas

2220 842 2340 906 post
2365 835 2766 903 adunationem,
2809 834 2932 892 dic?
2962 837 3006 892 si
3035 851 3140 892 non
3169 836 3399 906 dixeris,
3426 838 3761 898 damnaberis.

2216 929 2487 1002 Eutyclies
2527 929 2804 1001 presbyter
2855 930 2986 987 dixit
3017 929 3076 984 :i
3129 931 3257 1004 Legi
3307 934 3481 990 sancti
3513 933 3762 993 Athanasii

2216 1023 2437 1093 scripta,
2471 1023 2719 1094 quoniam
2749 1023 2879 1079 nihil
2918 1025 3022 1080 tale
3058 1024 3210 1082 dicit.
3240 1025 3467 1084 Basilius
3511 1029 3766 1099 episcopus

2217 1113 2352 1187 dixit
2376 1121 2396 1168 τ
2419 1115 2473 1171 Si
2495 1130 2600 1170 non
2632 1115 2764 1171 duas
2786 1124 3002 1171 naturas
3030 1125 3148 1186 post
3176 1115 3552 1174 adunationem
3571 1118 3766 1187 dixeris,

2217 1207 2654 1263 commixtionem
2694 1216 2748 1264 et
2768 1207 3133 1266 confusionem
3164 1209 3316 1266 dicis.
3357 1209 3655 1268 Florentius
3702 1213 3768 1268 vir

2217 1300 2425 1358 illuster
2455 1301 2595 1358 dixit
2619 1319 2632 1356 :
2656 1300 2754 1370 Qui
2787 1318 2891 1358 non
2915 1303 3046 1358 dicit
3077 1300 3099 1340 ¹ι
3131 1318 3198 1360 ex
3243 1304 3451 1361 duabus
3479 1306 3703 1377 naturis,
3725 1316 3769 1365 et

2216 1393 2348 1450 duas
2377 1403 2618 1461 naturas,
2651 1410 2757 1450 non
2787 1395 2958 1451 credit
2987 1405 3155 1453 recte.

2286 1489 2591 1559 Exsurgens
2658 1498 2842 1545 sancta
2897 1489 3134 1560 synodus
3194 1490 3560 1548 exclamavit:
3615 1492 3770 1552 Omnis

2223 1579 2242 1619 ι
2275 1596 2392 1652 quae
2415 1597 2480 1636 ex
2513 1581 2832 1636 necessitate
2861 1590 2966 1650 est,
2996 1581 3130 1636 ﬁdes
3178 1597 3283 1639 non
3336 1593 3440 1639 est.
3494 1583 3641 1640 Multi
3669 1584 3771 1644 anni

2222 1675 2602 1745 imperatorum
2641 1669 3052 1730 catholicorum.
3077 1673 3493 1746 imperatoribus
3521 1676 3771 1734 catholicis

531 1760 556 1800 δ
592 1773 896 1834 perseverat
919 1765 1254 1834 perversitati
1285 1775 1339 1822 et
1361 1780 1550 1822 scaeva:
1579 1766 1978 1822 malivolentiae.
2013 1767 2111 1822 Se-
2144 1757 2190 1817 Β
2220 1751 2415 1823 multos
2452 1781 2646 1827 annos.
2689 1765 2850 1822 Fides
2878 1776 2917 1803 ιη
2969 1777 3149 1823 vestra
3201 1783 3416 1839 semper
3471 1769 3662 1837 vincit,
3686 1784 3772 1826 non

533 1858 716 1914 leucus
753 1859 1036 1931 episcopus
1055 1859 1200 1918 dixit
1224 1859 1460 1938 {Dignus
1484 1860 1700 1931 quidem
1741 1869 1825 1916 est
1867 1861 1966 1916 iste
2012 1861 2111 1915 da-

532 1951 830 2020 mnatione,
874 1962 898 1990 °
930 1953 1027 2009 sed
1053 1960 1232 2010 tamen
1263 1952 1316 2008 in
1345 1952 1677 2010 humanitate
1714 1963 1797 2010 est
1817 1953 2112 2010 sanctitatis

531 2053 746 2101 vestrm.
789 2044 1076 2100 Flavianus
1104 2045 1385 2116 episcopus
1436 2045 1616 2101 dixit:
1668 2046 1726 2103 Si
1768 2046 2114 2128 conﬁteretur

531 2136 806 2207 proprium
837 2146 1142 2208 peccatum,
1169 2146 1224 2194 et
1242 2137 1722 2196 anathematizaret
1772 2140 1959 2210 dogma
1989 2156 2114 2212 pro-

532 2228 725 2299 prium,
755 2239 809 2285 et
838 2231 1166 2288 consentiret
1191 2231 1346 2287 nobis
1374 2232 1724 2302 sequentibus
1773 2234 2112 2290 traditionem

521 2331 836 2378 sanctorum
879 2323 1122 2395 Patrum,
1153 2326 1348 2381 merito
1392 2325 1586 2397 dignus
1622 2336 1768 2383 esset
1795 2329 1978 2396 venia;
2020 2330 2115 2385 sed

531 2414 782 2486 quoniam
828 2426 1106 2485 permanet
1135 2417 1188 2471 in
1217 2417 1404 2473 eadem
1437 2419 1786 2490 malignitate,
1820 2422 2117 2490 subjacebit

533 2501 796 2563 eanonum
820 2507 1090 2564 vindictis.
1116 2508 1386 2582 Eutyches
1408 2509 1543 2565 dixit
1567 2527 1576 2560 :
1603 2511 1734 2566 Dico
1754 2511 1968 2582 quidem
1992 2513 2114 2580 ista,

534 2602 786 2674 quoniam
813 2613 868 2659 et
889 2618 984 2658 vos
1016 2600 1035 2641 ί
1067 2617 1208 2658 nunc
1245 2602 1501 2672 jussistis,
1537 2619 1642 2659 non
1685 2614 1864 2660 autem
1897 2605 2119 2661 anathe-

534 2695 765 2762 matizo;
795 2695 938 2767 quod
967 2697 1109 2752 enim
1137 2695 1277 2767 dico,
1313 2697 1366 2751 in
1397 2699 1620 2753 veritate
1651 2697 1792 2754 dico.
1816 2697 2116 2756 Florentius

535 2787 617 2842 vir
644 2787 850 2843 illuster
878 2787 1044 2844 dixit:
1070 2788 1208 2844 Duas
1236 2799 1455 2845 naturas
1485 2789 1639 2856 dicis,
1671 2797 1725 2845 et
1766 2793 2116 2847 consubstan-
2151 2835 2158 2842 .

535 2879 713 2936 tialem
736 2891 760 2929 8
790 2881 946 2939 nobis
965 2882 1128 2939 esse?
1149 2883 1418 2956 Eutyches
1442 2883 1723 2957 presbyter
1750 2885 1916 2941 dixit:
1950 2883 1979 2924 ιι
2003 2886 2116 2957 Ego

533 2969 638 3046 legi
665 2975 864 3046 scripta
913 2974 1117 3047 Cyrilli,
1149 2983 1205 3033 et
1233 2985 1545 3033 sanctorum
1575 2976 1816 3048 Patrum,
1859 2987 1914 3036 et
1943 2982 2115 3036 sancti

2218 1861 2488 1917 consentit
2513 1859 2657 1931 quod
2699 1860 2773 1916 illi
2823 1859 3134 1931 persuades.
3176 1859 3468 1918 Flavianus
3515 1863 3773 1936 episcopus

2193 1946 2396 2011 dixit:
2429 1953 2531 2010 Per
2570 1954 2749 2008 omnia
2783 1953 3054 2026 Eutyches
3098 1953 3363 2024 quondam
3412 1957 3688 2028 presbyter
3732 1963 3775 2012 et

2221 2047 2688 2114 archimandrites,
2718 2055 2746 2084 ιι
2775 2056 2830 2102 et
2859 2046 2941 2103 his
2979 2063 3099 2119 quae
3127 2056 3249 2102 ante
3277 2056 3392 2104 acta
3424 2059 3572 2117 sunt,
3599 2059 3653 2106 et
3679 2063 3776 2121 pro.

2224 2143 2408 2214 positis
2435 2141 2552 2211 ejus
2601 2139 3007 2211 qumstionibus,
3065 2137 3330 2195 Valentini
3374 2148 3427 2196 et
3479 2139 3777 2211 Apollinaris

2223 2235 2571 2307 perversitate
2597 2242 2842 2304 repertus
2870 2241 2954 2288 est
2982 2242 3005 2269 ο
3028 2243 3310 2303 aegrotare,
3343 2240 3398 2287 et
3433 2247 3622 2289 eorum
3663 2233 3778 2288 blas‘

2225 2327 2488 2398 phemiam
2507 2323 3014 2382 incommutabiliter
3034 2340 3298 2398 sequens:
3318 2325 3408 2397 qui
3439 2341 3539 2381 nec
3565 2335 3777 2403 nostratn

2223 2436 2477 2478 reverens
2523 2419 2925 2491 persuasionem
2973 2428 3027 2476 et
3075 2419 3397 2485 doctrinam,
3426 2419 3588 2476 rectis
3635 2420 3778 2478 voluit

2220 2497 2526 2570 Consentire
2567 2510 2927 2582 dogmatibus.
2979 2508 3130 2566 Unde
3176 2519 3457 2581 gementes
3507 2510 3778 2586 perlectam

2219 2609 2335 2679 ejus
2365 2605 2742 2679 perditionem,
2774 2604 3112 2661 decrevimus
3137 2620 3232 2673 per
3251 2603 3536 2662 Dominum
3561 2615 3778 2664 nostrum

2219 2701 2402 2758 Jesum
2433 2696 2705 2754 Christum
2747 2696 2814 2752 ab
2864 2711 2930 2752 eo
2978 2695 3429 2766 blasphematum,
3488 2707 3778 2757 extraneum

2220 2807 2341 2849 esse
2366 2791 2432 2846 ab
2480 2790 2625 2844 omni
2675 2787 2854 2845 oilicio
2877 2787 3219 2857 sacerdotali,
3249 2796 3306 2846 et
3333 2799 3520 2844 nostra
3562 2805 3779 2846 commu-

2219 2887 2402 2954 nionc,
2435 2885 2595 2957 305
2619 2890 2674 2938 et
2698 2882 2930 2954 primatu
2963 2881 3314 2937 monasterii:
3346 2891 3373 2932 ιδ
3396 2882 3626 2940 scientes
3660 2893 3709 2939 et
3732 2882 3776 2937 hi

2219 2979 2311 3054 qui
2335 2987 2517 3050 postea
2537 2992 2659 3033 cum
2688 2990 2754 3032 eo
2781 2974 3172 3048 colloquentur,
3208 2984 3260 3030 et
3291 2973 3358 3030 ad
3388 2990 3512 3032 eum
3539 2989 3777 3032 convene-

537 3143 839 3221 cummVind.
864 3142 1011 3221 delet
1038 3157 1193 3221 vero;
1231 3143 1424 3221 legitur
1444 3154 1644 3221 autem
1659 3144 1760 3221 hoc
1797 3141 2109 3221 adverbium
2137 3147 2187 3212 α
2227 3215 2258 3221 _
2286 3139 2649 3221 h_VinAd.,_Ego
2675 3139 2835 3221 legem
2857 3136 3311 3221 Cyri!§.Vercel.,
3330 3135 3446 3221 Fgo
3474 3137 3574 3221 legi

536 3214 589 3268 in
612 3213 740 3268 aliis'
757 3215 954 3268 nostris
981 3213 1429 3272 codicibus.Vat.
1464 3215 1604 3272 5855
1630 3214 1791 3284 habet
1840 3223 1953 3284 post
1980 3217 2115 3270 adu-

537 3285 787 3338 nationem
815 3301 952 3352 vero,
976 3285 1053 3340 uti
1079 3285 1219 3353 apud
1251 3287 1506 3342 Leonem.
1553 3285 1725 3346 Codd.
1757 3283 1946 3343 Cbalc.
1993 3303 2115 3343 cum

538 3353 769 3427 Crabbo,
799 3365 914 3427 post
935 3372 1052 3412 vero
1071 3355 1452 3427 adunationem.

609 3434 636 3464 ι
659 3425 845 3481 Melius
866 3426 920 3481 in
947 3443 1075 3483 mss.
1105 3426 1270 3482 addit.
1292 3428 1447 3483 Dion.
1471 3437 1525 3483 et
1545 3427 1667 3482 Vat.
1700 3425 1877 3483 5855:
1905 3426 2118 3499 Oportet

538 3505 586 3552 te
611 3505 759 3572 recte
777 3499 1029 3572 conﬁteri,
1057 3507 1104 3554 et
1135 3500 1562 3572 antithematizare
1591 3515 1743 3572 omne
1771 3499 1956 3572 dogma
1977 3499 2116 3571 quod

538 3571 850 3640 contrarium
870 3579 940 3624 est
973 3569 1051 3625 his
1072 3587 1187 3640 qua:
1207 3571 1361 3625 modo
1382 3572 1511 3626 lecta
1531 3579 1666 3625 sunt.
1699 3569 1975 3640 Eutyches,
1991 3569 2112 3626 'etc.

539 3589 850 3624 comrartum
870 3589 940 3624 est
973 3589 1051 3625 ll“
1107 3589 1187 3625 αα]
1207 3589 1361 3625 moao
1382 3589 1511 3626 ιιι-ια
1531 3589 1666 3625 sunt.
1699 3589 1975 3640 butycttes,
2008 3589 2112 3626 CIC.

539 3639 769 3710 ldipsum
801 3640 962 3700 habet
997 3589 1120 3697 cog.
1155 3641 1270 3697 Vat.
1304 3642 1462 3706 1542,
1495 3643 1595 3696 nisi
1625 3640 1764 3710 quod
1794 3642 1936 3698 delet
1963 3652 2115 3698 recte.

541 3709 700 3836 τηις.
741 3709 926 3770 Chalc.
975 3713 1284 3779 conciuunt,
1315 3723 1368 3768 et
1411 3714 1582 3769 solum
1612 3709 1711 3782 pro
1740 3721 1872 3766 recte
1922 3712 2117 3769 habent

541 3797 562 3834 r
585 3798 692 3836 are.

539 3797 692 3838 ctare.

607 3849 636 3890 δ
663 3853 866 3920 Quesn.
905 3871 916 3906 :
948 3853 1200 3924 Eutyches
1253 3854 1382 3909 dixit
1413 3871 1432 3910 :
1468 3853 1738 3909 Sanctitati
1765 3863 1938 3909 vestra:
1959 3855 2120 3924 con/i-

540 3931 666 3994 teor,
693 3927 936 3994 quoniam
966 3937 1083 3978 ante
1121 3927 1211 3978 hoc
1257 3942 1357 3980 non
1389 3925 1654 3993 dicebam;
1684 3925 1922 3994 quoniam
1952 3935 2120 3980 autent

542 3991 638 4066 hoc
668 3991 812 4060 dicit,
839 4003 943 4050 etc.
965 3995 1274 4052 Lectionem
1302 3991 1641 4066 praetulimus
1682 3991 1982 4050 nostrorum
2031 4013 2120 4052 cos

540 4062 739 4136 dicam,
771 4074 825 4119 et
849 4065 991 4136 vulg.
1039 4066 1222 4121 Solum
1277 4062 1405 4122 mss.
1443 4067 1610 4122 addit.
1646 4067 1801 4123 Dion.
1841 4082 1960 4122 cum
1996 4068 2115 4125 Vat.

542 4133 679 4192 i542
694 4146 752 4206 et
784 4136 924 4206 vuig.
944 4133 1050 4204 'pro
1080 4136 1198 4192 dicit
1231 4139 1427 4195 habent
1456 4139 1619 4193 docet.

615 4205 836 4281 °_Codd.
870 4208 1094 4281 aliarum
1119 4209 1334 4281 collect.
1365 4225 1483 4265 cum
1535 4212 1702 4281 vulg.,
1728 4210 1911 4280 Neque
1952 4220 2119 4267 autem

541 4275 594 4354 in
623 4275 924 4348 Scripturis.
956 4280 1078 4336 Mox
1100 4280 1340 4351 quaedam
1375 4296 1503 4336 mss.
1549 4275 1896 4354 exemplaria,
1929 4283 1995 4338 Et
2024 4300 2113 4338 ex-

450 4350 458 4359 °
541 4351 768 4415 surgens.

611 4405 743 4492 «[ιω
768 4423 1170 4490 ρτωδιαηῑίοτεε
1193 4423 1349 4492 hujus
1372 4423 1708 4480 collectionis
1757 4425 1915 4481 codd.
1955 4425 2116 4480 Vind.

543 4497 594 4563 et
623 4489 857 4563 Tltua’n”
880 4489 1338 4551 consentientibus
1371 4512 1500 4551 mss.
1538 4495 1676 4550 Vatt.
1712 4497 1852 4552 1542
1877 4507 1929 4552 ct
1953 4497 2114 4563 5855,

544 4559 644 4636 nisi
667 4562 808 4630 quod
846 4565 938 4620 ille
983 4565 1130 4620 addit
1175 4583 1280 4621 sum
1311 4577 1429 4633 post
1466 4566 1658 4632 scisam,
1694 4566 1794 4622 iste
1844 4559 2116 4636 praemittit

544 4630 703 4704 etiam
727 4636 1054 4703 peruersitati.
1085 4630 1405 4703 Quesnellus
1439 4630 2112 4704 emendandum'cretlidit,

545 4701 679 4755 forte
704 4701 824 4779 cum
867 4706 987 4779 cod.
1016 4701 1213 4779 Oxon.,
1241 4709 1328 4762 sed
1349 4723 1674 4779 perseverans
1715 4709 1766 4762 in
1796 4701 2120 4779 perversitate

544 4786 652 4847 sure
696 4775 1070 4832 malivolentiae.
1109 4778 1279 4833 Codd.
1325 4775 1654 4833 a'dditionum
1695 4775 1874 4847 Dion.,
1907 4783 2113 4847 melius,

544 4843 635 4923 sed
659 4857 942 4923 perseverat
971 4850 1023 4902 in
1051 4865 1145 4902 sua
1178 4850 1517 4923 pertjersitate,
1547 4859 1593 4904 et
1619 4850 1792 4919 iniqua
1823 4843 2119 4923 inalivolenl

544 4914 634 4968 tia.
667 4914 822 4989 Vulg.
851 4933 970 4973 cum
999 4933 1127 4973 mss.
1165 4914 1348 4976 Chaic.
1371 4922 1459 4975 sed
1486 4921 1539 4973 in
1565 4937 1659 4974 sua
1698 4914 1931 4989 perversa
1953 4931 2000 4976 et
2021 4922 2121 4976 ini-

543 5000 643 5053 qua
674 4987 985 5059 malignitate
1011 4991 1300 5059 persistens.

619 5065 642 5094 '
675 5058 840 5131 Codd.
865 5058 1030 5117 addit.
1064 5061 1244 5131 Dion.,
1267 5062 1356 5116 sed
1387 5071 1556 5115 tamen
1587 5061 1637 5115 in
1657 5060 1969 5118 humanitate
1995 5080 2118 5118 san-

535 5128 730 5198 ctitatis
777 5141 953 5186 vestra:
977 5128 1236 5190 consistit.
1259 5132 1381 5187 Vat.
1407 5133 1568 5195 5855,
1610 5133 1700 5184 sed
1724 5140 1892 5186 tamen
1922 5135 1972 5187 in
2002 5152 2122 5190 san-

541 5199 727 5253 ctitatis
759 5211 934 5257 vestra:
963 5204 1274 5258 humanitate
1295 5205 1514 5272 positum
1541 5211 1632 5256 est.
1667 5203 1790 5258 Mss.
1823 5203 2034 5270 Chalc.,
2069 5207 2121 5260 in

542 5279 717 5326 vostrae
736 5284 902 5329 tamen
918 5274 1195 5328 sanctitatis
1216 5275 1529 5328 humanitate
1548 5275 1712 5327 solum
1729 5276 1974 5334 consistit.
1994 5279 2117 5332 Mox

532 5339 664 5421 Vat.
697 5342 853 5412 5855,
887 5346 932 5399 si
957 5347 1201 5469 conﬁtens
1221 5345 1486 5417 proprium
1517 5356 1776 5412 peccatum
1819 5347 2120 5401 anathema-

542 5419 742 5468 ttzaret.
787 5415 956 5469 Codd.
1010 5417 1049 5469 C
1091 5415 1216 5469 alc..
1262 5416 1510 5469 siauidem
1561 5418 1806 5469 conﬁtens
1856 5421 2120 5469 nronriunt

542 5410 742 5468 tizaret.
787 5410 956 5470 ded.
1010 5410 1232 5480 Chalc.,'
1262 5410 1526 5484 siquidem
1561 5418 1806 5482 confitens
1854 5421 2120 5486 proprium

541 5494 822 5558 peccatum,
843 5488 1232 5558 persuaderetur
1269 5486 1701 5542 anathematizare
1729 5488 1989 5557 prapriam
2030 5490 2123 5543 do-

539 5556 779 5619 ctrinam,
811 5556 857 5613 et
887 5559 1168 5613 consentire
1208 5559 1369 5613 nobis.

617 5623 636 5662 ί
663 5628 991 5686 Auctoritate
1020 5639 1326 5684 nostrorum
1359 5628 1606 5686 codicum
1629 5627 1932 5684 addidimus
1965 5646 2117 5685 nunc.

544 5691 661 5749 Mox
679 5696 802 5768 _Vat.
837 5699 996 5768 5855,
1026 5717 1142 5754 cum
1171 5701 1377 5754 veritate
1408 5701 1543 5754 dico.

617 5773 642 5812 ι
667 5766 892 5842 Quem“
919 5766 1059 5825 nobis
1091 5769 1368 5825 Dominum
1389 5770 1647 5842 Christum
1671 5770 1987 5842 ?E~rtyches.
2020 5771 2123 5829 Co-

539 5831 716 5895 dicetn
740 5831 902 5898 Vind'.
929 5842 1048 5900 aliis
1073 5841 1487 5908 suifragantibus
1517 5831 1904 5906 expressimus.

2218 3197 2611 3292 Codd._Chalc:
2629 3197 2752 3268 cuii:
2779 3197 2966 3292 cmi,
2987 3208 3098 3280 Ego
3123 3197 3310 3292 ιοςηιοέ
3331 3197 3493 3292 tegas.
3512 3197 3576 3264 ti.
3593 3197 3774 3292 cista.

2220 3286 2354 3342 Dein
2382 3286 2582 3352 Quesu.
2615 3292 2739 3337 ante
2766 3283 3010 3353 quoniam
3047 3282 3240 3353 repetit
3267 3281 3390 3353 legi,
3422 3289 3479 3336 et
3509 3292 3625 3350 post
3647 3281 3750 3338 disc

2217 3368 2338 3411 runt
2358 3351 2509 3412 addit
2535 3351 2793 3409 Christum
2816 3352 2988 3424 fuisse.
3025 3351 3330 3424 Detevimus
3367 3359 3650 3422 utrumque
3671 3365 3774 3410 cum

2217 3429 2468 3483 omnibus
2508 3426 2740 3482 nostris
2765 3422 2825 3480 et
2851 3424 2992 3494 vulg.
3023 3422 3337 3494 codicibus.
3768 3427 3773 3434 '

2295 3498 2494 3570 iVulg.
2526 3499 2690 3553 Coac.
2745 3510 2868 3552 cum
2899 3492 3029 3551 mss.
3062 3493 3230 3550 addit.
3277 3492 3465 3560 Dion.,
3508 3495 3598 3550 sed
3641 3509 3776 3549 usus

2217 3580 2457 3626 naturam
2485 3570 2740 3624 dixerunt.

2292 3647 2306 3693 t
2343 3641 2502 3710 Vulg.
2535 3652 2656 3696 cum
2685 3638 2840 3694 codd.
2875 3635 3084 3710 Chalc.,
3106 3633 3231 3710 Legi
3241 3636 3417 3710 jubete
3433 3638 3600 3710 sancti
3626 3636 3767 3710 Atha-

2219 3713 2356 3767 nasii
2396 3707 2607 3780 scripta,
2639 3721 2692 3764 ut
2720 3709 2995 3764 advertatis
3045 3707 3283 3776 quoniam
3317 3707 3466 3780 nihil
3511 3708 3608 3762 tale
3634 3707 3765 3780 dicit.

2219 3777 2549 3840 Caeterarum
2569 3782 2946 3837 collectionum
2970 3793 3101 3834 mss.
3120 3777 3447 3847 exemplaria
3469 3778 3766 3848 praemissam

2221 3853 2478 3910 Florentii
2508 3863 2561 3909 et
2594 3852 2732 3908 hanc
2761 3852 3018 3924 Eutychis
3062 3847 3529 3905 interlocutionem
3574 3863 3660 3921 per
3680 3847 3768 3904 sal-

2223 3935 2334 3980 tum
2367 3927 2692 3980 transiliunt.

2294 3995 2320 4034 ¹ί
2356 3993 2581 4062 Quem,
2613 3993 3027 4065 repugnantibus
3067 3989 3226 4046 codd.
3262 3989 3419 4065 Vind.
3462 4005 3525 4046 ac
3550 3991 3763 4065 _'l‘huan.,

2225 4067 2380 4135 hujus
2400 4062 2767 4134 collection—is;
2786 4065 3100 4134 quibuscum
3123 4062 3466 4135 consentiunt
3491 4063 3642 4135 etiam
3681 4075 3766 4135 cge-

2226 4131 2324 4193 teri
2357 4140 2581 4194 aliarum
2608 4131 2981 4192 collectiouum
3013 4142 3068 4189 et
3097 4133 3318 4202 vulgati,
3350 4132 3493 4189 hunc
3521 4133 3678 4188 locum
3703 4131 3774 4186 ita‘

2222 4211 2485 4279 expressit
2519 4227 2533 4264 :
2575 4224 2637 4264 ea:
2663 4209 2860 4263 duabus
2888 4206 3085 4279 naturis
3109 4206 3267 4279 fuisse
3289 4202 3548 4279 Christth
3585 4213 3627 4258 et
3657 4205 3763 4256 ditas

2222 4273 2430 4334 naiuras
2461 4296 2560 4334 non
2603 4280 2893 4350 conﬁtetur,
2925 4273 3455 4333 anatheinatizabitur.
3486 4273 3761 4348 Exsurgens,

2223 4360 2330 4406 etc.
2775 4361 2782 4368 '

2302 4421 2508 4476 lSolus
2551 4422 2750 4488 Quesn.
2783 4421 2928 4478 addit
2972 4419 3120 4489 ﬁdes.
3169 4415 3340 4474 Codd.
3386 4416 3552 4474 addit.
3605 4416 3757 4480 Dion.,

2223 4509 2381 4568 omne
2393 4493 2530 4568 quod
2552 4510 2617 4568 ea:
2637 4494 2948 4568 necessitate.
3249 4558 3264 4568 _
3397 4558 3456 4568 __
3617 4565 3625 4568 _
3711 4556 3738 4568 Δ,

2294 4574 2329 4600 αι
2352 4558 2440 4621 Sic
2469 4565 2627 4645 codd.
2655 4565 2811 4645 hujus
2831 4564 3176 4645 collect.cum
3199 4558 3370 4645 addit.
3397 4558 3554 4615 Dion.
3581 4565 3629 4616 et
3649 4558 3762 4613 anti-

2221 4651 2324 4707 qua
2352 4638 2529 4691 versio
2555 4651 2655 4692 ms.
2690 4635 2862 4691 Paris.
2907 4635 3069 4699 Alias,
3104 4641 3297 4687 nostra.

2291 4715 2318 4779 '3
2350 4706 2504 4779 Vulg.
2537 4708 2725 4773 Conc.;
2753 4718 2800 4779 et
2827 4723 2891 4779 ea:
2916 4706 3015 4779 his.
3045 4703 3218 4760 Codd.
3249 4701 3419 4779 addit.
3443 4700 3598 4779 Dion.
3619 4699 3763 4779 deleto

2219 4788 2268 4832 et
2297 4771 2495 4835 habent
2521 4795 2584 4834 ea:
2613 4771 2727 4846 his,‘
2751 4777 2879 4834 dein
2906 4777 3116 4848 utrique
3141 4785 3191 4831 et
3216 4773 3441 4846 propriis
3462 4774 3572 4845 ejus
3599 4771 3765 4842 conlct-

2219 4849 2462 4905 sionibus.

2294 4927 2319 4957 ο
2349 4919 2520 4975 Codd.
2543 4919 2710 4974 addit.
2743 4918 2900 4975 Dion.
2924 4933 3046 4974 cum
3067 4932 3174 4974 uno
3194 4919 3353 4974 Corb.
3386 4926 3442 4975 et
3469 4916 3633 4973 Paris.
3660 4926 3764 4968 con-

2220 4990 2325 5046 cilii
2357 4990 2541 5046 Chalc.
2569 4999 2845 5062 agrotans.
2905 4990 3024 5045 Mox
3071 4991 3310 5062 plerique
3345 4989 3534 5062 (ῑίξᾴᾶ⁸2
3562 4984 3768 5062 blasphe-

2223 5062 2370 5116 mias.
2405 5062 2536 5117 Dein
2567 5053 2661 5130 pr'o
2687 5077 2924 5132 sequens.
2953 5053 3094 5132 quod
3121 5053 3241 5116 cum
3267 5057 3558 5132 ms.iVind.
3589 5065 3640 5112 et
3662 5053 3764 5108 Vat.

2223 5133 2382 5202 i542,
2413 5133 2640 5190 laudatis
2687 5131 2847 5187 etiam
2893 5131 3165 5202 codicibus
3206 5131 3640 5202 approbantibus,
3695 5138 3764 5178 re-

2223 5197 2516 5274 posuimus,
2571 5203 2888 5270 Quesnellus
2928 5201 3090 5274 habet
3134 5197 3354 5258 secutus.
3408 5201 3558 5274 Vulg.
3602 5197 3763 5258 Conc.,

2221 5273 2393 5346 sequi;
2419 5277 2661 5345 idemque
2685 5275 2843 5330 habet
2885 5275 3005 5330 cod.
3041 5273 3158 5331 Vat.
3194 5275 3357 5346 5855,
3404 5273 3493 5346 qui
3536 5278 3765 5346 praeterea

2223 5337 2469 5416 ampliori
2497 5337 2861 5403 additamento
2893 5346 3234 5416 prosequitur
3267 5337 3765 5416 sic':Sequiinegando

2225 5410 2500 5474 Dominum
2521 5427 2747 5473 nostrum
2768 5410 2938 5471 verum
2962 5410 3198 5472 humana:
3223 5418 3392 5472 carnis
3417 5410 3638 5469 habuisse
3663 5410 3765 5464 sub-

2223 5491 2482 5561 stantiam,
2516 5490 2604 5544 sed
2631 5481 2896 5561 probrittm
2935 5491 3103 5543 nescio
3135 5489 3272 5559 quod
3299 5503 3485 5561 corpus
3522 5496 3674 5539 seatm
3718 5477 3768 5528 de

2223 5559 2348 5613 creto
2377 5577 2606 5615 asserens
2632 5558 2937 5626 exhibuisse,
2961 5577 3050 5613 nec
3073 5558 3298 5614 nostram
3323 5558 3770 5627 reverituspersttd-

2223 5631 2414 5703 sionem
2439 5642 2488 5686 et
2509 5633 2815 5697 doctrinam,
2861 5632 3195 5703 rectisﬁvoluit
3235 5630 3519 5684 consentire
3551 5626 3773 5703 dogmati-

2226 5702 2337 5768 bus,
2370 5714 2423 5756 ut
2464 5707 2686 5759 crederet
2737 5694 2866 5758 dtis
2911 5703 2961 5758 in
2990 5702 3192 5759 Christo
3225 5710 3332 5756 esse
3362 5708 3593 5763 naturas,
3617 5694 3665 5746 id
3692 5697 3769 5749 est,

2226 5774 2329 5827 veri
2358 5775 2450 5850 Dei
2477 5785 2522 5828 et
2538 5778 2906 5850 veri/tominis.
2945 5775 3091 5830 Unde
3116 5788 3392 5850 gementes,
3416 5779 3521 5850 etc.

2300 5857 2324 5894 P
2356 5828 2427 5900 tta
2454 5828 2763 5902 ρυςιζγίιιά.
2792 5828 2909 5901 cum
2949 5828 3164 5904 caeteris
3195 5828 3393 5904 nostris
3431 5840 3642 5902 aliarum
3676 5828 3776 5887 colo
