3996 6344
291 333 392 428 cas

727 367 955 426 CODEX
991 364 1318 427 CANONUM
1357 369 1638 428 ECCLES.
1682 365 1766 424 ET
1807 366 2383 427 CONSTITUTORUM
2424 369 2481 423 S.
2524 365 2718 426 SEDIS
2759 365 3089 427 APOSTOLI

3458 363 3560 436 till

290 481 523 537 triduum
543 479 787 553 Paschie,
811 499 918 556 quo
946 499 1100 542 caena
1123 485 1333 542 Domini
1354 485 1676 551 celebratur,
1705 494 1732 523 ει
1751 499 1882 542 con-
1905 492 1961 552 Α
1983 487 2134 543 Tunc
2177 489 2264 544 ille
2307 487 2622 544 Timotheus
2671 489 2952 544 damnatus
2973 531 2989 557 ,
3035 495 3252 558 accepta
3297 485 3566 560 libertate,

281 577 459 632 ductis
506 577 578 633 ab
629 577 714 634 bis
760 579 985 650 perditis
1029 581 1192 654 310
1238 579 1500 636 occiditur
1545 580 1599 635 in
1647 579 1872 636 ecclesia

275 677 476 726 sancta:
505 671 780 727 memoria:
815 671 1108 739 Proterius,
1147 672 1213 728 ad
1243 688 1401 742 quam
1439 686 1498 728 se
1528 672 1716 728 timore
1743 686 1875 728 con-

275 763 504 830 tulerat;
547 763 727 836 ibique
755 763 782 804 δ
820 765 1130 837 supradicto
1164 767 1250 822 die
1288 765 1342 820 in
1384 766 1698 836 baptisterio
1731 767 1872 822 occi-

271 853 451 920 ditur,
493 856 762 922 laniatur,
799 857 1040 928 ejicitur,
1081 867 1135 915 et
1177 857 1334 913 funus
1368 859 1484 929 ejus
1528 859 1867 929 incenditur,

268 945 594 1019 cineresque
615 949 782 1019 ipsius
801 959 1194 1022 exsparguntur
1214 951 1268 1006 in
1292 961 1502 1008 ventos.
1534 952 1737 1008 Interea
1761 952 1871 1008 Leo

267 1042 436 1096 sumit
478 1042 795 1114 imperium,
825 1043 892 1098 ad
935 1059 1095 1115 quem
1125 1043 1256 1099 tanti
1290 1045 1542 1100 facinoris
1593 1054 1615 1082 ο
1647 1045 1872 1100 catholi-

265 1149 458 1191 corum
504 1137 722 1207 querela
770 1139 1047 1208 pervenit,
1085 1148 1270 1194 contra
1316 1155 1449 1208 quos
1480 1139 1718 1194 haeretici
1745 1155 1872 1210 sup-

266 1227 628 1299 plicaverunt,
654 1241 900 1302 petentes
927 1242 988 1287 ut
1010 1230 1468 1288 Chalcedonensis
1484 1233 1722 1304 synodus
1743 1233 1872 1288 abo-

263 1319 496 1387 levetur,
525 1319 551 1358 ·¹
580 1339 610 1378 c
640 1333 828 1379 contra
852 1323 927 1379 illi
946 1323 1236 1380 vindictam
1269 1323 1490 1378 sceleris
1514 1325 1867 1393 postulantes.

263 1421 292 1451 ⁸
341 1413 705 1472 Considerans
754 1418 1049 1487 imperatur
1098 1419 1258 1474 nimis
1308 1432 1428 1474 esse
1481 1433 1643 1488 grave
1687 1419 1868 1474 vexari

260 1515 423 1562 tanto
448 1507 640 1565 itinere
668 1509 1005 1572 sacerdotes,
1035 1525 1265 1580 quorum
1298 1518 1388 1564 aut
1417 1519 1570 1576 retas,
1601 1519 1694 1564 aut
1723 1511 1868 1565 intir-

259 1599 461 1664 mitas,
489 1610 582 1656 aut
623 1613 912 1672 paupertas
945 1603 1087 1658 hunc
1129 1602 1365 1657 laborem
1398 1602 1578 1657 subire
1616 1603 1864 1670 prohibe-

259 1689 383 1757 bat,
415 1691 594 1764 dirigit
623 1709 720 1762 per
743 1703 912 1750 totmn
943 1693 1221 1750 Orientem
1247 1694 1655 1764 magistrianos,
1688 1695 1868 1763 dirigit

257 1791 316 1839 et
385 1783 664 1840 Anatolius
721 1788 1005 1857 episcopus
1070 1783 1088 1824 ι’
1153 1787 1521 1856 Asclepiadem
1577 1787 1860 1844 diaconum

1975 575 2492 648 Constantinopolim
2518 579 2694 646 venit,
2727 587 2781 634 et
2807 578 3090 633 damnatos
3122 578 3404 634 hazreticos
3432 578 3568 636 locis

1974 671 2087 726 suis
2134 671 2383 728 reddidit.
2425 671 2582 727 Vadit
2630 671 3044 736 Alexandriam,
3093 670 3224 740 fugit
3252 669 3568 726 Timotheus

1976 759 2001 799 ¹ί
2032 762 2326 818 catholicus
2350 805 2363 829 ,
2398 772 2450 820 et
2483 765 2534 818 in
2567 764 2892 819 monasterio
2921 763 3090 818 latuit.
3138 763 3328 820 Petrus
3358 763 3448 820 ille
3470 764 3570 819 ite-

1973 872 2091 912 rum
2141 872 2200 911 se
2247 857 2533 912 Timotheo
2581 858 2774 926 iunxit,
2801 874 2922 914 cum
2967 874 3074 929 quo
3104 859 3278 914 fuerat
3319 869 3443 914 ante
3473 857 3569 914 da-

1975 959 2205 1003 mnatus.
2236 949 2394 1004 Redit
2431 949 2578 1003 Zeno
2613 947 2629 985 ι
2663 949 2958 1020 imperator
2996 952 3058 1004 ad
3098 967 3342 1022 regnum,
3375 948 3568 1007 Basili-

1989 1055 2112 1096 scus
2136 1043 2476 1111 opprimitur.
2508 1043 2725 1097 Mittitur
2754 1043 3158 1111 Alexandriam,
3177 1053 3232 1098 ut
3261 1044 3412 1113 pulso
3443 1059 3567 1114 per-

1973 1149 2162 1189 VaSore
2202 1133 2518 1202 Timotheo,
2553 1134 2869 1188 Timotheus
2917 1134 3213 1190 catholicus
3247 1135 3568 1190 redderetur

1974 1226 2254 1282 Ecclesia.
2302 1226 2408 1281 Sed
2465 1227 2559 1282 illo
2587 1227 2868 1282 Timotheo
2912 1228 3164 1283 damnato
3217 1240 3390 1285 morte
3428 1244 3570 1300 pra:-

1972 1332 2163 1386 vento,
2197 1321 2385 1378 Petrus
2412 1333 2451 1360 ω
2487 1325 2553 1377 ab
2593 1339 2700 1378 uno
2748 1323 3002 1380 haeretica
3033 1325 3428 1382 Alexandrinus
3456 1325 3571 1396 epi-

1970 1429 2166 1484 scopus
2215 1414 2532 1480 ordinatur,
2585 1430 2742 1486 quem
2795 1415 3142 1472 nihilominus
3201 1416 3358 1486 dejici
3410 1417 3571 1488 jussit

1972 1506 2296 1573 imperator,
2340 1517 2394 1562 et
2427 1507 2613 1562 reduci
2654 1507 3001 1564 Timotheum
3040 1509 3396 1575 catholicum,
3427 1511 3569 1566 sicut

1969 1608 1996 1636 υ
2026 1600 2186 1655 etiam
2220 1603 2397 1656 Acacii
2447 1601 2645 1658 litteris
2673 1603 3000 1659 continetur.
3034 1603 3239 1659 Interea
3285 1604 3472 1660 scribit
3500 1603 3568 1660 ad

1968 1703 2169 1749 sanetae
2221 1695 2496 1751 memoriis
2546 1711 2736 1768 papam
2769 1696 3101 1766 Simplicium
3137 1697 3453 1752 Timethens
3480 1712 3570 1754 ca-

1965 1789 2224 1855 tholicus,
2258 1804 2452 1859 rogans
2481 1799 2536 1845 et
2578 1792 2765 1845 dicens
2796 1790 3010 1845 Petrum
3060 1789 3190 1844 olitn
3224 1791 3276 1846 in
3313 1790 3567 1846 diaconiu

256 1887 445 1941 suum,
480 1891 574 1946 per
599 1891 732 1947 quos
761 1892 953 1934 omnes
979 1878 1052 1932 illi
1090 1877 1363 1950 episcopi,
1398 1879 1487 1948 qni
1527 1878 1863 1935 Chalcedone
1894 1888 1942 1948 Β
1968 1897 2089 1937 esse
2139 1883 2472 1947 damnatum,
2509 1897 2650 1937 nunc
2688 1884 2850 1938 etiam
2898 1899 2926 1937 a
2981 1883 3272 1939 christiana
3314 1883 3571 1939 societate

211 1967 482 2024 -luerant
527 1971 867 2042 congregati,
926 1971 1052 2042 quid
1101 1971 1438 2027 Alexandria:
1490 1982 1699 2041 gestum
1755 1974 1862 2040 sit,

257 2075 644 2133 agnoscerent.
685 2064 787 2132 Qui
836 2081 1025 2121 omnes
1072 2076 1096 2114 8
1131 2065 1526 2135 reseripserunt
1568 2062 1864 2122 Chalcedo-

256 2169 494 2212 nensem
536 2157 694 2230 311
726 2159 990 2230 synodum
1021 2175 1187 2229 usque
1225 2159 1292 2213 ad
1320 2158 1634 2229 sanguinem
1681 2157 1868 2214 defen-

255 2246 500 2304 dendam
550 2264 705 2314 esse,
753 2251 875 2320 quia
923 2267 1028 2306 non
1077 2253 1296 2306 alteram
1350 2251 1507 2306 fidem
1559 2248 1585 2286 ιι
1639 2260 1864 2316 teneret,

255 2357 424 2413 quant
479 2344 719 2415 synodus
747 2344 962 2400 Nicmna
1003 2345 1316 2408 constituit;
1350 2344 1691 2399 TintOthentn
1739 2360 1868 2399 vero

258 2452 370 2493 non
418 2438 597 2492 solum
631 2439 769 2494 inter
816 2439 1098 2510 episcopos
1135 2436 1149 2476 ί
1187 2454 1292 2494 non
1324 2439 1530 2505 haberi,
1560 2439 1655 2492 sed
1704 2439 1866 2493 etiam

256 2529 562 2587 christiana
602 2533 962 2602 appellatione
1002 2533 1200 2602 privari
1235 2532 1282 2586 ἑ.
1311 2532 1428 2598 Quo
1473 2531 1612 2585 facto
1645 2531 1702 2584 fit
1731 2531 1867 2586 alter

257 2622 586 2679 Timotheus
617 2624 1278 2694 episcopusAlexandrim.
1307 2623 1405 2677 Vix
1431 2622 1520 2677 ille
1548 2622 1864 2678 Timotheus

257 2716 488 2787 pellitur
514 2726 570 2772 et
600 2717 829 2772 mittitur
871 2718 924 2773 in
975 2717 1222 2772 exsilium
1253 2717 1544 2773 (Zersonam
1567 2762 1580 2786 ,
1634 2715 1766 2786 fugit
1812 2725 1864 2770 et

258 2808 463 2866 Petrus
523 2809 828 2867 haereticus.
895 2810 1139 2878 Quandiu
1213 2825 1342 2881 ergo
1386 2810 1520 2864 vixit
1575 2811 1866 2879 imperator

260 2902 741 2968 Leo,Timothens
789 2904 1073 2975 episcopus
1121 2904 1455 2960 Alexandria:
1501 2904 1636 2959 vixit
1664 2903 1866 2973 quiete.

261 2995 366 3053 Sed
397 3011 524 3052 cum
555 2997 844 3054 Basiliscus
889 3009 1210 3069 occupasset
1259 2998 1564 3068 imperium,
1608 2997 1869 3050 damnare

265 3092 433 3164 carpit
453 3089 950 3150 Chalcedonensem
969 3092 1257 3163 synodum,
1274 3101 1329 3148 et
1354 3091 1538 3163 fugare
1547 3089 1883 3175 catholicos.

1244 3213 1280 3229 α

347 3329 374 3359 ⁸
402 3318 644 3386 Brevic.,
677 3317 890 3373 collecta
912 3315 1242 3372 multitudine
1261 3313 1574 3386 perditorum
1594 3322 1872 3386 occupatur
1897 3310 1945 3376 C
1976 3310 2171 3386 legitur
2223 3328 2239 3365 :

279 3389 530 3458 Ecclesia,
575 3395 643 3445 ad
692 3406 847 3458 quam
892 3405 946 3443 se
983 3397 1172 3443 sanctm
1218 3389 1476 3441 memoria:
1520 3385 1787 3458 Proterius
1807 3386 1872 3458 de

280 3480 420 3519 more
455 3457 758 3519 contulerat.
791 3461 1070 3516 Liberatus
1101 3474 1230 3514 vero
1277 3459 1356 3512 sic
1389 3476 1402 3512 :
1434 3459 1507 3510 Ab
1554 3457 1678 3527 ipsis
1712 3457 1871 3510 turbis

275 3535 602 3590 conﬁnditur
627 3536 683 3588 in
731 3533 943 3588 ecclesia
967 3541 1160 3586 sancta:
1180 3530 1439 3584 memoria:
1460 3527 1742 3593 Proterius,
1774 3544 1872 3596 quo

272 3608 538 3681 seqtimore
558 3605 867 3661 contulerat.
901 3604 1019 3658 Mox
1045 3605 1276 3668 Quesn.,
1306 3601 1369 3654 ab
1415 3601 1496 3655 Itis
1524 3599 1738 3681 perditis
1767 3600 1866 3652 lto-

269 3679 536 3744 minibus;
563 3693 723 3747 quam
771 3685 1095 3746 postremam
1122 3686 1310 3729 vocem
1350 3686 1474 3727 cum
1515 3679 1713 3726 nostris
1739 3686 1871 3726 mss.

267 3759 324 3806 et
351 3750 575 3806 Crabe
600 3747 972 3803 subduximus.

343 3820 373 3860 δ
406 3820 567 3877 Solus
607 3818 798 3884 Crab.,
824 3826 1169 3872 sacrosancto.
1218 3815 1452 3877 Veron.,
1502 3813 1872 3883 suprascripto.

268 3892 591 3955 Liberatus,
618 3889 795 3946 eadem
835 3890 939 3944 die.
979 3889 1110 3944 Dein
1148 3886 1344 3943 Veron.
1395 3894 1450 3941 et
1494 3885 1652 3940 Crab.
1695 3885 1876 3940 delent

267 3981 412 4021 εηιε.

285 3985 607 4104 μίξὶιιθδη.
636 4033 861 4090 inseruit
888 4033 1090 4096 notitia,
1118 4032 1240 4088 licet
1273 4030 1502 4104 fateatur
1526 4027 1877 4104 hanevocem

265 4101 474 4166 deesse
505 4107 556 4160 in
598 4117 828 4177 utroque,
860 4105 912 4160 id
948 4115 1051 4177 est,
1076 4105 1128 4159 in
1163 4101 1876 4177 Breviculo,__acLiberata.

267 4180 448 4237 Deest
477 4193 607 4233 vero
627 4170 787 4232 etiam
815 4170 867 4231 in
895 4175 1064 4230 tribus
1093 4175 1290 4229 nostris
1308 4187 1438 4228 mss.
1464 4170 1648 4236 Vind.,
1680 4173 1874 4227 Veron.

265 4263 326 4308 et
360 4251 491 4306 Vat.
522 4249 677 4318 Apud
699 4247 969 4304 Crabbum
998 4261 1130 4301 vero
1150 4245 1492 4318 substituitur
1518 4260 1715 4318 rumor.
1747 4243 1879 4298 Dein

265 4325 514 4393 Quesn.,
537 4316 785 4393 provenit.
813 4319 1118 4393 _Nos_aute_m
1149 4316 1482 4393 pragtulimus
1504 4316 1727 4386 pervenit
1757 4330 1879 4369 cutn

266 4387 413 4451 mss.
451 4387 676 4457 Veron.,
702 4390 889 4454 Crab.,
925 4389 1132 4444 Brevic.
1154 4387 1209 4444 et
1237 4387 1414 4442 Liber.

343 4463 372 4503 ι¹
415 4465 512 4520 Sic
535 4479 666 4520 mss.
698 4461 882 4526 Vind.,
917 4461 1112 4515 Veron.
1147 4471 1200 4516 et
1228 4458 1346 4512 Vat.
1379 4459 1607 4526 Qttesn.,
1631 4466 1678 4510 et
1703 4465 1882 4510 contra

267 4538 511 4594 illis.....
541 4533 935 4595 postulantibus.
967 4534 1020 4587 In
1045 4532 1284 4595 Brevic.,
1311 4529 1392 4584 illi
1415 4537 1585 4584 autem
1606 4528 1882 4581 vindictam

271 4609 416 4664 tanti
446 4602 652 4662 sceleris
672 4605 986 4674 spectabant.
1021 4607 1087 4658 At
1117 4602 1398 4657 Liberatus
1427 4602 1598 4674 plura.

352 4691 378 4718 ε
417 4679 648 4747 Quesn.,
671 4670 1012 4747 Considerans
1040 4675 1499 4747 igitttr_imperator
1526 4670 1728 4747 difﬁcile
1753 4687 1880 4739 esse,

270 4763 324 4808 et
352 4742 520 4806 nimis
546 4765 716 4821 grave.
746 4746 969 4821 Nostros
995 4742 1152 4821 codd.
1186 4742 1478 4821 Crabbntn,
1502 4751 1557 4797 et
1579 4743 1882 4821 Liberatum

269 4823 459 4881 Iecttt'
495 4813 700 4876 sumus.
745 4818 888 4874 Idem
929 4828 1012 4874 est
1037 4817 1088 4872 in
1108 4816 1342 4880 Brevic.,
1374 4815 1474 4869 nisi
1503 4813 1643 4881 quod
1677 4829 1770 4883 per
1797 4828 1888 4868 er-

273 4908 476 4952 rorem
508 4892 708 4948 editum
736 4900 818 4946 est
847 4899 1014 4944 tantos
1045 4889 1225 4942 iterum
1253 4902 1349 4956 pro
1377 4896 1520 4940 tanto
1546 4887 1741 4939 itinere.

355 4964 378 5005 ί
415 4963 830 5036 Δρυάμρυθεῐι.
874 4960 1091 5036 additur
1139 4961 1226 5036 qui
1254 4955 1507 5012 Flaviano
1549 4967 1882 5036 successerat,

274 5027 715 5163 repugnantibus
743 5033 992 5090 omnibus
1021 5027 1218 5087 nostris
1249 5045 1377 5084 mss.
1395 5044 1516 5085 cum
1544 5027 1730 5097 Crab.,
1753 5027 1885 5084 Bre-

276 5110 392 5163 vic.
435 5117 490 5162 et
556 5107 570 5161 i
647 5123 692 5162 r.

276 5107 392 5166 ne.
435 5117 490 5162 et
509 5107 692 5163 Liber.

354 5189 384 5228 It
412 5177 594 5234 Codd.
643 5177 842 5235 Veron.
891 5183 944 5232 et
987 5173 1220 5240 Crabb.,
1253 5187 1374 5228 cum
1419 5170 1627 5230 Brevic.
1659 5178 1714 5227 et
1743 5170 1886 5241 Lib.,

276 5249 602 5310 "scribunt.

361 5319 394 5360 ιλ
427 5323 655 5391 Quesn.,
687 5330 934 5376 tenerent.
967 5319 1306 5376 Praetulimus
1329 5331 1449 5391 cum
1486 5316 1704 5391 Veron.,
1728 5313 1885 5391 Crab.

283 5405 346 5452 et
377 5385 590 5470 μὴν..
642 5385 866 5470 teneret;
909 5392 1140 5470 refertur
1169 5392 1311 5470 enim
1340 5388 1404 5470 ad
1428 5388 1713 5470 synodum.
1733 5385 1888 5441 ChaL

284 5466 696 5530 cedonensem;
729 5458 872 5519 unde
917 5464 970 5518 in
1027 5463 1238 5520 Brevic.
1283 5458 1508 5516 habetur
1550 5477 1562 5513 :
1613 5458 1747 5526 Quia
1792 5474 1894 5512 non

285 5538 522 5612 “ueram
546 5537 702 5608 ﬁdem
728 5536 928 5612 statuit,
960 5551 1166 5612 quam._
1363 5604 1398 5612 _
1501 5603 1514 5612 .
1653 5609 1661 5612 _
1712 5600 1731 5612 ,
1757 5601 1766 5612 ,

376 5607 395 5646 ί
433 5609 521 5664 Sic
546 5599 752 5664 'omnes
777 5599 1168 5671 codd.,'nostri
1199 5621 1321 5662 cum
1363 5603 1568 5660 Brevic.
1612 5609 1670 5658 et
1711 5599 1890 5656 Liber.

286 5680 647 5752 Quesnellus,
669 5696 772 5752 non
798 5679 977 5734 debere
1005 5677 1196 5752 haberi.

375 5752 392 5804 i
436 5744 719 5822 ﬂuensaue
753 5751 1054 5808 Liberatus.
1100 5749 1240 5814 Mox,
1289 5765 1390 5822 quo
1417 5746 1662 5822 deposito
1710 5745 1765 5807 ﬁt
1793 5786 1807 5809 ,
1839 5744 1890 5798 in

288 5824 516 5900 Brevic.
550 5820 684 5881 Dein
734 5825 959 5900 Quesm,
988 5833 1034 5878 et
1078 5823 1163 5900 uix
1179 5823 1294 5900 ille.
1336 5820 1640 5900 Delevimus
1690 5825 1889 5900 etcum

289 5896 561 5966 omnibus
587 5891 784 5954 nostris
804 5898 964 5956 codd.
991 5906 1044 5955 et
1070 5894 1230 5952 Crab.
1272 5900 1432 5965 atque
1463 5891 1671 5949 Brevic.
1702 5891 1756 5948 in
1784 5903 1892 5964 quo

1913 4711 1963 4771 D

1975 1986 2261 2039 remotum,
2288 1985 2346 2029 ut
2373 1974 2637 2029 scriberet
2658 1975 2966 2046 imperatori
3001 1975 3322 2030 nteumdem
3355 1975 3572 2030 Petrum

1946 2066 2186 2136 -longius
2216 2067 2267 2122 in
2299 2059 2546 2122 exsilium
2575 2066 2856 2136 dirigeret,
2887 2067 3012 2136 quia
3035 2067 3234 2121 latebat
3258 2067 3309 2121 in
3340 2065 3548 2122 Alexan

1976 2160 2128 2215 drina
2151 2160 2395 2227 civitate,
2427 2170 2479 2214 et
2503 2159 2857 2215 insidiabatur
2887 2159 3163 2214 Ecclesiar.
3201 2171 3224 2195 υ
3258 2159 3360 2214 Per
3409 2160 3573 2214 trien-

1977 2253 2125 2308 nium
2157 2253 2317 2324 312
2346 2268 2475 2323 ergo
2505 2253 2673 2306 ferme
2701 2261 2754 2307 et
2783 2252 3014 2321 amplius
3039 2261 3242 2307 saneta:
3290 2253 3568 2308 memoria:

1978 2361 2112 2416 papa
2155 2345 2466 2414 Simplicius
2513 2360 2782 2412 nunquam
2835 2343 3044 2400 destitit
3095 2343 3329 2400 scribere
3376 2345 3571 2400 Acacio

1973 2438 2227 2507 episcopo
2254 2447 2278 2486 ι)
2311 2445 2367 2491 ιιι
2399 2438 2550 2492 ﬁeret
2577 2439 2644 2492 de
2670 2437 2828 2493 Petio
2859 2437 2999 2508 quod
3022 2436 3339 2493 Timotheus
3361 2438 3573 2507 episco-

1971 2546 2072 2603 pus
2100 2530 2424 2600 postulabat.
2472 2531 2732 2585 Defuncto
2753 2546 2892 2600 ergo
2924 2530 3207 2586 Timotheo
3235 2541 3263 2581 τι
3293 2532 3573 2600 episcopo,

1969 2639 1997 2676 a
2022 2624 2548 2679 calltolicisJoattnes
2579 2623 2873 2678 catholicus
2898 2626 3185 2694 episcopus
3215 2634 3237 2661 τ
3271 2623 3573 2679 ordinatur.

1975 2717 2136 2773 Mittit
2164 2718 2400 2772 Joannes
2437 2717 2724 2788 episcopus
2746 2717 3060 2790 synodicam
3109 2733 3259 2774 suam
3291 2725 3336 2771 ⁸.
3370 2718 3573 2790 Super-

1975 2813 2124 2866 venit
2174 2814 2334 2868 etiam
2394 2811 2658 2867 Urbanins
2714 2812 3009 2882 subadjuva
3064 2823 3249 2870 contra
3311 2812 3575 2871 Joannem

1974 2906 2284 2976 episcopum
2324 2906 2337 2940 ι
2375 2919 2526 2958 sacra
2552 2903 2808 2974 principis
2834 2903 3148 2972 deferendo,
3178 2914 3237 2960 ut
3267 2907 3334 2960 ab
3359 2907 3577 2976 episco-

1976 3006 2134 3067 patus
2184 2996 2326 3051 illius
2365 2996 2776 3051 confirmatione
2804 3010 2864 3051 se
2905 3011 3040 3066 papa
3087 2997 3463 3068 suspenderat.
3508 2998 3575 3053 Ε·

1980 3089 2106 3160 quia
2139 3087 2189 3143 in
2223 3087 2410 3144 iisdem
2439 3087 2607 3143 sacris
2629 3085 2696 3142 de
2713 3087 3044 3145 restituendo
3067 3087 3249 3156 Petro,
3276 3105 3434 3161 quem
3463 3091 3579 3161 ipse

2429 3309 2725 3387 Timotheus
2769 3311 3038 3387 hgcticus
3077 3313 3354 3387 depellitur
3377 3359 3394 3384 ,
3444 3317 3578 3387 fugit

1979 3377 2168 3457 Petrus
2189 3400 2207 3449 ;
2230 3383 2449 3457 mittitur
2466 3384 2518 3437 in
2541 3383 2778 3457 exsilium
2807 3382 3104 3457 Timotheus
3127 3377 3462 3454 Chersonam',
3490 3377 3584 3457 qui

1975 3454 2119 3508 locus
2141 3464 2216 3507 est
2257 3455 2312 3506 in
2344 3452 2514 3508 Ponto
2542 3455 2766 3509 abditus.
2825 3455 3069 3520 Quandiu
3098 3457 3245 3522 vixit,
3275 3465 3382 3512 etc.
3417 3452 3580 3514 Solus

1975 3523 2220 3580 Crabbus
2253 3541 2350 3593 pro
2389 3523 2698 3581 Chersonam
2739 3524 2901 3579 habet
2920 3523 3180 3596 Gangram
3199 3543 3219 3592 ;
3249 3540 3311 3581 ac
3349 3527 3496 3597 dein,
3527 3538 3578 3584 et

1975 3598 2206 3665 quandiu
2230 3598 2380 3650 vixit.

2051 3667 2074 3705 ι
2107 3668 2408 3732 Liberatus,
2453 3669 2542 3736 qui
2572 3683 2692 3738 cap.
2736 3668 2806 3723 i6
2847 3667 2961 3723 hate
3008 3678 3064 3724 et
3087 3668 3188 3724 alia
3221 3667 3404 3737 habet,
3452 3670 3576 3729 sic:

1979 3739 2266 3794 catholicus
2293 3741 2345 3792 in
2376 3740 2571 3811 Campi
2599 3740 2889 3807 castellum,
2914 3749 2960 3794 et
2982 3739 3037 3794 in
3065 3741 3394 3796 monasterio.

2058 3811 2074 3849 ι
2112 3811 2268 3866 Solus
2297 3813 2498 3878 Quesn.
2530 3812 2714 3866 omisit
2743 3813 3052 3879 imperator;
3083 3820 3136 3866 et
3173 3821 3290 3881 post
3314 3813 3578 3871 nonnulla

1980 3898 2080 3956 pro
2111 3883 2216 3956 Sed
2244 3883 2336 3956 illo
2363 3884 2508 3938 solus
2540 3883 2701 3938 habet
2733 3881 2841 3956 sed
2869 3883 3071 3936 interim
3101 3881 3216 3939 illo.

2061 3964 2099 3990 ιη
2127 3953 2335 4008 Brevic.
2369 3955 2516 4008 addit
2543 3970 2753 4027 consors
2781 3955 2983 4027 ipsius;
3003 3963 3057 4008 et
3087 3969 3210 4009 mox
3235 3970 3332 4027 pro
3357 3957 3584 4014 Aleum.

1983 4026 2162 4100 drinus
2193 4041 2312 4078 Clllll
2339 4040 2442 4081 ms.
2465 4028 2677 4100 Veron.
2702 4025 2884 4100 habet,
2919 4025 3283 4100 Alemandrinis
3312 4031 3585 4100 episcopus

1983 4097 2246 4151 ordinatur
2268 4140 2282 4163 ,
2317 4107 2373 4151 ut
2402 4097 2536 4151 infra
2564 4097 2772 4151 ordinat
2804 4097 3078 4164 Apamenis
3108 4097 3423 4167 episcOpum.

2059 4177 2084 4204 "
2114 4168 2430 4223 Addidimus
2458 4169 2608 4222 etiam
2634 4182 2754 4223 cum
2783 4169 2983 4222 nostris
3007 4167 3168 4223 codd.
3194 4179 3249 4225 et
3273 4167 3432 4226 Crab.
3462 4171 3582 4228 Mox

1983 4241 2221 4302 Brevic.,
2257 4239 2429 4294 Acacii
2449 4239 3004 4309 Constantinopolitani
3023 4256 3039 4302 ,'
3061 4247 3114 4294 et
3145 4248 3265 4310 post
3291 4243 3578 4298 continetur

1987 4312 2160 4380 aliqua
2192 4313 2393 4366 inserit.
2866 4378 2878 4380 Α
3491 4371 3494 4376 .

2059 4378 2090 4418 υ“
2113 4381 2337 4448 Veron.,
2385 4381 2507 4439 Vat.
2537 4391 2592 4437 et
2629 4381 2814 4449 Crab.,
2848 4378 2953 4437 Per
2991 4385 3151 4452 ferme
3193 4380 3496 4453 triennium,
3528 4397 3581 4442 et

1986 4455 2228 4508 amplius.

2373 4524 2520 4580 addit
2554 4535 2607 4579 ut
2638 4535 2810 4596 ageret
2848 4525 3324 4597 cuntimperatore;
3364 4537 3417 4586 et
3457 4529 3580 4586 dein

1987 4597 2090 4651 alia
2128 4598 2339 4668 inserit,
2362 4612 2482 4665 quae
2507 4599 2558 4651 in
2579 4597 2677 4652 hac
2702 4599 2872 4668 prima
2897 4596 3064 4668 hujus
3077 4600 3320 4668 opusculi
3341 4601 3578 4658 editione

1991 4668 2188 4723 omissa
2222 4667 2452 4722 fuerunt.

2063 4749 2088 4788 ει
2118 4738 2206 4812 Sic
2236 4741 2402 4812 nostri
2435 4738 2593 4794 codd.
2626 4747 2683 4795 et
2708 4738 2870 4795 Crab.
2906 4740 3232 4812 suﬂ'ragante
3261 4743 3424 4800 etiam
3447 4744 3584 4804 Bre-

1988 4810 2192 4884 vicul_«v.
2222 4811 2539 4884 Quesnellus
2572 4827 2667 4881 pro
2699 4813 2938 4884 episcopo
2969 4810 3245 4871 substituit
3270 4817 3544 4872 catholico.

2063 4891 2084 4918 τ
2115 4881 2346 4958 Brevic.,
2377 4884 2785 4958 or_dinatur,‘qni
2806 4881 2918 4937 cum
2939 4885 3002 4958 de
3020 4885 3391 4958 consuetudine
3419 4888 3586 4958 majo-

1988 4970 2104 5028 rum
2133 4953 2201 5006 ad
2233 4955 2573 5028 apostolicam
2601 4954 2770 5028 sedem
2799 4956 3043 5025 synodtca
3063 4955 3439 5028 perilsidorttm
3465 4953 3582 5028 pre-

1987 5022 2319 5098 sbyter-unum
2346 5022 2557 5098 Petrum
2585 5022 2858 5080 diaconum
2879 5022 3074 5098 scripta
3099 5027 3317 5082 misisset
3345 5067 3361 5090 ,
3387 5022 3574 5097 super-

1997 5097 2222 5170 veniente
2251 5095 2445 5151 Uranie
2465 5097 2817 5170 subadjuva...
2847 5099 2910 5152 ab
2942 5095 3263 5170 episwpatus
3301 5095 3584 5156 illiusm-

1999 5167 2292 5238 ﬁrmatione
2321 5186 2456 5240 papa
2481 5167 2755 5238 suspensus
2782 5179 2876 5223 est.

2072 5248 2093 5311 ἒ
2128 5239 2330 5308 Quesn.
2362 5241 2528 5294 addit.
2553 5243 2621 5294 ad
2650 5256 2861 5311 papam.
2889 5239 3201 5296 Delevimus
3238 5255 3360 5296 cum
3388 5244 3588 5300 nostris

1999 5310 2156 5366 codd.
2189 5321 2244 5366 et
2282 5311 2478 5385 Crab.,,
2518 5310 2657 5385 licet
2689 5314 2744 5366 in
2789 5311 3074 5385 Brevicqu
3121 5313 3348 5385 i_d_ipsum
3396 5325 3584 5385 postea

1999 5397 2318 5452 expressum
2353 5384 2524 5438 fuerit.
2553 5383 2670 5436 Mox
2703 5382 2824 5437 cod.
2855 5381 3079 5444 Veron.,
3126 5381 3411 5453 Ur'paniusI
3457 5385 3584 5442 Bre-
3627 5415 3634 5426 ι

2003 5453 2410 5538 νὶεηλὼίηηὶμιε.
2442 5453 2602 5538 Deest
2631 5454 2918 5538 stibadium
2953 5454 3203 5538 ingxon.
3236 5455 3391 5525 Apud
3421 5457 3582 5516 Crab.

2002 5540 2100 5594 pro
2137 5524 2393 5579 Urbanius
2414 5524 2698 5592 subadiuva
2723 5525 2915 5591 legitur
2943 5525 3174 5596 quidam.
3291 5524 3296 5525 7

2075 5598 2093 5633 ί
2131 5597 2454 5668 Scripsimus
2494 5612 2640 5668 sacra
2675 5597 2940 5668 principis,
2989 5606 3053 5668 et_
3074 5606 3261 5666 postea
3309 5597 3363 5652 in
3409 5600 3590 5656 iisdem

2000 5670 2156 5723 sacris
2183 5665 2303 5724 cuin
2334 5684 2466 5724 mss.
2500 5665 2682 5736 Vind.,
2713 5666 2913 5722 Veron.
2946 5665 3199 5734 etCrab.,
3226 5668 3434 5727 favente
3455 5671 3589 5728 Bre-

2001 5741 2196 5796 vicolo.
2227 5741 2566 5809 Quesnellns,
2606 5755 2805 5793 sacram
2832 5738 3111 5809 principis;
3139 5748 3196 5795 et.
3223 5740 3370 5809 dein,
3409 5743 3462 5797 in
3501 5760 3590 5799 ea.

2001 5813 2316 5892 armauere.
2346 5809 2762 5892 Quidamncodd.
2786 5826 2884 5887 pro
2905 5811 3231 5888 episcopatus
3263 5811 3462 5880 habent
3481 5815 3591 5892 epi-

1999 5887 2161 5964 scopi,
2186 5885 2271 5948 vel
2299 5883 2538 5962 cpiscopii
2567 5881 2736 5952 illius.
2788 5881 2803 5887 ’
2938 5881 2951 5888 ⁷
3080 5881 3096 5888 ’
3507 5881 3534 5956 ⁷,
