3996 6344
469 375 563 440 Gil

1392 373 1732 432 APPENDIX
1771 375 1861 432 AD
1899 375 1958 432 S.
1997 373 2242 432 LEONIS
2281 373 2496 433 MAGNI
2533 373 2780 433 OPERA:

471 488 839 560 damnaverat,
865 487 1066 547 fecerat
1088 487 1572 556 mentionem,haec
1594 503 1717 560 pars
1738 497 1820 545 est
1840 489 2060 546 omnino
2086 492 2142 555 Α
2164 491 2393 548 Aeacius
2439 491 2591 548 miris
2639 499 2760 548 eum
2806 488 3051 545 laudibus
3093 489 3420 562 prosequitur
3451 533 3466 560 ,
3504 506 3566 549 oe
3609 510 3696 566 quo

471 574 773 655 abnegata;
819 584 964 640 unde
987 585 1134 639 viSus
1163 591 1246 638 est
1277 582 1570 655 imperator
1606 583 1861 641 offensus.
1895 593 1922 623 ει
1951 575 2059 640 Ad-

471 677 609 734 didit
663 679 830 733 etiam
882 677 1112 733 Aeacius
1165 675 1260 731 illo
1323 685 1568 748 tempore
1633 683 1739 748 quo
1791 677 1860 734 de
1901 677 2060 734 Petro

470 773 835 832 Alexandrino
889 773 1141 829 damnato
1192 772 1411 839 retulit,
1469 774 1630 828 etiam
1681 773 1748 828 de
1800 772 1960 828 Petro
2005 781 2060 828 et

469 867 678 924 Joanne
721 868 1060 925 Antiocheno
1084 867 1162 922 sic
1191 866 1405 936 scripsit
1438 883 1451 919 :
1489 867 1703 922 Petrum
1729 866 1890 938 'apud
1921 864 2061 922 Con-

469 961 871 1032 stantinopolim
898 960 1284 1016 monasterium
1312 961 1670 1029 gubernasse;
1697 960 1790 1016 sed
1813 960 1915 1015 hoc
1938 975 2062 1030 pro-

469 1054 589 1128 pter
613 1056 836 1111 crimina
860 1054 1140 1121 derelicto,
1165 1055 1506 1110 Antiochiam
1535 1055 1735 1126 fugisse
1760 1072 1775 1121 ;
1803 1055 1876 1110 ibi
1902 1055 2059 1126 pulso

468 1148 725 1220 Martyrio
747 1147 1014 1203 catholico
1032 1147 1287 1217 episcopo
1319 1161 1413 1218 per
1433 1147 1749 1203 vilissimum
1780 1147 2057 1218 populum,

468 1239 526 1300 et
552 1243 854 1308 hareticos,
907 1240 1091 1298 sedem
1123 1242 1291 1311 ipsius
1321 1256 1648 1312 occupasse,
1700 1243 2060 1310 continuoque

469 1334 779 1392 damnatum
828 1335 896 1388 ab
927 1334 1228 1405 episcopis,
1279 1344 1440 1404 atque
1470 1349 1499 1389 a
1531 1334 1712 1390 Leone
1735 1335 2060 1406 imperatore

468 1410 719 1484 i'Oasam
766 1427 1104 1496 deportatum
1148 1425 1283 1496 :qui
1336 1426 1547 1497 fugiens
1589 1427 1812 1482 rediisse
1865 1426 2060 1484 dicitur

468 1517 1012 1590 ConstantinOpolim,
1040 1527 1094 1574 et
1120 1518 1333 1574 dedisse
1375 1518 1533 1573 ﬁdem
1579 1529 1636 1573 ut
1665 1519 1955 1588 compulsis
1980 1519 2060 1574 ul-

468 1615 637 1670 terius
668 1613 840 1670 turbis
862 1613 993 1669 nihil
1021 1612 1199 1669 facere
1228 1612 1474 1669 auderet.
1498 1612 1625 1682 Sed,
1661 1614 2058 1684 sicutsuperius

469 1707 676 1764 dictum
711 1717 814 1776 est,
842 1707 1082 1764 Basilisci
1115 1707 1444 1779 temporibus
1473 1723 1502 1762 a
1532 1707 1814 1764 Timotheo
1843 1708 1934 1764 illo
1960 1708 2057 1764 da-

2163 591 2289 640 ante
2327 585 2472 640 tanta
2516 599 2574 639 se
2610 583 2833 640 crimina
2873 581 3194 638 meminerat
3237 579 3512 639 retulisse?
3537 579 3597 638 In
3617 584 3701 654 ﬁne

2162 679 2282 734 cod.
2317 675 2524 733 Timon.
2551 676 2788 734 Contuli.

2647 769 3040 829 CAPITULUM
3076 767 3265 827 XLIV.

2161 861 2194 903 ³
2211 863 2446 937 Epistola
2474 866 2729 935 Simplicii
2757 881 2904 937 papa:
2923 865 2992 919 ad
3012 865 3274 937 Acacium,
3297 867 3353 917 nt
3370 862 3597 919 scandala
3611 859 3700 919 Ec-

2559 939 2728 993 clesia
2752 937 3114 992 Alexandrina:
3132 936 3350 1006 auferat.

2381 1031 2738 1088 Dilectissimo
2763 1031 2913 1087 fratri
2935 1032 3136 1087 ACA‘CIO
3167 1029 3467 1087 Snmncms
3507 1067 3511 1070 ~

2234 1143 2627 1215 Cogitationum
2654 1143 2814 1200 ferias
2835 1159 2942 1199 non
2971 1145 3265 1210 habemus;
3297 1156 3394 1198 nec
3422 1142 3556 1198 enim
3577 1141 3706 1212 quie-

2163 1240 2318 1293 scere
2348 1251 2446 1292 nos
2471 1251 2629 1293 causa
2664 1235 2680 1273 ί
2718 1237 2976 1305 permittit
3008 1251 3023 1290 :
3071 1245 3229 1308 quam
3262 1235 3308 1289 si
3355 1233 3702 1304 relinquamus,

2159 1331 2300 1402 apud
2330 1329 2603 1386 Christum
2626 1329 2788 1404 314
2815 1331 3095 1387 Dominum
3119 1337 3385 1398 nostrum,
3407 1328 3550 1397 cujus
3568 1328 3708 1384 intcr~

2160 1430 2262 1489 est,
2288 1423 2679 1479 inexcusabiles
2698 1439 2902 1480 sumus.
2932 1425 3000 1478 Et
3041 1424 3234 1478 mirum
3274 1432 3359 1478 est
3398 1421 3709 1477 dilectionem

2160 1525 2305 1571 tuam
2335 1517 2412 1571 tet
2442 1517 2679 1573 emensis
2711 1515 3058 1585 temporibus,
3083 1526 3136 1572 et
3169 1523 3243 1570 tot
3265 1512 3711 1585 opportunitatibus

2159 1607 2287 1663 inde
2313 1607 2670 1676 venientibus,
2703 1608 2836 1664 nihil
2859 1623 2956 1665 nos
2983 1607 3051 1662 de
3072 1606 3443 1663 Alexandrina
3480 1605 3710 1672 Ecclesia,

2159 1719 2278 1775 quae
2306 1713 2412 1759 tam
2441 1703 2678 1776 graviter
2705 1703 2966 1774 quatitur,
2999 1703 3276 1758 instruere
3303 1701 3534 1757 voluisse
3563 1716 3575 1752 :
3612 1711 3711 1754 cum

468 1811 671 1868 mnato,
697 1801 784 1871 qui
813 1800 1332 1870 Constantinopolim
1362 1801 1683 1870 venerat,ad
1715 1801 2075 1857 Antiochiam.
2165 1811 2384 1851 monere
2413 1804 2465 1851 te
2496 1811 2594 1852 nec
2620 1796 2913 1867 increpatio
2941 1801 3124 1852 nostra
3151 1793 3441 1857 destiterit,
3473 1801 3548 1860 ut,
3575 1789 3712 1860 parti-

467 1887 730 1950 remissus
771 1901 872 1960 est,
916 1903 972 1948 ut
1007 1895 1200 1949 iterum
1259 1894 1368 1950 illic
1413 1894 1778 1964 episcopatum
1825 1903 2053 1951 teneret.
2088 1880 2134 1941 Β
2160 1891 2332 1960 cipata
2368 1888 2752 1956 sollicitudine,
2777 1889 2981 1944 litteras
3004 1901 3153 1943 meas
3177 1885 3320 1958 apud
3370 1880 3712 1940 christianissi.

468 1985 588 2053 Quo
618 1987 779 2054 facto,
807 1986 947 2041 idem
977 1986 1092 2056 ipse
1120 1985 1330 2054 Petrus,
1361 1985 1647 2056 Joannem,
1679 1985 1746 2041 de
1790 2002 1896 2057 quo
1921 1986 2061 2042 dixi-

469 2085 590 2134 mus
638 2078 889 2134 Acacium
942 2077 1216 2144 retulisse',
1267 2077 1477 2133 ordinat
1531 2078 1822 2147 Apamenis
1852 2079 2058 2149 episco-

470 2169 619 2242 pum.
647 2171 689 2225 A
718 2170 908 2241 quibus
939 2181 960 2210 ο
990 2185 1096 2226 non
1125 2179 1372 2240 receptus
1415 2170 1555 2226 redit
1599 2169 1936 2226 Antiochiam
1958 2213 1975 2240 ,
2008 2181 2060 2227 et

468 2255 684 2320 Petrum
733 2265 1073 2334 episcopatus
1121 2264 1202 2320 sui
1234 2264 1384 2334 pellit
1427 2273 1741 2333 auctorem,
1775 2275 1830 2321 et
1857 2265 2061 2321 invadit

466 2358 582 2426 ejus
634 2355 953 2413 Ecclesiam.
985 2356 1131 2426 Quos
1158 2356 1319 2428 313
1357 2357 1516 2413 simul
1544 2357 1828 2414 damnatos
1866 2360 2057 2414 iterum

467 2447 596 2503 dicit
641 2449 889 2517 Aeacius,
923 2458 1110 2520 petens
1155 2449 1501 2518 apostolicam
1560 2451 1763 2517 sedem,
1823 2457 1879 2506 ut
1906 2449 1952 2505 si
1983 2450 2049 2506 ad

465 2539 711 2595 eamdem
742 2540 879 2596 forte
907 2539 1281 2611 confugerent,
1313 2558 1379 2598 ne
1408 2543 1525 2612 ipso
1546 2543 1764 2614 quidem
1796 2543 2060 2601 haberen-

465 2639 553 2687 tur
597 2631 742 2705 digni
785 2641 1032 2704 aspectu;
1079 2643 1134 2690 et
1176 2635 1220 2689 si
1243 2635 1356 2705 jam
1404 2635 1636 2707 aliquam
1674 2636 2055 2709 indulgentiam

464 2719 688 2779 forsitan
712 2725 1109 2796 impetrassent,
1137 2726 1338 2781 irritam
1365 2741 1484 2783 esse
1507 2727 1723 2792 debere,
1743 2745 1842 2785 nec
1867 2745 2054 2786 eorum

464 2816 836 2885 penitentiam
891 2817 1253 2889 recipiendam
1301 2834 1444 2876 esse.
1490 2820 1628 2888 Quid
1670 2822 1873 2877 multa?
1905 2822 2057 2879 Hunc

464 2905 642 2978 ipsum
674 2908 934 2966 Joannem
959 2952 974 2978 ,
1025 2923 1181 2981 quem
1214 2911 1441 2970 Acacius
1478 2927 1600 2969 cum
1640 2913 1802 2970 Petro
1829 2915 2054 2972 damna-

465 3010 637 3073 verat,
670 3010 723 3058 et
751 3003 870 3058 sine
895 3003 1224 3073 paenitentiae
1260 3005 1501 3062 remedio
1531 3003 1558 3042 ά
1592 3005 1794 3062 fecerat
1823 3007 1890 3062 ab
1919 3022 2053 3080 apo-

464 3093 655 3149 stolica
683 3093 811 3151 sede
836 3094 1102 3164 damnari,
1124 3105 1348 3166 posttot
1370 3096 1738 3155 damnationes
1768 3098 2051 3171 Tyriorum

463 3182 614 3239 misit
642 3183 902 3240 Ecclesia:
930 3186 1241 3255 praesidere.
1277 3200 1298 3225 ε
1330 3189 1462 3245 Nam
1494 3189 1634 3259 quod
1666 3190 1795 3246 dicit
1828 3192 2054 3248 Aeacius

461 3269 681 3331 Petrum
712 3276 863 3332 illum
895 3279 1336 3349 Alexandrinum,
1368 3282 1546 3338 oblata
1586 3284 1849 3354 petitione
1887 3285 2054 3359 Euty-
2078 3269 2126 3333 C

462 3366 713 3421 ehianam
764 3368 1012 3425 haeresim
1069 3371 1152 3426 vel
1192 3371 1563 3429 Nestorianam
1594 3375 1911 3446 damnasse,
1953 3377 2056 3434 hoc

462 3459 744 3518 evidenter
772 3461 1032 3534 probatur
1053 3477 1174 3522 esse
1195 3463 1566 3524 falsissimum.
1596 3468 1728 3526 Nam
1751 3487 1870 3541 quae
1892 3487 2053 3530 causa

461 3545 588 3608 fecit
618 3564 676 3608 ut
707 3552 726 3591 ί
781 3554 834 3610 in
882 3557 1194 3627 episcopatu
1225 3573 1325 3614 suo
1364 3561 1570 3632 synodo
1597 3562 2050 3634 Chalcedonensi,

460 3646 544 3707 vel
568 3657 714 3702 tomo
739 3659 944 3704 sancta:
973 3650 1251 3706 memoria:
1281 3663 1432 3722 papae
1463 3652 1659 3709 Leonis
1686 3653 1890 3710 diceret
1919 3670 2047 3710 ana-

460 3738 828 3808 themaiQuae
869 3753 1029 3795 causa
1072 3741 1197 3797 fecit
1223 3752 1300 3810 ut,
1331 3743 1540 3800 sublato
1573 3746 1788 3801 nomine
1820 3747 2043 3803 Proterii

457 3828 541 3883 vel
567 3828 833 3885 Timothei
857 3830 1129 3898 catholici,
1159 3833 1404 3890 Dioscori
1430 3848 1486 3892 et
1511 3836 1780 3892 Timothei
1805 3837 2045 3895 haeretici

457 3935 653 3978 nomen
697 3923 1034 3978 ascriberet?
1077 3924 1208 3992 Quae
1253 3941 1415 3982 causa
1467 3927 1614 3995 fecit,
1653 3928 1699 3983 si
1745 3931 2040 3988 catholicus

457 4022 592 4084 erat,
627 4023 686 4069 ut
724 4015 993 4072 Timothei
1022 4019 1272 4074 catholici
1297 4029 1323 4068 ε
1353 4036 1548 4092 corpus
1578 4021 1647 4079 de
1675 4025 1774 4081 sub
1798 4034 1935 4080 terra
1968 4027 2042 4083 le-

455 4112 628 4172 varet,
655 4106 744 4176 qui
772 4107 914 4162 inter
944 4108 1226 4180 episc0pos
1253 4111 1550 4169 catholicos
1577 4115 1818 4186 sepultus
1846 4116 2040 4184 fuerat,

454 4201 511 4250 et
540 4196 825 4267 projiceret
845 4197 1024 4254 foras?
1051 4199 1171 4271 Ipse
1200 4218 1308 4260 non
1337 4215 1420 4260 est
1441 4204 1653 4274 Petrus,
1680 4207 1768 4277 qui
1789 4207 2042 4265 damnato

455 4283 735 4361 Timotheo
766 4292 1023 4351 haeretico
1050 4309 1264 4368 semper
1288 4297 1542 4368 adhzesit;
1569 4301 1833 4372 quomodo
1853 4311 2038 4373 postea

525 4451 680 4526 {llic
705 4453 894 4526 aliqua
913 4454 965 4510 in
997 4455 1278 4512 Brevieulo
1303 4455 1485 4514 addita
1519 4456 1755 4514 fuerunt.
1788 4459 1922 4517 Dein
1953 4474 2042 4516 so-

452 4522 541 4604 lus
558 4521 760 4604 quem.
793 4521 974 4581 omisit
996 4526 1364 4604 Alexandrino.

521 4592 552 4632 δ
576 4595 878 4668 ξίορωηβε
910 4600 1073 4652 nostri
1103 4598 1260 4654 codd.
1293 4609 1348 4656 et
1369 4597 1534 4655 Crab.
1567 4602 1902 4668 Quesnellus,
1936 4601 2037 4656 0a-

449 4667 566 4720 sim.
593 4663 649 4718 lu
675 4665 908 4735 Brevie,
939 4671 1005 4721 ad
1037 4669 1342 4725 Oasitanum
1369 4663 1610 4726 exsilium
1630 4690 1736 4727 esse
1767 4663 2034 4730 directum.

453 4737 526 4792 At
551 4737 754 4814 Libet,
778 4751 829 4814 c.
853 4737 945 4811 18,⁴
967 4740 1193 4814 Samum,
1215 4742 1576 4814 deportatum;
1601 4745 1758 4799 male.

448 4805 781 4934 Bfgvtilcuesn.
816 4805 1004 4867 inserit
1027 4811 1134 4880 itte,
1164 4805 1348 4869 dele'nt
1373 4815 1541 4870 nostri
1556 4805 1737 4871 ’codd.
1779 4814 1940 4877 Crab.
1980 4824 2036 4872 et

558 4891 662 4934 ΗΟ.

519 4947 547 4987 ά
576 4948 746 5022 Codd.
777 4950 977 5008 Veron.
1001 4954 1056 5010 et
1081 4953 1239 5010 Crab.
1270 4969 1391 5010 cum
1423 4953 1656 5022 Brevic.,
1685 4957 1824 5022 fecit.

525 5029 548 5058 ε
573 5021 646 5076 lta
676 5036 862 5096 omnes
903 5028 1069 5080 nostri
1112 5026 1271 5082 codd.
1321 5041 1444 5081 cum
1486 5021 2032 5096 Crab.Quesnellus:

447 5090 589 5146 Nam
605 5095 743 5161 quod
773 5104 948 5162 postea
967 5097 1101 5151 idem
1121 5097 1312 5152 dixerit
1336 5097 1577 5151 Aeacius.
1614 5090 1904 5156 lnwlirevic.
1945 5117 2036 5158 se-

446 5165 670 5289 ?uentia
696 5166 1037 5234 omittuntur,
1059 5167 1163 5231 alia
1187 5178 1366 5225 autem
1397 5181 1585 5224 eorum
1622 5169 1742 5228 loco
1763 5186 2034 5243 reponun-

471 5249 552 5289 ur.

471 5249 552 5290 ur.

519 5305 658 5384 f__Sic
683 5306 853 5384 nostri
883 5315 992 5380 tres
1013 5310 1170 5366 codd.
1201 5323 1321 5384 cum
1351 5311 1523 5384 Oxon.
1551 5320 1609 5384 et
1632 5310 1863 5370 Crabbo.
1892 5315 2034 5384 Que-

441 5378 736 5454 snellus,_i_n
755 5378 1106 5454 episcoporum
1130 5383 1327 5454 synodo
1355 5383 1432 5436 vel
1462 5381 1887 5444 Chalcedonensi.

517 5459 544 5497 κ
566 5449 738 5505 Codd.
761 5449 961 5506 Veron.
987 5449 1183 5529 ,__Vat.'_
1205 5463 1259 5508 et
1297 5452 1493 5510 Crabb.
1538 5455 1738 5529 addunt
1784 5459 2026 5529 episcopi.

443 5518 565 5591 Mox
596 5530 716 5591 post
759 5537 945 5578 vocem
995 5522 1258 5579 Timotheo
1291 5537 1414 5582 cum
1465 5526 1714 5583 omnibus
1763 5518 1925 5583 codd.
1954 5518 2031 5584 'et

441 5589 609 5662 Orata;
632 5593 924 5662 adjecimus
954 5593 1210 5650 hwretico.

514 5660 543 5698 h
575 5660 933 5737 Erreterpss.
953 5666 1118 5737 hujus
1140 5667 1472 5727 collectionis
1504 5669 1811 5726 continetur
1842 5671 1893 5725 in
1916 5669 2026 5725 Ve-

438 5745 566 5788 ron.
701 5735 894 5813 ingyat.
909 5732 1083 5813 159,
1123 5741 1172 5794 in
1205 5753 1336 5813 mss.
1370 5741 1700 5813 additionum
1739 5742 2024 5813 Dionysii,

436 5804 876 5886 eseguibusjat.
905 5809 1048 5865 5845
1069 5804 1492 5886 contulimus,et
1506 5813 1562 5886 in
1586 5804 1905 5868 collectione
1925 5804 2024 5886 ad;

435 5875 704 5936 dilin
726 5875 859 5934 Isid.
879 5892 952 5935 ex
981 5894 1082 5951 qua
1104 5881 1292 5939 eadem
1315 5897 1347 5938 a
1367 5875 1594 5939 Merliuo
1619 5886 1852 5954 primum
1873 5883 2026 5944 edita

2162 1999 2310 2038 mum
2336 1994 2392 2039 et
2413 1982 2892 2039 clementissimum
2929 1981 3224 2053 principem
3254 1976 3598 2050 przesentibus
3630 1985 3714 2030 tua!

2162 2077 2467 2134 dilectionis
2494 2077 2900 2148 prosequereris
2939 2075 3224 2146 alloquiis;
3254 2081 3311 2128 et
3341 2070 3562 2127 instituti
3588 2073 3713 2123 vete-

2161 2172 2236 2227 ris
2261 2187 2466 2228 memor
2495 2171 2549 2228 in
2577 2170 3000 2226 orthodoxorum
3024 2167 3395 2224 defensionem
3425 2163 3677 2219 nobiscum
3699 2200 3713 2225 ,

2162 2264 2301 2318 sicut
2331 2277 2566 2333 semper,
2598 2261 2938 2317 incumberes
2994 2279 3005 2313 :
3058 2275 3126 2315 ne
3173 2258 3452 2328 quisquam
3507 2260 3714 2308 nostrum

2160 2353 2453 2411 christiana
2483 2353 2637 2423 plebe
2662 2360 2923 2424 pet-eunte
2948 2359 3156 2407 reatum
3191 2347 3204 2401 i
3249 2343 3537 2405 deditionis
3564 2346 3715 2400 incur-

2160 2454 2265 2515 rat,
2297 2454 2353 2502 et
2379 2446 2748 2502 mercenarius
2774 2444 2954 2516 potius
2985 2441 3230 2498 videatur
3259 2453 3406 2509 esse,
3452 2452 3598 2510 quam
3642 2449 3714 2506 pa-

2159 2545 2294 2594 stor.
2323 2537 2474 2594 Unde
2505 2537 2784 2611 hortamur
2803 2535 3146 2592 dilectionem
3170 2543 3341 2604 tuam,
3365 2541 3425 2588 ut
3450 2535 3714 2604 opportune

2159 2640 2322 2703 atque
2351 2633 2656 2702 importune
2683 2631 2784 2701 piis
2809 2629 3026 2685 auribus
3057 2627 3341 2684 insinuare
3372 2641 3477 2682 non
3501 2618 3713 2687 desinas;

2160 2735 2451 2797 quatenus,
2478 2724 2704 2780 remotis
2754 2722 3020 2779 seandalis
3066 2735 3186 2793 quae
3231 2721 3284 2777 in
3335 2717 3713 2778 Alexandrinam

2159 2816 2455 2874 Ecclesiam
2504 2815 2756 2873 recidivis
2800 2815 3019 2871 ausibus
3058 2814 3376 2883 irruerunt,
3417 2826 3514 2883 pax
3563 2816 3713 2880 optata

2158 2912 2443 2980 reddatur;
2480 2919 2534 2968 et
2559 2910 2808 2968 celeriter
2851 2908 3140 2980 vigilantiae
3191 2903 3220 2945 ιι
3271 2917 3379 2962 tua:
3423 2909 3713 2977 provectus.

2158 3005 2476 3078 posthabitis
2505 2987 2911 3060 difficultatibus
2938 3043 2952 3067 ,
2996 3002 3285 3057 indicetur.
3344 2995 3518 3054 Data1
3554 3002 3712 3052 octavo

2156 3097 2231 3155 id.
2263 3095 2404 3154 Nov.
2435 3095 2695 3154 Severino
2724 3095 2964 3151 consule.
2993 3092 3206 3149 Dii-ecta
3222 3101 3316 3164 per
3344 3090 3638 3147 Restitutum
3728 3097 3732 3102 λ

2637 3229 2840 3286 CAPIT
2847 3227 3037 3294 ULUM
3073 3225 3238 3286 XLV.

2160 3336 2200 3366 ³η
2216 3324 2410 3398 Incipit
2433 3325 2690 3398 exemplar
2713 3325 2940 3397 epistbla:
2964 3341 3119 3396 quant
3145 3323 3284 3398 misit
3309 3309 3713 3398 Acacius‘oa'satt:

2231 3384 2603 3455 ctie'memorid:
2631 3384 2955 3467 Simplicium
2975 3384 3162 3467 papam
3190 3393 3440 3467 Romana:
3466 3389 3626 3456 urbis,
3642 3384 3712 3441 Ibi

2231 3472 2528 3526 damnatum
2557 3468 2732 3524 retulit
2749 3466 2969 3522 Petrum
2989 3466 3426 3523 Alexandrinum.

2155 3561 2386 3619 Domino
2407 3561 2740 3625 beatissimo,
2767 3568 2795 3596 ιι
2829 3574 2892 3615 ac
2920 3569 3107 3615 sancto
3127 3558 3297 3624 Patri,
3342 3555 3713 3626 archiepiscopo

2663 3632 2936 3689 Stupuere
2971 3631 3226 3688 Δαιειυε.
3580 3705 3586 3710 _

2223 3747 2644 3808 Sollicitudinem
2701 3747 2938 3803 omnium
2996 3744 3358 3802 Eeclesiarum
3385 3786 3401 3813 ,
3449 3738 3708 3799 secundum

2151 3829 2488 3912 Apostolum,
2521 3839 2987 3907 circumferentes,
3021 3853 3119 3894 nos
3159 3837 3533 3894 indesinenter
3559 3834 3730 3889 hortav

2151 3935 2304 4004 mini,
2332 3935 2578 4005 quamvis
2607 3943 2800 4005 sponte
2825 3932 3108 4002 vigilantes
3133 3946 3196 3986 ac
3229 3939 3253 3967 ο
3278 3922 3710 3996 τεουηεηιοῌὺ

2150 4029 2440 4099 vinumque
2463 4027 2634 4084 zelum
2659 4028 2710 4082 in
2741 4027 2890 4083 vobis
2923 4025 3090 4082 solito
3112 4024 3520 4094 demonstratis,
3535 4029 3707 4076 statum

2149 4112 2312 4192 315
2357 4121 2614 4177 Ecclesiae
2668 4118 3045 4176 Alexandrinas
3096 4119 3298 4174 certius
3354 4117 3706 4188 requirentes;

2149 4222 2210 4268 ut
2225 4228 2322 4284 pro
2339 4215 2576 4283 paternis
2595 4213 2892 4270 canonibus
2910 4212 3214 4282 suscipiatis
3233 4211 3476 4268 laborem
3497 4207 3709 4282 piissimo

2151 4303 2418 4360 stillantes
2443 4305 2639 4362 sudore
2667 4319 2765 4376 pro
2795 4304 2900 4372 his,
2949 4305 3088 4361 sicut
3121 4317 3339 4374 semper
3364 4312 3448 4361 est
3469 4297 3706 4374 approba.

2143 4459 2267 4526 fuit,
2297 4462 2371 4516 uti
2395 4469 2479 4516 est
2505 4461 2628 4517 cod.
2656 4461 2780 4518 Vat.
2804 4461 2963 4518 1540.

2224 4531 2241 4570 ί
2264 4533 2398 4605 Vat.
2422 4532 2563 4605 5345
2589 4533 2757 4589 addit.
2785 4533 2965 4599 Dion.,
2989 4547 3144 4588 causa
3172 4532 3283 4604 ipsa
3310 4531 3573 4605 permittit.

2215 4606 2230 4654 l
2262 4603 2382 4660 Vat.
2418 4603 2576 4670 1542,
2608 4605 2928 4672 perditionis.

2213 4672 2237 4712 ιτ
2270 4675 2470 4742 Quesn.
2501 4677 2685 4731 omisit
2707 4684 2845 4742 tum;
2885 4673 3188 4732 addidimus
3231 4689 3297 4732 ex
3347 4673 3590 4735 omnibus
3621 4684 3704 4728 no-
3727 4711 3746 4742 η.

2061 4746 2688 4838 serereserere.-

2222 4815 2239 4855 ι
2272 4817 2402 4874 Cod.
2431 4819 2550 4874 Vat.
2587 4815 2727 4873 1342
2754 4828 2808 4874 et
2835 4819 2970 4874 alius
2991 4815 3132 4875 5855
3161 4817 3328 4873 addit.
3360 4819 3542 4878 Dlon..
3566 4828 3701 4870 noua.
3727 4821 3730 4824 ’

2218 4901 2255 4926 ω
2290 4891 2477 4945 Exstat
2507 4891 2558 4944 in
2586 4888 2773 4944 iisdem
2803 4890 2961 4945 cedd.
2991 4890 3044 4944 in
3075 4889 3268 4959 quibus
3301 4888 3626 4960 praecedens,
3650 4895 3702 4939 ac

2144 4968 2404 5033 praeterea
2452 4961 2505 5016 in
2555 4961 2704 5033 llisp.
2747 4967 2804 5016 et
2833 4961 2959 5016 l'sid.
2998 4961 3236 5033 Tit'uluru'
3281 4960 3618 5033 exhibuimus
3647 4969 3703 5010 ex

2144 5027 2303 5087 codd.
2334 5032 2490 5087 Vind.
2516 5039 2572 5087 et
2595 5027 2790 5087 Veron.
2823 5034 2916 5097 46,
2945 5041 3067 5087 eum
3107 5032 3417 5101 quibus'alii
3446 5027 3700 5101 droatt.

2147 5103 2286 5160 1542
2311 5113 2365 5158 et
2395 5103 2567 5169 5845,
2600 5103 2867 5173 aliquibus
2901 5100 3137 5158 vocibus
3155 5102 3377 5173 emissis
3414 5100 3700 5173 concinnat.

2141 5178 2344 5242 Quesu.
2378 5193 2389 5227 :
2427 5166 2659 5245 Epistola
2693 5166 2870 5228 Idcacii
2902 5174 2970 5227 ad
2999 5187 3210 5246 papam_
3226 5171 3546 5246 Simplicium
3577 5186 3595 5224 :
3624 5166 3698 5221 Ti-

2136 5246 2394 5300 motheum
2421 5243 2713 5299 luereticum
2735 5262 2840 5300 esse
2863 5243 3140 5312 mortuum,
3171 5243 3389 5306 Petrum
3407 5245 3697 5304 damnatum,

2140 5316 2458 5371 Timotheum
2489 5317 2795 5372 catholicam
2817 5317 3121 5370 restitutum.

2209 5397 2236 5424 ιι
2259 5389 2428 5443 Codd.
2463 5387 2661 5442 Veron.
2690 5399 2743 5442 et
2779 5386 2896 5442 Vat.
2945 5387 3108 5456 5845,
3142 5400 3263 5441 cum
3294 5385 3467 5442 Oxon.
3493 5424 3510 5454 ,
3545 5387 3697 5438 sancto

2138 5460 2446 5530 patriarcha:
2471 5461 2729 5530 episwpo.

2212 5539 2236 5565 °
2266 5527 2509 5598 Quesm,
2519 5527 2906 5601 praecurrentes.
2927 5528 3267 5584 Praetulimus
3282 5539 3482 5601 omnes
3506 5527 3728 5582 nummi".

2137 5601 2352 5657 codices
2382 5599 2575 5664 Vind},
2617 5601 2815 5657 Veron.
2860 5610 2914 5654 et
2962 5611 3249 5670 utrumque
3281 5599 3401 5653 Vat.
3431 5639 3445 5662 ,
3491 5611 3694 5670 quorum

2135 5672 2391 5742 postremi
2416 5672 2614 5727 habent
2642 5682 2960 5728 recurrentes
2976 5673 3028 5724 in
3051 5669 3418 5739 vos,’divinum
3442 5669 3599 5722 zelum
3623 5679 3694 5719 so.

2132 5741 2248 5817 ἔξεο·
2280 5743 2462 5816 Vulti-i
2493 5753 2866 5817 Prwcurrenm
2884 5783 2904 5815 ,
2944 5743 3036 5800 sed
3072 5757 3161 5800 eos
3187 5743 3410 5800 divinant
3439 5741 3597 5795 zelum
3621 5749 3715 5790 δοσ-

2128 5813 2243 5874 lito.
