3996 6344
191 405 293 464 διδ

635 402 862 464 CODEX
898 402 1225 464 CANONUM
1265 406 1546 466 ECCLES.
1587 407 1678 464 ET
1715 407 1785 466 CC

1905 409 2298 473 TITUTORUM
2338 413 2396 472 S.
2440 413 2636 474 SEDIS
2670 413 3001 481 APOSTOL.

3351 419 3456 483 6η

185 534 324 582 tum.
349 521 456 582 Sed
485 521 731 581 Christus
757 524 1014 582 Dominus
1042 535 1249 592 noster,
1293 526 1384 596 qui
1428 526 1771 596 diligentibus
1797 528 1847 588 Α
1877 531 2106 599 propriae
2125 532 2272 588 sedis
2297 533 2498 590 honore
2526 534 2756 606 laetatur,
2777 544 2833 592 et
2852 534 3210 608 spiritualium
3225 533 3461 596 filiorum

188 633 249 674 se
277 619 332 674 in
366 618 572 674 bonum
597 627 937 688 eooperstur,
970 618 1210 674 insidens
1239 619 1651 690 cogitationibus
1675 635 1772 675 no-

191 712 344 772 stris.
372 719 398 748 ι
428 720 486 766 et
507 726 663 765 unam
687 709 855 766 nobis
878 711 930 766 in
961 709 1042 765 his
1068 720 1299 766 mentem
1338 722 1497 782 atque
1531 712 1770 768 eamdem

185 820 284 875 pro
329 803 501 875 gloria
530 819 623 858 sua
651 818 772 858 esse
824 817 1176 874 cognoscens,
1225 819 1440 859 omnem
1499 803 1772 859 victoriam

183 897 303 966 ipse
329 893 356 934 δ
389 895 634 966 perfecit,
667 905 721 952 et
749 907 1032 952 consortes
1052 910 1150 951 nos
1177 910 1298 951 cum
1329 895 1773 966 tranquillissimo

184 991 433 1062 principe
455 990 667 1046 faciet.c
685 990 1025 1047 Timotheum
1051 992 1266 1062 quidem
1289 991 1357 1047 de
1372 989 1648 1047 Chersona
1672 991 1773 1061 spi-

184 1097 398 1140 rantem
433 1084 714 1153 procellas,
744 1095 798 1138 et
824 1085 1244 1142 ecclesiasticam
1286 1085 1728 1156 tranquillitatem
1757 1124 1773 1152 ,

182 1178 326 1234 sicut
350 1178 622 1247 apparuit.
651 1179 1086 1244 eonturbantem,
1120 1181 1241 1233 vitae
1284 1179 1538 1234 subduxit
1584 1180 1770 1234 huma-

182 1287 288 1334 ην,
317 1271 503 1326 dicens
531 1287 544 1324 :
580 1269 709 1325 Tace
727 1281 776 1324 et
803 1272 1108 1330 obmutesce.
1142 1271 1361 1328 Petrum
1392 1287 1636 1342 quoque,
1682 1271 1772 1341 qui

182 1364 252 1416 ab
299 1363 629 1419 Alexandria
678 1378 827 1419 more
858 1364 1107 1420 similiter
1136 1364 1385 1434 procella:
1423 1372 1770 1433 surrexerat,

183 1457 499 1527 dissiptvit,
527 1471 688 1527 atque
723 1459 778 1511 in
808 1467 1066 1512 aeternam
1095 1457 1269 1526 fugam
1297 1499 1311 1522 ,
1361 1466 1548 1512 sancto
1572 1456 1772 1526 Spiritu

184 1550 350 1605 ﬂante
375 1551 662 1612 convertit,
689 1565 850 1604 unum
875 1558 931 1605 et
963 1550 1138 1618 ipsum
1180 1550 1247 1603 de
1280 1549 1362 1604 his
1392 1551 1483 1620 qui
1507 1549 1634 1604 olim
1660 1549 1775 1605 fue-

183 1652 308 1698 rant
333 1653 388 1697 et
409 1655 534 1699 ante
563 1643 823 1698 damnati.
848 1640 875 1680 ίι
900 1643 1053 1700 Sicut
1083 1645 1134 1698 in
1180 1643 1379 1698 nostris
1422 1644 1657 1698 srehivis
1696 1644 1773 1698 in-

183 1746 408 1790 ventum
435 1744 539 1804 est,
565 1744 621 1790 et
645 1735 715 1790 de
744 1735 936 1790 vestris
957 1735 1190 1803 scriniis,
1210 1735 1254 1790 si
1278 1735 1566 1806 dignemini
1601 1736 1777 1806 requi-

183 1839 332 1893 rere,
364 1825 610 1895 poteritis
631 1839 924 1895 agnoscere
949 1841 1070 1896 quae
1097 1826 1149 1880 in
1190 1837 1436 1895 tempore
1477 1825 1548 1880 de
1583 1826 1774 1882 eodem

183 1921 502 1987 subsecuta,
534 1929 558 1957 ε
581 1920 650 1974 ab
679 1919 1052 1974 Alexandrino
1087 1920 1344 1990 episcopo
1367 1919 1590 1974 Romam
1621 1919 1778 1975 altcr-
1806 1920 1854 1981 Β

185 2023 370 2068 utrum
392 2012 503 2067 sint
524 2011 713 2067 relata.
739 2011 841 2078 Qui
873 2010 1063 2066 Petrus
1112 2010 1250 2066 ﬁlius
1290 2011 1462 2067 noctis
1503 2013 1772 2080 existens,

185 2117 244 2164 et
273 2122 502 2178 operum
533 2106 639 2163 diei
662 2105 955 2162 lucentium
987 2106 1194 2162 alienus
1215 2121 1497 2177 apparens,
1527 2107 1776 2162 omnino-

184 2213 295 2270 que
323 2198 576 2254 tenebras
603 2197 671 2252 ad
701 2196 1044 2252 latrocinium
1071 2198 1433 2268 peragendum
1467 2197 1488 2236 ί
1517 2213 1777 2268 congruas

185 2305 380 2348 earum
401 2298 723 2361 cooperator
744 2289 1023 2346 inveniens
1045 2332 1059 2354 ,
1092 2290 1268 2345 media
1298 2300 1474 2358 nocte,
1501 2291 1676 2346 adhuc
1701 2291 1780 2361 ja-

185 2394 349 2442 cente
379 2394 434 2441 et
457 2385 723 2455 insepulta
752 2385 1020 2440 cadavere
1043 2383 1186 2440 illius
1210 2386 1300 2453 qui
1328 2395 1579 2455 paternos
1619 2400 1781 2442 cano-

187 2494 290 2536 nes
320 2479 685 2544 subverterat,
717 2479 987 2548 subripuit
1008 2477 1061 2534 in
1084 2479 1291 2544 sedem,
1325 2481 1462 2535 sicut
1497 2480 1612 2550 ipse
1639 2481 1779 2535 arbi-

187 2581 366 2628 tratus
392 2583 499 2638 est,
528 2581 552 2619 8
587 2587 692 2627 uno
713 2573 832 2627 solo
867 2582 1152 2641 praesente,
1197 2581 1251 2626 et
1304 2588 1370 2628 eo
1421 2575 1508 2641 qui
1555 2588 1776 2628 consors

188 2664 363 2736 ipsius
384 2665 652 2721 existebat
675 2664 929 2729 insaniat;
963 2664 1034 2719 ita
1066 2672 1125 2720 ut
1176 2673 1393 2735 propter
1421 2665 1526 2720 hoc
1565 2667 1782 2737 majori-

189 2758 289 2816 bus
320 2759 606 2831 suppliciis
634 2759 976 2823 subderetur,
1007 2773 1107 2814 nec
1132 2755 1158 2796 ιι
1189 2759 1332 2828 quod
1368 2761 1615 2830 sperabat
1652 2761 1781 2817 elle-

192 2865 334 2912 Ctum
359 2863 466 2909 est.
491 2852 596 2908 Sed
627 2852 716 2908 ille
744 2852 957 2922 quidem
992 2868 1057 2908 ex
1089 2861 1236 2922 parte
1262 2854 1351 2909 vel
1389 2854 1608 2909 minima
1640 2855 1782 2924 judi-

193 2961 320 3004 cans
343 2961 609 3017 nusquam
640 2945 852 3014 penitus
876 2945 1098 3001 omnino
1113 2945 1448 3015 comparuit;
1473 2946 1782 3002 Timotheus

195 3051 376 3094 sutem
428 3047 777 3108 paternorum
845 3036 1010 3108 316
1053 3045 1238 3092 custos
1281 3052 1576 3104 canonum,
1635 3037 1651 3076 ί
1691 3040 1780 3109 qui

199 3114 469 3189 Davidicze
491 3129 914 3186 mansuetudinis
933 3129 1266 3200 exemplum,
1281 3141 1336 3186 et
1357 3145 1527 3201 usque
1550 3130 1602 3186 in
1621 3132 1780 3188 linem

203 3231 430 3302 patiens,
467 3237 627 3299 atque
650 3227 902 3298 potestati
933 3226 1164 3300 propriae
1189 3227 1470 3286 restitutus
1490 3244 1520 3284 a
1539 3228 1782 3298 Christo,

1873 633 2035 676 voces
2061 625 2295 694 accepit;
2337 625 2562 695 gratiam
2605 628 2898 683 curationis
2929 636 3237 700 exspectat,
3280 627 3462 684 multi-

1873 714 2071 785 plicato
2099 716 2150 770 in
2181 732 2238 772 se
2276 717 2480 774 honore
2505 733 2534 773 a
2563 718 2780 776 Christo
2808 722 3048 792 principe
3086 720 3456 792 sacerdotum,

1874 821 2094 880 propter
2115 825 2272 881 quem
2307 822 2359 867 et
2387 813 2686 868 tolerantiae
2717 828 2973 870 coronam
3015 817 3230 875 sibimet
3267 820 3462 892 religa-

1873 905 1969 958 vit.
1990 904 2260 960 Attentius
2289 906 2449 976 igitur
2474 917 2593 962 oret
2629 917 2806 964 vestra
2857 910 3132 966 beatitudo
3181 928 3277 983 pro
3321 914 3463 971 citri-

1873 999 2202 1054 stianissimo
2229 1001 2568 1070 imperatore,
2593 1009 2647 1056 et
2660 1015 2768 1071 .pro
2795 1002 2946 1059 nobis
2971 1003 3123 1074 ipsis.
3151 1007 3289 1062 Nihil
3317 1009 3459 1064 enim

1875 1090 2301 1162 praetermittitur
2328 1105 2514 1147 eorum
2544 1108 2662 1162 quae
2694 1093 2760 1148 ad
2796 1095 3096 1151 custodiam
3127 1087 3462 1156 ecclesiasti-

1875 1195 1953 1236 cae
1985 1181 2280 1251 respiciunt
2305 1182 2628 1252 disciplinae.
2668 1182 2983 1239 Universam
3031 1186 3450 1260 fraternitatem,

1879 1275 1895 1323 i
1931 1288 2050 1344 qua
2101 1273 2252 1327 vobis
2283 1281 2365 1328 est
2411 1273 2464 1328 in
2500 1272 2742 1342 Christo,
2775 1282 2828 1330 ct
2853 1291 2986 1346 ego,
3032 1289 3085 1332 et
3121 1282 3206 1349 qui
3249 1296 3458 1336 mecum

1877 1373 2024 1433 sunt,
2054 1368 2371 1423 salutamus.
2416 1365 2486 1422 Et
2509 1367 2617 1423 alia
2640 1385 2799 1424 manu
2831 1387 2849 1425 :
2880 1371 2936 1425 in
2980 1371 3206 1430 Domino
3242 1389 3462 1432 conser-

1875 1459 2038 1524 veris,
2070 1459 2409 1515 sanctissime
2439 1469 2492 1515 et
2525 1459 2836 1517 beatissime
2865 1460 3042 1518 Pater.

2251 1596 2410 1667 317
2446 1595 2840 1654 CAPITULUM
2880 1597 3060 1654 XLVI.

1878 1704 1904 1746 ιι
1935 1703 2171 1776 Epistula
2195 1705 2387 1762 Felicis
2409 1724 2558 1777 papae
2584 1710 2877 1764 damnantis
2900 1710 3145 1764 Acacium
3173 1710 3462 1768 Constanti-

1951 1779 2302 1849 n0politanum
2327 1780 2642 1851 episcopum,
2672 1782 2793 1851 quia
2832 1779 3040 1835 Petrum
3066 1791 3114 1838 et
3143 1784 3272 1838 alios
3311 1785 3464 1840 lterc-

1951 1852 2097 1932 litos,
2127 1867 2248 1921 quos
2286 1851 2395 1922 ipse
2418 1850 2769 1919 damnaverat,
2799 1854 2908 1907 sine
2941 1855 3218 1924 apostolica
3247 1855 3350 1925 ﬁde
3377 1872 3459 1911 re-

1953 1931 2102 1974 cemt.

1953 1935 2102 1990 cepit.

1881 2012 2048 2069 Fur:
2093 2013 2377 2085 episcOpus
2415 2023 2612 2140 sanet:
2655 2014 2912 2071 Ecclesiae
2949 2016 3230 2073 catholicae
3260 2014 3277 2056 ι
3310 2017 3466 2076 Urbis

2607 2101 2780 2140 CACIO.

2607 2101 2780 2142 CACIO.

1954 2197 2235 2252 Multarum
2255 2198 2738 2270 transgressionum
2757 2200 3008 2270 reperiris
3027 2201 3312 2270 obnoxius,
3334 2213 3387 2260 et
3413 2203 3465 2258 in

1879 2291 2206 2346 venerabilis
2248 2290 2450 2347 Nicasni
2491 2292 2700 2347 concilii
2731 2294 3052 2349 contumelia
3097 2309 3240 2365 saepe
3286 2311 3466 2352 versa-

1882 2393 1987 2451 tus,
2011 2384 2304 2441 alienarum
2346 2385 2440 2441 tibi
2481 2387 2872 2456 provinciarum
2899 2389 3020 2459 jura
3045 2390 3323 2446 temerarie
3347 2391 3466 2446 vin-

1880 2478 2090 2533 dicasti.
2134 2478 2427 2534 Haereticos
2454 2488 2493 2515 ω
2520 2493 2853 2550 pervaseres,
2885 2489 2940 2538 et
2964 2483 3036 2539 ab
3071 2482 3338 2540 haereticis
3381 2499 3467 2539 or-

1885 2570 2118 2638 dinatos,
2150 2579 2205 2626 et
2228 2585 2362 2641 quos
2393 2573 2508 2641 ipse
2531 2573 2908 2642 damnaveras,
2947 2582 3108 2646 atque
3148 2577 3215 2631 ab
3246 2583 3464 2646 aposto-

1889 2663 1988 2721 lica
2014 2665 2253 2722 institisti
2282 2665 2409 2722 sede
2436 2666 2701 2735 damnari,
2721 2682 2824 2722 non
2854 2668 3018 2723 modo
3042 2677 3069 2705 ιι
3094 2677 3242 2724 motu
3265 2677 3357 2723 tuo
3379 2683 3468 2724 re-

1889 2759 2166 2829 cipiendos
2195 2760 2416 2830 putasti,
2457 2775 2641 2814 verum
2667 2761 2828 2816 etiam
2867 2761 2985 2816 aliis
3022 2761 3299 2828 Ecclesits,
3327 2757 3470 2832 quod

1890 2867 1989 2908 nec
2015 2853 2082 2908 de
2111 2853 2388 2910 catholicis
2417 2853 2532 2909 fieri
2562 2861 2793 2924 poterat,
2836 2854 3124 2924 pmsidere
3153 2854 3348 2923 fecisti,
3381 2863 3470 2911 aut

1889 2947 2047 3003 etiam
2074 2947 2363 3002 honoribus
2389 2960 2523 3016 quos
2547 2961 2654 3001 non
2676 2946 3020 3002 merebantur
3046 2947 3259 3002 auxisti.
3286 2945 3470 3002 Testa-

1889 3047 1976 3094 tur
2001 3038 2102 3098 hoc
2130 3038 2386 3106 Joannes,
2418 3051 2576 3107 quem
2604 3052 2634 3091 a
2665 3036 2945 3093 catholicis
2981 3037 3218 3108 Apamia:
3247 3050 3353 3092 non
3382 3050 3469 3092 re-

1887 3144 2123 3204 ceptum,
2157 3122 2474 3202 pulsumque
2517 3130 2584 3186 de
2625 3130 2928 3198 Antiochia,
2962 3141 2987 3170 ο
3013 3131 3188 3204 Tyriis
3219 3129 3468 3203 prefect-

1889 3228 2000 3284 sti:
2033 3237 2088 3284 et
2114 3225 2399 3283 Humerius
2435 3233 2563 3282 tunc
2605 3223 2673 3281 de
2713 3224 2961 3284 diaconio
3001 3223 3265 3297 deiectus,
3306 3233 3466 3297 atque

285 3446 310 3475 ι
339 3435 649 3490 Μὸίἀὶιηυε
678 3441 726 3487 et
767 3445 890 3487 cum
927 3430 1099 3503 tribus
1136 3431 1340 3488 nostris
1380 3443 1511 3488 mss.
1547 3439 1602 3488 et
1640 3431 1782 3503 vulg.
1814 3431 1861 3496 C
1892 3431 2170 3503 ste_bat_pro
2199 3428 2463 3503 existebat,
2497 3424 2821 3498 suffragante
2850 3427 3010 3503 etiam
3039 3441 3142 3487 ms.
3176 3426 3334 3484 Vind.

219 3504 372 3563 Dein.
403 3508 570 3561 Oxon.
601 3503 801 3560 omittit
829 3517 920 3571 pro
945 3500 1113 3574 gloria
1137 3519 1252 3574 sua.

221 3629 226 3636 .
283 3576 313 3616 δ
347 3578 542 3645 Queen.
600 3576 747 3630 addit
795 3590 887 3643 per
930 3573 1018 3638 se;
1068 3573 1366 3629 delevimus
1415 3587 1534 3629 cum
1586 3573 1784 3639 Vind.,

214 3648 448 3715 'l‘huan.,
484 3649 681 3703 Veron.
705 3653 865 3716 atque
894 3645 1048 3716 Vulg.
1083 3645 1206 3700 Mox
1237 3645 1548 3716 scripsimus
1568 3655 1681 3700 et...
1715 3646 1791 3715 fn-

208 3721 442 3777 cicteum
475 3734 576 3772 ms.
607 3715 842 3780 Thuan.,
871 3717 956 3770 cui
990 3715 1188 3772 Veron.
1211 3726 1265 3772 et
1297 3715 1456 3771 Vind.
1485 3715 1791 3784 suffragan-

209 3799 311 3846 tur.
339 3790 498 3862 Apud
519 3793 744 3858 Quesn.,
767 3789 944 3843 deleto
959 3796 1028 3853 et,
1046 3787 1269 3844 habetur
1291 3788 1594 3858 perﬁciens;
1617 3788 1786 3859 vulg.,

232 3881 402 3919 uerens
409 3902 425 3919 ο

599 3930 923 3985 Timotheum
943 3930 1077 3983 enim
1107 3931 1168 3984 de
1199 3929 1422 3985 Cortona
1461 3931 1791 3998 rcspirantem

243 4006 484 4060 rocellas.
519 4003 936 4058 Emendavimns
961 4015 1082 4056 cum
1112 4001 1229 4055 Vat.
1264 4000 1421 4067 1542,
1457 4000 1787 4056 cencinenti-

275 4094 304 4138 s
337 4076 497 4132 Vind.
529 4084 582 4129 t-t
607 4075 830 4139 Veron.,
861 4074 914 4126 in
942 4073 1137 4141 quibus
1159 4074 1330 4126 solum
1379 4085 1474 4140 pro
1514 4073 1790 4143 spirantem

211 4149 442 4206 habetur
470 4153 776 4215 sperantem.
810 4143 983 4198 llodd.
1031 4144 1272 4208 Tltuan.',
1307 4143 1643 4215 finiet/tcum
1683 4145 1794 4215 qui-

210 4221 317 4273 dem
349 4214 687 4274 dissensionis
714 4226 978 4284 parantem
1010 4216 1278 4284 procellas.
1306 4214 1447 4269 Idem
1481 4224 1561 4267 est
1587 4216 1636 4268 in
1672 4214 1788 4268 Vat.

211 4290 372 4357 5845,
413 4290 518 4344 nisi
544 4289 681 4359 quod
712 4287 1013 4342 decessionis
1031 4287 1252 4359 _l_egitur
1288 4301 1382 4350 pro
1427 4285 1794 4359 dissensionis;

211 4371 498 4432 utrumque
530 4357 786 4414 mendose
808 4373 902 4428 pro
933 4362 996 4412 de
1015 4357 1292 4432 Chersontt,
1320 4359 1371 4411 in
1393 4371 1550 4432 quam
1578 4357 1793 4432 quidem

213 4427 556 4490 Timotiieum
606 4427 896 4499 relegatum
944 4445 1010 4483 ex
1053 4441 1172 4498 cap.
1216 4427 1286 4484 45
1325 4428 1665 4483 manifestum
1718 4428 1792 4480 fit.

213 4500 362 4575 Vulg.
404 4505 556 4568 item,
576 4516 878 4573 perperam,
911 4501 974 4554 Et
1001 4499 1324 4555 Timotheum
1342 4501 1547 4571 quidem
1576 4499 1795 4553 decesso-

213 4590 311 4629 ηηι
319 4616 332 4631 ο

280 4644 309 4684 ἀ
334 4644 524 4712 γυιςη
554 4645 703 4700 Sicut
732 4646 866 4699 enim
885 4644 938 4696 in
961 4644 1169 4698 nostris.
1199 4641 1388 4697 Melius
1413 4641 1531 4698 cod.
1573 4639 1768 4695 Veron.

213 4718 336 4774 sicut
361 4728 411 4772 et
444 4717 495 4769 in
524 4716 728 4770 nostris.

1949 3498 1992 3556 νδ
2043 3500 2243 3568 Quesn.
2293 3499 2440 3554 addit
2493 3507 2693 3562 tamen;
2744 3499 3100 3568 expunximus
3137 3509 3269 3554 ‘cum
3333 3512 3468 3556 mss.

1893 3572 2076 3637 Vind.,
2107 3571 2236 3627 Ver.
2258 3579 2313 3626 et
2342 3569 2505 3642 vulg.,
2528 3584 2594 3625 ac
2622 3575 2804 3640 postea
2827 3582 2950 3626 cum
2979 3569 3225 3626 omnibus
3256 3570 3473 3627 inserui—

1891 3660 2010 3700 mus
2033 3644 2251 3713 penitus.

1971 3711 2268 3782 iQuesnel.
2301 3731 2312 3765 :
2347 3712 2450 3778 Qui
2494 3711 2758 3766 Davidici:
2797 3712 3197 3768 mansuetudinis
3246 3712 3475 3783 exemplo

1894 3804 2054 3857 usque
2075 3789 2126 3840 in
2149 3786 2300 3857 ﬁnem
2324 3785 2520 3857 patiens
2544 3785 2660 3853 fuit,
2675 3784 3226 3857 potestatiproprite...
3251 3785 3474 3857 ltetatur,

1892 3867 1938 3913 et
1967 3854 2332 3929 spiritualium
2349 3855 2576 3925 ﬁliorum
2605 3854 2731 3929 votis
2757 3854 2948 3929 accepit
2987 3854 3213 3929 gratiam
3239 3855 3480 3929 curgtiog

1893 3924 2002 3984 nis.
2031 3930 2307 3993 Exspectat
2331 3924 2450 4000 ergo
2477 3926 2761 4000 prtemium
2791 3924 3154 4000 multiplicato,
3185 3940 3292 4000 etc.
3321 3924 3476 4000 Codi-

1893 4015 2012 4055 ctim
2037 4008 2338 4055 nostrorum
2373 3996 2651 4053 lectionem
2680 3997 3082 4062 revocavimus,
3125 3996 3472 4067 suffraganti-

1895 4071 1991 4126 bus
2014 4072 2177 4141 vulg.,
2203 4070 2255 4153 in
2279 4069 2470 4152 quibus
2499 4068 2669 4124 solum
2697 4067 2920 4122 habetur
2956 4069 3185 4140 exemplo
3211 4068 3474 4132 subditur,

1897 4153 1949 4196 et
1977 4159 2118 4196 voces
2145 4157 2418 4209 acctptens.

1971 4216 1984 4263 i
2023 4215 2223 4277 Oucsn.
2251 4214 2436 4267 inserit
2465 4220 2702 4265 vestram.
2735 4209 2861 4264 "me
2891 4223 2991 4263 vox
3022 4209 3273 4273 abundat,
3302 4209 3478 4264 deest-

1897 4300 2001 4354 que
2024 4285 2074 4339 in
2101 4284 2300 4338 nostris
2336 4283 2493 4338 codd.
2537 4280 2802 4354 Moxduo
2838 4280 2980 4334 Vati.
3024 4295 3143 4354 cum
3179 4281 3513 4354 vulg.,guat.

1896 4351 2154 4410 uobiscum
2184 4365 2276 4410 est.
2315 4355 2448 4409 Dein
2477 4362 2523 4409 et
2551 4352 2831 4407 beatissime
2862 4365 2926 4406 ex
2968 4351 3216 4406 omnibus
3244 4351 3399 4408 codd.
3431 4361 3482 4408 cl

1899 4428 2044 4496 vulg.
2074 4427 2388 4495 adjecimus.

1971 4491 2220 4552 l{Omnes
2272 4495 2429 4549 codd.
2487 4496 2538 4550 in
2590 4496 2784 4565 quibus
2831 4503 2915 4551 est
2959 4492 3185 4562 epistola
3237 4491 3483 4563 superior

1898 4568 2058 4624 etiam
2092 4570 2244 4622 istam
2277 4567 2574 4622 continent.

1976 4636 1993 4677 ι
2039 4639 2128 4694 Sic
2155 4639 2276 4692 eod.
2302 4637 2461 4692 Vind.
2499 4635 2554 4691 in
2587 4650 2686 4691 ms.
2714 4636 2845 4692 Ver.
2885 4633 3005 4702 VR,
3031 4649 3100 4689 ex
3133 4647 3237 4704 quo
3267 4633 3401 4691 forte
3431 4636 3486 4693 in

1899 4711 2043 4780 vulg.
2082 4709 2232 4763 Urbis
2256 4707 2448 4780 lignus.
2483 4707 2709 4780 Quc_sn.,
2741 4706 3007 4780 Romanae.
3035 4705 3157 4761 Val.
3199 4704 3357 4773 1542,
3385 4704 3486 4761 Fe-

281 4799 306 4827 ο
333 4789 411 4842 ita
441 4786 598 4840 Vind.
625 4801 745 4842 cum
777 4785 948 4839 tribus
987 4784 1105 4839 aliis
1127 4781 1307 4858 _codd.
1339 4783 1428 4853 qui
1471 4783 1644 4839 solum
1705 4783 1799 4836 ha-
1824 4817 1877 4880 Β
1901 4782 1974 4836 lia:
1992 4775 2260 4850 Episwpus
2289 4777 2534 4833 Ecclesia?
2578 4778 2821 4860 Romana:
2854 4775 3057 4831 Acacio.

281 4872 330 4880 -.
375 4859 442 4880 ,Α
482 4857 693 4880 θυμω..
747 4856 876 4880 υ..ι,-
963 4854 1172 4880 0--.-..
1203 4858 1265 4880 -.ι
1290 4853 1582 4880 Annam...
1638 4853 1763 4880 0.4..
1919 4877 1924 4879 .
1977 4859 2017 4880 ll
2039 4851 2152 4880 nun
2183 4849 2279 4880 υ..-
2334 4849 2470 4880 Ilua
2494 4857 2546 4880 Α.
2567 4849 2703 4880 κρυ.
2752 4861 2797 4880 Μ
2825 4863 3057 4880 ..Μυκη-η

214 4859 334 4917 bent
365 4859 442 4913 ad
469 4857 715 4914 Romam.
747 4856 923 4924 γωδ..
955 4853 1172 4910 Romam
1198 4858 1265 4907 ad
1285 4853 1605 4910 alterutrum.
1638 4853 1798 4909 Gela-

215 4931 323 4986 sius
353 4932 412 4986 in
446 4928 722 4993 Tractatu,
751 4941 911 4998 quem
933 4943 967 4983 e
993 4941 1096 4998 ms.
1135 4925 1330 4980 Veron.
1361 4925 1450 4988 46,
1486 4927 1658 4998 edidit
1683 4925 1798 4982 Sci-

216 5002 303 5071 pio
334 4999 605 5064 Maﬁeius,
638 5012 674 5052 l.
705 4996 781 5053 V.’
801 4998 967 5054 Cone.
995 4997 1131 5053 Ven.
1154 4997 1312 5071 edit”
1339 4999 1442 5050 col.
1476 4996 1603 5071 εδδ,
1635 4997 1796 5071 hasce

216 5067 396 5128 Aescii
431 5070 638 5126 litteras
668 5071 922 5140 allegans,
972 5084 1040 5140 ex
1089 5084 1156 5124 eo
1203 5067 1435 5140 affirmat
1479 5067 1796 5140 Timotheum

218 5145 536 5214 catholicum
557 5140 622 5198 de
643 5138 968 5214 damnatione
993 5138 1135 5214 Petri
1160 5139 1403 5214 retulisse
1434 5138 1501 5191 ad
1536 5147 1799 5209 utramque

220 5212 464 5269 Romam.
491 5213 625 5269 Hinc
652 5208 931 5284 legendum
957 5211 1228 5284 credimus
1254 5209 1323 5264 ad
1360 5208 1578 5265 Romam
1606 5208 1800 5264 utram-

218 5301 314 5355 que
334 5285 422 5341 vel
453 5283 758 5355 alterutram
785 5286 856 5339 ita
887 5295 941 5336 ut
962 5283 1262 5338 alterutram
1289 5297 1384 5355 pro
1406 5289 1674 5355 utramque
1706 5296 1797 5355 ac-

219 5351 649 5439 ceptum_fuerit..‘
671 5355 870 5423 Quesn.
899 5369 1198 5439 perperam,
1242 5351 1303 5408 et
1333 5353 1396 5406 alt
1441 5351 1805 5407 Alexandrinis

219 5429 476 5498 episcopis
504 5430 576 5481 ad
605 5427 864 5482 Romanos
890 5427 988 5481 sint
1012 5427 1191 5480 relata.

294 5499 314 5538 ί
346 5498 768 5578 Ques_n._inser_i_t
786 5499 950 5578 votis;
975 5498 1444 5578 omittuntbmnes
1461 5495 1624 5578 nostri
1644 5494 1802 5578 codd.

220 5578 274 5644 et
294 5566 450 5644 vulg.
480 5571 665 5627 Solum
699 5569 854 5625 Vind.
895 5581 951 5644 et
989 5568 1188 5625 Veron.
1238 5569 1434 5624 habent
1481 5567 1552 5644 ad
1599 5566 1805 5644 latroci-

221 5643 366 5698 nium
392 5637 660 5714 congruas
678 5643 952 5712 peragendi
976 5657 1145 5694 earum
1171 5650 1486 5713 cooperator.
1514 5638 1687 5693 Oxon.
1709 5637 1806 5692 dc-

223 5710 295 5784 let
321 5732 506 5768 earum
529 5727 847 5784 cooperator.
882 5711 1026 5776 Mox,
1054 5712 1236 5784 deleto
1267 5721 1313 5765 et
1335 5726 1519 5784 vocem
1549 5709 1804 5784 insepulta

223 5782 332 5840 duo
357 5787 523 5841 codd.
559 5779 756 5838 veros.
789 5791 846 5840 et
869 5785 986 5838 Vat.
1018 5783 1178 5850 i5l2,
1211 5799 1332 5840 cum
1377 5781 1546 5852 vulg.,
1585 5779 1808 5834 transfe-

223 5869 346 5912 rtlut
376 5867 503 5924 post
523 5855 744 5911 verbum
766 5855 1090 5924 subverterat.

295 5936 323 5976 ι
345 5921 495 5984 Cod.
522 5927 718 5985 Veron.
749 5924 870 5982 cum
893 5921 1058 5998 vulg.,
1079 5942 1179 5982 uno
1199 5934 1247 5981 et
1271 5922 1406 5996 solo,
1444 5935 1498 5982 et
1531 5936 1657 5980 mox
1689 5921 1812 5978 insi-

1919 4877 1924 4879 -
1977 4849 2153 4905 InDuo
2183 4849 2302 4905 Vat.
2334 4849 2470 4905 1542
2494 4857 2548 4906 et
2565 4849 2729 4918 5845,
2750 4861 2797 4903 et
2825 4863 3146 4918 persuasores
3171 4855 3338 4918 atque.

1974 4930 2002 4958 ⁸³
2024 4919 2183 4978 Vind.
2208 4931 2262 4976 et
2287 4919 2514 4991 Veron.,
2537 4920 2744 4991 mutila,
2777 4917 2831 4974 tu
2862 4929 2966 4991 tuo.
2995 4917 3488 4991 Correxitnuscum

1904 4993 2112 5049 duobus
2141 4992 2368 5068 laudatis
2403 4986 2542 5046 Vatt.
2574 4986 2742 5068 Quam
2777 4989 3202 5068 emendationem
3233 4986 3321 5041 alii
3345 4987 3488 5068 igne:

1905 5073 2087 5120 rantes
2115 5065 2470 5132 scripserunt,
2494 5072 2551 5117 ut
2575 5057 2626 5117 in
2658 5063 2827 5133 vulg.,
2852 5079 2952 5115 non
2972 5057 3496 5133 modoAcommunionl'

1907 5146 2009 5191 tua!
2059 5127 2372 5206 recipiendos
2402 5127 2630 5206 putasti;
2672 5127 2776 5198 vel,
2815 5127 2884 5206 ’με
2919 5131 3070 5206 apud
3119 5127 3343 5206 Quesn.,
3388 5143 3490 5181 non

1907 5199 2528 5280 modoirecipiendqs'esse
2543 5199 2732 5280 putasti
2749 5199 2982 5280 collegio,
3004 5199 3362 5280 uerum-ctiam,
3381 5207 3488 5254 etc.

1908 5278 2026 5334 Mox
2054 5269 2213 5334 Vind.
2245 5286 2299 5332 et
2326 5275 2523 5331 Veron.
2543 5269 2744 5332 'delent
2773 5275 2836 5328 de
2863 5269 2986 5327 ante
3017 5269 3302 5323 catholicis.

1982 5358 2006 5385 ο
2029 5350 2086 5404 1η
2112 5347 2273 5404 Vind.
2307 5357 2362 5403 et
2389 5345 2587 5402 Veron.
2623 5345 2709 5401 hic
2745 5346 2893 5400 locus
2923 5342 3075 5396 valde
3105 5345 3386 5408 corruptus
3409 5337 3489 5394 el-

1911 5419 2083 5476 liertur
2105 5419 2181 5474 sic
2207 5436 2219 5472 :
2251 5419 2416 5489 Tyriis
2445 5418 2651 5472 relisisti
2679 5433 2698 5471 :
2727 5427 2772 5471 et
2794 5415 2971 5489 merito
2989 5412 3053 5489 de
3079 5412 3313 5489 diaconio
3351 5409 3492 5481 deje-

1910 5498 2018 5546 etos
2041 5499 2190 5560 atque
2217 5481 2482 5545 christiani
2512 5489 2730 5542 nominis
2753 5484 3098 5560 appellatione
3125 5481 3427 5560 priuatosua
3445 5489 3492 5560 te

1911 5565 2063 5616 etiam
2108 5549 2215 5633 '(vel
2246 5560 2402 5630 nunc)
2444 5561 2498 5614 in
2531 5549 2835 5633 presbyterii
2863 5549 3132 5633 provectos
3153 5551 3334 5633 ofﬁcio.
3364 5549 3492 5633 Vul-

1908 5635 2014 5703 gati
2047 5620 2328 5687 lectionem
2357 5620 3330 5703 textusexbibeut,_:conco_rdantibus
3357 5620 3491 5703 duo-

1909 5691 2008 5759 bus
2028 5704 2149 5759 Vat.
2185 5703 2370 5759 Solum
2404 5715 2500 5769 pro
2538 5699 2818 5754 Humerius
2839 5697 2961 5769 Vat.
2995 5692 3135 5769 {342
3157 5691 3498 5769 habet_Hyc-

1908 5776 2117 5842 remitte,
2146 5773 2267 5829 Vat.
2300 5759 2463 5837 5843,
2497 5764 3200 5842 Ilieronytnus._ﬂarduinus
3229 5761 3334 5836 legi
3361 5759 3514 5818 nili--

1912 5845 1988 5905 iet
2015 5837 2302 5902 Himerius.
2325 5844 2534 5912 Quesu.
2565 5856 2664 5914 pro
2691 5837 2850 5898 itiem
2871 5837 3038 5896 habet
3056 5844 3214 5892 nunc.
