3996 6344
557 264 664 327 615

2653 115 2682 134 κ

1466 267 1810 328 APPENDIX
1851 268 1941 326 AD
1979 267 2035 326 S.
2079 263 2323 325 LEONIS
2361 262 2579 325 MAGNI
2615 261 2866 326 OPERA.
3715 264 3807 331 616

553 385 835 443 christiani
862 386 1097 442 nominis
1130 386 1492 458 appellatione
1535 387 1801 458 privatus.
1830 403 1859 444 a
1904 398 1956 444 te
1982 388 2145 444 etiam
2171 395 2226 459 Α
2252 384 2538 458 legatione,
2573 387 2947 459 pertraheres;
2980 394 3004 423 ε
3029 379 3374 457 praemiisque
3411 392 3686 457 corruptos
3715 404 3808 453 nou

553 479 609 534 in
652 478 972 550 presbyterii
1016 487 1301 548 provectus
1339 478 1539 534 ol‘licio.
1584 479 1652 536 Et
1701 480 1854 550 quasi
1885 480 2004 538 haec
2051 480 2148 537 tibi

552 570 761 626 minora
786 571 1119 640 viderentur,
1144 569 1201 626 in
1226 571 1396 641 ipsam
1419 571 1680 628 doctrinae
1708 573 2023 644 apostolicae
2049 589 2148 630 ve-

554 662 771 719 ritatem
801 671 827 700 ι
852 677 1016 719 ausus
1042 671 1147 718 tute
1186 663 1455 733 superbiae
1495 664 1792 732 tctendisti,
1839 673 1896 720 ut
1935 665 2144 731 Petrus,

555 772 715 827 quem
757 755 1068 811 damnatum
1116 765 1316 811 sanctae
1363 757 1639 812 memoriae
1689 757 1961 814 decessori
2023 772 2148 813 meo

553 849 668 921 ipse
695 850 977 916 retuleras,
1000 849 1160 906 .sicut
1188 859 1452 905 testantur
1481 866 1714 919 annexa,
1752 851 1893 906 beati
1924 866 2150 921 evange-

553 942 690 996 listas
721 941 881 997 Marci
907 941 1089 996 sedem
1117 949 1168 996 te
1196 943 1521 997 connivente
1553 958 1739 998 rursus
1765 943 2060 1010 invaderet,
2093 952 2150 998 et

553 1034 746 1106 fugatis
769 1036 1083 1092 orthodosis
1111 1037 1378 1108 episcopis
1407 1048 1462 1093 et
1488 1039 1704 1094 clericis
1724 1042 1805 1093 sui
1843 1039 2025 1108 procul
2047 1041 2149 1093 du-

550 1131 642 1186 bio
677 1131 881 1187 similes
922 1131 1226 1197 ordinaret;
1269 1132 1528 1202 pulsoque
1557 1147 1625 1188 eo
1671 1136 1760 1202 qui
1807 1132 2016 1204 διεδ
2042 1132 2148 1188 illis

551 1223 727 1280 fuerat
755 1225 1074 1297 regulariter
1117 1225 1464 1293 constitutus,
1497 1226 1771 1295 captivam
1800 1234 2012 1281 teneret
2049 1227 2149 1280 Ec-

551 1317 794 1376 clesiam.
823 1318 990 1389 Cujus
1026 1319 1164 1374 adeo
1191 1319 1286 1374 tibi
1320 1327 1468 1388 grata
1502 1333 1728 1390 persona
1758 1326 1862 1387 est,
1894 1327 1950 1374 et.
1985 1301 2147 1373 mini-

549 1411 650 1466 stri
670 1410 798 1482 ejus
826 1408 1054 1481 accepti,
1105 1420 1163 1465 ut
1204 1411 1486 1480 episcopos
1526 1410 1789 1480 plurimos
1834 1418 1890 1465 et
1919 1409 2146 1466 clericos

548 1502 884 1560 orthodoxos
925 1519 1069 1559 nunc
1107 1501 1630 1574 Constantinopolim
1681 1503 1961 1559 venientes
1997 1502 2148 1558 dete-

549 1597 694 1667 garis
736 1594 1019 1666 afﬂigere,
1067 1607 1123 1651 et
1173 1595 1551 1665 apocrisiarios
1591 1595 1764 1665 ipsius
1818 1593 2142 1660 confovere;

549 1695 712 1759 atque
743 1689 1286 1744 anathematizantcm
1316 1687 1565 1742 eumdem
1598 1686 1814 1741 Petrum
1844 1684 2147 1740 Chalcedo-

2253 482 2428 537 solum
2457 479 2761 536 inefﬁcaces
2785 479 2964 536 redire
2981 477 3213 544 faceres,
3248 477 3342 533 sed
3368 477 3530 534 etiam
3551 477 3604 532 in
3627 478 3810 538 illusio-

2253 589 2382 630 nem
2415 575 2559 630 beati
2591 575 2738 630 Petri
2778 572 3028 645 apostoli,
3062 587 3091 627 a
3120 572 3275 643 cujus
3312 572 3446 628 sede
3474 572 3692 642 profecti
3716 574 3810 634 fuea

2253 677 2403 736 rant,
2455 669 2856 740 impugnatores
2896 668 3134 724 omnium
3175 683 3294 737 quae
3337 668 3550 724 fuerant
3593 671 3809 736 mandata

2253 771 2610 820 monstrares.
2651 763 2708 819 In
2749 778 2977 834 quorum
3008 759 3328 831 deceptione
3355 769 3504 817 tuam
3551 765 3808 834 nequitiam

2252 855 2559 926 prodidisti,
2592 864 2648 911 et
2687 855 2752 910 ad
2786 855 3027 911 libellum
3069 854 3251 910 fratris
3291 863 3348 910 et
3387 857 3684 926 coepiscopi
3725 860 3809 914 mei

2252 948 2493 1012 Joannis,
2537 951 2625 1019 qui
2675 959 2726 1003 te
2751 947 3084 1018 gravissimis
3113 947 3515 1018 objectionibus
3559 951 3807 1020 impetivit,

2252 1039 2305 1093 in
2362 1040 2652 1109 apostolica
2708 1040 2836 1095 sede
2892 1040 3189 1094 secundum
3230 1055 3471 1097 canones
3519 1043 3807 1112 respondere

2258 1129 2532 1196 diffidens,
2577 1131 2787 1200 objecta
2819 1130 3068 1186 firmasti.
3111 1131 3349 1189 Felicem
3393 1149 3608 1204 quoque
3647 1136 3807 1192 defen.

2254 1237 2434 1278 sorem
2475 1223 2846 1279 ﬁdelissimum
2895 1224 3071 1291 nobis,
3117 1226 3440 1283 necessitate
3485 1226 3701 1284 faciente
3740 1244 3808 1286 se~

2252 1313 2366 1369 rius
2401 1310 2782 1381 'obsecutum,
2842 1314 3120 1385 indignum
3171 1317 3276 1372 tuis
3333 1317 3506 1373 oculis
3560 1321 3803 1376 censuisti.

2253 1407 2362 1463 Eos
2391 1423 2605 1479 quoque
2634 1419 2807 1464 tecum
2839 1408 3038 1464 litteris
3065 1411 3170 1466 tuis
3194 1413 3592 1468 communicare
3619 1423 3807 1471 testatus

2253 1516 2336 1570 es,
2383 1518 2518 1572 quos
2560 1511 2774 1558 constat
2821 1502 3127 1559 haereticos.
3158 1503 3296 1572 Quid
3336 1505 3481 1560 enim
3520 1516 3638 1562 sunt
3671 1507 3805 1575 aliud,

2253 1594 2343 1663 qui
2375 1602 2497 1664 post
2533 1593 2740 1648 obitum
2772 1604 2974 1650 sanctae
3017 1597 3293 1652 memoria:
3334 1597 3604 1653 Timothei
3632 1598 3693 1654 ad
3726 1598 3809 1654 Ec-

2253 1685 2470 1742 clesiam
2501 1689 2602 1741 sub
2639 1688 2801 1743 Petro
2848 1687 3094 1752 redeunt,
3121 1689 3206 1744 vel
3233 1691 3324 1760 qui
3367 1705 3429 1746 se
3455 1691 3617 1764 319
3643 1707 3701 1748 ex
3736 1709 3810 1748 ca-

549 1778 732 1834 nensis
759 1779 970 1835 decreta
999 1780 1232 1846 concilii,
1261 1790 1314 1834 et
1358 1779 1652 1833 violantem
1691 1786 1890 1832 sancta:
1935 1792 2143 1832 memo-
2173 1789 2223 1850 Β
2253 1779 2466 1835 tholicis
2518 1780 2692 1836 eidem
2742 1779 3098 1846 tradiderunt,
3134 1791 3159 1828 ε
3202 1782 3304 1837 nisi
3354 1783 3498 1852 quod
3542 1783 3718 1840 Petrus
3756 1786 3809 1840 ab

550 1873 646 1928 ria:
663 1871 932 1928 Timothei
956 1872 1309 1943 sepulturam,
1333 1871 1475 1926 sicut
1504 1869 1569 1925 ad
1597 1885 1695 1925 nos
1717 1870 1977 1924 certiores
1999 1883 2143 1924 nunc

549 1983 763 2039 quoque
798 1978 819 2005 ο
854 1968 1025 2022 nuntii
1051 1967 1378 2030 detulerunt,
1414 1981 1509 2036 per
1538 1964 1767 2020 Vitalem
1798 1973 1852 2018 et
1880 1962 2141 2018 Misenum

549 2060 842 2116 credideris
885 2060 1285 2126 excusandum;
1327 2073 1428 2114 nec
1476 2073 1601 2114 eum
1643 2057 1864 2112 laudare
1893 2056 2139 2121 desieris,

548 2160 604 2210 et
656 2153 840 2210 multis
892 2153 1082 2209 ellerre
1136 2153 1451 2224 praeconiis;
1508 2152 1582 2206 ita
1637 2160 1694 2205 ut
1741 2149 2142 2204 damnationem

547 2246 737 2316 ipsius,
764 2262 922 2316 quam
952 2255 1109 2301 antea
1147 2245 1435 2310 retuleras,
1479 2259 1664 2298 veram
1717 2257 1824 2296 non
1865 2242 2029 2296 fuisse
2062 2241 2144 2310 ja-

547 2340 729 2394 ctaris.
763 2339 991 2394 Tantum
1023 2347 1200 2395 autem
1230 2352 1548 2409 perseveras
1583 2337 1636 2392 in
1670 2334 1906 2390 hominis
1947 2333 2142 2389 defen-

546 2431 700 2487 sione
742 2432 1009 2502 perversi,
1054 2440 1112 2485 ut
1146 2431 1418 2501 quondam
1459 2430 1770 2500 episcopos,
1814 2443 1958 2483 nunc
2010 2440 2144 2480 vero

546 2520 750 2578 honore
779 2533 834 2579 et
867 2525 1242 2579 communione
1266 2525 1504 2593 privatos
1536 2521 1761 2576 Vitalem
1791 2531 1953 2592 atque
1984 2519 2143 2575 Mise-

545 2631 696 2686 num,
727 2631 864 2688 quos
901 2616 969 2672 ad
1012 2616 1130 2688 ejus
1169 2615 1543 2686 expulsionem
1576 2613 1882 2684 specialiter
1919 2613 2144 2668 misera-

545 2726 691 2777 mus,
724 2710 951 2766 sublatis
987 2709 1190 2765 chartis
1228 2708 1486 2764 custodia:
1517 2708 1682 2764 fueris
1707 2723 1899 2780 passus
1937 2708 2142 2762 manci-

545 2809 662 2883 pari
696 2828 711 2865 :
743 2807 770 2846 ά
802 2819 857 2866 et
881 2809 947 2864 ad
978 2809 1402 2880 processionem,
1435 2822 1554 2877 quae
1582 2806 1676 2862 tibi
1702 2821 1824 2860 cum
1872 2804 2141 2861 haereticis

546 2901 792 2970 habetur,
821 2901 1018 2958 exinde
1050 2901 1358 2973 productos,
1408 2902 1548 2957 sicut
1583 2915 1768 2956 eorum
1801 2898 2140 2970 professione

545 2996 871 3069 patefactum
896 3005 1000 3063 est,
1026 2997 1093 3052 ad
1115 2997 1497 3053 haereticorum
1527 3006 1780 3065 tuamque
1803 2994 2140 3074 communio-

546 3103 692 3161 nem,
725 3098 1033 3160 coutempta
1054 3105 1175 3161 quae
1197 3091 1279 3145 vel
1306 3089 1546 3161 gentium
1571 3088 1692 3159 jure
1721 3088 1926 3144 servari
1954 3085 2139 3144 debuit

2250 1875 2540 1931 universali
2570 1877 2830 1944 Ecclesia,
2863 1888 3022 1946 atque
3045 1892 3074 1931 a
3104 1886 3154 1931 te
3179 1875 3353 1932 fuerat
3368 1877 3670 1947 judicatus?
3689 1879 3810 1936 Habe

2251 1986 2381 2042 ergo
2435 1985 2555 2025 cum
2607 1972 2690 2025 his
2717 1984 2853 2040 quos
2897 1969 3131 2024 libenter
3159 1970 3506 2039 amplemeris
3547 1974 3808 2040 portionem

2251 2079 2315 2118 ex
2338 2064 2605 2118 sententia
2631 2063 2907 2132 praesenti.
2936 2077 3095 2132 quam
3123 2059 3150 2098 δ
3177 2077 3276 2132 per
3300 2061 3498 2117 Tutum
3525 2063 3617 2118 tibi
3645 2064 3812 2120 diresi-

2253 2174 2375 2213 mus
2431 2158 2689 2212 Ecclesia:
2738 2156 3109 2222 defensorem,
3163 2156 3488 2212 sacerdotali
3543 2159 3732 2213 honore
3771 2168 3812 2215 et

2253 2253 2633 2308 communione
2660 2251 2948 2313 catholica,
2981 2263 3080 2304 nec
3107 2255 3213 2304 non
3241 2248 3403 2304 etiam
3431 2265 3462 2304 a
3491 2247 3716 2322 ﬁdelium
3735 2265 3812 2305 nu-

2254 2359 2408 2398 mero
2432 2351 2743 2412 segregatus
2782 2339 3050 2395 sublatum
3089 2340 3186 2396 tibi
3213 2350 3409 2414 nomen
3441 2349 3495 2396 et
3522 2357 3706 2397 munus
3735 2341 3812 2396 mi-

2253 2436 2460 2492 nisterii
2493 2434 2844 2491 sacerdotalis
2879 2449 3132 2506 agnosce,
3169 2433 3342 2490 sancti
3363 2434 3598 2506 Spiritus
3621 2435 3810 2507 judicio,

2253 2538 2310 2586 et
2356 2520 2649 2599 apostolica
2694 2544 2790 2598 per
2832 2542 2930 2583 nos
2977 2529 3295 2585 auctoritate
3338 2528 3644 2595 damnatus,
3681 2530 3812 2601 320

2256 2639 2638 2694 nunquamque
2663 2623 3023 2680 anathematis
3053 2624 3278 2679 vin'culis
3310 2623 3595 2680 exuendus
3626 2624 3667 2680 ί.

2328 2721 2522 2778 Caelius
2549 2721 2702 2778 Felix
2729 2723 3015 2793 episcopus
3042 2730 3243 2778 sanctae
3275 2721 3541 2782 Ecclesiae
3576 2721 3814 2779 catholica:

2249 2815 2400 2872 urbis
2450 2799 2637 2871 Ro'ma:
2691 2815 3013 2887 subscripsi.
3055 2814 3190 2870 Data
3217 2831 3251 2870 v
3291 2815 3399 2871 kal.
3455 2817 3695 2888 Augusti,
3733 2814 3814 2871 Ve-

2249 2909 2436 2964 nantio
2477 2908 2594 2964 viro
2637 2908 2946 2964 clarissimo
2993 2909 3244 2974 consule;
3295 2907 3556 2980 simulque
3593 2911 3608 2960 t
3647 2919 3814 2978 septum

2249 3004 2392 3075 ginta
2412 2992 2601 3075 se'ptem
2625 3003 2850 3075 episcopi
2876 3002 3064 3073 absque
3092 2995 3230 3075 pana
3258 3003 3666 3076 subscripserunt
3689 3002 3734 3060 ιε

618 3233 787 3306 {Duo
813 3232 959 3288 Vatt.
987 3241 1044 3288 et
1071 3231 1230 3301 Lab.,
1275 3231 1328 3286 in
1361 3231 1628 3302 margine,
1660 3246 1816 3286 ausus
1845 3239 1959 3288 tuos
1979 3239 2028 3287 et
2057 3249 2146 3287 su-
2173 3236 2223 3302 C
2256 3241 2332 3288 est
2357 3247 2375 3288 :
2404 3247 2558 3304 quem
2579 3240 2692 3303 post
2721 3230 2956 3304 Gregorii
2985 3229 3167 3306 Magni
3195 3242 3422 3306 tempora
3450 3234 3631 3306 vixisse
3657 3233 3810 3306 perspi-

551 3303 800 3359 herbiam.

549 3321 800 3430 “20,33:
829 3375 994 3447 5845,
1024 3391 1146 3432 cum
1182 3375 1350 3448 vulg.,
1379 3376 1508 3430 illic.
1539 3375 1658 3429 Mox
1679 3373 2004 3448 _addidimus
2033 3378 2144 3448 ejus

545 3462 619 3506 ex
651 3447 898 3504 omnibus
931 3445 1132 3504 uestris
1163 3445 1321 3503 codd.
1347 3456 1403 3504 et
1422 3448 1567 3518 vulg.
1602 3445 1731 3501 Dein
1757 3461 1944 3504 vocem
1977 3445 2144 3515 pluri-

545 3535 656 3575 mos
700 3522 840 3590 vulg.
897 3533 1019 3575 cum
1076 3519 1197 3576 Vat.
1243 3519 1400 3577 1512,
1431 3519 1687 3590 rejiciunt
1732 3531 1851 3588 post
1896 3519 2145 3585 clericos,

546 3591 687 3648 forte
721 3593 930 3648 melius.

625 3674 646 3702 ο
680 3663 795 3719 Duo
825 3662 995 3730 Vatt.,
1026 3663 1174 3717 inulti
1201 3663 1528 3730 detulerunt;
1557 3673 1613 3719 et
1637 3676 1784 3719 mox.
1817 3663 2148 3720 crederes....

547 3735 895 3790 desinerest'...
923 3734 1176 3806 ljactares.

620 3805 875 3879 éertesn.
904 3799 1093 3879 inserit
1118 3806 1206 3858 sed
1225 3823 1247 3879 ;_
1260 3815 1326 3879 et
1355 3804 1481 3860 dein
1507 3824 1600 3879 pro
1625 3808 1899 3862 hereticis.
1924 3799 2150 3864 Nos'tros

547 3876 763 3933 codices
801 3885 859 3931 et
884 3877 1029 3946 vulg.
1063 3877 1419 3946 praetulimus.

625 3956 648 4020 ξ
676 3946 851 4001 Codd.
875 3945 1102 4000 aliarum
1128 3947 1367 4020 collect.,
1393 3945 1595 4005 Veron.
1619 3959 1673 4006 et
1697 3950 1803 4005 duo
1824 3947 1996 4013 Vatt.,
2022 3965 2151 4020 pra:-

550 4017 766 4090 miisque
811 4032 1134 4090 corrumpere
1165 4017 1324 4090 (forte
1361 4019 1738 4090 corrumperes)
1777 4030 1825 4075 et
1853 4022 1906 4074 in
1947 4017 2149 4074 illusiov

551 4084 772 4163 nent'B.
807 4086 953 4163 Petri
993 4084 1237 4163 (ipostoli,
1278 4106 1310 4163 ᾳ
1335 4092 1483 4163 cujus
1523 4093 1640 4146 sede
1678 4084 1890 4161 profecti
1921 4093 2146 4163 fuerunt,

550 4175 656 4214 non
695 4160 862 4214 solum
893 4158 1173 4229 inefﬁcaces
1201 4161 1367 4214 redire
1394 4158 1622 4231 Taceres,
1663 4158 1751 4216 sed
1774 4158 1947 4216 etiam
1981 4158 2153 4231 impu-l

548 4241 807 4305 gnatores,
848 4241 954 4286 clc.
997 4231 1166 4305 Idem
1194 4231 1390 4286 habent
1438 4234 1598 4288 etiam
1634 4235 1804 4304 vulg.,
1859 4233 1959 4288 nisi
2007 4236 2151 4305 quod

548 4303 842 4374 praeferunt
885 4304 1264 4372 pertraxeris...
1297 4305 1656 4376 corruperis...
1690 4303 1963 4376 (cteris...
2004 4303 2153 4359 mon-

554 4377 767 4439 straris;
819 4389 882 4429 ac
915 4391 1009 4444 pro
1045 4376 1099 4428 in
1148 4376 1441 4430 illusionem
1488 4377 1744 4432 exhihent
1787 4382 1838 4431 in
1869 4377 2146 4431 lwsionem.

624 4445 643 4484 ί
675 4447 788 4501 Duo
837 4444 983 4502 Vatt.
1024 4461 1149 4501 cum
1199 4451 1364 4517 vulg.,
1417 4448 1765 4502 subsecutum.
1817 4448 1950 4503 Dein
2001 4449 2151 4503 solus

549 4515 777 4590 Quesn.,
801 4533 1113 4590 eosqueipro
1132 4515 1434 4590 easquoque
1461 4530 1659 4584 tecum;
1688 4531 1742 4574 et
1769 4535 1916 4590 mox,
1947 4529 2149 4574 constat

2255 3308 2441 3370 cuum,
2467 3309 2669 3367 evadit;
2701 3320 2792 3358 nec
2822 3321 2995 3358 revera
3025 3305 3269 3360 habentur
3295 3307 3349 3359 in
3381 3305 3561 3360 codice
3591 3305 3809 3359 Thalam.

2256 3375 2426 3429 Porro
2452 3376 2586 3442 quod
2611 3376 2675 3428 de
2703 3375 2975 3429 Anastasio
3006 3376 3087 3429 hic
3125 3377 3328 3446 legitur,
3355 3377 3520 3431 veloci
3548 3393 3656 3431 eum
3682 3386 3809 3428 morte

2255 3448 2671 3521 sublatum,_cun't
2689 3449 2760 3521 Ade
2782 3448 3096 3521 restituendo
3123 3446 3312 3521 Acaciu
3338 3449 3603 3521 cogitaret,
3633 3448 3808 3521 habetat

2253 3518 2411 3572 etiam
2437 3519 2489 3571 in
2512 3517 2639 3588 libro
2663 3519 2726 3572 de
2772 3519 3017 3572 Romanis
3044 3515 3417 3588 Pontiﬁcibus,
3451 3519 3624 3582 hisque
3658 3518 3809 3572 similis

2255 3591 2480 3661 suggerit
2503 3586 2744 3661 ustinus
2772 3589 3051 3656 imperator
3094 3589 3151 3661 in
3173 3586 3390 3659 epistola
3418 3592 3490 3644 ad
3521 3589 3809 3661 Homisdattt

2253 3659 2464 3731 papam.
2498 3660 2633 3714 Tum
2665 3661 2945 3716 annotatio
2977 3675 3089 3716 ms.
3118 3659 3296 3716 Oxon.
3342 3661 3427 3717 his
3469 3661 3644 3717 verbis
3668 3660 3810 3731 expri-

2254 3732 2444 3786 mitur.

2333 3821 2352 3854 ‹
2391 3803 2657 3872 Tempore
2708 3803 2999 3860 Theodosii
3044 3803 3288 3871 minoris,
3331 3804 3432 3860 sub
3479 3809 3655 3860 Leone
3673 3797 3806 3874 papa,

2253 3875 2410 3943 cujus
2432 3876 2632 3945 scripta
2662 3877 2930 3946 posterius
2952 3885 3237 3944 ponentur,
3265 3875 3540 3930 damnavit
3565 3875 3805 3932 Flavianus

2253 3948 2540 4016 episcopus
2583 3947 3130 4018 ConStantinopoleos
3165 3946 3464 4018 Eutychem
3514 3946 3804 4005 hmreticum,

2253 4019 2396 4071 sicut
2421 4017 2670 4086 superius
2692 4018 2888 4073 lectum
2911 4029 3017 4083 est,
3032 4017 3404 4073 consentiente
3424 4025 3482 4073 et
3501 4018 3805 4086 conﬁrmantc

2257 4102 2414 4157 papa.
2462 4084 2750 4144 Dioscorus
2793 4105 2922 4144 vero
2962 4089 3364 4144 Alexandrinus
3404 4091 3698 4159 episcopus,
3736 4085 3804 4156 qui

2256 4159 2476 4214 favebat
2506 4159 2760 4230 Eutychi,
2809 4161 3006 4226 deiecit
3035 4159 3345 4215 Flavianqu
3378 4160 3447 4215 de
3489 4161 3616 4216 sede
3643 4174 3740 4223 sua,
3764 4166 3805 4230 et

2256 4231 2529 4284 ordinavit
2555 4229 2654 4301 pro
2679 4247 2745 4285 eo
2771 4232 3097 4286 Anatolium.
3123 4231 3390 4301 Tempore
3414 4246 3546 4288 vero
3572 4229 3803 4291 Marciani.

2255 4304 2346 4370 qui
2388 4301 2696 4370 Theodosio
2736 4305 3015 4363 successit,
3051 4303 3240 4357 eodem
3271 4303 3497 4372 jubente
3538 4318 3680 4373 papa,
3706 4315 3805 4354 cou-

2255 4381 2470 4445 gregata
2505 4383 2588 4428 est
2617 4376 2857 4443 synodus
2883 4373 3358 4440 Chalcedonensis,
3387 4375 3458 4430 de
3479 4392 3580 4445 qua
3603 4375 3804 4445 superius

2258 4444 2460 4498 lectum
2492 4453 2596 4509 est,
2640 4449 2690 4498 in
2721 4460 2823 4514 qua
2854 4445 3138 4499 Dioscorus
3166 4445 3455 4500 damnatur
3489 4443 3544 4502 et
3571 4443 3807 4514 Αιιιιιοιίῃε

2255 4515 2550 4583 corrigitur
2588 4519 2626 4568 ‘.
2661 4513 2824 4570 Lenni
2877 4530 3026 4584 papae
3063 4517 3323 4572 successit
3355 4513 3808 4582 Ililarius;llilario

547 4604 655 4682 esse
679 4587 961 4682 It‘creticos.
992 4585 1301 4644 Delevimus
1321 4585 1428 4644 esse
1451 4605 1573 4645 cum
1594 4606 1725 4646 mss.
1749 4589 1910 4646 Vind.
1939 4590 2135 4646 Veron.
2164 4623 2220 4682 Β
2257 4585 2586 4682 Simplicius:
2637 4587 2917 4682 Simplicio
2966 4586 3114 4642 misit
3160 4587 3417 4671 Αωείιιῆν
3441 4589 3559 4682 ⁸(Ιιιῖ
3591 4585 3808 4682 filiiﬁlii}

549 4669 605 4714 et
634 4659 881 4728 vulgatis.

621 4740 647 4798 β
677 4733 874 4794 Uxon.,
906 4729 1080 4784 minus
1107 4730 1266 4798 bene,
1290 4748 1390 4786 non
1411 4735 1571 4798 quod.

621 4750 645 4774 Β
677 4750 874 4794 υιοιιη
906 4750 1080 4784 minus
1109 4750 1266 4798 uene,
1290 4750 1390 4786 non
1448 4750 1571 4790 ttoa.

619 4797 901 4876 hAQuesn:
934 4818 1023 4871 per
1043 4799 1342 4876 Toleratum
1369 4750 1480 4870 tigi,
1503 4821 1626 4861 cum
1655 4805 1812 4861 codd.
1842 4805 2000 4876 hujus
2025 4805 2140 4863 col-

549 4872 815 4929 lectionis.
840 4873 1274 4942 ,Emcmlavimus
1301 4889 1368 4929 ex
1401 4893 1501 4930 ms.
1539 4879 1763 4942 \’eron.,
1798 4872 1928 4933 cum
1951 4876 2143 4931 Tutum

549 4943 799 5000 Romana:
824 4941 1068 5017 Ecclesia:
1087 4944 1406 5017 defensorem
1431 4948 1719 5017 praeferant
1746 4941 1866 5004 dum
1893 4948 2012 5002 aliae
2041 4948 2144 5004 Fe-

547 5017 668 5091 licis
691 5016 956 5091 epistolae,
987 5015 1019 5069 9
1049 5016 1216 5091 et“.
1249 5015 1551 5091 Liberatus,
1582 5021 1638 5091 in
1663 5019 2145 5091 vulg.,nTotum,et

547 5087 603 5144 in
635 5103 804 5163 marg.
844 5085 1051 5163 Tutum.
1087 5087 1202 5163 _Duo
1230 5085 1563 5163 codd.Vatt.,
1597 5085 1803 5145 Totum.
1823 5085 2025 5162 Vulg.,
2048 5107 2140 5163 per

545 5168 650 5215 tua:
678 5160 789 5233 @i,
819 5158 909 5214 ubi
936 5158 1130 5233 aliquis
1168 5162 1515 5217 amanuensis
1558 5179 1664 5218 non
1701 5158 2138 5233 intelligens'vo-

545 5246 665 5288 cem
696 5229 901 5294 Tutum,
929 5230 1148 5298 scripsit
1177 5240 1298 5286 tuae.

624 5301 641 5341 ί
679 5303 775 5357 Hic
798 5300 996 5358 desinit
1025 5310 1246 5373 uterque
1279 5303 1450 5361 codex
1478 5304 1601 5362 Vat.

622 5373 637 5424 i
675 5375 745 5430 Ita
795 5385 1020 5445 uterque
1065 5375 1185 5430 cod.
1225 5374 1505 5443 Quesnelli
1547 5387 1604 5433 et
1645 5389 1828 5436 noster
1876 5379 2038 5436 Vind.
2081 5379 2141 5434 in

547 5445 923 5531 antiquissimo
967 5456 1149 5501 autem
1210 5447 1434 5518 Veron.,
1476 5465 1599 5506 cum
1653 5451 1825 5523 vulg.,
1864 5452 2017 5507 simul
2072 5453 2138 5506 6'7

547 5535 1027 5663 aliiesnellus,
1059 5607 1124 5649 ex
1153 5592 1276 5648 cod.
1321 5593 1529 5661 Oxon.,
1561 5597 1991 5661 annotationem,
2020 5611 2144 5663 qua:

543 5657 902 5744 innuim‘alio
929 5657 1117 5720 codice
1153 5664 1444 5744 invenitur,
1481 5657 1828 5736 subjecturus
1859 5657 2147 5732 hascprac-

547 5733 728 5810 misit;
752 5736 891 5810 Quae
905 5745 1186 5810 sequuntur
1213 5737 1544 5807 manifestum
1572 5733 1644 5795 est
1675 5754 1778 5794 non
1811 5755 1918 5794 esse
1947 5747 2148 5810 partem

549 5803 763 5874 codicis,
803 5807 893 5863 sed
920 5803 1300 5866 annotationcm
1328 5803 1440 5884 ejus
1476 5811 1626 5886 cujus
1664 5810 1838 5870 studio
1859 5803 2151 5872 descriptus

2246 4668 2606 4720 successerat,
2637 4658 2917 4728 epistolam
2949 4674 3069 4728 qua:
3099 4673 3261 4728 supra
3289 4657 3499 4728 scripta
3525 4669 3628 4723 εει,
3653 4657 3807 4712 dicens

2247 4729 2470 4784 Petrum
2498 4744 2844 4798 pervasurem
2873 4730 3252 4785 Alexandriam
3281 4729 3426 4799 sedis
3470 4745 3592 4786 csse
3617 4730 3807 4799 damna-

2251 4810 2386 4854 tum.
2419 4797 2698 4871 Simplicio
2727 4800 2988 4855 successit
3015 4799 3187 4866 Felix,
3221 4803 3310 4871 qui
3337 4797 3531 4856 atavos
3553 4803 3682 4858 beati
3702 4797 3808 4871 Gre-

2250 4872 2384 4940 gorii
2418 4870 2538 4928 fuit.
2594 4872 2973 4942 damnavitque
2999 4870 3252 4926 Acacium
3285 4873 3356 4928 ob
3382 4888 3574 4929 causas
3601 4870 3807 4942 superius

2251 4953 2601 4998 memoratas.
2644 4947 2960 4998 Anastasius
3004 4958 3288 5000 successor
3316 4943 3520 5000 Gelasii
3564 4947 3808 5000 restituere

2252 5014 2440 5068 volens
2484 5014 2695 5068 occulte
2745 5015 3020 5081 Acacium,
3071 5030 3175 5070 non
3214 5017 3408 5085 potuit,
3458 5016 3626 5071 veloci
3667 5019 3810 5069 morte

2253 5085 2830 5160 praeventusﬁelasius
2849 5100 3130 5160 successor
3143 5087 3338 5160 Felicis
3352 5102 3386 5156 q
3397 5087 3597 5158 uinque
3617 5097 3811 5156 sequen-

2251 5156 2396 5211 tibus
2423 5157 2665 5226 epistolis
2695 5157 2978 5212 conllrmat
3005 5156 3407 5213 damnationem
3439 5156 3636 5216 Acacii.
3670 5177 3686 5208 ι

2325 5227 2381 5304 In
2412 5243 2472 5283 ea
2497 5238 2676 5304 autem
2701 5227 2858 5299 hujus
2879 5230 3244 5304 annotationis
3263 5229 3810 5304 verba,Anastasiss...

2253 5299 2519 5354 restituere
2559 5302 2731 5356 volens
2772 5297 2966 5376 occulte
3004 5301 3269 5376 Acacium,
3311 5317 3413 5376 non
3441 5297 3634 5376 potuit,
3679 5297 3809 5376 vel-Qa

2251 5381 2417 5444 morte
2439 5381 2744 5444 praeventus,
2764 5374 2896 5444 inec
2921 5371 3246 5444 Quesnellus
3259 5365 3522 5442 subjecit.
3537 5371 3588 5444 II
3593 5365 3633 5426 is
3651 5365 3811 5444 similis

2250 5441 2403 5496 habet
2445 5441 2572 5496 liber
2612 5439 2942 5513 Pontiﬁcalis
2969 5459 3032 5497 ea:
3059 5459 3158 5514 quo
3188 5439 3497 5514 Gratianus,
3539 5443 3637 5498 Yvo
3675 5450 3717 5514 et
3738 5439 3811 5490 alii

2253 5513 2655 5583 descripserunt,
2669 5516 2724 5568 in
2743 5514 3000 5584 aliquibus
3022 5513 3192 5570 tamen
3215 5524 3414 5570 mutata
3439 5513 3490 5571 et
3509 5513 3810 5581 interpolata:

2253 5584 2321 5639 In
2349 5585 2658 5641 Gratianum
2673 5583 2919 5658 tanquam
2935 5583 3259 5656 Pontiﬁcalis
3279 5587 3432 5642 verba
3445 5589 3810 5656 corrumpentan

3263 5717 3801 5747 ...πῇ-...³³⁵-

2273 5721 3242 5747 _———v————-——

2377 5813 2608 5900 Fallitur
2627 5816 2912 5894 cunctator
2941 5818 3007 5878 de
3036 5819 3301 5886 Anatolio.
