3996 6344
228 381 334 440 617

607 496 766 569 321
805 494 1199 554 CAPITULUM
1237 496 1444 552 XLVII.

224 598 256 629 ι
285 587 486 659 Incipit
515 597 683 645 tomus
724 589 786 644 de
817 588 1158 644 anathematis
1199 591 1402 645 vinculo
1429 607 1578 662 papa:
1605 590 1816 648 Gelasii.

295 773 431 832 CAP.
461 774 503 831 Ι.
525 772 646 816 -δ
666 773 744 830 Ne
771 775 936 841 forte,
971 774 1115 846 quod
1145 774 1352 842 solent,
1383 775 1566 832 dicant
1595 775 1740 848 quod
1769 777 1813 831 si

226 867 472 939 synodus
513 866 968 924 Chalcedonensis
1006 866 1324 932 admittitur,
1355 870 1533 924 omnia
1564 879 1814 924 constare

226 959 461 1015 debeant
491 975 611 1030 quae
633 959 742 1014 illic
763 959 1012 1015 videntur
1031 974 1151 1014 esse
1177 959 1524 1031 deprompta;
1549 967 1642 1016 aut
1668 961 1810 1016 enim

226 1067 344 1108 eam
376 1067 446 1108 ex
477 1061 593 1108 toto
635 1063 657 1092 ο
705 1053 912 1108 admitti
951 1061 1221 1123 oportere,
1255 1063 1346 1130 aut
1371 1055 1415 1110 si
1448 1069 1512 1110 ex
1541 1064 1692 1124 parte
1729 1070 1813 1112 reo

228 1143 518 1214 pudiabilis
550 1155 665 1213 est,
699 1145 906 1200 ﬁrmam
953 1160 1018 1202 ex
1070 1153 1182 1201 toto
1224 1155 1474 1202 constare
1501 1162 1606 1202 non
1633 1161 1810 1217 posse.

225 1236 569 1308 Cognoscant
594 1237 756 1308 igitur
789 1235 952 1303 illud,
984 1237 1127 1308 quod
1156 1237 1184 1274 ά
1213 1237 1491 1294 constituit
1518 1239 1813 1294 secundum

225 1329 539 1402 Scripturas
589 1341 830 1402 sanctas,
882 1330 1334 1401 traditionemque
1381 1332 1674 1403 majorum,
1729 1348 1814 1390 se-

221 1423 462 1479 cundum
503 1437 741 1480 canones
794 1423 1116 1494 regulasque
1159 1423 1412 1479 Ecclesia:
1467 1433 1490 1462 ο
1542 1439 1639 1494 pro
1688 1424 1811 1481 ﬁdei

223 1517 632 1584 communione,
663 1527 717 1573 et
736 1517 963 1573 veritate
991 1516 1257 1572 catholica
1277 1526 1332 1574 et
1359 1518 1683 1588 apostolica,
1712 1535 1813 1590 pro
1870 1537 1874 1542 ·

223 1624 324 1680 qua
357 1609 500 1665 hanc
529 1608 644 1664 ﬁeri
670 1608 828 1665 sedes
857 1609 1152 1679 apostolica
1179 1608 1476 1680 delegavit,
1508 1609 1813 1682 factamque

683 379 914 439 CODEX
949 379 1282 439 CANONUM
1318 378 1598 438 ECCLES.
1640 378 1730 436 ET
1768 377 2344 442 CONSTITUTORUM
2379 382 2439 441 S.
2479 383 2671 446 SEDIS
2708 384 3053 445 APOSTOL.

3400 385 3511 446 618

1839 499 1894 561 Α
1920 497 2184 566 ﬁrmavit,
2227 516 2258 556 a
2303 509 2412 558 tota
2454 502 2694 560 Ecclesia
2739 503 3104 560 indubitanter
3130 501 3368 570 admitti;
3397 505 3510 566 alia

1923 599 2126 660 autem,
2159 608 2277 662 quas
2305 609 2401 664 per
2425 596 2874 666 incompetentem
2905 596 3377 668 praesumptionem
3399 597 3512 656 illic

1920 684 2126 754 prolata
2148 693 2308 752 sunt,
2342 686 2425 742 vel
2451 689 2628 757 potius
2649 688 2929 754 ventilata,
2957 703 3078 760 quae
3101 689 3258 745 sedes
3286 699 3508 760 aposto-

1919 774 2019 831 lica
2049 775 2281 847 gerenda
2323 777 2633 834 nullatenus
2659 779 2955 851 delegavit;
2989 795 3108 851 quae
3132 796 3255 836 mox
3283 795 3312 834 a
3343 780 3507 837 Vica-

1915 869 2012 926 riis
2061 869 2206 924 sedis
2251 870 2563 939 apostolica:
2613 873 2948 928 contradicta
2999 861 3340 930 manifestum
3387 880 3504 944 est;

1915 976 2035 1032 quae
2064 963 2224 1018 sedes
2247 962 2538 1032 apostolica
2557 1005 2571 1029 ,
2612 965 2773 1036 322
2801 967 2961 1038 etiam
2993 973 3206 1036 petente
3234 966 3506 1023 Marciano

1915 1059 2192 1130 principe,
2237 1060 2541 1115 nullatenus
2592 1062 2942 1130 approbavit;
2994 1079 3113 1134 qua:
3163 1061 3259 1136 (l)
3306 1064 3506 1136 praesul

1915 1154 2179 1211 Ecclesiae
2210 1155 2818 1226 Constantinopolitanae
2848 1167 2959 1211 tum
2989 1157 3287 1224 Anatolius,
3320 1174 3420 1215 nec
3443 1172 3504 1215 se

1915 1249 2325 1319 pmsumpsisse
2353 1248 2630 1320 professus
2654 1258 2759 1316 est,
2789 1248 2809 1287 ί
2842 1259 2896 1306 et
2925 1251 2976 1306 in
3009 1251 3324 1320 apostolicae
3355 1252 3503 1308 sedis

1874 1382 1879 1388 .
1915 1341 2172 1396 antistitis
2202 1356 2308 1397 non
2355 1341 2566 1413 negavit
2597 1343 2769 1412 posita
2798 1356 2920 1398 esse
2946 1350 3210 1413 potestate
3247 1361 3258 1394 :
3309 1353 3334 1390 8
3379 1357 3502 1414 qua:

1919 1433 2042 1490 ideo
2060 1475 2077 1501 ,
2108 1436 2248 1490 sicut
2267 1435 2467 1490 dictum
2499 1443 2610 1502 est,
2638 1434 2798 1491 sedes
2822 1436 3111 1507 apostolica
3142 1453 3248 1492 non
3275 1436 3480 1506 recepit

1915 1526 2040 1597 quia
2087 1543 2208 1598 quae
2253 1527 2546 1598 privilegiis
2575 1527 2891 1584 universalis
2932 1529 3190 1584 Ecclesiae
3235 1529 3486 1584 contrari'

1917 1619 2233 1691 probantur,
2259 1619 2404 1676 nulla
2437 1621 2644 1676 ratione
2675 1617 2702 1658 ιι
2731 1621 3044 1678 subsistunt.

221 1820 546 1896 acerbissime
571 1818 828 1896 invehitur
866 1817 1109 1896 Albertus
1139 1813 1806 1896 Pighiusngarpitguoque
1834 1819 1882 1881 B
1910 1819 2061 1896 cibus
2095 1821 2252 1896 Vind.
2288 1821 2595 1896 et_Veron.,
2627 1838 2726 1878 nec
2760 1839 2863 1879 non
2893 1825 3104 1882 Thuan.
3144 1827 3311 1896 ipsius
3332 1828 3503 1895 Ques-

221 1892 374 1948 illum
413 1890 663 1961 Antonius
701 1889 1018 1961 Augustinus
1058 1886 1264 1960 dialogo
1305 1889 1343 1961 6_
1384 1886 1503 1961 libri
1529 1886 1807 1961 prio_risde

223 1962 595 2018 Emendatione
621 1958 878 2023 Gratiani,
905 1958 1214 2032 quanquam‘
1227 1958 1524 2032 modestiam
1544 1961 1597 2032 in
1623 1958 1810 2028 Pigltio

221 2036 474 2105 requirat.
489 2102 512 2105 _
525 2031 795 2105 Hacrsunt
819 2031 989 2105 vgrba_
1008 2030 1543 2105 Pontiﬁcalis,_prou_t
1574 2031 1812 2105 leguntur

221 2099 347 2160 tam.
381 2104 447 2159 lll
473 2102 816 2158 Conciliorum
836 2099 930 2158 Gr.
958 2102 1074 2157 Lat.
1099 2102 1330 2156 Binii....
1360 2099 1428 2156 Et
1452 2103 1573 2166 quia
1604 2099 1811 2156 occulte

221 2175 401 2230 voluit
427 2189 682 2231 revocare
714 2174 990 2240 Acacium,
1021 2184 1073 2228 et
1098 2188 1205 2242 non
1234 2173 1425 2242 potuit.
1453 2173 1554 2240 Qui
1579 2181 1706 2226 nutu
1733 2172 1814 2227 di-

221 2248 351 2302 vino
385 2260 670 2317 percussus
697 2253 799 2300 est.
835 2244 960 2317 Quae
988 2245 1135 2317 verba
1162 2241 1267 2297 Yuo
1294 2242 1644 2317 Carnatensis,
1672 2253 1808 2312 part.

221 2332 338 2384 xlv,
369 2312 417 2371 ὁ.
441 2317 512 2373 40
534 2316 736 2370 Deeret.
765 2325 810 2368 et
843 2313 1013 2370 Liber.
1049 2312 1539 2384 Casaraugustanus
1560 2315 1807 2384 referunt,

222 2389 394 2458 inquit
406 2389 527 2441 Ant.
544 2386 877 2458 Augustinus.
892 2387 945 2439 in
966 2385 1101 2440 hunc
1118 2385 1356 2438 modum:
1379 2385 1444 2458 Et
1460 2385 1579 2458 quia
1602 2386 1812 2458 occulte

223 2456 397 2514 voluit
426 2456 682 2515 revocare
720 2457 998 2521 Acacium,
1027 2466 1084 2512 et
1114 2471 1223 2510 non
1253 2456 1442 2526 potuit,
1476 2456 1598 2525 quia
1630 2456 1811 2512 divino

224 2539 360 2585 nutu
388 2543 673 2599 percussus
696 2538 779 2583 est
800 2528 1044 2584 Aeacius.
1084 2527 1302 2581 Videtur
1333 2527 1453 2599 Ant.
1490 2528 1811 2599 Augustinus

222 2597 482 2656 Gratiano
510 2615 820 2665 succensere,
852 2615 910 2654 eo
938 2600 1075 2668 quod
1109 2598 1390 2652 detraxerit
1417 2615 1444 2652 e
1472 2600 1634 2653 verbis
1663 2597 1810 2652 Pon-

221 2673 434 2741 tiﬁcalis
473 2673 728 2744 geminans
758 2671 888 2744 hanc
923 2668 1264 2744 voceitt_Quia
1309 2679 1355 2722 et
1383 2670 1607 2724 Aeacius
1628 2687 1644 2744 _:
1678 2670 1814 2744 unde

220 2740 447 2798 euenerit
473 2740 528 2797 ut
555 2742 694 2812 quod
732 2741 797 2794 tle
839 2742 1027 2795 Acacio
1060 2740 1302 2812 divinitus
1345 2756 1581 2812 percusso
1622 2741 1814 2794 intelli-

221 2815 447 2885 gendum
468 2809 578 2879 est,
593 2815 655 2867 de
683 2813 953 2885 Anastasio
981 2811 1304 2885 intellexerit.
1351 2809 1534 2885 Verum
1562 2813 1812 2885 adjectioé

221 2881 305 2940 isis
334 2885 508 2954 potius
541 2883 831 2955 arguendos
853 2900 960 2955 esse
989 2881 1209 2938 Yvonem
1234 2890 1282 2937 et
1313 2881 1660 2955 alios,_quami
1679 2881 1813 2936 Gra-

223 2953 426 3010 tianum
440 2953 830 3026 diminutionis;
839 2954 1016 3026 probat
1033 2964 1141 3009 tum
1160 2960 1324 3026 textus
1342 2955 1450 3026 ipse
1468 2953 1812 3022 Pontiﬁcalis,

224 3039 332 3081 tum
359 3027 527 3081 codex
553 3034 742 3096 noster.
785 3024 869 3080 Ea:
895 3041 996 3096 quo
1026 3024 1317 3095 posteriori,
1346 3025 1432 3094 qui
1461 3025 1654 3096 ewteris
1680 3028 1817 3078 anti-

224 3100 376 3166 quior
403 3108 500 3163 est,
555 3095 769 3152 enuinus
790 3095 967 3152 sensus
992 3096 1257 3152 verborum
1285 3097 1498 3149 istorum
1538 3095 1817 3162 deprehen-

225 3170 389 3223 ditur.
422 3115 640 3223 Fagum
659 3177 733 3222 est
757 3169 891 3222 enim
915 3167 1050 3223 quod
1079 3169 1224 3221 aiunt
1246 3166 1486 3219 Acacium
1516 3183 1812 3223 percussum

225 3170 389 3223 ditur.
422 3170 552 3223 Fals

226 3241 494 3305 divinitus,
516 3256 626 3295 eam
647 3239 708 3292 ob
731 3254 836 3292 rem
858 3238 919 3292 ab
949 3239 1220 3293 Anastasio
1240 3247 1528 3291 reuocatum
1549 3253 1651 3290 non
1673 3255 1814 3301 esse;

229 3313 483 3380 quomodo
521 3311 658 3381 enim
699 3309 790 3381 sub
820 3308 1090 3381 Anastasio
1136 3310 1326 3381 percuti
1373 3309 1532 3378 potuit
1576 3309 1810 3371 Aeacius,

305 3399 382 3435 em
421 3398 481 3452 ea:
506 3379 816 3452 ilVicephoro
851 3390 900 3435 et
929 3379 1152 3452 Evagrio
1186 3388 1441 3452 mortuum
1482 3388 1694 3432 narrant
1720 3381 1812 3434 sub

291 3451 483 3524 elice“
495 3451 519 3506 ι
530 3492 541 3502 .
564 3451 689 3524 Sole
713 3452 866 3524 igitur
889 3451 1080 3506 clarius
1105 3459 1177 3504 est
1205 3451 1497 3504 addititiam
1519 3465 1625 3504 esse
1645 3466 1812 3524 vocem

233 3523 461 3578 Aeacius
479 3525 614 3592 apud
637 3522 858 3577 Yvonem
886 3533 935 3578 et
959 3523 1108 3585 alios,
1137 3538 1229 3575 nec
1258 3537 1426 3575 vocem
1448 3535 1732 3588 percussus
1751 3522 1814 3576 de

231 3594 339 3649 alio
368 3611 518 3660 quam
553 3598 616 3648 de
642 3594 913 3648 Anastasio
941 3594 1160 3665 intelligi
1202 3608 1364 3662 posse.
1407 3592 1471 3665 ‘2."
1518 3592 1668 3656 Quod
1694 3608 1810 3662 per-

226 3681 408 3719 cussus
453 3665 640 3720 dicitur
693 3666 995 3718 Anastasius
1041 3661 1510 3732 apud’nonnullos
1561 3661 1810 3731 auctores,

224 3736 428 3809 uidetur
447 3753 515 3791 ex
543 3740 834 3809 conjectura
863 3745 910 3789 et
939 3752 1000 3809 ea:
1025 3736 1387 3809 commentario
1409 3734 1691 3802 scriptum;
1723 3751 1811 3788 eo-

224 3808 356 3862 dicis
387 3809 526 3860 enim
553 3806 714 3862 nostri
741 3807 1006 3861 annotatio
1031 3806 1347 3860 solummodo
1376 3815 1546 3859 morte
1576 3820 1826 3874 prtevem

225 3887 338 3932 tum
370 3879 468 3945 ait,
492 3895 583 3932 nec
605 3878 744 3946 apud
774 3877 1115 3945 antiquiorem
1144 3877 1442 3946 scriptorem
1475 3877 1587 3944 plus
1615 3877 1812 3947 aliquid

222 3959 481 4002 assertum
527 3949 732 4018 legitur.
785 3948 841 4004 3°
886 3948 1035 4016 Quod
1074 3962 1330 4003 revocare
1360 3947 1602 4000 Acacium
1641 3963 1814 4001 omnes

222 4021 372 4074 citati
411 4017 644 4074 auctores
680 4019 906 4073 scribunt
936 4017 1154 4072 voluisse
1180 4017 1524 4083 Anastasium,
1550 4035 1662 4070 cum
1691 4028 1816 4072 tem-

218 4107 344 4162 pore
371 4091 552 4145 mortis
584 4091 757 4162 Acacii
780 4091 1048 4145 conciliari
1072 4105 1174 4162 non
1202 4098 1400 4157 potest;
1431 4088 1564 4162 illud
1593 4091 1728 4142 enim
1754 4090 1817 4143 de

219 4159 388 4230 ipsius
413 4163 587 4216 Δίαςῆ
612 4161 826 4230 ρένεοηα
851 4176 1048 4214 necesse
1068 4170 1138 4214 est
1153 4159 1510 4230 interpretari;
1532 4175 1627 4213 vox
1647 4170 1816 4214 autem

219 4233 536 4299 restituere,
579 4249 690 4296 qua:
723 4235 776 4286 in
810 4233 999 4285 codicis
1044 4231 1374 4284 annotatione
1412 4239 1709 4298 usurpatur,
1755 4230 1818 4284 de

218 4303 403 4357 Acacii
427 4305 634 4357 nomine
659 4302 914 4373 diptychis
937 4301 1250 4373 restituendo
1291 4302 1700 4373 commodissime
1725 4318 1817 4373 po-

217 4382 320 4429 test
351 4374 598 4447 intelligi.
632 4371 900 4447 Hactenus
921 4371 1262 4447 Quesnellus.
1290 4372 1416 4447 Haec
1436 4388 1586 4447 vero,
1608 4371 1732 4447 quae
1751 4373 1818 4429 de

216 4442 616 4510 Anastasio'll,
647 4445 820 4515 quoad
845 4445 1023 4500 Acacii
1055 4458 1254 4499 nomen
1296 4443 1349 4515 in
1381 4442 1680 4498 Pontiﬁcali
1711 4453 1818 4498 tra-

221 4515 450 4581 duntur,
483 4531 548 4572 ex
577 4514 887 4585 antiquiori,
915 4525 969 4569 at
998 4515 1234 4584 maligno
1259 4514 1438 4582 aliquo
1466 4515 1669 4583 scripto
1692 4530 1816 4584 pro-

1914 1892 2070 1958 nelli,
2122 1893 2212 1961 qui
2253 1893 2580 1962 antiquiores
2627 1904 2778 1958 sunt,
2827 1897 2879 1950 in
2915 1892 3232 1952 lectionibus
3286 1892 3492 1957 conve-

1915 1961 2095 2038 niant,
2129 1964 2180 2018 in
2207 1961 2394 2019 codice
2422 1963 2714 2038 Oxontensi
2757 1967 2996 2035 quaedam
3044 1968 3189 2033 loca,
3237 1984 3356 2038 qua:
3407 1973 3502 2027 ob-

1915 2034 2153 2088 scuriora
2180 2043 2354 2100 erant,
2397 2035 2617 2089 arbitrio
2654 2034 2994 2092 amanuensis
3026 2038 3190 2094 fuisse
3219 2034 3503 2097 emendata

1913 2103 2044 2158 nihil
2075 2105 2392 2174 ambigimus
2447 2123 2459 2158 :
2496 2106 2635 2161 unde
2683 2107 2924 2160 codicum
2975 2118 3278 2164 nostrorum
3321 2112 3504 2168 lectio-

1915 2189 2012 2228 nes
2045 2190 2166 2229 cnm
2221 2176 2444 2245 vulgatis
2479 2177 2839 2232 Concilinrum
2890 2178 3000 2234 fere
3048 2181 3390 2237 concinentes
3418 2199 3504 2238 re-

1911 2246 2177 2318 vocandas
2220 2247 2537 2316 putavimus.
2588 2247 2825 2302 Mutilum
2873 2263 3005 2318 opus
3065 2266 3129 2304 ex
3162 2252 3374 2307 schedis
3404 2255 3503 2308 im-

1913 2316 2164 2388 perfectis
2215 2318 2540 2388 exscriptum
2594 2320 2824 2387 videtur,
2895 2316 2954 2373 ut
2992 2335 3058 2376 ne
3101 2321 3291 2376 mirum
3340 2325 3410 2378 sit
3453 2327 3503 2378 si

1913 2386 2120 2454 aliquot
2162 2388 2213 2441 in
2260 2386 2406 2443 locis
2423 2389 2651 2443 laboret.
2684 2386 3007 2456 Quesnellus
3049 2391 3258 2446 titulum
3301 2394 3379 2448 sic
3409 2410 3504 2450 ex--

1915 2457 2112 2530 pressit
2143 2477 2154 2511 :
2189 2457 2382 2530 Gelasii
2414 2475 2562 2529 papa:
2593 2459 2842 2530 mirabilis
2882 2461 3164 2530 disputatio
3193 2464 3256 2517 de
3283 2468 3500 2519 anathe-

1915 2529 2068 2583 matis
2094 2527 2296 2583 vinculo
2322 2531 2375 2582 in
2401 2527 2640 2584 Acacium
2669 2538 2716 2583 et
2745 2527 2976 2585 Petrum.
3009 2532 3257 2588 Omnium
3287 2544 3501 2590 nostro-

1913 2612 2031 2653 rum
2063 2614 2125 2655 ac
2155 2599 2393 2655 Thuanei
2423 2604 2583 2656 etiam
2605 2601 2825 2665 codicis,
2854 2612 2910 2657 et
2932 2604 3262 2671 vulgatorum
3289 2605 3500 2662 titulum

1915 2671 2324 2744 revocavimus,
2376 2687 2542 2744 quem,
2580 2673 2739 2727 etiam
2781 2674 3097 2744 AnaSIasius
3141 2676 3401 2744 approbat
3446 2679 3501 2732 in

1916 2740 2078 2816 epist.
2111 2741 2177 2816 ad
2207 2740 2488 2816 Joannem_
2514 2743 2810 2816 diaconum
2846 2740 3228 2816 Collectaneis
3249 2747 3463 2816 prmlixa
3483 2789 3498 2815 ,

1917 2809 2006 2866 ubi
2037 2812 2114 2867 sic
2141 2813 2366 2868 habetur
2396 2828 2410 2866 :
2445 2812 2525 2866 Ea:
2551 2823 2687 2867 tomo
2718 2813 2908 2868 Gelasii
2937 2816 2999 2869 de
3019 2809 3359 2872 anatheniatis
3387 2809 3502 2874 vin;

1915 2884 2050 2955 culo.
2090 2883 2393 2939 Asteriscos
2443 2885 2804 2955 prteﬁximus,
2861 2888 2982 2955 quia
3033 2887 3134 2940 hoc
3182 2890 3500 2955 opusculum

1916 2953 2070 3008 initio
2091 2964 2259 3008 caret.
2286 2955 2442 3024 ltlura
2463 2969 2592 3008 vero
2617 2954 2686 3009 de
2707 2953 2898 3010 eodem
2923 2956 3119 3010 videsis
3143 2957 3198 3010 in
3222 2953 3502 3024 praemisso

1918 3032 2147 3078 tractatu
2180 3025 2248 3079 de
2290 3023 2732 3088 Collectionibus,
2769 3033 2902 3093 part.
2938 3042 3027 3090 nt,
3061 3027 3184 3090 ubi,
3208 3023 3276 3082 de
3304 3028 3503 3086 Gelasit‘

1918 3093 2256 3150 documentis
2299 3095 2661 3165 disserentes,
2708 3095 2810 3151 hoc
2846 3097 3162 3165 opusculum
3192 3111 3298 3153 non
3327 3101 3503 3157 solum

555 3185 640 3222 um
659 3177 733 3258 εει
757 3167 1050 3258 enimlquod
1079 3169 1224 3250 aiunt
1246 3166 1486 3219 Acacium
1516 3183 1812 3235 percussum
1841 3195 1888 3258 C
1919 3165 2267 3258 :ntttilum‘et
2307 3164 2678 3248 imperfectum
2700 3211 2713 3233 ,
2770 3166 2865 3221 sed
2887 3164 2896 3165 ί
2919 3183 2983 3221 ex
3041 3167 3246 3258 aliqupt
3300 3168 3501 3227 Gelasii

1919 3234 2227 3307 fragmentis
2251 3253 2358 3292 non
2381 3234 2510 3291 satis
2537 3246 2661 3307 apte
2690 3247 2996 3292 contextum
3021 3234 3373 3294 ostendimus.
3419 3283 3424 3288 .

1987 3305 2015 3345 δ
2067 3307 2269 3375 Quesn.
2315 3315 2332 3362 ἐ
2368 3307 2517 3361 Sedis
2562 3305 2853 3376 apostolicae
2902 3310 3113 3364 cautela:
3149 3311 3387 3376 interest,
3439 3329 3502 3367 ne

1917 3382 2051 3449 forte
2075 3379 2285 3449 quidam
2313 3378 2450 3449 quod
2473 3378 2671 3444 solent;
2703 3388 2756 3434 et
2784 3379 2836 3433 in
2869 3389 2995 3434 nota
3023 3380 3303 3449 marginali
3331 3395 3346 3436 :
3379 3381 3502 3436 Pri-

1916 3447 1998 3501 ma
2027 3447 2134 3503 hwc
2166 3448 2345 3519 verba,
2387 3448 2588 3518 inquit,
2637 3450 2879 3504 hactenus
2921 3447 3210 3506 desidera—la
3247 3464 3397 3519 sunt,
3444 3463 3501 3507 ut

1915 3519 2095 3573 merito
2152 3515 2393 3573 Romana:
2448 3515 2684 3592 editionis
2736 3521 3072 3592 epistolarum
3120 3515 3500 3592 pontiﬁciarum

1915 3599 2273 3662 procuratores
2317 3591 2560 3657 suspicati
2584 3593 2688 3662 sint
2721 3593 2889 3662 deesse
2920 3591 3078 3662 hujus
3121 3601 3364 3647 tractatus
3391 3595 3501 3647 ini-

1915 3659 2063 3715 tium.
2097 3659 2262 3728 anus
2293 3670 2467 3716 autem
2499 3661 2700 3717 codicis
2723 3661 2826 3716 ﬁde
2851 3677 2915 3716 ea
2947 3659 3111 3716 verba
3143 3663 3290 3732 (qua;
3320 3671 3501 3720 tamen

1916 3746 2023 3803 non
2068 3732 2196 3787 satis
2239 3747 2358 3788 esse
2399 3733 2637 3803 videtur)
2687 3732 3004 3798 inseruerit,
3061 3747 3166 3786 non
3211 3744 3494 3789 memorat.

1916 3801 2121 3858 Desunt
2167 3814 2315 3858 certe
2352 3805 2404 3857 in
2435 3802 2596 3858 Vind.
2619 3801 2787 3873 hujus
2815 3803 3169 3868 collectionis,
3203 3805 3341 3858 sicut
3369 3805 3498 3859 etin

1916 3875 2128 3928 caneris
2169 3875 2394 3928 aliarum
2441 3874 2850 3940 collectionum,
2899 3873 3100 3929 Veron.
3142 3875 3245 3939 46,
3290 3883 3344 3928 et
3372 3875 3497 3932 Vat.

1919 3943 2057 4024 1549
2085 3943 2592 4024 ειάᾁίεἱρῐιψηλμεὶἀη
2619 3960 2854 4024 necnon
2889 3945 3029 4014 apud
3061 3944 3340 4024 lderlinum
3365 3988 3378 4009 ,
3429 3962 3501 4002 ex

1922 4015 2117 4083 quibus
2164 4016 2370 4070 initium
2415 4015 2539 4086 licet
2589 4015 2832 4071 mniilum
2873 4016 3256 4086 expressimus.
3298 4015 3410 4071 Hoc
3447 4027 3502 4072 et

1917 4099 2149 4156 sequens
2191 4095 2352 4155 caput
2387 4085 2452 4140 ad
2480 4088 2810 4156 propositum
2843 4087 2906 4140 de
2928 4085 3272 4140 anathematis
3299 4088 3498 4141 vinculo

1919 4155 2325 4228 haudquaquam
2370 4155 2641 4228 pertinere
2672 4157 2944 4223 videntur,
2994 4157 3096 4211 nisi
3141 4156 3280 4214 forte
3326 4159 3504 4228 suspi-

1918 4229 2059 4282 ceris
2085 4227 2384 4283 Orientales
2413 4227 2614 4284 dixisse
2653 4228 2726 4282 ita
2770 4227 2904 4283 solvi
2948 4241 3108 4297 posse
3134 4227 3499 4284 anathemain

1919 4297 2172 4369 Acacium
2193 4341 2208 4366 ,
2241 4299 2382 4369 quod
2413 4313 2484 4353 ex
2527 4300 2694 4354 veteri
2715 4368 2718 4369 ν
2742 4299 3032 4354 constituto
3076 4297 3499 4355 Chalcedonensi

1920 4368 2119 4424 editum
2152 4368 2357 4439 fuerat,
2392 4370 2468 4424 uti
2499 4384 2670 4424 canon
2693 4368 2760 4424 de
2788 4369 3155 4439 praerogativis
3180 4369 3325 4424 sedis
3354 4370 3498 4424 Con-

1919 4441 2406 4509 stantinopolitanze
2429 4441 2480 4494 in
2501 4439 2926 4510 Chalcedonensi
2954 4438 3128 4494 editus
3155 4439 3338 4510 asede
3368 4455 3501 4510 apo-

1922 4512 2110 4566 stolica
2141 4505 2346 4567 solutus
2396 4510 2591 4566 fuerat.
2639 4505 2838 4565 Confer
2867 4517 3150 4577 tractatum
3200 4508 3322 4565 loco
3368 4505 3499 4566 alle-

216 4585 417 4652 ﬁcisci,
435 4601 541 4656 quo
561 4582 812 4642 factiosus
835 4587 1026 4655 aliquis
1050 4582 1209 4640 homo
1229 4585 1368 4656 sicut
1385 4585 1489 4656 alia
1511 4582 1813 4642 commenta
1841 4582 1895 4644 D
1917 4590 2060 4652 gato.

216 4666 423 4730 contra,
449 4655 830 4730 Symmachum
862 4658 1078 4730 sparsit,
1112 4657 1183 4710 ita
1206 4655 1294 4730 ad
1326 4655 1580 4730 invidiam
1606 4657 1652 4712 ei
1673 4672 1814 4730 _con-

214 4725 516 4800 ciliandam
528 4770 542 4794 ,
560 4725 959 4800 pr0pensiorém
974 4725 1239 4783 Anastasii
1256 4725 1295 4780 ll
1315 4727 1816 4800 animumconlinxit

215 4799 288 4868 ad
325 4798 712 4855 restituendum
743 4801 903 4856 etiam
937 4813 1133 4853 nomen
1163 4798 1368 4866 Acacii,
1401 4813 1509 4852 non
1547 4799 1815 4868 improba-

212 4866 412 4926 biliter
450 4873 670 4940 conjicit
701 4871 1016 4940 Franciscus
1045 4869 1391 4924 Blanchinius
1420 4877 1552 4924 tom.
1576 4866 1640 4924 Ill
1669 4871 1814 4925 Ana-

211 4942 381 4996 stasii
422 4938 820 4998 Bibliothecarii
859 4943 912 4996 in
946 4938 1091 4995 'notis
1129 4940 1195 4994 ad
1238 4942 1402 4994 vitam
1445 4942 1712 4996 Anastasii
1745 4943 1807 5009 ll,

211 5025 356 5083 pag.
386 5012 515 5069 209.
549 5013 794 5068 Justinus
835 5013 1124 5083 imperator
1152 5010 1205 5066 in
1225 5011 1469 5083 epistola
1499 5011 1565 5083 ad
1595 5012 1812 5068 Hormi-

210 5081 380 5156 suam
414 5085 578 5141 relata
623 5092 746 5156 post
781 5081 940 5156 epist.
982 5084 1052 5140 73
1087 5081 1338 5156 ejusdem
1372 5081 1658 5152 pontiﬁcis,
1704 5099 1812 5156 non

210 5154 360 5209 dicit
399 5154 742 5210 Anastas'inm
783 5155 1019 5211 voluisse
1054 5155 1339 5210 restituere
1376 5167 1575 5208 nomen
1609 5154 1807 5222 Acacii,

210 5226 322 5280 sed
352 5227 531 5296 potius
550 5234 778 5282 testatur
795 5227 1098 5295 oppositum
1122 5242 1137 5291 ;
1163 5239 1283 5279 cum
1308 5223 1538 5278 afﬁrmet
1564 5225 1812 5281 eumdem

210 5299 576 5353 Anastasium
617 5297 900 5367 scripsisse
938 5297 1003 5351 ad
1050 5305 1448 5351 antecessorem
1497 5310 1652 5349 suum
1692 5299 1815 5352 satis

210 5382 339 5421 esse
361 5384 538 5439 pacem
564 5367 972 5439 aceeptantibus,
1018 5367 1062 5421 si
1103 5375 1517 5439 nomentantum
1547 5367 1817 5439 reticentur

207 5437 450 5505 Acacii;
485 5455 606 5510 quas
641 5437 762 5510 cum
805 5439 935 5505 ipsis
974 5439 1239 5510 Anastasii
1281 5437 1471 5490 litteris
1499 5438 1812 5504 concinunt,

202 5509 706 5581 cuspicionentque
727 5509 1023 5581 Blanchinii
1053 5509 1391 5581 conﬁrmant.

295 5579 342 5618 ί
363 5579 640 5636 Invenitur
666 5581 718 5635 in
746 5595 876 5636 mss.
907 5580 1064 5650 hujus
1092 5579 1456 5650 collectionis,
1488 5587 1543 5633 et
1573 5579 1623 5633 in
1657 5587 1808 5635 vetu-

207 5652 472 5708 stissimo
499 5651 703 5708 Veron.
736 5651 837 5718 46,
881 5665 944 5705 ac
980 5649 1194 5705 tandem
1241 5649 1292 5702 in
1337 5650 1504 5704 addit.
1553 5650 1700 5715 lsid.,
1747 5668 1811 5707 ex

208 5721 424 5790 quibus
454 5722 708 5778 Merlinus
734 5722 874 5778 hunc
894 5730 1094 5780 tomum
1118 5719 1302 5775 edidit.
1331 5721 1619 5775 Recentior
1642 5722 1810 5778 codex

207 5797 431 5864 tuom,
463 5809 622 5864 quem
653 5793 971 5864 Quesnellus
1001 5800 1216 5864 secutus
1243 5800 1360 5858 est,
1407 5794 1660 5862 lectiones
1702 5809 1820 5862 me-_

207 5863 402 5925 liores
446 5863 736 5920 identidem
788 5863 1045 5932 praeferre
1089 5863 1320 5922 videtur.
1386 5865 1454 5927 At
1493 5879 1615 5928 eum
1666 5865 1820 5925 cedi-

475 5959 754 6042 PAjrntn.
796 5958 960 6038 LVI;

1993 4663 2016 4691 ο
2045 4653 2202 4723 Solus
2224 4651 2426 4719 Quesn,
2453 4667 2574 4708 cum
2604 4651 2777 4708 Oxon.
2804 4653 2952 4718 cod.,
2976 4653 3153 4723 recipi.

1992 4723 2017 4758 ά
2044 4722 2205 4778 Vind.
2230 4725 2372 4778 delet
2401 4724 2678 4778 constituit.
2710 4723 2889 4794 Vulg.,
2917 4723 3054 4794 quod
3080 4721 3499 4794 constituit.rVe-

1922 4809 2064 4859 ron.,
2096 4795 2335 4863 quoniam
2364 4794 2494 4848 illud
2524 4793 3038 4861 secundum,deletis
3057 4794 3192 4862 quod
3218 4793 3497 4847 constituit.

1997 4875 2020 4900 θ
2049 4865 2174 4919 Mss.
2207 4866 2405 4920 Veron.
2433 4876 2485 4920 et
2513 4868 2680 4936 prima
2709 4881 2870 4920 manu
2899 4864 3084 4928 Vind.,
3115 4864 3334 4936 pra/ide
3362 4880 3501 4917 com-

1921 4937 2192 5003 munione;
2242 4937 2476 4992 secunda
2503 4933 2632 4992 vero
2662 4951 2818 4991 manu
2858 4951 2979 4990 cum
3008 4936 3152 5004 vulg.
3188 4933 3378 5004 Cone,
3407 4950 3502 5004 pro

1919 5005 2026 5078 ﬁde
2060 5009 2336 5062 communi.
2383 5010 2453 5062 At
2491 5007 2630 5064 idem
2664 5006 2915 5078 pontifex,
2938 5006 3005 5061 de
3026 5003 3244 5078 synodo
3273 5003 3499 5078 Chalce-

1919 5074 2144 5133 donensi
2171 5080 2370 5150 pariter
2401 5079 2625 5150 loquens
2664 5074 2854 5150 scribit
2884 5076 2966 5132 tit.
3010 5074 3082 5132 49
3123 5074 3496 5150 hujus__colle-

1919 5151 2145 5216 ctionis,
2172 5143 2222 5204 ὁ.
2255 5148 2288 5203 5
2306 5191 2322 5216 ,
2360 5165 2454 5220 pro
2472 5143 2605 5218 'ﬁdei
2629 5149 2893 5203 catholica:
2922 5158 3072 5217 atque
3099 5143 3392 5215 apostolica:
3420 5161 3504 5200 ve—
3575 5217 3578 5220 ἢ

1919 5221 2067 5292 ritate
2082 5222 2566 5292 communioneque.

1991 5288 2010 5362 ἴ
2035 5291 2124 5345 Sic
2151 5291 2344 5345 Veron.
2367 5300 2422 5346 et
2445 5284 2611 5362 vulg.,
2630 5291 2942 5346 concinente
2975 5287 3133 5343 Vind.
3159 5284 3498 5354 Quesnellus,
3587 5313 3591 5318 ο

1913 5361 2002 5414 sed
2029 5362 2082 5432 in
2112 5362 2424 5432 apostolicw.
2544 5361 2553 5362 ί
2676 5431 2681 5432 γ
3022 5430 3027 5432 _
3179 5428 3205 5432 __
3416 5429 3423 5432 _
3574 5362 3584 5394 "

1988 5441 2011 5478 Β
2060 5428 2219 5487 Solus
2257 5433 2461 5499 Qucsn.
2500 5448 2620 5488 cum
2651 5431 2825 5486 Oxon.
2874 5430 3060 5485 inserit
3097 5428 3296 5499 nullum
3344 5429 3502 5481 robur
3581 5447 3594 5474 τ.

1915 5501 2122 5558 habent.
2180 5497 2379 5559 Desunt
2432 5505 2484 5558 in
2556 5503 2805 5557 omnibus
2866 5503 3062 5556 nostris
3116 5497 3277 5555 codd.
3337 5499 3500 5554 etiam

1916 5571 2125 5645 Thuan.
2155 5585 2208 5629 et
2236 5576 2382 5645 vulg.
2417 5577 2581 5630 (lonc.

1989 5641 2015 5679 δ
2044 5643 2198 5716 Vulg.
2219 5687 2233 5711 ,
2267 5641 2496 5701 sustinet.

1989 5869 2072 5944 (ί)
2109 5853 2446 5930 V.cn.132.
2474 5883 2527 5927 ε.
2547 5869 2611 5930 t.
2639 5876 2768 5926 tom.
2799 5868 2853 5947 1.,
