3996 6344
526 581 537 590 _
636 528 764 581 CAP.
798 517 864 580 η.

564 409 668 466 619

489 574 526 687 ξ
563 619 753 688 utique
785 631 1107 674 veneramur
1131 625 1186 670 et
1215 615 1508 684 sequimur,
1543 622 1571 652 ι
1599 615 1850 684 quoniam
1895 594 2153 684 quorum—

496 694 522 774 iw

495 777 511 846 l

495 847 505 900 ε

565 713 688 769 dam
735 711 846 766 illic
888 717 942 766 et
984 707 1336 782 proianitates
1379 722 1501 764 esse
1548 706 1814 774 feruntur,
1862 716 1915 763 et
1951 705 2154 762 scelera

563 817 713 876 gesta
745 801 1046 869 narrantur,
1075 801 1196 857 ideo
1219 801 1372 856 nobis
1402 801 1604 870 pariter
1634 801 1834 870 omnia,
1868 809 1957 855 aut
1991 815 2154 855 vene-

564 898 732 954 randa
756 905 901 962 sunt,
929 905 1021 950 aut
1041 894 1344 964 sequenda,
1379 894 1502 963 quia
1533 894 1586 948 in
1617 892 1724 947 illis
1755 893 1957 948 sanctis
1983 902 2037 947 et
2067 908 2156 949 ve-

563 991 900 1048 nerabilibus
929 989 1082 1046 libris
1116 987 1495 1044 continentur?
1527 988 1758 1043 Sanctus
1808 987 1999 1043 Petrus
2051 988 2156 1057 pri-

564 1100 687 1140 mus
743 1084 1108 1156 apostolorum
1166 1083 1245 1138 sic
1301 1084 1573 1136 aestimans
1638 1079 1761 1135 novi
1828 1080 2156 1135 Testamenti

565 1177 796 1248 gratiam
827 1175 1252 1248 praedicandam,
1288 1184 1400 1229 uta
1433 1175 1566 1244 legis
1607 1173 1811 1229 veteris
1857 1188 1961 1228 non
2004 1188 2160 1228 rece-

563 1271 721 1350 deret
761 1271 1050 1338 institutis,
1101 1268 1344 1338 quaedam
1397 1284 1493 1337 per
1537 1267 1933 1324 simulationem
1967 1266 2160 1336 legitur

560 1368 708 1424 inter
730 1367 948 1422 Judaeos
981 1366 1315 1437 gentilesque
1352 1363 1616 1434 gessisse;
1649 1361 1891 1432 nunquid
1925 1360 2045 1416 ideo
2071 1368 2164 1415 aut

561 1457 657 1515 illa
687 1459 808 1528 ejus
851 1456 1126 1528 sequenda
1159 1464 1313 1523 sunt,
1347 1471 1464 1526 qua:
1497 1456 1690 1512 merito
1728 1462 1784 1511 et
1821 1449 2162 1524 co‘apostolus

563 1552 686 1624 ejus
724 1551 753 1591 δ
801 1553 940 1608 facta
970 1549 1274 1623 redarguit,
1309 1557 1364 1606 et
1392 1559 1577 1620 postea
1623 1555 2019 1619 consequenter
2048 1548 2164 1618 ipse

562 1645 793 1700 vitavit:
822 1653 919 1700 aut
949 1644 1149 1714 pariter
1186 1641 1507 1698 assumenda
1537 1651 1663 1697 sunt
1695 1656 1816 1698 cum
1847 1641 1930 1696 his
1960 1655 2079 1711 qua:
2105 1648 2165 1695 ut

563 1747 693 1810 pote
735 1737 942 1808 primus
987 1736 1267 1806 apostolus
1302 1746 1322 1774 ε
1354 1735 1589 1790 salubria
1633 1734 1976 1804 praedicavit?
2017 1732 2166 1787 Nun-

565 1829 822 1900 quidnam
847 1839 936 1885 aut
964 1828 1083 1900 ejus
1112 1838 1260 1884 recta
1284 1827 1526 1884 doetrina
1556 1843 1680 1883 cum
1713 1827 1796 1882 his
1822 1840 1944 1899 qua:
1977 1826 2166 1880 huma-

1495 405 1850 463 APPENDIX
1887 406 1979 462 AD
2017 405 2078 464 S.
2121 402 2366 462 uttUtlttS
2403 401 2620 460 MAG-Nl
2657 398 2912 459 OPERA.

988 526 1126 593 quia
1152 521 1332 580 enim?
1359 532 1483 592 qtua
1508 521 1561 577 in
1589 522 1744 578 libris
1770 523 1989 602 sanctis,
2019 535 2151 592 quos
2177 524 2234 588 Α
2257 533 2378 577 esse
2409 518 2711 583 diabolum;
2739 516 2864 586 quia
2885 513 2978 570 ubi
2997 514 3156 568 cauSa
3191 512 3373 568 mortis
3393 528 3490 568 non
3515 523 3616 580 erat
3642 517 3767 589 (puta

3688 401 3768 464 620

2256 609 2572 688 peccatum)
2599 625 2704 666 non
2745 608 3040 684 debebatur
3070 615 3122 678 et
3154 619 3328 676 paena.
3355 603 3612 674 Sententia
3637 613 3772 679 prati.

2255 705 2420 777 gitur,
2450 704 2537 761 vel
2570 702 2788 775 praeﬁxa
2815 709 2900 758 est
2920 714 3136 772 semper
3161 699 3350 756 errori.
3383 698 3398 737 ί
3423 700 3545 768 Quae
3561 707 3771 764 sententia

2257 801 2382 855 huic
2425 799 2595 854 errori
2652 795 2872 867 praeﬁxa
2921 808 3195 866 nunquam
3248 793 3462 848 omnino
3511 796 3773 852 resolvetur.

2259 893 2415 951 Sicut
2455 892 2597 947 enim
2647 890 2700 946 in
2751 898 3012 960 quantum
3061 896 3145 943 est
3193 887 3307 957 ipse
3353 901 3515 954 error,
3560 903 3774 958 nunquam

2259 1003 2412 1044 error
2441 1000 2562 1041 esse
2589 984 2827 1049 desistit;
2877 983 2956 1038 sic
3002 981 3265 1038 sententia
3315 979 3521 1052 praeﬁxa
3561 997 3776 1050 nunquam

2261 1086 2572 1151 resolvitur,
2605 1085 2727 1155 quia
2756 1097 2911 1139 error
2931 1084 3020 1156 qui
3047 1084 3353 1153 agnoscitur
3380 1096 3495 1137 esse
3527 1081 3777 1154 damnatus,

2262 1181 2483 1245 eadem,
2536 1177 2774 1252 quandiu
2826 1185 3009 1236 manet
3055 1191 3230 1244 error,
3277 1175 3522 1246 probatur
3563 1177 3777 1232 astrictus.

2263 1274 2448 1345 Itaque
2475 1275 2564 1345 qui
2594 1275 2647 1329 in
2682 1287 2870 1329 errore
2900 1280 3056 1340 sunt,
3091 1270 3358 1327 sententia
3386 1271 3575 1327 erroris
3591 1272 3781 1330 obstricti

2264 1378 2422 1434 sunt;
2459 1376 2514 1424 et
2543 1366 2780 1444 quandiu
2823 1367 2876 1424 in
2917 1382 2983 1424 eo
3016 1375 3265 1434 manent,
3299 1366 3585 1425 nullatenus
3607 1366 3781 1436 absoluti

2265 1471 2420 1527 sunt,
2452 1459 2592 1516 sicut
2633 1475 2735 1535 nec
2776 1460 2891 1532 ipse
2924 1461 2937 1510 l
2979 1460 3034 1515 in
3064 1475 3170 1532 quo
3200 1469 3326 1516 sunt
3357 1475 3504 1515 error
3531 1458 3780 1515 absolvitur.

2267 1556 2434 1611 Error
2460 1554 2603 1611 enim
2642 1556 2756 1626 ipse
2801 1568 3074 1623 nunquam
3105 1554 3318 1610 veniam
3351 1562 3680 1625 promeretur;
3717 1551 3782 1609 sed

2267 1650 2358 1720 qui
2396 1665 2462 1705 eo
2509 1648 2777 1704 veraciter
2814 1650 3079 1714 caruerit,
3123 1657 3286 1719 atque
3329 1647 3396 1704 ab
3431 1648 3540 1718 ejus
3565 1647 3784 1717 participa-

2268 1743 2416 1798 tione
2441 1738 2468 1779 ¹ί
2498 1741 2750 1798 discedit.
2784 1741 3032 1808 Quandiu
3064 1757 3192 1816 ergo
3222 1742 3275 1796 in
3309 1741 3388 1797 eis
3407 1750 3484 1796 est
3504 1755 3655 1807 error,
3679 1739 3783 1794 dam

2269 1837 2544 1891 nationem
2574 1849 2730 1890 suam
2752 1842 2919 1905 tenet,
2954 1834 3118 1912 324
3143 1821 3518 1904 nunqu'amque
3547 1827 3784 1895 iesolvitur,

564 1920 713 1977 nitus
743 1921 1049 1977 acciderant
1073 1919 1405 1992 repudianda
1429 1928 1541 1986 est,
1565 1931 1660 1974 aut
1682 1918 1768 1973 illa
1796 1917 1974 1974 adhuc
1997 1917 2169 1980 imbe—
2199 1920 2250 1982 Β
2273 1931 2398 2001 quia
2439 1945 2594 1988 error
2624 1919 2838 1999 pmnam
2869 1943 3083 1999 semper
3113 1937 3376 1988 meretur.
3417 1927 3676 1997 Parljcjpes
3696 1941 3787 1980 vero

565 2015 709 2072 cillis
736 2015 948 2071 inscitia
969 2029 1090 2070 cum
1121 2014 1355 2085 perfecta
1388 2014 1506 2081 ejus
1537 2012 1783 2068 doctrina
1814 2009 2160 2082 suscipienda

565 2109 684 2164 est?
731 2106 1107 2177 Nunquidnam
1152 2103 1179 2143 ἀ
1219 2107 1272 2162 in
1303 2108 1541 2176 ipsorum
1588 2105 1968 2160 hmreticorum
2011 2103 2163 2158 libris

563 2214 674 2257 non
711 2201 879 2255 multa
914 2215 1034 2270 quae
1061 2198 1128 2254 ad
1154 2199 1315 2270 323
1358 2198 1638 2253 veritatem
1688 2199 1962 2268 pertinent
1990 2197 2162 2266 posita

563 2293 912 2364 releguntur?
955 2292 1336 2364 Nunquidnam
1363 2290 1482 2346 ideo
1507 2289 1705 2346 veritas
1733 2288 2015 2345 refutanda
2046 2297 2162 2354 est,

564 2387 689 2460 quia
716 2388 933 2444 illorum
961 2387 1117 2457 libri,
1150 2385 1240 2441 ubi
1271 2385 1551 2456 pravitatis
1585 2394 1608 2422 ο
1644 2384 1896 2451 interest,
1925 2381 2165 2438 refutan-

565 2482 690 2538 tur?
718 2490 811 2537 aut
833 2482 958 2536 ideo
982 2479 1133 2549 pravi
1156 2479 1279 2534 libri
1303 2479 1629 2548 suscipiendi
1658 2487 1782 2532 sunt
1808 2492 2017 2544 eorum,
2040 2476 2166 2548 quia

563 2574 788 2640 veritas,
820 2589 942 2642 quae
965 2572 1073 2628 illic
1101 2571 1304 2627 inserta
1329 2580 1443 2638 est,
1476 2557 1583 2626 non
1616 2569 1874 2644 negatur?
1903 2571 1991 2627 Ait
2017 2573 2163 2640 Apo-

563 2665 741 2724 stolus
771 2682 784 2719 :
819 2663 1009 2719 Omnia
1031 2665 1272 2736 probate;
1298 2680 1412 2733 qua:
1435 2665 1565 2719 bona
1585 2676 1702 2719 sunt
1722 2674 1882 2718 tenete
1908 2661 1962 2734 (Ι
1988 2663 2162 2718 Thess.

565 2771 621 2823 v,
650 2755 783 2828 20);
824 2756 1027 2811 scimus
1071 2757 1388 2826 Apostolum
1439 2757 1600 2810 etiam
1632 2754 1700 2810 de
1731 2770 2062 2825 paganorum,
2103 2754 2167 2808 li-

565 2850 681 2907 bris
732 2852 907 2922 aliqua
955 2851 1204 2922 posuisse
1235 2850 1385 2922 (Act.
1419 2867 1555 2920 xvn,
1590 2849 1719 2924 28);
1765 2851 2000 2922 nunquid
2045 2850 2167 2906 ideo

572 2941 595 2982 ι
627 2945 794 3000 etiam
816 2953 1008 3000 cuncta
1038 2944 1349 3014 recipienda
1381 2952 1527 3012 sunt,
1560 2960 1681 3015 qua:
1705 2960 1826 3000 cum
1858 2945 1940 3000 his
1968 2944 2168 3014 pariter

562 3048 693 3097 sunt
713 3039 922 3110 prolata
939 3042 959 3090 ’ἒ
991 3039 1112 3110 Ipse
1136 3039 1434 3108 Apostolus
1461 3039 1535 3092 ait
1554 3037 1755 3094 multos
1783 3038 2166 3109 praedicatores

561 3133 724 3190 aliter
751 3142 914 3206 atque
943 3134 1098 3190 aliter
1127 3131 1405 3189 Christum
1437 3134 1730 3204 pradicare
1756 3151 1767 3188 :
1796 3142 1821 3182 ε
1852 3114 1948 3188 ubi
1986 3142 2167 3188 tamen

563 3226 696 3284 licet
732 3243 1053 3298 quocunque
1080 3227 1244 3284 modo
1272 3209 1548 3284 Christum
1579 3227 1923 3298 praedicatum
1953 3235 2167 3298 Oportet

564 3320 810 3388 admitti;
839 3335 947 3377 non
979 3321 1101 3377 ideo
1122 3330 1302 3378 tamen
1332 3321 1483 3377 illum
1506 3338 1710 3379 morem
1739 3337 1847 3392 quo
1869 3336 1976 3376 non
2018 3331 2165 3378 recte
2193 3315 2243 3381 C

563 3412 888 3486 prmdicatus
913 3425 996 3472 est
1025 3430 1133 3472 non
1159 3415 1417 3472 admonet
1436 3417 1662 3473 evitare.
1697 3416 1865 3472 Malos
1884 3415 2162 3486 operarios

562 3505 683 3582 ipse
725 3511 1092 3582 conqueritur,
1129 3526 1360 3582 quorum
1389 3511 1494 3568 alia
1527 3510 1839 3577 refutanda,
1873 3509 1978 3566 alia
2007 3509 2166 3566 docet

563 3617 685 3660 esse
714 3603 990 3660 sectanda.
1021 3603 1150 3660 Haec
1178 3612 1234 3660 et
1264 3603 1586 3676 hujusmodi
1614 3603 1862 3675 exempla
1891 3618 1990 3658 nos
2034 3602 2163 3659 edo-

565 3710 719 3769 cent,
758 3709 813 3757 et
851 3702 1158 3758 testimonia
1198 3701 1378 3758 divina
1422 3701 1776 3769 confirmant,
1828 3716 1935 3757 non
1982 3704 2163 3760 omnia

569 3798 773 3868 passim
815 3812 845 3850 a
888 3812 1212 3869 quocunque
1246 3796 1426 3864 diota,
1467 3797 1550 3852 vel
1593 3796 1898 3866 ubicunque
1937 3799 2163 3869 scripta,

567 3888 940 3946 indili'erenter
968 3891 1244 3959 accipere;
1276 3891 1402 3957 sed,
1448 3889 1673 3946 retentis
1702 3888 1890 3956 bonis,
1922 3905 2041 3962 qua:
2070 3904 2168 3946 no-

567 3991 729 4039 ceant
756 3981 1014 4039 refutare.

640 4075 771 4130 Car.
802 4074 890 4130 lll.
922 4104 994 4116 -—-
1022 4076 1052 4112 ιι
1081 4076 1359 4134 Peccatori
1386 4076 1592 4133 homini
1621 4093 1770 4134 mors
1792 4079 1937 4135 illata
1960 4089 2045 4137 est
2073 4098 2085 4134 :
2113 4090 2167 4136 et

563 4179 746 4227 tamen
795 4169 999 4226 homini
1049 4169 1179 4226 Jesu
1225 4167 1444 4227 Christo
1477 4186 1628 4228 mors
1666 4173 1810 4228 illata
1843 4191 1994 4230 reum
2039 4174 2168 4231 facit

637 4410 663 4438 ι
690 4399 848 4468 Vulg.
881 4395 1166 4453 lectionem
1189 4411 1310 4451 cum
1341 4397 1590 4454 omnibus
1633 4399 1833 4454 nostris
1861 4415 1924 4455 ac
1945 4399 2158 4456 Tltuan.

565 4486 702 4528 mss.
725 4472 1116 4542 revocavimus.
1142 4468 1657 4542 QueStt.7_sequimur,
1678 4472 2020 4540 quorumdam
2046 4491 2166 4542 pra-

562 4544 742 4596 vitates
772 4556 897 4594 esse.
931 4540 1048 4593 Mox
1079 4541 1225 4607 vulg.
1257 4549 1313 4595 et
1339 4540 1540 4596 Veron.
1575 4540 1760 4598 delent
1790 4544 1980 4607 omnia.

640 4612 668 4652 ι)
699 4611 897 4678 Quesn.
935 4610 1080 4664 addit
1111 4608 1332 4667 Paulus.

649 4697 669 4721 ε
706 4682 869 4737 Solus
896 4681 1124 4747 Quesn.,
1153 4683 1447 4739 salubriter.

639 4751 669 4792 ἀ
701 4725 1411 4826 ﬁnginiieJ'ho’st'r'tElii:
1433 4726 1489 4810 et
1517 4756 1664 4826 vulg.
1707 4755 2027 4823 Qucsnellus
2047 4799 2062 4824 ,
2111 4758 2168 4813 in
2196 4725 2249 4786 D

567 4826 720 4899 ipsis.
749 4823 869 4879 Mox
897 4825 1043 4894 vulg.
1076 4838 1197 4879 cum
1232 4826 1417 4892 Vind.,
1447 4823 1752 4897 pertineant.
2048 4823 2054 4824 ί

567 4966 605 4982 η
645 4906 669 4936 ⁶
697 4895 933 4953 Thuau..
961 4897 1224 4952 interesse.
1266 4897 1419 4967 Vulg.
1448 4938 1458 4947 .
1493 4897 1580 4951 ubi
1607 4899 1831 4958 pravitas
1862 4914 1990 4958 mest
2050 4916 2170 4962 me-

565 4967 1013 5114 .Addjdimus
1033 5033 1186 5114 etiam
1214 5053 1335 5096 cum
1365 5039 1566 5114 nostris
1589 5041 1754 5114 codd.
1785 5052 1838 5098 et
1865 5045 2008 5114 vulg.
2032 5045 2168 5100 Con-

565 5111 690 5182 cil.,
721 5127 784 5166 ac
806 5112 928 5167 dein
959 5113 1272 5182 scripsimus
1303 5111 1546 5182 prolata,-
1575 5112 1801 5180 Quesn.,
1836 5111 2021 5172 relata.

643 5179 926 5249 I’Quesn"
959 5182 1045 5237 ubi
1069 5179 1190 5237 iicet
1220 5183 1357 5256 dicat
1385 5179 1646 5237 Christum
1681 5197 1981 5256 quocunque
2015 5187 2168 5242 modo

563 5256 912 5381 vindicatum
930 5264 1165 5324 oportere
1185 5255 1415 5322 admitti,
1442 5271 1544 5310 non
1565 5257 1679 5310 ideo
1707 5255 1966 5324 tantem...
1994 5259 2166 5312 vitari.

619 5328 727 5381 ula.
751 5326 1036 5381 lectionem
1066 5325 1264 5381 nostris
1295 5338 1426 5381 mss.
1455 5325 1616 5381 Vind.
1657 5335 1711 5381 et
1746 5327 1940 5381 Veron.
1964 5344 2166 5381 anom-

619 5328 727 5410 ulg.
751 5326 1036 5408 lectionem
1066 5325 1264 5388 nostris
1295 5338 1426 5381 mss.
1455 5325 1616 5381 Vind.
1657 5335 1711 5383 et
1746 5327 1940 5384 Veron.
1964 5344 2168 5410 appro-

563 5398 748 5454 batam
779 5398 1158 5453 revocavimus

637 5466 667 5506 h
710 5469 837 5525 Hace
869 5467 1130 5540 periodus
1160 5485 1263 5540 qua
1303 5471 1514 5527 ratione
1551 5485 1674 5527 cum
1719 5472 2164 5529 antecedentibus

566 5542 1024 5614 sequentibusque
1051 5539 1355 5609 cohaereat,
1396 5542 1441 5598 si
1474 5557 1584 5598 non
1621 5541 1790 5614 probe
1820 5542 2160 5614 intelligitur,

566 5624 636 5684 eo
658 5611 997 5668 referendum
1029 5622 1132 5676 est,
1161 5615 1282 5683 quia
1311 5615 1400 5669 hic
1430 5611 1690 5670 tractatus
1720 5613 2070 5684 imperfectus
2097 5611 2163 5669 ex

565 5679 884 5762 fragmentis
910 5679 1232 5762 concinatus
1259 5685 1380 5740 fuit.
1426 5679 2022 5762 Meliusquidémhac
2070 5699 2165 5754 pe-

567 5755 727 5826 riodo
773 5755 971 5810 omissa
1020 5757 1378 5824 subjiceretur
1419 5755 2008 5826 saitentja'prwﬁgitur,
2055 5767 2161 5811 etc.

569 5823 732 5897 Mox,
775 5841 871 5894 pro
901 5842 1048 5880 reum
1073 5823 1199 5896 facit
1219 5868 1234 5893 ,
1267 5829 1413 5897 vulg.
1447 5829 1652 5884 Concil.
1683 5823 1829 5887 rem
1852 5823 2000 5896 ﬁcit.
2033 5826 2165 5882 [lein

565 5892 796 5961 Queen.
822 5912 928 5954 non
954 5892 1092 5960 erat.
1112 5897 1168 5955 id
1186 5907 1264 5958 est
1287 5892 1554 5962 miratum
1572 5941 1586 5963 .
1621 5915 1722 5956 non
1751 5898 1824 5954 ibi
1849 5892 2048 5963 peccati
2075 5897 2170 5955 de-

2267 2025 2416 2096 ejus,
2450 2034 2543 2080 aut
2584 2039 2802 2095 semper
2829 2033 2953 2080 sunt
2993 2023 3110 2095 ejus
3144 2038 3322 2094 poena
3362 2021 3654 2094 participes.
3687 2019 3721 2075 si
3754 2018 3788 2076 in

2267 2117 2456 2175 eodem
2488 2127 2730 2187 perstare
2768 2131 2878 2173 non
2908 2116 3188 2183 desinant;
3214 2124 3312 2172 aut
3339 2116 3384 2170 si
3419 2112 3434 2152 ι
3468 2117 3532 2172 ab
3557 2129 3709 2170 errore
3731 2127 3790 2168 re-

2267 2213 2562 2278 cesserint,
2608 2228 2768 2283 quam
2817 2212 2976 2268 alieni
3025 2211 3152 2268 iacti
3192 2221 3325 2268 sunt
3365 2210 3434 2267 ab
3471 2225 3663 2275 errore,
3687 2207 3790 2263 etab

2269 2308 2390 2376 eius
2415 2305 2829 2377 participatione
2858 2305 3108 2375 discreti,
3153 2316 3259 2360 tam
3291 2313 3347 2360 et
3376 2317 3543 2375 poenae
3566 2303 3666 2373 ejus
3681 2307 3791 2356 erunt

2269 2409 2672 2471 consequenter
2724 2399 2908 2457 alieni.
2957 2397 3092 2456 Cum
3124 2400 3337 2456 erranti
3368 2413 3520 2470 poena
3547 2395 3791 2468 praligitur,

2269 2493 2511 2568 quandiu
2542 2501 2724 2550 manet
2753 2507 2975 2559 errans,
3027 2491 3217 2549 eadem
3264 2506 3426 2563 pinna
3453 2487 3791 2557 constringitur;

2270 2587 2397 2658 quia
2426 2600 2621 2642 errans
2665 2601 2774 2642 non
2812 2595 2992 2656 potest
3021 2598 3146 2642 esse
3174 2584 3294 2640 sine
3337 2599 3493 2656 pana
3522 2580 3679 2639 errati.
3708 2578 3794 2633 llas

2271 2681 2461 2736 eadem
2508 2693 2671 2751 paena
2711 2689 2974 2750 perpetua
3023 2687 3107 2735 est
3148 2691 3532 2749 nunquamque
3574 2671 3793 2738 solvenda,

2272 2773 2508 2845 quandiu
2556 2788 2744 2830 errans
2793 2787 2916 2830 esse
2971 2770 3292 2843 perstiterit.
3335 2771 3434 2840 Qui
3464 2769 3504 2824 si
3531 2777 3795 2824 erransesso

2270 2865 2565 2934 destiterit,
2614 2880 2772 2936 paena
2817 2879 2938 2936 quin
2966 2864 3172 2921 erranti
3216 2870 3308 2920 est
3332 2861 3542 2934 praeﬁxa
3571 2864 3794 2929 perpetu.

2271 2975 2379 3016 non
2422 2960 2657 3028 erranti,
2691 2959 2744 3015 id
2770 2968 2882 3026 est,
2915 2959 3067 3015 alteri
3096 2957 3290 3014 eﬂ‘ecto
3311 3002 3324 3023 ,
3358 2972 3510 3030 quam
3539 2953 3612 3010 cui
3637 2947 3798 3024 praﬁta

2270 3066 2388 3123 est,
2419 3072 2526 3114 non
2569 3056 2743 3113 solum
2783 3071 2894 3114 non
2939 3065 3118 3126 potest
3152 3069 3278 3112 esse
3312 3060 3593 3125 perpetua,
3627 3045 3704 3103 sed
3731 3055 3799 3100 nec

2273 3167 2397 3210 esse
2431 3151 2542 3222 jam
2591 3166 2773 3221 poena.
2818 3150 2937 3207 Non
2961 3159 3047 3206 est
3075 3150 3220 3206 enim
3246 3148 3374 3219 ipse
3400 3146 3486 3204 cui
3513 3141 3698 3222 praeﬁxa
3719 3147 3798 3200 est,

2271 3247 2476 3302 erranti
2517 3246 2659 3300 enim
2691 3245 2909 3315 praeﬁxa
2952 3251 3066 3312 est,
3115 3257 3244 3310 non,
3279 3257 3393 3297 non
3423 3237 3625 3296 erranti.
3651 3241 3684 3269 ³³
3707 3230 3800 3296 Quin

2272 3340 2417 3396 enim
2445 3339 2642 3395 erranti
2670 3337 2910 3408 praefixa,
2937 3331 3194 3408 perpetua
3225 3345 3351 3401 est,
3386 3343 3440 3392 et
3465 3339 3692 3404 perpetuo
3707 3338 3799 3380 con-

2274 3432 2491 3502 stringit
2528 3438 2833 3498 errantem;
2865 3446 2970 3487 nun
3009 3437 3287 3486 errantem
3322 3443 3432 3483 non
3461 3431 3626 3498 potest
3643 3421 3730 3492 jam
3749 3423 3801 3470 tc-

2273 3541 2424 3580 nere.
2477 3524 2558 3581 Sit
2607 3526 2812 3581 erranti
2857 3524 2999 3579 dicta
3054 3523 3173 3586 fore
3214 3530 3521 3592 perpetua:
3560 3516 3624 3572 sit
3655 3502 3802 3568 erranti

2273 3616 2416 3674 dicta
2464 3633 2737 3688 nunquam
2787 3631 2908 3672 esse
2948 3613 3242 3680 solvenda;
3301 3621 3483 3670 manet
3525 3603 3735 3668 omnino,
3765 3605 3804 3652 et

2274 3729 2463 3769 verum
2493 3720 2812 3782 certumque
2839 3721 2924 3766 est
2957 3708 3104 3780 quod
3133 3717 3160 3745 ιι
3189 3707 3246 3763 in
3272 3722 3347 3766 eo
3378 3704 3590 3778 praeﬁxa
3614 3706 3706 3763 est.
3731 3703 3803 3748 ηδε

2273 3813 2453 3878 potest
2495 3818 2716 3875 prorsus
2756 3803 2993 3873 absolvi,
3037 3801 3276 3874 quandiu
3323 3801 3377 3856 in
3426 3811 3601 3856 errore
3623 3784 3802 3850 manenti

2273 3899 2496 3970 praeﬁxa
2525 3899 2754 3955 debetur
2778 3895 2980 3954 erranti
3014 3914 3027 3950 :
3061 3911 3170 3953 non
3191 3895 3400 3951 erranti
3429 3899 3598 3949 autem
3621 3900 3704 3944 nec
3723 3894 3802 3954 pot-

2275 4005 2344 4046 na
2387 3999 2564 4059 potest
2603 4005 2754 4057 esse,
2787 4005 2904 4060 qua:
2947 4005 3056 4063 non
3085 3989 3294 4047 erranti
3326 4003 3430 4044 non
3461 3984 3611 4042 debet
3649 3972 3801 4034 inferri.

2275 4081 2386 4137 Nec
2412 4090 2651 4138 mutatur
2681 4083 2769 4136 illa
2801 4082 3052 4148 omnino,
3085 4096 3184 4138 nec
3212 4080 3464 4145 solvitur,
3497 4091 3606 4149 qua:
3636 4068 3805 4126 debetur

2277 4176 2505 4233 erranti.
2555 4176 2612 4231 In
2648 4190 2746 4232 suo
2783 4190 2910 4247 ergo
2942 4184 3130 4232 tenore
3160 4173 3253 4230 illa
3281 4171 3500 4245 praeﬁxa
3529 4177 3629 4234 est,
3667 4163 3712 4217 in
3735 4168 3802 4213 suo

2277 4401 2488 4458 (rebatur
2508 4415 2676 4470 pana.
2699 4399 2980 4469 Vulgatam
3009 4397 3297 4470 lectionem
3314 4393 3529 4470 (ἔθειρίιἶ
3543 4385 3800 4470 recepimttf.

2274 4454 2396 4545 quia
2440 4454 2697 4545 probatur
2731 4454 2940 4526 duobus
2972 4469 3170 4545 nostris
3199 4465 3361 4545 codd.
3395 4463 3550 4520 Vind.
3573 4469 3621 4516 et
3647 4454 3799 4511 Veron.

2275 4539 2328 4602 in
2362 4539 2552 4614 quibus
2584 4542 2759 4614 solum
2790 4557 2883 4610 pro
2911 4549 3035 4614 puta
3068 4539 3296 4614 habetur
3317 4540 3412 4592 ita.

2353 4597 2490 4670 ijsic
2513 4597 2672 4669 codd.
2701 4597 2830 4669 mss.
2862 4597 2924 4668 ac
2957 4613 3119 4666 etiam
3147 4609 3362 4666 'l'buan.
3389 4624 3506 4664 cum
3532 4597 3801 4672 vulg.Conc.

2275 4685 2597 4756 Qucsnellus
2627 4700 2746 4739 cum
2779 4685 2894 4740 solo
2920 4682 3119 4745 Oxon..
3144 4698 3259 4756 qua:
3283 4679 3533 4756 sententia
3558 4679 3800 4756 errore

2273 4738 2763 4826 τῖε-ξιξῖξ-ὶιαηᾳὰἁηι
2793 4738 3020 4810 νὸὴὶηὶηο
3047 4738 3423 4826 ίτέεόιυενειιινῖ
3465 4749 3643 4826 Postea
3676 4738 3804 4826 vult:

2273 4809 2850 4886 s-ie'a'setttent'iarcnm
2885 4841 2987 4882 ms.
3032 4824 3228 4890 Vind.;
3282 4839 3347 4880 ac
3393 4821 3546 4885 dein,
3592 4823 3636 4870 et
3675 4809 3806 4866 eadm

2271 4901 2504 4973 quandiu
2535 4914 2656 4973 cum
2675 4897 2882 4973 Veron.

2350 4945 2521 5027 iub-owe
2538 4945 2716 5025 Edidi
2732 4945 2907 5025 Vind.
2929 4977 2982 5024 et
3009 4967 3162 5033 Ver.,
3190 4967 3242 5021 in
3266 4982 3366 5036 quo
3395 4971 3512 5022 sunt
3534 4970 3722 5020 errores,
3739 4945 3805 5003 ato

2231 5086 2242 5092 -
2272 5045 2510 5100 solvitur.
2542 5040 2677 5100 Dein
2706 5041 2936 5110 Quesn.,
2959 5050 3203 5094 meretur.

2336 5113 2377 5152 ἰι
2405 5116 2607 5184 Quesn.
2642 5103 2766 5184 cum
2808 5103 3004 5175 Oxon"
3036 5103 3620 5184 discesserit._Quandin
3643 5106 3804 5184 £901“

2273 5169 2451 5258 aliqu;
2464 5169 2538 5240 est
2558 5200 2719 5258 error,
2738 5169 2878 5240 forte
2905 5169 3118 5258 melius.
3142 5180 3250 5238 Sed
3275 5169 3436 5236 codd‘.
3467 5176 3618 5234 etiam
3643 5169 3805 5226 Thoan-

2273 5255 2396 5330 cum
2421 5257 2562 5330 vulg.
2587 5255 2753 5330 Cone.
2785 5257 3192 5330 secuti_sumus.
3319 5323 3348 5330 Α
3580 5315 3612 5330 η
3641 5260 3644 5265 ·
3673 5328 3680 5330 _
3714 5304 3770 5330 ___.

2351 5328 2369 5367 1
2410 5315 2588 5396 Vulg,
2620 5328 2683 5380 ab
2715 5327 2911 5382 eodem.
2957 5327 3081 5381 Post
3114 5338 3276 5396 pauca
3312 5323 3543 5393 Quesn.,
3575 5315 3684 5380 Cum
3707 5315 3808 5396 ξξιξξιξ

2274 5381 2711 5471 θῖναηιίυνίηεον
2747 5396 2840 5451 Cui
2885 5381 3357 5472 (ξεῖναηιὶξΝοειι-εῗ
3376 5387 3508 5472 mss.
3530 5381 3807 5472 etiam???

2274 5460 2798 5540 praetulimusfcum
2830 5470 3024 5540 quibus
3053 5468 3224 5540 etiam?
3251 5481 3378 5540 mox
3409 5460 3698 5532 scripsimus
3717 5460 3807 5503 ωισ

2271 5538 2561 5615 stringitur.
2598 5541 2756 5598 Solus
2783 5538 3010 5615 Quesn.,
3041 5538 3428 5615 perstringitur.
3551 5599 3624 5615 ,Α
3666 5593 3730 5615 __,

2344 5624 2385 5650 ω
2404 5599 2589 5678 "Voces
2619 5628 2733 5682 qua:
2759 5599 2894 5666 enim
2937 5599 3134 5666 erranti
3169 5599 3459 5678 Quésnello
3487 5603 3567 5666 vel
3585 5599 3808 5657 Orontem

2273 5685 2348 5741 sis
2375 5685 2578 5745 codicis
2604 5683 2921 5741 amanuensi
2955 5682 3291 5739 exciderunt.
3433 5748 3444 5751 _
3557 5743 3602 5751 __
3674 5740 3685 5751 .

2337 5753 2374 5792 ὀ
2401 5743 2629 5829 φυρεηη
2660 5757 2712 5810 in
2737 5766 2964 5829 trrante,
3000 5755 3248 5827 pra'ﬁmi
3273 5748 3447 5813 “0.5m
3476 5743 3814 5829 cofjd'zi'tfﬁ'

2273 5810 2554 5904 geljitlso
2603 5810 2818 5897 6mm
2848 5843 2867 5880 :
2899 5810 3012 5904 hoc.
3049 5810 3383 5895 postremum
3420 5818 3584 5890 magis
3621 5810 3695 5884 Pla

2275 5898 2437 5965 Vulg.
2461 5900 2658 5963 cene"
2686 5905 2742 5956 r'n
2759 5913 2824 5956 ea
2842 5897 3144 5966 praelium.
