3996 6344
195 426 282 485 ωε
633 421 861 480 CODEX
898 414 1229 481 CANONUH
1268 416 1550 481 εοειιιςε.
1591 416 1685 478 ΕΤ
1722 417 1753 477 (Ξ

1869 416 2307 483 STITUTORUM
2349 418 2407 484 8.
2449 424 2640 487 SIDIS
2679 425 3018 492 APOSTOL.

189 550 297 618 jure
313 557 419 599 non
447 548 628 614 potest
653 541 875 597 omnino
896 540 1096 597 resolvi
1126 556 1140 595 :
1166 547 1195 578 ⁸
1216 539 1268 595 in
1292 552 1399 595 non
1430 552 1532 595 suo
1560 547 1770 609 tenore,
1802 544 1857 605 Α
1880 548 2031 595 ctum
2051 539 2308 611 Spiritum
2327 540 2719 616 delinquentes,
2743 549 2880 605 sicut
2897 552 3179 611 haereticos
3198 554 3465 632 diversos,

189 654 296 710 qua:
323 651 447 693 esse
476 651 582 691 non
613 643 822 705 p0test,
854 635 966 705 jam
1007 634 1234 690 docetur
1263 647 1385 691 esse
1424 641 1646 689 vacuata
1668 674 1683 700 ,
1712 640 1769 687 et

185 732 261 803 jus
290 730 397 786 illic
428 730 644 801 penitus
673 744 779 786 non
809 728 1043 799 habere,
1085 728 1178 785 ubi
1220 742 1438 785 causam
1467 741 1573 783 non
1603 724 1767 783 habet

187 820 459 879 existendi.

244 916 371 971 CAP.
428 916 516 971 IV.
567 945 640 957 —
694 917 873 974 Plena:
922 925 1048 974 sunt
1092 924 1293 973 sancte
1338 915 1629 986 Scripturae
1672 915 1762 971 tali

184 1011 340 1066 forma
384 1009 632 1080 iustitiae.
668 1010 874 1067 Dicitur
901 1026 915 1067 :
944 1010 1167 1066 Pereunt
1208 1019 1495 1081 peccatores
1524 1026 1555 1062 a
1589 1020 1723 1064 terra
1745 1052 1762 1079 ,

182 1104 244 1157 ita
271 1112 325 1157 ut
354 1120 457 1159 non
484 1104 585 1159 sint
615 1103 799 1177 (Paul.
828 1103 975 1175 cut),
1006 1103 1035 1144 δ
1059 1113 1391 1177 peccatores,
1414 1112 1474 1159 ut
1501 1104 1765 1161 desistant

180 1211 288 1254 ﬁse
330 1206 679 1267 peccatores;
726 1198 780 1253 in
822 1198 924 1254 hoc
954 1207 1210 1269 pereant,
1255 1207 1315 1255 ut
1357 1198 1609 1255 deﬁciant
1636 1213 1760 1255 esse

180 1298 502 1359 peceatores.
534 1289 834 1355 Caeterum,
875 1292 921 1347 si
960 1305 1183 1363 prorsus
1210 1301 1525 1363 peccatores
1566 1308 1759 1349 secun-

180 1382 293 1439 dum
336 1385 614 1454 propheta:
641 1385 962 1441 sententiam
994 1400 1376 1458 usquequaque
1420 1388 1757 1458 depcrirent,

179 1487 230 1534 ut
246 1478 673 1535 substantialiter
701 1479 862 1554 325
898 1490 920 1519 ο
955 1496 1061 1537 non
1092 1481 1411 1549 subessent,
1448 1483 1539 1553 qui
1565 1482 1760 1538 salvari

177 1570 473 1639 potuissent
492 1587 523 1627 a
545 1571 925 1643 redemptore;
958 1575 1048 1644 qui
1078 1576 1214 1630 venit
1241 1592 1344 1630 non
1366 1576 1538 1645 justas
1563 1592 1761 1644 vocare,

177 1664 254 1718 sed
279 1674 576 1735 peccatores
606 1664 769 1736 (Luc.
800 1680 853 1731 v,
877 1666 947 1721 se
963 1664 1008 1738 ).
1034 1665 1131 1723 Vel
1158 1666 1227 1723 de
1246 1650 1439 1739 quibus
1459 1668 1589 1724 dicit
1615 1669 1761 1739 Apo-

174 1754 333 1811 stolus
381 1772 397 1811 :
440 1755 675 1811 Christus
714 1757 851 1812 venit
894 1760 950 1812 in
996 1758 1134 1814 hunc
1179 1760 1431 1814 mundum
1475 1768 1765 1829 peccatores

173 1849 329 1904 salvos
354 1850 558 1921 facere,
587 1866 803 1922 quorum
834 1852 1031 1922 primus
1056 1869 1150 1925 ego
1176 1869 1290 1908 sum
1320 1854 1373 1927 (I
1405 1852 1538 1909 Tim.
1566 1869 1618 1920 ι,
1652 1853 1759 1926 i5).

1874 630 2125 701 Arianos,
2152 635 2533 705 Eunomianos,
2557 639 2987 715 Macedonianos,
3012 648 3076 702 ad
3099 648 3257 706 iidem
3279 630 3467 711 catth

1874 726 2032 783 licam
2060 738 2409 801 revertentes,
2436 744 2488 789 et
2509 733 2596 791 hic
2625 740 2997 799 remissionem
3016 758 3129 800 suae
3158 750 3465 820 percepisse

1872 821 2241 893 blasphemiae,
2263 837 2315 881 et
2337 826 2389 880 in
2417 827 2654 885 futurum
2684 844 2834 901 spem
2858 838 3153 906 sumpsisse
3182 840 3464 913 indulgen«

1873 913 1961 969 tite
1985 917 2399 985 consequentiae.
2421 918 2531 975 Nec
2556 921 2677 979 ideo
2702 940 2807 980 non
2838 940 2963 983 vera
2987 940 3070 985 est
3092 930 3304 989 Domini
3332 948 3463 991 sen-

1871 1007 2060 1073 tentia,
2104 1002 2195 1063 aut
2239 1010 2511 1079 putabitnr
2556 1028 2678 1071 esse
2716 1016 2978 1076 ullatenus
3015 1024 3248 1079 resoluta
3285 1042 3300 1080 :
3336 1041 3460 1083 cum

1868 1098 2010 1155 circa
2051 1101 2210 1170 tales,
2242 1103 2287 1157 si
2326 1102 2428 1159 hoc
2466 1119 2587 1162 esse
2633 1116 2998 1179 permaneant,
3041 1131 3313 1189 nunquam
3345 1134 3463 1176 om-

1868 1192 1998 1248 nino
2026 1193 2189 1266 326
2212 1196 2467 1252 solvenda
2493 1201 2764 1269 persistat,
2798 1204 3003 1262 eﬂ‘ectis
3031 1219 3209 1266 autem
3246 1228 3353 1268 non
3385 1224 3462 1269 ta-

1868 1284 2008 1342 libus
2038 1287 2068 1324 h
2091 1289 2341 1359 irrogata.
2371 1290 2522 1348 Sicut
2546 1294 2707 1350 etiam
2735 1306 2815 1351 est
2834 1312 3223 1370 consequenter
3251 1311 3307 1360 et
3331 1305 3463 1362 illud

1866 1379 2006 1437 beati
2031 1381 2275 1452 Apostoli
2302 1384 2560 1442 Joannis:
2596 1387 2692 1443 Est
2723 1402 2985 1459 peccatum
3012 1395 3079 1449 ad
3100 1407 3332 1466 mortem,
3359 1415 3462 1455 non

1868 1473 1983 1527 dico
2011 1482 2065 1527 ut
2093 1485 2266 1529 oretur
2295 1493 2388 1547 pro
2418 1495 2509 1545 eo;
2540 1488 2592 1534 et
2615 1490 2689 1534 est
2715 1493 2979 1553 peccatum
3000 1503 3101 1542 non
3128 1489 3195 1542 ad
3228 1500 3459 1560 mortem,

1868 1564 1983 1619 dico
2004 1576 2058 1620 ut
2083 1577 2256 1623 oretur
2274 1586 2367 1641 pro
2396 1586 2455 1625 eo
2484 1570 2529 1643 (Ι
2554 1570 2712 1629 Joan.
2743 1589 2797 1642 v,
2824 1575 2933 1649 16).
2971 1572 3066 1635 Est
3086 1584 3464 1650 peccatum'ad

1868 1666 2122 1728 mortem,
2148 1665 2202 1716 in
2224 1662 2415 1719 eodem
2439 1677 2660 1734 peccato
2680 1669 3051 1738 manentibus;
3082 1681 3165 1728 est
3186 1684 3463 1742 peccatum

1869 1765 1977 1807 non
2026 1754 2092 1808 ad
2148 1762 2401 1822 mortem,
2444 1757 2511 1813 ab
2546 1759 2739 1816 eodem
2778 1772 3001 1833 peccato
3048 1768 3461 1827 recedentibus:

1870 1844 2074 1900 nullum
2108 1848 2305 1919 quippe
2337 1859 2421 1905 est
2458 1862 2758 1921 peccatum,
2810 1868 2905 1926 pro
2934 1873 3041 1930 quo
3080 1870 3172 1916 aut
3210 1876 3314 1917 non
3347 1875 3465 1921 oret

172 1938 233 1993 Et
260 1958 274 1995 :
304 1939 438 1995 Cum
469 1950 758 2010 peccaram
781 1959 1001 1999 εδεειηηε
1030 1943 1218 2018 (Rom,
1250 1961 1306 2014 ν,
1331 1945 1396 2018 8)
1416 1987 1429 2012 ,
1460 1946 1598 2001 mia:
1625 1944 1763 2001 Deus
1793 1954 1843 2018 Β
1870 1935 2108 1996 Ecclesia
2132 1943 2480 2012 remittendo,
2511 1955 2602 2001 aut
2626 1949 2768 2017 quod
2793 1949 2913 2005 data
2945 1951 3049 2007 sibi
3085 1953 3342 2012 divinitus
3371 1972 3464 2028 po-

172 2029 366 2086 Fitium
397 2050 548 2088 suum
577 2033 788 2108 (Galat.
828 2050 903 2104 tv,
939 2036 1043 2109 4);
1091 2046 1147 2092 et
1185 2045 1379 2094 ctetera
1423 2037 1764 2109 huiusmodi?

172 2123 262 2181 ilic
310 2141 507 2183 revera
555 2128 717 2183 etiam
763 2129 1189 2187 substantialiter
1229 2131 1443 2202 plurimi
1487 2132 1763 2203 perierunt

169 2228 511 2290 peccatores,
574 2221 625 2276 in
674 2224 914 2293 peccatis
958 2225 1071 2279 suis
1118 2226 1302 2296 utique
1351 2234 1761 2297 permanentes,

172 2325 403 2385 veraque
426 2316 477 2369 in
509 2316 590 2372 eis
616 2318 881 2372 sententia
912 2317 1053 2373 dicta
1085 2318 1410 2389 permansit,
1456 2334 1759 2391 nunquam-

168 2421 265 2477 que
291 2410 535 2464 resoluta
566 2419 648 2466 est
679 2427 693 2465 :
722 2418 778 2466 et
806 2419 982 2467 tamen
1015 2410 1201 2467 eadem
1228 2412 1281 2467 in
1306 2411 1536 2480 talibus,
1566 2414 1764 2484 quibus

167 2505 380 2571 prensa
426 2511 508 2560 est
527 2546 544 2574 ,
595 2514 947 2575 permanente
974 2515 1232 2578 perpetua
1254 2547 1270 2574 ,
1302 2507 1532 2579 quodam
1564 2523 1763 2580 genere

166 2592 358 2651 factum
383 2606 467 2653 est
485 2643 499 2667 ,
534 2606 595 2653 ut
623 2598 679 2654 in
709 2599 908 2656 talibus
934 2614 1039 2656 non
1068 2616 1455 2673 usquequaque
1494 2603 1761 2659 manenti-

166 2686 275 2755 bus,
298 2688 355 2745 id
381 2699 489 2755 est,
517 2691 571 2746 in
602 2693 835 2762 peccatis
861 2692 976 2750 suis
1009 2710 1117 2750 non
1139 2710 1525 2767 usquequaque
1554 2696 1759 2753 duran-

166 2776 334 2851 tibus,
386 2786 653 2839 sententia
689 2795 867 2842 tamen
901 2787 1119 2857 praaiixa
1156 2789 1353 2845 talibus
1395 2800 1755 2860 permaneret.

162 2870 287 2929 Nam
319 2884 376 2931 ct
411 2875 511 2945 ipsi
540 2890 788 2947 pereunt,
817 2880 915 2937 sed
936 2894 1057 2938 esse
1086 2890 1419 2952 peccatores,
1463 2892 1519 2938 ut
1557 2882 1757 2939 dictum

159 2976 273 3036 est,
302 2982 416 3024 non
444 2970 751 3041 poenaliter,
782 2973 877 3030 sed
916 2973 1283 3031 remedialiter
1310 2974 1541 3046 quodam
1573 2985 1627 3031 et
1659 2977 1757 3046 ipsi

158 3071 356 3129 genere
407 3064 714 3132 perierunt,
746 3067 980 3137 quodam
1009 3081 1211 3138 genere
1236 3074 1293 3123 et
1321 3067 1375 3123 in
1406 3068 1535 3138 ipsis
1561 3070 1761 3124 mansit

158 3154 379 3220 praeﬁxa
422 3156 693 3212 sententia
728 3175 744 3212 :
785 3157 964 3215 donec
1008 3172 1332 3228 permanens
1375 3173 1471 3217 eos
1521 3160 1761 3218 efﬁceret

160 3259 266 3302 non
296 3260 423 3306 esse
456 3260 769 3321 peccatores
787 3293 805 3321 ,
828 3251 855 3291 ιι
885 3254 968 3309 vel
1006 3261 1322 3324 peccatores
1342 3269 1452 3311 non
1482 3267 1602 3313 esse
1631 3270 1759 3326 per-

1868 2040 2078 2100 testate,
2107 2034 2489 2093 desistentibus
2515 2039 2582 2092 ab
2609 2040 2821 2109 eodem,
2846 2057 2950 2097 non
2970 2046 3139 2113 possit
3160 2046 3461 2115 absolvere,

1868 2127 1950 2181 vel
2001 2127 2385 2195 pmnitentibus
2432 2130 2701 2200 relaxare,
2746 2134 2832 2188 cui
2870 2134 3102 2193 dicitur:
3135 2138 3467 2213 Qum-utique

1865 2218 2162 2275 dimiseritis
2206 2238 2358 2293 super
2388 2233 2596 2293 terram,
2628 2227 2841 2283 dimissa
2870 2238 3020 2284 erunt
3053 2238 3101 2286 et
3140 2232 3193 2285 in
3225 2235 3395 2293 cretis:
3417 2242 3467 2291 et

1864 2325 2181 2382 quacunque
2213 2313 2465 2370 solveritis
2500 2333 2660 2388 supra
2700 2326 2908 2389 terram,
2950 2329 3097 2376 erunt
3142 2324 3309 2379 soluta
3337 2332 3387 2379 et
3410 2328 3464 2381 in

1863 2404 2001 2459 cortis
2027 2404 2245 2475 (Matth.
2276 2423 2386 2477 xvr,
2413 2408 2540 2481 i8);
2575 2411 2627 2465 in
2649 2412 3075 2484 quibuscunque,
3106 2417 3286 2473 omnia
3316 2429 3463 2489 sunt,

1864 2505 2283 2569 quantacunque
2310 2500 2418 2555 sint
2447 2508 2502 2556 et
2526 2502 2921 2573 qualiacunque
2940 2505 3067 2561 sint.
3097 2505 3283 2564 Veraci
3305 2510 3463 2567 nihil-

1862 2591 2079 2647 ominus
2116 2605 2302 2648 eorum
2348 2604 2599 2651 manente
2645 2597 2933 2665 sententia,
2980 2596 3149 2669 iquae
3192 2614 3465 2673 nunquam

1862 2682 2124 2741 solvenda
2138 2700 2259 2742 esse
2273 2686 2625 2744 denuntiatur
2646 2690 2701 2745 in
2724 2690 2915 2746 eodem
2938 2701 3124 2749 tenore
3136 2695 3461 2765 consistens,

1862 2789 1968 2832 non
2002 2777 2161 2833 etiam
2197 2779 2264 2834 ab
2296 2780 2400 2836 hoc
2425 2781 2615 2838 eodem
2655 2792 2774 2852 post
2804 2786 3085 2841 recedens.
3121 2787 3275 2854 Quod
3300 2791 3463 2849 etiam

1862 2868 1917 2923 in
1946 2871 2126 2925 Aeaeii
2161 2873 2426 2928 sententia
2467 2874 2859 2931 rationabiliter
2900 2877 3219 2935 intuendum
3258 2889 3364 2948 est,
3408 2883 3463 2941 in

1862 2974 1966 3033 qua
1996 2963 2205 3019 etiamsi
2231 2964 2281 3021 ei
2304 2964 2505 3021 dictum
2536 2974 2642 3037 est,
2680 2966 2694 3017 i
2732 2984 2994 3038 nunquam
3015 2970 3324 3026 solvendus:
3353 2987 3463 3033 non

1862 3064 1949 3111 est
1975 3065 2155 3111 tamen
2180 3056 2485 3128 adjectum:
2511 3060 2709 3115 etiamsi
2735 3062 3034 3131 resipueris,
3057 3064 3256 3118 etiamsi
3277 3062 3341 3119 ab
3365 3064 3464 3119 hoc

1861 3164 2035 3205 errore
2062 3150 2376 3220 discesseris,
2413 3152 2613 3206 etiamsi
2642 3153 3007 3222 praevaricator
3041 3169 3149 3211 esse
3184 3156 3460 3214 destiteris.

1860 3242 2202 3315 Quapropter
2228 3244 2282 3300 in
2309 3253 2498 3312 aperto
2526 3254 2608 3302 est
2644 3247 2715 3302 ita
2748 3246 2950 3303 dictum
2994 3262 3265 3321 nunquam
3293 3250 3323 3289 ι
3352 3251 3463 3309 sol-

157 3337 370 3396 ῃςεηι,
418 3341 695 3414 completa
739 3352 824 3401 εει
861 3354 915 3401 ει
958 3347 1017 3402 in
1056 3346 1137 3404 eis
1182 3349 1479 3415 sentenlia;
1508 3362 1613 3419 nec
1650 3364 1756 3421 quo
1785 3350 1835 3417 ο
1862 3333 2091 3405 vendus,
2118 3335 2211 3391 sed
2242 3336 2384 3405 talis,
2414 3336 2639 3405 scilicet,
2673 3339 2844 3408 qualis
2888 3346 3053 3396 estet
3092 3340 3321 3412 ligatus:
3353 3357 3463 3404 non

161 3438 361 3488 tenore
397 3445 611 3503 peracto
641 3445 669 3473 °
698 3450 1023 3507 permanens
1060 3438 1151 3494 illa
1179 3439 1449 3496 sententia
1483 3442 1756 3510 pereunti-

154 3521 264 3580 bus
310 3528 707 3597 peccatoribus,
752 3531 824 3585 ita
858 3538 915 3586 ut
945 3545 1050 3588 non
1080 3539 1264 3588 essent
1293 3531 1477 3603 utique
1503 3540 1755 3604 peccato—

56 3622 63 3629 '
153 3628 265 3672 res.
309 3616 330 3655 ί
355 3618 430 3673 At
465 3634 529 3676 ea
553 3623 666 3691 jam
713 3623 766 3676 in
813 3638 924 3679 non
966 3624 1337 3695 peccatoribus
1378 3640 1600 3683 manere
1647 3640 1755 3683 non

150 3710 346 3778 potuit,
372 3714 503 3783 quia
524 3714 578 3768 in
603 3714 684 3770 eis
712 3716 906 3787 quibus
933 3715 1134 3774 inﬂicta
1158 3732 1265 3775 non
1292 3716 1497 3787 fuerat,
1526 3718 1614 3790 jus
1640 3734 1757 3775 ma-

150 3802 319 3858 nendi
356 3805 576 3875 penitus
607 3822 714 3863 non
748 3807 1000 3866 habebat.
1032 3810 1109 3868 lta
1154 3825 1256 3869 nec
1284 3811 1339 3867 in
1370 3825 1472 3869 suo
1506 3812 1630 3882 jure
1668 3814 1757 3870 vel

146 3896 372 3952 tramite
396 3898 665 3956 ullatenus
686 3901 951 3958 sententia
982 3902 1225 3960 resoluta
1255 3912 1375 3974 est,
1406 3913 1461 3961 et
1485 3905 1752 3962 eademin

147 3986 265 4058 his,
315 3991 519 4061 quibus
557 3993 759 4051 inﬂicta
790 4006 905 4065 est,
938 4006 1329 4069 permanente,
1360 3999 1428 4056 ab
1456 3999 1538 4058 his
1566 4002 1657 4072 qui
1688 4003 1754 4058 ab

143 4078 261 4147 ejus
290 4084 420 4151 jure
456 4083 677 4141 discreti
721 4096 880 4154 sunt,
931 4090 1105 4145 aliena
1150 4105 1374 4162 prorsus
1416 4090 1605 4148 eﬂ‘ecta
1648 4103 1749 4149 est.

144 4169 255 4227 Nec
298 4176 353 4229 in
388 4174 505 4241 his,
542 4178 689 4234 salva
719 4180 801 4234 sui
841 4181 1189 4254 conditione,
1222 4193 1247 4232 ε
1278 4183 1361 4239 ias
1385 4183 1610 4241 haberet
1635 4200 1750 4241 ma-

140 4265 308 4321 nendi
343 4267 546 4338 quibus
572 4270 773 4327 inﬂicta
802 4288 908 4329 non
938 4283 1101 4333 esset.

212 4358 351 4415 Cap.
386 4361 453 4416 V.
477 4392 549 4403 -—
578 4364 724 4420 Dixit
761 4365 1019 4424 Dominus
1049 4369 1191 4439 quod
1232 4369 1289 4427 in
1332 4368 1593 4442 Spiritum
1626 4385 1750 4427 san-

135 4462 286 4510 ctum
324 4457 680 4526 peccantibus
709 4472 810 4515 nec
832 4459 918 4515 hic
947 4472 1110 4530 esset,
1144 4477 1243 4519 nec
1268 4463 1322 4517 in
1352 4463 1532 4519 futuro
1550 4463 1749 4520 saculo

134 4546 542 4604 resistendum
576 4566 591 4603 :
643 4562 873 4620 quantos
899 4561 1079 4610 autem
1120 4554 1494 4625 cognoscimus
1534 4556 1591 4610 in
1627 4569 1751 4612 san-

1860 3434 2045 3482 autem
2070 3427 2190 3483 talis
2218 3427 2461 3497 enectus,
2489 3430 2628 3485 sicut
2670 3429 2915 3500 ligandus
2949 3446 3058 3487 non
3089 3442 3225 3503 erat,
3262 3435 3341 3491 sic
3367 3434 3463 3491 ab-

1861 3521 2073 3578 solutus
2121 3536 2244 3577 esse
2296 3522 2613 3578 docebatur.
2657 3522 2808 3580 Sicut
2840 3523 3059 3579 carebat
3106 3526 3459 3600 obligatione,

1858 3631 1984 3673 cum
2008 3616 2350 3689 obligationis
2376 3630 2541 3674 causa
2560 3619 2852 3686 caruisset;
2875 3620 2953 3675 slc
2972 3620 3160 3692 utique
3184 3622 3462 3679 absolutus

1861 3710 2138 3777 existeret,
2184 3719 2449 3781 quatenus
2478 3710 2597 3781 ipse
2629 3724 2739 3768 non
2785 3711 3109 3768 necessitate
3143 3713 3301 3770 dicta
3331 3722 3461 3770 sett-

1862 3804 2044 3859 tentite
2070 3804 2345 3861 videretur
2374 3821 2483 3860 non
2506 3820 2665 3878 posse
2699 3805 2719 3843 ι
2746 3807 3131 3878 quoquomodo
3157 3808 3271 3879 jam
3296 3810 3457 3866 solvi.

1858 3895 1995 3952 Nam
2025 3896 2147 3951 talis
2174 3895 2417 3963 eﬂectus,
2447 3903 2502 3953 et
2531 3897 2859 3968 obligatione
2888 3912 3102 3966 carens,
3130 3896 3283 3955 ﬂeret
3303 3900 3460 3956 abeo-

1860 3988 2027 4056 lutus,
2060 3998 2114 4043 et
2143 3988 2287 4043 circa
2319 3990 2453 4045 tales
2476 3988 2695 4059 praefixa
2723 3991 2991 4045 sententia
3022 3990 3339 4046 nullontodo
3374 4004 3462 4048 so-

1858 4080 2038 4136 lubilis
2067 4081 2401 4137 redderetur.
2436 4081 2685 4152 Nunquid
2713 4082 2857 4138 enim
2887 4084 3052 4149 misit,
3075 4083 3346 4153 qutesivit,
3370 4099 3462 4140 ex-

1857 4175 2014 4247 petiit
2051 4187 2105 4231 et
2144 4176 2382 4247 abjectus
2407 4178 2524 4232 est?
2562 4178 2745 4247 itaque
2773 4179 2889 4248 ipse
2926 4178 2979 4232 in
3018 4192 3079 4233 se
3114 4177 3456 4233 insolubilem

1855 4268 1987 4326 fecit
2024 4284 2143 4325 esse
2194 4270 2540 4337 sententiam,
2572 4270 2663 4340 qui
2710 4270 2832 4325 talis
2876 4284 3193 4340 permanere
3236 4270 3455 4340 delegit,

1855 4367 2030 4436 qualis
2052 4367 2318 4423 veraciter
2341 4382 2446 4422 non
2478 4374 2660 4435 posset
2681 4367 2919 4431 absolvi;
2954 4374 3010 4421 et
3034 4368 3204 4421 noluit
3235 4368 3354 4421 talis
3376 4369 3455 4421 el-

1858 4458 1965 4525 ﬁci,
1982 4458 2125 4513 circa
2149 4459 2382 4528 qualem,
2406 4467 2759 4527 permanente
2775 4459 3040 4513 sententia
3067 4460 3211 4512 circa
3239 4468 3275 4493 ιτα
3301 4460 3457 4527 tales,

1857 4556 2107 4614 eﬂectum
2130 4571 2237 4611 non
2262 4558 2423 4611 talem
2450 4554 2751 4611 insolubilis
2774 4555 3040 4610 sententia
3060 4569 3173 4611 non
3191 4563 3456 4622 maneret,

205 4675 233 4704 ⁸
263 4667 357 4723 Ita
385 4666 552 4723 codd.
580 4669 755 4741 nostri
781 4684 905 4726 cum
934 4670 1075 4741 vulg.
1108 4669 1320 4727 Concil.
1348 4669 1534 4727 Solum
1565 4672 1618 4726 in
1644 4686 1747 4728 ms.
1776 4677 1833 4738 1)
1934 4669 1952 4709 ί
1985 4672 2212 4740 Queen.,
2240 4672 2391 4725 itaea
2410 4673 2464 4724 in
2489 4686 2592 4725 non
2622 4672 2730 4736 iam
2756 4669 3454 4741 peccatoribuspermanere.

138 4735 351 4813 Veron.
385 4739 632 4795 secunda
656 4743 898 4813 antiqua
937 4735 1101 4799 manu
1128 4742 1473 4800 emendatum
1517 4758 1621 4813 quo
1652 4759 1750 4813 pro

128 4824 269 4876 qua.
295 4810 542 4886 Quesn.,
571 4822 623 4866 at
645 4812 699 4866 in
720 4810 826 4868 non
848 4830 940 4868 suo
956 4816 1103 4885 jure,
1122 4830 1281 4886 quam
1306 4830 1411 4871 esse
1436 4810 1541 4870 uoti
1562 4810 1749 4884 potest,

130 4890 238 4934 tam
264 4882 521 4937 docetur.

199 4951 231 4990 δ
265 4952 370 5010 Sic
392 4952 561 5009 iidem
591 4954 751 5009 codd.
782 4965 836 5029 et
866 4958 1012 5029 vu'g.
1044 4957 1389 5025 Quesnellus,
1421 4958 1622 5015 omisso
1640 4958 1755 5029 pri-

124 5039 215 5080 ma
258 5040 407 5081 voce
439 5035 762 5095 peccatores,
793 5026 1040 5084 habetut
1070 5045 1172 5083 non
1201 5031 1303 5083 sint
1333 5039 1642 5098 peccatores.

201 5107 227 5135 ο
262 5098 489 5172 Quesn.
518 5101 783 5172 cum‘solo
809 5099 1011 5172 Oxon"
1046 5116 1146 5172 non
1185 5112 1371 5166 essent,
1402 5101 1752 5172 repugnanti-

122 5166 231 5242 bus
267 5166 679 5242 nostris_codd.
712 5186 774 5225 ac
804 5171 965 5242 etiam
1002 5171 1211 5227 Tltuan.
1251 5182 1412 5242 atque
1451 5166 1595 5241 vulg.
1628 5174 1752 5228 Mox

120 5240 281 5314 vuig.
318 5254 452 5294 cum
482 5240 716 5314 Veron”
760 5259 793 5314 α
832 5240 1167 5314 Redemptore
1206 5240 1399 5298 nostro.
1436 5240 1567 5300 Dein
1604 5244 1763 5301 solus

118 5311 379 5382 Ques‘n"
411 5310 493 5379 uel
519 5312 704 5382 quibus
733 5310 1029 5382 Apostolus.

197 5380 227 5419 ά
250 5380 449 5457 Verba
479 5380 557 5457 uel
578 5380 869 5457 peccatores
892 5402 995 5439 non
1021 5402 1129 5440 esse
1152 5387 1414 5457 perﬁceret
1444 5387 1497 5440 in
1526 5386 1754 5456 vulgatis

117 5454 357 5510 Concil.
403 5454 647 5519 exhibita
685 5455 1000 5523 Quesnellus
1047 5454 1249 5522 omisit,
1306 5458 1407 5513 hac
1444 5454 1653 5512 ratione
1698 5459 1753 5512 in

119 5528 398 5600 margine
423 5523 627 5600 addita,
654 5529 851 5597 quippe
875 5545 986 5598 quas
1004 5546 1038 5583 α
1061 5532 1343 5600 conjectare
1368 5531 1544 5598 aliquo
1572 5529 1755 5582 addita

111 5599 391 5672 Existimo
406 5613 436 5672 :_
458 5599 511 5651 in
543 5609 721 5653 neutro
748 5604 884 5653 enim
917 5602 1092 5654 codice
1126 5599 1220 5656 ms.
1258 5601 1333 5672 (id
1366 5612 1446 5655 est
1482 5602 1655 5656 Oxon.
1699 5608 1755 5654 et

114 5668 393 5734 Thuau.)
420 5669 681 5739 leguntur.
710 5674 775 5725 At
796 5672 981 5726 eadem
1007 5668 1305 5742 recepimus
1322 5675 1640 5727 unctoritate
1664 5686 1755 5727 no~

113 5750 393 5798 strorum
414 5744 764 5796 vetustiorum
789 5744 1176 5812 exemplarium
1214 5744 1405 5799 Veron.
1441 5756 1494 5799 et
1517 5744 1675 5799 Vind.

191 5824 221 5852 ο
259 5814 354 5868 Ita
408 5812 568 5887 codd.
618 5815 789 5887 nostri
836 5828 959 5870 cum
1000 5815 1231 5887 vulgatis
1260 5832 1275 5868 :
1307 5818 1358 5869 in
1404 5830 1513 5886 quo
1548 5814 1753 5887 aliquid

110 5884 317 5949 deest,
352 5883 443 5937 vel
471 5884 727 5939 mendum
766 5884 913 5949 latet,
946 5886 1033 5942 cui
1066 5883 1337 5944 medelam
1372 5883 1482 5945 non
1522 5883 1755 5945 aﬂ'erunt

106 5969 266 6016 Ill.
296 5954 464 6012 libri.
492 5956 721 6026 Quesn.,
750 5967 1027 6024 permanet

1861 4742 2143 4813 Vulgatam
2174 4744 2459 4797 leetionem
2482 4741 2781 4812 sequimur,
2806 4740 3212 4797 concinentibus
3253 4744 3457 4800 metris

1858 4830 1992 4871 mss.
2026 4814 2082 4869 in
2111 4814 2303 4884 quibus
2330 4814 2504 4869 solum
2531 4813 2792 4884 mendose
2811 4814 2875 4865 ab
2908 4828 3006 4880 pro
3031 4823 3083 4868 at
3112 4814 3324 4883 legitur.

1932 4896 1958 4935 Β
1986 4886 2077 4943 Sic
2106 4881 2263 4941 codd.
2297 4888 2526 4953 vulgatis
2560 4881 3002 4956 suifragantibus,
3034 4886 3134 4939 nisi
3169 4881 3324 4955 quod
3356 4884 3458 4938 ha.

1858 4957 1990 5015 bent
2019 4967 2127 5013 erat
2160 4972 2262 5029 pro
2306 4966 2455 5014 esset.
2498 4956 2726 5025 Quesn.,
2767 4957 2849 5029 fas
2891 4956 3041 5011 habet
3090 4956 3451 5011 manendi"...

1859 5045 1965 5085 non
1989 5040 2085 5084 est.

1930 5098 1961 5139 δ
1988 5101 2214 5170 Quesu.,
2232 5116 2335 5155 non
2361 5100 2661 5171 irroganda.
2686 5098 2842 5170 Vulg.
2866 5099 3059 5167 Conc.,
3079 5114 3179 5155 non
3200 5099 3453 5169 irrogata.

1856 5170 2029 5228 Codd.
2060 5172 2261 5230 Veron.
2295 5182 2350 5227 et
2382 5170 2537 5227 Vind.
2570 5172 2823 5228 deserere
2855 5172 3143 5226 noluimus.

1894 5302 1897 5305 ,
1936 5243 1953 5281 ί
1988 5245 2213 5314 Quesn.,
2243 5245 2383 5313 quia.
2412 5244 2529 5298 Duo
2554 5244 2721 5300 nostri
2744 5241 2929 5314 codd.,
2959 5258 3079 5314 qua.
3118 5240 3307 5296 Melius
3329 5256 3452 5297 cum
3530 5260 3539 5271 ι

1856 5316 2025 5386 vuig.,
2062 5332 2197 5385 quw.
2230 5316 2353 5371 Mox
2376 5315 2525 5386 vulg.
2564 5329 2684 5371 cum
2733 5313 2916 5379 Vind.,
2966 5313 3021 5367 in
3058 5328 3234 5367 eorum
3284 5321 3459 5367 tenore

1857 5389 2155 5443 consistens.

1933 5462 1948 5509 Σ
1988 5460 2149 5514 Solus
2165 5458 2390 5525 Quesm,
2430 5473 2695 5525 nautun
2719 5455 2989 5510 soluendus
3017 5471 3091 5509 es.

1933 5528 1959 5566 ι
1990 5529 2130 5584 idem
2158 5532 2381 5597 Quesn.,
2406 5526 2841 5583 solus'solvendus
2869 5526 3005 5591 talis,
3036 5527 3249 5595 scilicet,
3285 5526 3455 5591 qualis

1858 5610 1907 5656 et
1936 5603 2146 5672 ligatus.
2188 5601 2340 5669 Vulg.
2389 5600 2596 5655 Concil.
2636 5615 2755 5653 cum
2788 5600 2989 5672 nostris
3038 5597 3198 5652 Codd.
3248 5612 3455 5652 convc-

1860 5669 2037 5740 niunt,
2069 5688 2190 5729 cum
2218 5672 2411 5741 quibus
2442 5680 2564 5741 post
2591 5684 2761 5741 pauca
2780 5669 3083 5724 addidimus
3112 5685 3241 5723 esse.

1936 5743 1953 5782 ι
1989 5745 2148 5799 Vind.
2176 5740 2484 5807 et’Veron.,
2525 5740 2802 5812 quomodo.
2836 5741 3011 5809 Vulg.,
3049 5740 3457 5811 quodammodo.

1860 5815 1984 5872 Mox
2004 5817 2125 5871 cod.
2151 5814 2376 5882 Veron.,
2412 5814 2533 5866 Non
2563 5814 2699 5867 talis.
2733 5812 2867 5867 Dein
2898 5812 3113 5884 prteﬁata
3134 5826 3204 5870 ex
3236 5826 3372 5872 mles
3394 5820 3465 5869 οι

1859 5887 2004 5955 vulg.
2033 5890 2203 5943 Cone.
2227 5886 2563 5953 scripsimus.
2586 5886 2813 5953 Quesn.,
2835 5886 2943 5955 ﬁsa

1931 5965 1974 5995 ιι
2002 5954 2116 6013 Vos
2147 5958 2277 6012 tates
2300 5956 2599 6024 Quosnello
2618 5955 2823 6013 excidit
