3996 6344
230 403 320 465 διε
631 390 860 450 consx
895 389 1222 448 canonum
1261 390 1545 450 soccus.
1586 390 1675 445 nr
1713 388 2294 453 CONSTITUTORUM
2333 397 2388 454 s.
2432 397 2624 454 SEDIS
2663 395 2996 456 APOSTOL.
3347 398 3459 464 cur;

215 509 276 580 'et
296 523 354 576 ab
374 518 452 574 illa
476 513 762 577 sententia,
793 526 910 581 quas
941 525 1048 565 non
1080 511 1169 566 tali
1201 526 1308 566 non
1334 511 1474 566 dicta
1511 517 1593 565 est
1621 508 1768 565 abso-
1794 510 1850 571 Α
1876 509 1930 564 in
1979 511 2239 583 utrisque,
2276 515 2379 570 hoc
2403 526 2515 582 est,
2550 519 2602 572 in
2631 533 2696 573 eo
2736 521 3173 592 permanantibus
3199 561 3216 590 ,
3249 523 3307 580 in
3347 539 3459 596 quo

230 618 348 680 Iulo,
382 621 433 668 et
467 611 517 664 in
547 620 863 676 unaquaque
895 605 1116 660 civitate
1145 605 1340 675 legitur
1373 605 1621 660 similiter
1649 617 1768 660 esse
1875 605 2035 661 talem
2075 610 2395 664 sententiam
2424 622 2815 682 perceperunt,
2849 621 2902 670 et
2932 614 2984 668 in
3013 616 3234 672 salvatis
3259 618 3458 676 exinde

231 706 435 778 praeﬁxa,
462 709 516 757 et
550 700 602 753 in
629 697 825 768 popqu
859 711 922 752 ac
943 695 1100 752 simul
1127 706 1286 766 gente
1307 697 1647 768 deprompta,
1675 710 1770 766 po-
1871 699 2148 756 Dominica
2176 704 2440 760 sententia
2468 705 2573 760 ﬁxa
2603 708 2910 774 permansit.
2944 707 3010 762 Et
3025 717 3200 764 tamen
3227 710 3313 764 illa
3343 727 3455 780 per-

231 803 408 868 tiusque
434 796 483 848 in
521 801 626 848 toto
655 791 786 848 orbe
807 790 1174 846 disseminata.
1197 788 1338 844 Idem
1371 789 1513 845 enim
1537 789 1770 844 mundus
1871 802 2151 859 manente,
2186 796 2265 850 sic
2292 796 2369 851 eis
2402 798 2537 852 miro
2563 813 2760 868 genere
2785 799 2991 854 sanitas
3018 799 3320 857 introducta
3353 814 3456 869 cst,

229 903 312 958 est,
339 889 416 960 qui
443 897 491 944 et
523 886 789 956 periturus
812 893 894 940 est
915 884 1114 950 dictus,
1137 892 1192 940 et
1219 898 1397 938 sermo
1419 883 1514 939 Dei
1544 899 1650 938 non
1675 899 1770 954 po-
1871 894 1928 942 ut
1977 887 2065 943 illa
2091 889 2360 944 sententia
2393 904 2498 944 non
2543 902 2742 946 mutata
2771 891 3072 959 videretur;
3127 894 3221 948 sed
3271 895 3460 950 eadem

228 980 590 1044 testexcidcre,
620 987 674 1034 et
705 980 757 1033 in
792 978 908 1049 ipso
934 977 1134 1034 mundo
1165 977 1511 1032 nihilominus
1533 993 1562 1031 a
1591 979 1768 1047 pravis
1870 980 2193 1051 perdurante
2221 984 2422 1038 sanitas
2445 1026 2459 1049 ,
2493 998 2596 1038 non
2621 984 2839 1039 illorum
2861 987 3186 1044 conﬁdentia
3212 1029 3226 1054 ,
3259 988 3350 1044 sed
3375 987 3460 1044 di-‘

229 1072 570 1132 intentionibus
604 1071 894 1127 recedente
924 1085 1029 1125 non
1066 1071 1351 1140 promitur.
1387 1071 1476 1126 Sic
1513 1071 1684 1142 Tyrus
1714 1078 1770 1126 et
1870 1075 1996 1130 vino
2021 1091 2245 1133 munere
2277 1078 2598 1146 proveniret.

227 1167 596 1241 Beryton,Gaza
619 1165 951 1237 etXEgyptus
979 1166 1336 1235 pronuntiata:
1358 1175 1484 1220 sunt
1512 1165 1768 1235 perituras
1941 1168 2071 1223 Car.
2103 1167 2239 1223 VIII.
2263 1171 2500 1237 —Quod
2529 1172 2573 1226 si
2596 1171 2710 1228 lucc
2734 1183 2757 1211 ο
2784 1182 2990 1229 tentare
3023 1176 3331 1246 formidant,
3359 1195 3460 1236 nec

226 1260 404 1333 (Jerem.
437 1273 596 1324 xcvn,
631 1259 684 1322 4;
722 1273 871 1322 XLIV,
901 1255 1013 1326 12),
1047 1272 1178 1327 quas
1198 1265 1377 1327 postea
1405 1273 1500 1328 per
1525 1257 1768 1328 Evange-
1870 1262 1936 1316 ad
1964 1277 2077 1317 sua:
2105 1263 2376 1332 pertinere
2399 1275 2727 1330 cognoscunt
2755 1268 3028 1325 modulum
3050 1273 3349 1340 potestatis,
3369 1275 3460 1330 cui

225 1355 328 1408 lium
357 1351 587 1405 novimus
624 1365 744 1406 esse
773 1350 1026 1404 salvatas.
1053 1350 1539 1420 Perieruntitaque
1568 1351 1768 1430 duplici
1870 1358 1940 1414 de
1974 1357 2226 1414 humanis
2253 1359 2416 1415 rebus
2458 1368 2662 1416 tantum
2701 1361 2941 1430 judicare
2971 1367 3290 1435 permissum
3341 1377 3457 1434 est,

223 1445 372 1509 modo,
400 1447 484 1498 aut
504 1451 884 1512 permanentes
929 1446 985 1497 in
1021 1457 1090 1499 eo
1118 1459 1224 1514 quo
1253 1444 1415 1500 talem
1445 1445 1766 1499 sententiam
1870 1465 1976 1505 non
2022 1451 2182 1507 etiam
2233 1467 2465 1520 praeesse
2502 1452 2696 1509 divinis
2726 1471 2740 1519 ;
2788 1457 3062 1525 quomodo
3101 1458 3169 1513 de
3199 1459 3313 1524 his,
3365 1475 3461 1530 per

223 1546 556 1609 susceperant;
586 1546 678 1592 aut
707 1537 1018 1592 deﬁcientes
1046 1537 1113 1591 ab
1143 1552 1210 1592 eo
1235 1553 1342 1607 quo
1366 1537 1502 1592 tales
1533 1538 1763 1604 fuerant,
1870 1558 2004 1612 quos
2031 1543 2210 1598 divina
2237 1544 2611 1600 ministrantnr
2630 1589 2644 1611 ,
2665 1547 2909 1616 judicare
2937 1552 3306 1618 praesumunt?
3323 1551 3461 1609 Fue-

223 1643 266 1690 et
285 1633 580 1703 incipientes
613 1646 734 1687 esse
763 1647 871 1701 quo
898 1647 1005 1688 non
1038 1631 1171 1688 tales
1196 1632 1429 1698 fuerant,
1451 1632 1646 1703 quibus
1684 1642 1768 1687 est
1868 1634 1981 1691 rint
2002 1637 2117 1693 haec
2137 1645 2261 1692 ante
2275 1637 2566 1693 adventum
2586 1639 2885 1709 Christi,ut
2907 1643 3200 1712 ﬁguraliter
3214 1643 3456 1714 quidam,

223 1725 296 1780 illa
320 1724 520 1794 praeﬁxa
553 1726 855 1788 sententia;
898 1732 953 1777 ut
978 1731 1373 1793 consequenter
1399 1723 1466 1777 ad
1492 1738 1597 1778 non
1630 1723 1768 1778 tales
1819 1783 1826 1787 _
1870 1728 2047 1785 adhuc
2076 1737 2258 1784 tamen
2291 1731 2342 1784 in
2374 1732 2682 1786 carnalibus
2707 1734 3009 1789 actionibus
3037 1737 3334 1800 constituti,
3370 1753 3462 1806 pa-

222 1834 309 1875 non
326 1817 605 1889 pertineret
624 1817 715 1872 illa
731 1816 1022 1883 sententia,
1056 1831 1177 1888 qua:
1200 1831 1306 1871 non
1327 1815 1520 1870 talibus
1547 1815 1765 1886 przeﬁxa
1797 1889 1841 1898 _
1872 1822 2004 1876 riter
2016 1837 2169 1892 reges
2203 1824 2590 1879 exsistet-emet
2608 1825 2809 1894 pariter
2829 1827 3318 1898 sacerdotes,quod
3348 1843 3464 1884 san-

222 1927 307 1968 non
331 1911 507 1968 fuerat.
551 1911 646 1967 Sic
674 1910 835 1966 etiam
878 1911 945 1966 de
987 1918 1146 1980 gente
1183 1909 1494 1965 Iudaeorum
1540 1919 1566 1948 ει
1594 1925 1622 1963 a
1656 1910 1768 1967 Deo
1797 1889 1846 1950 Β
1872 1921 2018 1967 ctum
2046 1889 2432 1969 Melchisedech
2464 1889 2626 1970 fuisse
2654 1931 2804 1971 sacra
2835 1919 3011 1988 prodit
3044 1889 3264 1974 historia
3291 1919 3463 1991 :quod

219 2004 350 2061 etiam
379 2021 467 2073 per
490 2004 682 2060 Isaiam
706 2004 1023 2074 prophetam
1056 2003 1416 2072 peremptorie
1445 2004 1606 2059 veluti
1637 2019 1765 2074 pro-
1872 2003 1927 2059 in
1957 2005 2068 2060 suis
2088 2019 2300 2076 quoque
2317 2006 2561 2060 diabolus
2583 2016 2668 2062 est
2699 2009 2940 2064 imitatus
2969 2009 3048 2081 (ut
3074 2020 3198 2078 pote
3212 2011 3304 2080 qui
3323 2027 3466 2068 sem-

223 2097 484 2152 nuntiatum
511 2105 597 2153 est
635 2113 650 2151 :
681 2095 878 2152 Claude
905 2095 1079 2151 oculos
1105 2111 1304 2163 eorum,
1323 2104 1370 2149 et
1391 2095 1588 2150 obdura
1618 2113 1768 2151 eum
1873 2113 2000 2168 per,
2035 2114 2154 2166 quae
2204 2098 2393 2154 divino
2425 2100 2590 2155 cultui
2629 2102 3012 2169 convenirent,
3040 2104 3257 2160 sibimet
3279 2114 3465 2177 tyran-

222 2206 396 2255 eorum;
431 2199 481 2244 ut
507 2191 737 2245 uidentes
777 2207 878 2244 non
916 2189 1122 2244 rideant
1147 2199 1192 2243 et
1237 2189 1499 2243 audientes
1538 2205 1639 2242 non
1668 2205 1764 2242 au-
1873 2189 1994 2244 nico
2020 2191 2208 2260 spiritu
2235 2190 2505 2246 vindicare
2534 2192 2858 2265 contendit),
2905 2204 2964 2248 ut
3005 2197 3196 2265 pagani
3227 2195 3464 2266 impera-

223 2281 357 2351 diant,
383 2299 441 2338 ne
465 2281 675 2354 quando
699 2281 1012 2354 intelligant.
1045 2280 1110 2335 Et
1141 2281 1338 2335 obdura
1365 2297 1456 2334 cor
1478 2281 1655 2352 populi
1677 2283 1770 2335 liu-
1872 2288 2018 2336 tores
2039 2281 2200 2336 iidem
2232 2292 2287 2338 et
2313 2283 2528 2338 maximi
2555 2285 2834 2351 pontifices
2857 2285 3189 2343 dicerentur.
3214 2288 3320 2343 Sed
3341 2305 3465 2345 cum

220 2378 304 2448 ius,
324 2391 379 2430 ne
397 2393 621 2446 unquam
637 2385 992 2430 convertantur
1011 2386 1061 2430 et
1079 2391 1250 2430 sanam
1266 2374 1384 2428 illo:
1401 2372 1536 2445 (Ira.
1558 2391 1632 2437 vr,
1653 2374 1765 2444 10).
1873 2372 1941 2427 ad
1957 2388 2142 2428 verum
2164 2383 2381 2429 ventum
2406 2386 2489 2430 est
2513 2375 2761 2430 eumdem
2808 2377 3009 2447 Regem
3041 2387 3201 2448 atque
3241 2379 3465 2434 Pontiﬁ-

221 2467 300 2522 IIic
337 2467 484 2524 etiam
527 2468 798 2524 correctio
841 2477 894 2524 et
935 2467 1240 2523 emendatio
1286 2467 1568 2523 interdicta
1615 2482 1770 2522 mon-
1872 2479 2015 2532 cem,
2051 2466 2188 2520 ultra
2205 2466 2306 2521 sibi
2331 2483 2429 2521 nec
2454 2469 2743 2535 imperator
2767 2469 3034 2538 pontiﬁcis
3061 2485 3258 2526 nomen
3290 2471 3465 2540 impo-

219 2566 419 2625 stratur,
457 2569 509 2615 et
536 2559 894 2629 resipiscendi
933 2575 1146 2630 quoque
1167 2575 1290 2630 spes
1317 2574 1535 2629 prorsus
1559 2561 1769 2615 abscin-
1873 2558 2002 2620 suit,
2027 2572 2128 2612 nec
2152 2559 2387 2627 pontifex
2418 2561 2596 2627 regale
2625 2559 2896 2630 fastigium
2927 2562 3217 2618 vindicavit
3244 2581 3255 2616 :
3281 2578 3463 2633 quam-

221 2649 338 2708 ditur
364 2671 375 2706 :
404 2651 468 2708 de
493 2667 601 2723 quo
637 2661 814 2707 tamen
841 2653 1040 2723 p0pulo
1063 2653 1336 2722 apostolos
1377 2661 1434 2707 et
1467 2653 1765 2708 Ecclesiani
1872 2650 1954 2703 vis
1986 2648 2005 2686 τ
2036 2651 2178 2705 enim
2218 2652 2456 2706 membra
2488 2653 2653 2723 ipsius
2679 2693 2693 2717 ,
2727 2652 2780 2707 id
2811 2663 2926 2720 est,
2961 2656 3075 2710 veri
3118 2657 3278 2726 Regis
3307 2665 3468 2727 atque

221 2741 499 2809 primitivam
530 2746 786 2798 novimus
815 2743 1143 2812 processisse
1163 2788 1176 2813 ,
1211 2752 1267 2799 et
1294 2752 1370 2798 tot
1401 2744 1567 2798 millia
1596 2743 1770 2799 bomi-
1875 2739 2170 2805 Pontiﬁcis,
2212 2742 2506 2797 secundum
2543 2743 3006 2813 participationem
3031 2754 3234 2802 naturae
3263 2749 3469 2820 magni-

221 2847 324 2889 num
358 2850 451 2890 una
478 2835 564 2892 die
609 2837 931 2906 baptismate
975 2835 1140 2892 fuisse
1175 2838 1430 2893 salvatus.
1460 2839 1598 2893 Ecce
1623 2847 1678 2893 et
1711 2839 1766 2890 in
1875 2832 2011 2899 ﬁcae,
2043 2842 2330 2902 utrumque
2377 2836 2427 2888 in
2464 2851 2614 2889 sacra
2644 2837 3005 2906 generositate
3027 2840 3254 2896 subiisse
3298 2842 3457 2914 331

220 2926 587 2994 persistentibus
637 2927 811 2997 qualis
860 2937 942 2983 est
987 2929 1075 2984 illa
1116 2930 1386 2986 sententia
1430 2932 1769 3001 promulgata
1873 2923 2140 2991 dicantur,
2177 2934 2233 2979 ut
2253 2925 2410 2979 simul
2434 2928 2797 2996 regalegenus
2824 2938 2880 2983 et
2911 2930 3470 2987 sacerdotale-subsi-

220 3022 510 3087 permansit,
556 3035 667 3076 nec
705 3021 771 3076 ad
820 3023 1215 3078 correctionem
1257 3037 1480 3093 prorsus
1518 3025 1703 3081 venir.
1739 3023 1767 3062 b
1873 3017 2079 3086 stantll
2109 3015 2223 3072 Pet.
2248 3033 2306 3083 lt,
2337 3016 2415 3089 9).
2451 3026 2476 3065 8
2505 3019 2768 3084 Quoniam
2795 3019 3044 3076 Christus
3069 3037 3276 3077 memor
3299 3023 3467 3090 fragi~

220 3110 428 3166 sanitatis
454 3112 681 3168 admissi
715 3121 862 3178 sunt,
886 3113 981 3170 sed
1003 3113 1290 3182 adjudicati
1321 3123 1446 3170 sunt
1477 3116 1528 3169 in
1554 3129 1650 3170 sua
1677 3130 1770 3170 ne-
1876 3107 2044 3163 litatis
2093 3107 2360 3178 humanm,
2395 3111 2537 3180 quod
2583 3127 2800 3166 suorum
2830 3113 2986 3168 saluti
3017 3125 3358 3185 congrueret,
3387 3117 3468 3171 di-

223 3203 356 3270 quitia
377 3205 647 3275 deperire:
677 3215 733 3261 et
761 3216 1010 3260 manente
1030 3206 1209 3261 divina
1238 3208 1648 3273 sententia,non
1675 3223 1768 3276 per
1817 3275 1842 3277 ῃ
1875 3203 2226 3272 spensatiane
2254 3203 2535 3273 magniﬁca
2572 3208 2924 3274 temperavit;
2958 3205 3142 3277 sicque
3171 3208 3471 3266 actionibus

222 3291 422 3362 ipsorum
458 3289 737 3368 propriam
770 3298 1203 3354 emendationem
1235 3339 1249 3363 ,
1288 3313 1456 3353 suove
1493 3275 1771 3354 intellectu
1797 3275 1846 3341 ο
1877 3295 2110 3366 propriis
2159 3297 2616 3368 dignitatibusque
2665 3300 2932 3356 distinctis
2972 3275 3148 3356 ofﬁcia
3191 3304 3470 3372 potestatis

226 3387 300 3441 vel
336 3399 462 3446 motu
489 3433 505 3458 ,
531 3407 749 3461 suaque
785 3392 982 3448 virtute
1020 3392 1102 3446 vel
1144 3393 1498 3462 possibilitate
1527 3390 1772 3448 conversi
1880 3391 2160 3459 utriusque
2213 3390 2466 3447 discrevit
2493 3432 2507 3456 ,
2539 3405 2670 3446 suos
2701 3393 2893 3447 volens
2920 3392 3226 3449 medicinali
3259 3395 3468 3450 humili-

225 3491 364 3534 suntc
390 3493 436 3537 ut
462 3493 818 3550 sanarentur;
841 3484 939 3540 sed
954 3485 1286 3556 pergratiam
1321 3486 1414 3541 Dei
1436 3487 1606 3540 sanati
1626 3494 1770 3550 sunt,
1881 3492 1986 3537 tate
2013 3482 2243 3551 salvari,
2281 3498 2384 3536 non
2421 3483 2646 3536 humana
2678 3484 2926 3554 superbia
2959 3500 3146 3540 rursus
3171 3487 3417 3556 intercipi
3452 3508 3464 3542 :

223 3577 275 3624 ut
291 3585 732 3633 converterentur.
763 3575 847 3630 Ne
870 3587 1249 3645 convertantur,
1293 3577 1480 3648 inquit,
1515 3587 1561 3632 et
1599 3594 1774 3632 sanem
1876 3582 1936 3629 ut
1955 3583 2010 3629 et
2037 3573 2315 3628 christiani
2347 3575 2697 3644 imperatores
2726 3589 2822 3645 pro
2851 3583 3051 3631 aeterna
3073 3575 3177 3631 vita
3202 3579 3468 3647 pontifici-

219 3679 319 3731 m;
343 3668 491 3740 330
519 3687 586 3726 ne
622 3685 720 3725 sua
745 3679 938 3740 sponte
960 3709 976 3735 ,
1007 3686 1077 3726 ne
1101 3673 1213 3725 suis
1264 3672 1550 3740 operibus,
1581 3671 1773 3742 quibus
1878 3667 1982 3722 bus
2012 3667 2311 3737 indigerent
2339 3708 2354 3732 ,
2386 3676 2442 3722 et
2463 3667 2744 3736 pontiﬁces
2771 3682 2868 3737 pro
2903 3669 3274 3738 temporalium
3303 3685 3467 3724 cursu

219 3753 376 3830 utique
402 3765 779 3831 conlidebant,
813 3780 879 3820 ne
901 3780 1050 3820 suam
1076 3764 1340 3834 justitiam
1371 3775 1659 3830 sectantes,
1689 3765 1776 3834 ju-
1877 3774 2057 3814 rerum
2085 3758 2450 3826 imperialibus
2471 3757 2913 3827 dispositionibus
2936 3767 3240 3824 uterentur;
3274 3768 3468 3831 quate-

216 3851 350 3907 etitize
371 3854 457 3910 Dei
477 3853 502 3893 ἀ
527 3874 641 3911 non
665 3857 897 3912 debeant
916 3872 1036 3912 esse
1055 3857 1279 3926 subjecti
1304 3876 1316 3922 ;
1342 3858 1410 3912 de
1442 3859 1552 3912 suis
1573 3857 1774 3912 viribus

1886 3866 1978 3904 nus
2010 3849 2305 3919 spiritualis
2338 3849 2478 3903 actio
2499 3864 2529 3903 a
2547 3849 2851 3903 carnalibus
2871 3848 3097 3904 distaret
3136 3849 3464 3913 incursibus,

216 3945 534 4014 conﬁdentes,
559 3966 673 4004 non
700 3949 894 4005 divina;
923 3965 981 4004 se
1006 3949 1393 4005 misericordia;
1426 3950 1775 4004 illuminatio-
1879 3940 1966 3996 llet
1989 3943 2102 3996 ideo
2120 3943 2345 3997 militans
2361 3941 2467 3995 Deo
2486 3942 2694 3995 minime
2714 3957 2767 3995 se
2789 3942 3001 4012 negotiis
3027 3939 3355 3994 swcularibus
3373 3943 3468 3993 im-

216 4034 353 4106 nique
370 4039 682 4096 subdentes.
717 4039 785 4094 Et
814 4040 935 4093 ideo
962 4039 1231 4094 inhibetur
1259 4040 1336 4095 eis
1367 4041 1610 4110 superbae
1642 4056 1776 4110 ιιι-πι-
1881 4036 2096 4106 plicaret
2122 4034 2185 4108 (II
2207 4035 2338 4090 Tim.
2373 4052 2433 4101 ιι,
2457 4035 2534 4106 4),
2570 4050 2632 4089 ac
2656 4034 2891 4090 vicissim
2925 4050 3030 4090 non
3072 4035 3163 4091 ille
3196 4035 3356 4090 rebus
3383 4036 3466 4090 di-

214 4131 501 4198 sumptionis
530 4132 789 4195 etTeetus,
837 4149 898 4187 ne
927 4141 1282 4186 convertantur
1309 4133 1421 4188 suis
1463 4133 1772 4186 intentioni-
1877 4131 2017 4184 vinis
2050 4128 2336 4199 praesidere
2367 4128 2663 4194 videretur,
2695 4129 2782 4198 qui
2808 4137 2952 4184 esset
2984 4127 3212 4198 negotiis
3241 4129 3465 4182 smcula-

213 4213 314 4288 bus,
328 4222 432 4276 suis
455 4223 689 4291 nisibus,
716 4232 774 4277 ut
796 4230 1076 4292 putarant;
1101 4232 1146 4276 et
1173 4239 1470 4288 sanenteos,
1499 4239 1566 4278 ne
1591 4237 1774 4277 eorum
1879 4221 2028 4277 ribus
2050 4221 2350 4290 implicatus
2375 4239 2387 4273 :
2418 4230 2477 4274 ιιι
2497 4229 2551 4275 et
2570 4221 2830 4275 modestia
2849 4221 3126 4290 utriusque
3146 4220 3349 4276 ordinis
3369 4235 3467 4275 cu-

213 4311 342 4378 quasi
363 4315 563 4370 meritis
602 4331 674 4370 ex
707 4315 916 4384 propria
951 4314 1200 4368 Iacultate
1228 4315 1567 4370 venientibus
1595 4316 1775 4370 salva-
1881 4321 2111 4379 raretur,
2139 4328 2206 4368 ne
2233 4310 2595 4367 extolleretur
2619 4320 2846 4380 utroque
2869 4310 3145 4376 suffultus;
3171 4319 3226 4365 et
3254 4325 3472 4382 compe-

214 4403 300 4458 trix
335 4407 498 4475 gratia
542 4408 769 4462 daretur
797 4449 812 4473 ,
846 4416 1006 4476 atque
1034 4407 1102 4460 ita
1133 4407 1299 4476 gratia
1327 4406 1436 4475 jam
1479 4423 1585 4461 non
1634 4415 1779 4462 esset
1881 4417 2000 4462 tens
2038 4405 2382 4477 qualitatibus
2427 4406 2694 4459 actionum
2744 4403 3052 4473 specialiter
3075 4402 3337 4473 professio
3376 4418 3474 4475 ap-

211 4495 376 4564 gratia,
405 4497 571 4554 sinon
602 4498 770 4570 gratis
801 4497 920 4552 data
943 4506 1085 4554 esset
1107 4498 1421 4563 immeritis;
1450 4497 1546 4553 sed
1571 4512 1778 4553 merces
1881 4503 2104 4554 taretur.

213 4593 437 4657 tanquam
461 4590 678 4646 meritis
709 4590 977 4644 restituta.
1023 4588 1136 4643 Non
1165 4605 1294 4657 ergo
1322 4590 1420 4658 ipsi
1448 4599 1772 4645 convertan-
1952 4589 2081 4644 Car.
2112 4589 2204 4644 IX.
2228 4619 2297 4628 —
2317 4588 2522 4656 Quibus
2544 4588 2793 4644 omnibus
2821 4590 2923 4646 rite
2941 4589 3180 4647 collectis
3209 4591 3341 4646 satis
3361 4591 3474 4647 evi-

212 4684 284 4731 tur
305 4724 318 4748 ,
344 4690 395 4735 et
418 4696 606 4738 sanem
634 4697 759 4747 eos;
790 4683 883 4736 sed
914 4683 1087 4738 sanati
1118 4697 1213 4750 per
1248 4681 1472 4751 gratiam
1493 4723 1510 4748 ,
1551 4683 1780 4752 qualiter
1803 4658 1860 4719 D
1883 4683 2076 4740 denter
2112 4683 2414 4738 ostenditur
2442 4724 2456 4748 ,
2505 4697 2536 4736 a
2565 4683 2808 4737 saeculari
2866 4694 3161 4752 potestate,
3195 4699 3293 4738 nec
3319 4685 3471 4754 ligari

209 4769 265 4823 ad
300 4769 654 4830 humilitatem
684 4771 882 4828 Christi
911 4781 1324 4840 convertantur,
1357 4782 1665 4844 agnoscant.
1699 4774 1775 4831 Ita
1881 4791 2122 4847 prorsus,
2157 4790 2256 4830 nec
2285 4774 2420 4829 solvi
2451 4789 2605 4844 posse
2639 4766 2963 4844 pontiﬁcem.
2989 4776 3105 4844 Quo
3133 4775 3473 4832 manifestius

210 4882 516 4962 disseminata
539 4889 589 4944 is
611 4889 907 4962 sumpsisse
934 4889 1142 4943 videtur
1161 4905 1226 4944 ex
1257 4887 1468 4944 ’I‘huan.
1492 4891 1610 4944 cod.
1629 4892 1781 4961 cujus
1886 4902 2010 4962 test,
2036 4895 2076 4947 si
2101 4891 2324 4962 perinde
2355 4891 2620 4960 intelligas
2641 4933 2654 4953 ,
2681 4892 2950 4960 principes
2979 4906 3078 4945 nec
3099 4899 3308 4945 tentare
3339 4891 3468 4954 luce,

208 4955 385 5013 nullam
404 4962 706 5036 variantem
729 4955 1129 5031 designavit;ac
1145 4970 1429 5031 prepterea
1444 4955 1778 5031 nequaquam
1883 4966 1952 5021 de
1981 4955 2172 5036 quibus
2204 4972 2358 5036 antea
2387 4955 2587 5036 dictum
2619 4955 2704 5016 est
2735 4955 3012 5028 (nimirum
3039 4977 3231 5036 sanare
3261 4963 3468 5036 animas

207 5033 569 5104 exp“Erimus.
594 5100 624 5104 _
852 5029 865 5031 ⁷
1150 5029 1157 5030 ⁷
1249 5029 1257 5031 ⁷
1422 5103 1429 5104 γ
1530 5029 1545 5031 ⁷
1582 5103 1587 5104 ί
1639 5029 1651 5031 ’
1885 5029 2184 5099 hominum,
2210 5035 2351 5104 quod
2385 5049 2453 5088 ex
2483 5033 2664 5087 divino
2694 5048 2918 5088 munere
2947 5031 3239 5104 provenit),
3273 5045 3374 5104 n_ee
3401 5029 3468 5081 ad

269 5106 299 5176 ᾗ
321 5100 492 5176 Voces
515 5119 560 5176 ιιΔ
580 5100 696 5158 Deo
723 5103 878 5176 etiam
916 5118 981 5158 ex
1011 5104 1156 5176 vulg.
1189 5111 1246 5158 et
1268 5103 1464 5158 nostris
1494 5103 1654 5176 codd.
1686 5105 1780 5159 ad-
1883 5123 2032 5163 suam
2081 5099 2399 5176 potestatem
2437 5104 2642 5176 referre
2673 5149 2686 5170 ,
2720 5115 2825 5176 etc.
2863 5099 3073 5176 Aliquid
3108 5115 3238 5154 vero
3277 5099 3472 5176 deesse

205 5164 437 5247 didimus.
463 5173 630 5240 Dein,
654 5189 751 5245 pro
777 5173 992 5239 obdura,
1027 5164 1238 5230 Thuan.
1261 5188 1382 5229 cum
1412 5177 1554 5247 vulg.
1583 5175 1778 5245 Conc.,
1882 5164 2178 5245 credim'us,
2212 5193 2318 5244 quo
2349 5175 2579 5243 objectio
2605 5191 2633 5227 a
2665 5164 2995 5243 principibus
3017 5181 3250 5247 sumpta,
3275 5171 3359 5223 cui
3382 5169 3471 5223 hic

205 5238 392 5317 θθέυζίέο
734 5315 741 5317 ι
877 5316 880 5317 ,
964 5238 986 5317 ί
1504 5238 1530 5247 ⁷
1761 5238 1774 5245 ’
1880 5249 2130 5306 Gelasius
2165 5238 2500 5317 respondet,
2551 5238 2920 5314 proponatur,
2951 5252 3005 5298 et
3035 5238 3469 5310 Iioc'caputcum

266 5309 291 5394 If
328 5312 439 5394 Yox
461 5314 783 5394 sanitatiein
804 5316 1148 5394 soIoQuesn.
1179 5317 1535 5394 desideratur.
1704 5389 1716 5394 _
1883 5320 2210 5394 praecedenti
2242 5309 2418 5394 aptius
2440 5309 2742 5394 copuletur.
2792 5386 2803 5394 _
2906 5309 2913 5311 ἡ

269 5392 290 5464 ξ
326 5385 534 5464 Quem.
541 5387 740 5464 inserit
760 5387 852 5441 alii
872 5405 890 5452 ;
913 5380 1094 5443 delent
1118 5388 1274 5464 codd.
1301 5390 1466 5464 nostri
1484 5404 1604 5464 cum
1631 5389 1779 5464 vulg.
1884 5380 1927 5464 ’ί
1960 5392 1978 5430 ί
2026 5391 2219 5444 Vocem
2251 5380 2384 5464 enim
2415 5380 2666 5464 aQ'uesn.
2699 5386 3104 5464 omissamncum
3131 5381 3292 5437 editis
3309 5380 3469 5464 ⁹ςίριι-

265 5449 288 5489 δ
327 5455 494 5533 Solus
513 5459 723 5533 Quesn.
745 5499 760 5522 ,
789 5449 891 5512 non
914 5469 1079 5515 essent
1107 5459 1349 5527 subiecti;
1369 5461 1442 5515 de
1493 5461 1598 5514 suis
1619 5449 1782 5514 virtu-
1883 5463 1976 5518 ciI.
2022 5471 2076 5516 et
2107 5461 2306 5533 nostris
2331 5449 2509 5514 codd:
2521 5459 2911 5533 revocavimus.
2955 5455 3082 5508 Post
3111 5467 3283 5533 pauca.
3306 5452 3472 5507 iidem

203 5520 324 5605 ubi”
337 5520 701 5605 ΔιεοηΙὶάὶιζιεεο
735 5520 755 5605 ς
1027 5602 1036 5605 _
1201 5520 1208 5522 Ἴ
1329 5520 1342 5527 ’
1498 5603 1511 5605 _
1536 5603 1545 5605 4
1765 5603 1774 5605 Α
1883 5534 2030 5597 editi,
2059 5531 2331 5605 magniﬁce
2369 5540 2639 5605 utrumque
2665 5570 2678 5593 ,
2700 5527 2886 5605 _minns
2915 5520 3183 5605 recte;’.et
3202 5523 3348 5588 dein,
3377 5537 3474 5594 pro
3538 5545 3544 5551 ι

269 5595 532 5669 '_Que§n.
583 5599 776 5655 inserit
802 5616 989 5658 vocem
1021 5602 1376 5669 imperatores;
1415 5603 1574 5658 codd.
1608 5603 1778 5658 nostri
1885 5595 2117 5666 subiisse,
2145 5595 2350 5656 habent
2379 5595 2672 5664 sumpsisse.
2693 5597 2899 5669 “Yet-on.
2921 5635 2936 5660 ,
2966 5595 3231 5650 submisse.

202 5675 259 5744 at;
284 5667 572 5744 Tbuaneus
585 5670 748 5744 etiam
766 5687 887 5744 cum
912 5673 1055 5743 vulg.
1077 5666 1241 5730 Cone.
1272 5666 1536 5742 ignorant.
1567 5675 1778 5730 Subau-
1953 5686 1979 5723 ε
2019 5675 2174 5742 Vulg.
2207 5671 2402 5736 Conc.,
2424 5678 2654 5744 attamen
2678 5666 2949 5733 Christus;
2990 5676 3046 5722 et
3075 5675 3260 5737 postea
3289 5674 3474 5736 tempe-

203 5732 334 5815 ditur
353 5740 573 5815 quidem
587 5741 788 5810 aliquid
813 5732 1032 5812 simile:
1044 5755 1101 5800 ut
1123 5761 1185 5802 ex
1210 5732 1557 5815 sequentibus
1584 5745 1774 5814 liquet,
1881 5763 2004 5802 rans
2027 5732 2473 5815 provtemperaoit.

204 5814 250 5857 at
277 5820 467 5885 praeter
487 5811 660 5867 ﬁdem
686 5815 925 5870 codicum
973 5810 1105 5871 nihil
1151 5810 1473 5872 addendum.
1501 5810 1773 5880 Quatenus
1950 5816 1976 5855 ιι
2016 5810 2242 5885 Quesn.,
2262 5810 2323 5869 ἐι
2354 5813 2465 5870 Deo
2487 5811 2713 5868 militans
2741 5810 2966 5868 minime.

203 5885 323 5949 vero
335 5878 592 5950 haecum
613 5887 1051 5946 antecedentibus
1072 5889 1395 5954 cohaereant,
1411 5878 1664 5961 explicari
1681 5902 1774 5959 p0-
