3996 6344
2149 227 2178 246 ’⁸ο

1917 223 2075 258 ι’-ιὶ,
2111 224 2528 262 23⁸...ιικιοωκ..ι

542 315 652 376 627

1473 313 1821 372 APPENDIX
1857 314 1952 372 AD
1990 313 2048 372 S.
2090 315 2342 375 LEONIS
2381 317 2597 376 MAGNI
2637 318 2894 378 OPERA.
3698 337 3784 399 ω

542 432 873 506 approbatur
927 431 1348 490 Alexandrinum
1393 428 1614 487 Petrum
1657 444 1756 502 per
1802 430 2137 501 imperialem
2167 433 2223 494 Δ
2252 435 2398 490 tione
2425 437 2604 506 potius
2624 445 2948 496 nexuerant.
2982 439 3062 497 ita
3090 441 3269 510 Petri;
3299 443 3556 506 absolutio
3580 466 3638 508 ex
3664 463 3785 514 utro-

541 525 916 585 tantummodo
933 525 1258 582 sententiam
1282 524 1430 598 nullo
1456 525 1619 580 modo
1644 523 1886 594 potuisse
1915 538 2140 595 prorsus

540 626 767 685 absolvi.
796 625 895 682 Ubi
923 627 967 680 si
983 634 1010 663 ι
1034 626 1348 695 pontiiicum
1365 637 1576 696 quoque
1589 624 1827 680 sociatur
1852 639 2138 693 assensus,

542 719 837 793 quaerimus
867 727 1044 774 utrum
1087 717 1469 789 praecesserit,
1503 732 1572 774 an
1603 716 1769 775 fuerit
1795 719 2140 775 subsecutus.

541 813 597 869 Si
624 813 947 869 subsecutus
965 819 1052 868 est
1071 809 1100 852 1³
1130 811 1465 882 imperialem
1488 812 1834 880 sententiam,
1862 812 2138 870 nihilomi-

542 919 646 963 nus
685 905 752 961 nd
783 905 836 962 id
877 903 1106 971 reditur,
1150 913 1212 960 ut
1239 904 1511 960 absolutio
1537 919 1567 960 a
1597 905 1844 961 saeculari
1869 913 2143 977 potestate

542 1007 814 1072 pmcepta
842 1008 898 1056 et
924 998 1296 1069 principaliter
1325 997 1574 1054 inchoata
1592 999 1773 1057 valere
1793 1013 1902 1056 non
1931 1001 2135 1072 possit;

543 1093 963 1166 pontiﬁcumque
977 1103 1200 1150 secutus
1208 1108 1464 1152 assensus
1478 1093 1802 1152 adulationis
1823 1095 2003 1168 potius
2023 1095 2142 1154 fue-

540 1189 632 1257 rit,
663 1204 824 1262 quam
855 1189 1116 1260 legitima:
1139 1189 1456 1244 sanctionis.
1476 1187 1534 1246 Si
1559 1188 1860 1260 praecessit,
1881 1188 2141 1245 doceatur

465 1337 472 1346 ,
541 1299 574 1340 a
599 1283 814 1355 quibus,
842 1293 897 1339 et
925 1283 1016 1338 ubi
1039 1284 1132 1340 ille
1153 1282 1225 1338 sit
1249 1292 1457 1354 gestus,
1487 1283 1532 1338 si
1557 1282 1855 1340 secundum
1883 1282 2140 1340 Ecclesia:

540 1377 782 1448 regulam
802 1377 1132 1444 celebratus,
1152 1377 1196 1431 si
1217 1389 1250 1430 a
1277 1385 1498 1446 paterna
1527 1375 1815 1432 traditione
1843 1375 2137 1447 profectus,

540 1469 591 1526 si
614 1469 879 1541 majorum
911 1481 1064 1525 more
1087 1478 1109 1508 ο
1133 1469 1411 1540 probatus,
1435 1468 1478 1525 si
1508 1470 1834 1541 competenti
1863 1471 2142 1526 examina-

541 1567 690 1624 tione
716 1565 1092 1636 depromptus.
1121 1563 1220 1621 Ubi
1245 1563 1599 1634 proculdubio
1623 1565 2009 1636 requirendum
2030 1572 2136 1634 est,

485 1657 488 1664 ³
540 1660 588 1717 si
613 1659 861 1730 synodali
881 1657 1300 1730 congregatione
1325 1657 1632 1714 celebratus
1658 1675 1670 1710 :
1701 1657 1846 1728 quod
1873 1661 1928 1713 in
1952 1671 2140 1728 recep-

541 1755 692 1811 tione
718 1753 976 1814 damnati.
1003 1762 1060 1808 et
1089 1751 1407 1824 depulsione
1426 1751 1699 1821 catholici,
1719 1752 1843 1822 quia
1873 1753 2087 1809 noviter
2107 1750 2138 1789 ά

2248 543 2355 601 quo
2383 543 2491 586 non
2517 540 2766 588 constat:
2789 533 2912 604 quia
2931 536 3471 606 necpraevaricatoria
3500 543 3789 610 absolutione

2247 622 2327 680 rei
2374 638 2527 680 reum
2581 625 2864 684 absolvere
2894 637 3190 699 potuerunt
3215 671 3230 697 ,
3261 640 3315 687 et
3343 631 3569 703 depulsis
3597 641 3790 713 undique

2243 718 2592 790 pontificibus
2612 720 2898 777 catholicis
2927 765 2942 790 ,
2976 721 3357 796 baareticisque
3398 729 3666 799 suppositis
3687 774 3700 799 ,
3720 737 3790 792 vel

2247 813 2328 869 eis
2351 814 2444 884 qui
2475 815 2848 872 haereticorum
2868 817 3188 874 tenebantur
3218 823 3596 880 communione
3616 826 3788 894 polluti.

2245 915 2304 964 et
2339 909 2501 964 etiam
2546 922 2716 966 sacra:
2755 909 3036 980 religionis
3081 911 3451 971 insinceritate
3479 958 3494 984 ,
3527 917 3791 989 participem

2247 1017 2405 1060 suum
2425 1013 2531 1060 tam
2548 1002 2833 1062 absolvere
2851 1006 3232 1077 nequiverunt,
3250 1023 3411 1081 quam
3439 1010 3539 1082 ipsi
3556 1026 3654 1068 non
3672 1024 3793 1070 erant

2247 1094 2479 1152 absoluti
2496 1111 2511 1162 ;
2530 1110 2593 1152 ac
2608 1095 2834 1166 proinde
2859 1107 2965 1152 tam
2995 1098 3384 1156 ecclesiasticae
3411 1102 3604 1173 regulae
3629 1118 3792 1173 pram-

2246 1187 2527 1251 ricatores.
2559 1203 2720 1260 quam
2743 1200 3106 1248 sacrosancta:
3133 1193 3534 1250 communionis
3558 1197 3790 1268 integrita-

2245 1289 2358 1340 tem
2389 1285 2720 1340 maculantes
2759 1287 3036 1342 consortio
3068 1287 3392 1358 perﬁdorum
3419 1299 3466 1357 ις,
3493 1291 3624 1361 quod
3649 1291 3705 1347 de
3722 1305 3794 1348 reo

2248 1378 2527 1434 simillimo
2574 1390 2864 1449 potuerunt
2909 1381 3053 1437 lerre
3101 1381 3397 1452 judicium?
3453 1383 3532 1440 De
3566 1385 3795 1441 catholicis

2247 1472 2392 1526 enim
2413 1471 2752 1542 pontiﬁcibus
2782 1487 2879 1544 per
2901 1481 3070 1529 totum
3092 1473 3369 1532 Orientem
3387 1520 3400 1543 ,
3421 1485 3514 1532 aut
3543 1479 3796 1549 quicunque

2245 1564 2489 1650 perstitit
2533 1575 2617 1622 cst
2661 1565 2889 1636 ejectus,
2922 1576 3016 1623 aut
3044 1567 3135 1624 ille
3166 1569 3410 1636 restitit,
3442 1569 3532 1640 qui
3572 1572 3796 1626 consensit

2247 1663 2416 1718 errori
2451 1669 2505 1717 et
2524 1675 2586 1718 se
2609 1662 2678 1718 ab
2697 1661 2991 1718 errantium
3008 1663 3258 1734 contagio
3284 1678 3391 1720 non
3422 1662 3655 1719 retraxit.
3679 1663 3795 1731 Quod

2248 1757 2414 1827 igitur
2437 1769 2626 1812 eorum
2657 1755 2830 1834 potuit
2861 1755 2930 1811 de
2969 1755 3286 1827 cujusquam
3329 1769 3526 1812 errore
3552 1769 3662 1811 esse
3684 1756 3796 1824 judi-

541 1860 703 1904 causa
723 1887 737 1912 ,
787 1846 902 1903 ﬁeri
932 1845 1188 1901 debuisse
1215 1845 1574 1903 certissimum
1597 1854 1704 1900 est.
1729 1845 1784 1901 Si
1813 1845 1878 1900 ad
1907 1847 2139 1916 primam
2172 1835 2226 1906 Β
2249 1849 2413 1913 clum,
2447 1847 2540 1920 qui
2567 1861 2832 1919 nusquam
2855 1861 2961 1904 non
2983 1863 3196 1905 errasse
3225 1857 3617 1913 monstrantur,
3648 1856 3695 1904 et
3715 1846 3796 1901 ha-

541 1940 749 2006 sedern,
773 1940 926 2009 cujus
953 1939 1213 1996 intererat
1239 1939 1546 2003 sententias,
1569 1953 1674 2010 qua
1697 1938 1890 1996 Petrus
1913 1939 2138 1996 teneba-

542 2043 630 2091 tur
650 2033 964 2100 obstrictus,
980 2033 1274 2090 secundum
1291 2031 1544 2088 Ecclesiae
1555 2031 1770 2104 regulas
1787 2035 2135 2101 estrelatum,

541 2128 589 2184 si
612 2128 804 2184 eadem
827 2141 946 2198 quas
977 2126 1157 2197 ligavit
1177 2125 1440 2182 absolvrt:
1474 2134 1498 2164 ε
1528 2125 1671 2196 quod
1701 2126 1744 2180 si
1770 2125 1859 2180 illa
1889 2141 2007 2196 quae
2029 2141 2139 2181 non

541 2223 800 2294 ligaverat
828 2221 1156 2288 rcsolvente,
1191 2221 1356 2276 immo
1385 2221 1546 2276 etiam
1575 2221 1854 2277 nesciente
1875 2221 2143 2292 potuisset

541 2313 783 2371 dissolvi.
821 2314 878 2371 Si
907 2313 1022 2370 haec
1046 2324 1198 2384 gesta
1227 2328 1334 2368 non
1367 2322 1524 2378 sunt,
1557 2325 1664 2382 quo
1689 2307 1862 2378 more,
1894 2328 2000 2383 quo
2030 2314 2142 2368 ritu

541 2407 937 2465 Alexandrinus
955 2407 1148 2463 Petrus
1179 2404 1530 2476 praetenditur
1561 2404 1860 2467 absolutus,
1888 2419 2008 2460 cum
2042 2419 2143 2460 nec

541 2515 569 2554 a
600 2501 946 2572 pontificibus
977 2501 1214 2572 legitime
1240 2508 1295 2556 et
1331 2498 1717 2555 ecclesiasticis
1747 2498 1907 2571 332
1931 2497 2144 2569 legibus

542 2595 702 2650 tuerit
740 2594 1029 2665 expeditus
1054 2635 1069 2661 ,
1123 2607 1226 2650 nec
1265 2608 1296 2649 a
1324 2593 1566 2650 saeculari
1613 2603 1879 2663 potestate
1908 2595 2145 2664 potuerit

499 2755 507 2759 _
543 2695 741 2758 praeter
771 2686 1029 2744 Ecclesiae
1054 2687 1324 2746 tramitem
1351 2699 1577 2758 prorsus
1605 2686 1814 2743 absolvi
1835 2686 1861 2739 ἲ

612 2780 742 2838 Cur.
761 2780 907 2837 X.—
926 2780 1033 2838 Sed
1057 2781 1267 2837 dicatur
1291 2780 1515 2838 forsitan
1543 2799 1558 2838 :
1587 2779 1704 2836 Non
1735 2782 2030 2852 imperator
2048 2783 2146 2838 ab-

543 2873 723 2943 solvit,
752 2873 849 2930 scd
881 2887 909 2928 a
931 2873 1277 2945 pontificibus
1305 2874 1547 2946 peposcit
1569 2873 1802 2929 absolvi.
1826 2873 2000 2930 Tanto
2029 2889 2146 2931 ma-

542 2967 626 3040 gis
653 2967 900 3038 poscenti
951 2966 1262 3038 imperatori
1299 2982 1330 3022 a
1359 2967 1709 3024 Pontiﬁcibns
1736 2966 1914 3026 fuerat
1953 2985 2146 3041 sugge-

542 3059 794 3129 rendum,
819 3069 878 3116 ut
901 3060 946 3116 si
970 3075 1092 3117 eum
1122 3059 1359 3128 legitime
1378 3061 1544 3117 vellet
1564 3060 1795 3128 absolvi,
1827 3061 2070 3136 legitima
2092 3071 2148 3119 et

545 3151 894 3209 ecclesiastici
925 3153 1132 3208 tenoris
1155 3152 1421 3208 absolutio
1443 3154 1781 3222 proveniret;
1803 3162 1859 3210 et
1887 3154 2004 3210 haec
2027 3169 2147 3210 om-

546 3248 657 3313 nia,
688 3262 807 3317 qua:
830 3247 1077 3318 superius
1098 3246 1240 3301 dicta
1264 3255 1408 3314 sunt,
1428 3246 1720 3302 secundum
1754 3247 2013 3304 Ecclesiae
2035 3255 2145 3305 tra-
2173 3219 2221 3293 C

547 3342 734 3399 mitem
763 3352 1149 3400 servarentur:
1181 3345 1453 3416 praecipue
1477 3360 1598 3402 cum
1625 3345 1694 3402 'de
1722 3346 1972 3404 secundae
1998 3348 2145 3404 sedis

548 3447 796 3508 ageretur
822 3437 1084 3507 antistite,
1136 3452 1234 3494 nec
1285 3438 1353 3492 ab
1398 3438 1642 3495 inferiori
1676 3440 1915 3510 qualibet
1944 3482 1960 3509 ,
1991 3442 2088 3497 sed
2113 3458 2144 3498 a

549 3531 722 3601 prima
751 3530 880 3587 sede
907 3533 1028 3601 jure
1049 3530 1462 3602 possitabsolvi.
1485 3532 1713 3588 inferior
1737 3533 1935 3605 quippe
1964 3535 2142 3606 potio-

547 3639 664 3682 rem
691 3624 975 3680 absolvere
995 3640 1100 3680 non
1134 3634 1337 3696 potest;
1367 3625 1480 3681 sola
1496 3639 1626 3695 ergo
1647 3625 2142 3695 potiorinfcriorem

547 3717 937 3772 convenienter
963 3717 1214 3772 absolvit.
1241 3716 1472 3772 Proinde
1501 3716 1775 3772 inferioris
1794 3718 1892 3772 loci
1929 3717 2143 3786 pontiﬁ-

547 3820 663 3873 ces,
690 3809 777 3879 qui
810 3809 1114 3864 nullatenus
1143 3822 1201 3863 sc
1231 3820 1496 3865 noverant
1548 3809 1808 3878 potiorem
1840 3810 1943 3866 sibi
1975 3808 1994 3848 τ
2028 3811 2147 3866 sine

548 3901 843 3970 apostolica
869 3899 996 3955 sede
1018 3915 1176 3970 posse
1201 3900 1496 3967 resolvere,
1524 3902 1796 3972 praecipue
1823 3917 1982 3972 quem
2028 3902 2147 3973 ejus

548 3994 814 4048 sententia
842 4003 1102 4048 noverant
1123 3992 1440 4064 obligatum,
1466 3997 1903 4064 praevaricatoria
1928 3997 2144 4053 absolu-

549 4083 700 4140 tione
729 4098 834 4140 non
866 4083 1015 4139 illum
1048 4083 1260 4156 penitus
1287 4095 1571 4153 exuerunt,
1603 4087 1698 4144 sed
1726 4103 1786 4144 se
1821 4090 2142 4160 praevarica-

624 4327 653 4388 ε
693 4318 836 4377 Idem
866 4318 1070 4388 Quesn.
1093 4317 1242 4375 addit
1269 4319 1387 4373 sibi.

620 4387 650 4430 ι’
689 4391 849 4462 Vulg.
885 4387 1145 4448 omittunt
1175 4389 1494 4459 imperialem
1522 4391 1844 4462 sententiam.
1873 4388 2066 4452 Vind.,
2095 4398 2144 4446 et

550 4460 1088 4534 insperialisententiw
1111 4505 1126 4529 ,
1155 4464 1280 4534 quia
1307 4463 1675 4527 nihilominus;
1713 4460 1916 4518 Veron.
1939 4503 1954 4528 ,
1980 4470 2027 4515 et
2046 4462 2146 4516 im-

553 4535 740 4603 periali
760 4536 1012 4589 sententia
1039 4551 1187 4606 requa
1213 4534 1566 4588 nihilominus.

629 4614 654 4673 φ
696 4605 854 4673 Vulg.
880 4605 1050 4661 Cone.
1081 4620 1203 4660 cum
1227 4619 1326 4659 ms.
1356 4604 1583 4670 Veron.,
1612 4602 1845 4673 prolatus

629 4621 654 4644 ο
702 4621 854 4674 vutg.
880 4621 1050 4661 nunc.
1081 4621 1203 4660 cum
1227 4621 1326 4659 ms.
1365 4621 1583 4670 verum,
1612 4621 1866 4673 prorutus.

624 4671 653 4726 tl
691 4675 918 4745 Quaem,
948 4678 1143 4732 nouiter
1171 4686 1278 4730 erat
1305 4693 1481 4732 causa.
1507 4673 1877 4746 Vulg.Conc.,
1911 4693 2042 4732 noua
2070 4685 2146 4733 est

556 4735 738 4820 causa:
763 4735 917 4804 Tres'
943 4747 1128 4814 codd.,
1152 4746 1315 4805 Vind.
1341 4788 1358 4814 ,
1386 4747 1597 4803 Thuan.
1614 4735 1702 4803 “et
1734 4735 1959 4816 Veron,
1991 4747 2148 4820 sequi
2175 4735 2230 4796 D

554 4818 728 4874 coacti
755 4833 964 4874 sumus.

630 4897 656 4930 ⁶
694 4890 922 4959 Quesu.,
952 4889 999 4962 si
1021 4905 1108 4958 sa,
1135 4904 1270 4962 qua.
1287 4889 1444 4960 Vulg.
1469 4888 1664 4954 Couc.,
1693 4891 1740 4946 si
1761 4890 1857 4946 illa
1875 4907 1990 4962 quas
2015 4893 2151 4962 liga-

553 4971 692 5019 serat
714 4978 819 5018 non
841 4961 1542 5021 resoluente.Codd.Veron.
1566 4970 1620 5018 et
1639 4962 1824 5028 Vind.,
1848 4961 1982 5032 quos
2002 4961 2151 5020 solos

555 5033 809 5091 conferre
834 5032 1007 5098 licuit,
1031 5033 1206 5090 secuti
1229 5048 1418 5091 sumus
1445 5053 1460 5088 :
1509 5035 1598 5090 ubi
1629 5049 1729 5106 pro
1770 5036 1909 5107 quod
1936 5036 1980 5090 si
2008 5035 2149 5092 forte

555 5105 842 5161 haedum
871 5106 1041 5161 euasi.

753 5121 842 5161 ιηη
871 5121 1041 5161 suasu

554 5105 842 5179 legendum
871 5106 1041 5174 quasi.
1784 5105 1790 5107 ⁷

631 5178 652 5218 ί
695 5177 854 5247 Vulg.
882 5175 1050 5232 Conc.
1068 5191 1203 5250 cum
1230 5175 1581 5250 tus.Veron.,
1611 5178 1721 5233 sine
1746 5181 1916 5250 prima
1936 5182 2070 5235 sede.

628 5259 655 5299 s
683 5245 910 5319 Questa"
938 5249 1078 5318 quod
1102 5249 1176 5303 rei
1203 5245 1362 5302 simili
1407 5250 1560 5304 modo
1587 5245 1884 5319 potuerunt.
1928 5250 2101 5306 Oxon.
2127 5291 2144 5319 ,

555 5323 692 5390 quod
717 5324 793 5376 rei
818 5319 1383 5393 simillimo‘potuerunt
1408 5320 1789 5393 feririjudicio.
1807 5322 2147 5379 Praetulimus

557 5389 844 5449 lectionem
886 5393 1033 5462 vulg.
1067 5389 1233 5447 Conc.
1261 5431 1275 5457 ,
1304 5389 1714 5448 concinentibus
1754 5394 1953 5449 nostris
1982 5393 2142 5449 codd.

559 5462 720 5534 Vind.
743 5472 798 5520 et
816 5462 1043 5532 Veron.,
1074 5463 1128 5518 in
1149 5463 1346 5534 quibus
1373 5463 1548 5520 solum
1574 5479 1670 5534 pro
1691 5464 1754 5520 de
1777 5482 1864 5520 reo
1894 5465 2152 5522 mendose

557 5532 787 5592 habetur
811 5535 971 5590 dirui.

634 5604 662 5643 ιι
690 5607 765 5662 Ita
788 5607 946 5663 codd.
973 5606 1177 5664 Veron.
1205 5653 1220 5678 ,
1265 5605 1427 5662 Vind.
1457 5620 1521 5662 ac
1557 5605 1770 5661 Thuan.
1800 5608 2150 5678 Quesnellus,

560 5687 748 5736 cuncta
786 5680 1044 5751 religionis
1085 5697 1215 5751 certe
1262 5688 1312 5734 et
1342 5679 1555 5734 sincera:
1594 5678 1826 5734 turbasse
1843 5681 2072 5751 judicia,
2106 5690 2156 5735 et

561 5751 883 5826 catholicam.
908 5750 1063 5826 Vulg.
1094 5750 1261 5806 Conc.
1283 5793 1296 5817 ,
1322 5762 1526 5806 cunctas
1660 5751 1807 5826 sedes
1829 5750 2076 5826 turbasse.

640 5819 659 5858 ί
700 5819 899 5890 Quesn.
929 5819 1073 5878 delet
1114 5840 1239 5890 non,
1263 5839 1421 5892 quam
1444 5824 1960 5892 particulam-nostri
1985 5823 2145 5881 codd.

2244 1941 2538 1999 reticorum
2580 1941 2744 1996 simul
2784 1939 3278 2010 catholicorumque
3330 1938 3666 1996 confessione
3703 1951 3796 2008 per-

2245 2035 2438 2102 mixta,
2467 2033 2494 2072 δ
2513 2046 2703 2092 cuncta
2731 2034 3004 2105 religionis
3027 2049 3169 2090 verae
3182 2044 3236 2090 et
3252 2033 3486 2090 sincera:
3502 2049 3561 2089 se
3577 2031 3795 2097 turbasse,

2245 2128 2672 2200 catholicarnque
2691 2129 3148 2199 apostolicamque
3175 2127 3496 2183 contudisse
3524 2124 3798 2196 puritatem?

2245 2220 2392 2277 Ecce
2421 2221 2510 2290 qui
2541 2236 2688 2276 reum
2717 2220 2999 2276 absolvere
3027 2227 3338 2291 potuerunt,
3372 2219 3472 2289 qui
3501 2219 3578 2274 rei
3601 2229 3683 2288 pro
3704 2231 3794 2272 om-

2249 2314 2408 2370 nibus
2440 2313 2772 2370 docebantur
2802 2312 3001 2369 ell'ecti.
3029 2311 3170 2368 Ecce
3195 2327 3318 2367 cum
3339 2311 3541 2382 quibus
3565 2309 3627 2366 de
3650 2307 3794 2365 absol-

2246 2408 2423 2464 vendo
2453 2421 2548 2463 reo
2579 2407 2816 2479 synodus
2847 2406 3022 2463 fuerat
3060 2405 3311 2463 ineunda.
3345 2405 3402 2462 Si
3440 2407 3573 2462 lides
3611 2414 3797 2461 etcom-

2249 2499 2434 2556 munio
2461 2497 2724 2554 catholica
2755 2498 3110 2565 retinebatur,
3138 2512 3236 2554 cur
3272 2497 3531 2554 catholici
3567 2495 3794 2568 pelleban-

2249 2601 2337 2649 tur
2366 2593 2742 2650 antistites?Si
2769 2592 3019 2648 catholici
3043 2591 3376 2662 pellebantur
3403 2592 3798 2659 antistites,quo-

2248 2685 2413 2741 modo
2447 2685 2462 2725 ί
2501 2701 2607 2742 non
2638 2685 3012 2740 tantummodo
3044 2682 3284 2740 haeretici
3305 2681 3694 2740 servabantur?

2609 2802 2770 2875 333
2813 2799 3210 2858 CAPITULUH
3251 2801 3492 2858 XLVIII.

2256 2896 2272 2949 i
2300 2895 2483 2953 Sancti
2520 2894 2712 2950 Gelasii
2744 2894 3199 2968 Commonitorium
3232 2894 3432 2950 Fausto
3462 2895 3688 2968 magistro
3713 2897 3798 2966 [ειν

2429 2970 2563 3042 genti
2591 2968 2860 3039 legationis
2884 2966 3113 3036 ofﬁcium
3144 2966 3662 3039 ConstantinOpolim.

2324 3059 2453 3116 Car.
2485 3057 2720 3131 l.-Ego
2739 3073 2954 3130 quoque
2979 3067 3162 3115 mente
3188 3058 3405 3128 percepi
3436 3059 3648 3116 Graecos
3667 3057 3713 3114 in
3733 3069 3802 3116 sua

2253 3152 2615 3209 obstinatione
2653 3166 2956 3221 mansuros,
2987 3148 3017 3188 ¹ι
3058 3165 3158 3207 nec
3193 3149 3282 3207 cui
3319 3151 3478 3209 velut
3520 3153 3801 3223 insperatum

2254 3247 2426 3305 videri
2453 3254 2648 3317 potest,
2680 3245 2826 3318 quod
2851 3246 3010 3301 estin
3036 3255 3162 3301 ante
3184 3245 3803 3316 prmeognitumﬂuapro-

2255 3349 2376 3413 pter
2401 3337 2420 3377 ι
2446 3354 2553 3396 non
2580 3340 2689 3410 jam
2715 3347 2937 3410 propter
2967 3338 3242 3411 religionis
3271 3353 3468 3395 causas
3499 3339 3700 3395 student
3731 3350 3802 3406 pu-

2255 3435 2410 3492 blicis
2438 3432 2884 3504 dispositionibus
2926 3433 3168 3501 obviare,
3211 3433 3306 3489 sed
3346 3433 3535 3504 potius
3581 3447 3664 3503 per
3686 3441 3804 3486 occa-

2256 3529 2464 3586 sionem
2495 3527 2776 3598 legationis
2811 3525 2975 3600 regite
3011 3525 3330 3582 catholicam
3368 3524 3535 3582 ﬁdem
3564 3523 3803 3581 moliuntur

2257 3633 2525 3688 evertere,
2543 3629 2597 3676 et
2617 3620 2709 3676 tali
2725 3619 3054 3676 commercio
3077 3619 3318 3674 nituntur
3335 3627 3558 3688 sperata
3574 3623 3805 3688 pratstare.

2254 3715 2392 3784 Quid
2415 3714 2520 3772 sibi
2543 3715 2659 3769 vult
2676 3722 2854 3770 autem
2881 3713 3022 3784 quod
3044 3722 3083 3750 ιιι
3101 3711 3299 3768 dixerit
3319 3712 3668 3783 imperator,a
3688 3705 3806 3764 nobis

2252 3823 2313 3866 se
2343 3811 2397 3864 in
2443 3807 2702 3880 religione
2741 3806 3080 3873 damnatum,
3110 3820 3233 3862 cum
3261 3820 3425 3875 super
3478 3806 3575 3861 hac
3616 3811 3746 3873 parte
3766 3806 3806 3854 ot

2253 3904 2508 3960 decessor
2545 3918 2698 3958 meus
2739 3917 2848 3957 non
2881 3901 3055 3958 solum
3091 3900 3314 3956 minimc
3347 3915 3549 3955 nomen
3579 3899 3684 3968 ejus
3707 3892 3805 3949 atti-

2253 3998 2426 4068 gerit,
2476 3995 2572 4051 sed
2625 3996 2844 4065 insuper
2881 3993 3096 4066 quando
3140 3991 3401 4063 principia
3431 3989 3653 4064 adeptus
3681 3985 3808 4058 regis:

2255 4089 2534 4161 potestatis
2559 4090 2791 4157 exeruit,
2825 4089 2878 4144 in
2900 4087 3015 4160 ejus
3037 4103 3096 4144 se
3127 4086 3409 4156 rescripsit
3440 4095 3471 4122 ιι
3495 4085 3690 4158 imperii
3713 4094 3807 4154 pro-

2248 4333 2372 4447 cuan
2401 4321 2546 4447 vitilg.
2570 4320 2738 4376 Conc.
2765 4319 3040 4376 exhibent.
3064 4317 3217 4374 Finis
3242 4331 3460 4388 quoque
3489 4311 3714 4385 opusculi
3735 4308 3806 4363 de-

2254 4409 2301 4447 Sl
2343 4408 2432 4447 era
2464 4409 2544 4447 ur.

2254 4402 2432 4448 sidera
2441 4402 2544 4448 tur.

2325 4464 2341 4514 Ι
2393 4465 2580 4519 Exstat
2616 4463 2672 4518 in
2701 4463 2804 4519 hac
2843 4462 3167 4518 collectione
3197 4461 3253 4515 in
3297 4474 3428 4515 mss.
3465 4459 3660 4514 Veron.
3687 4450 3807 4508 46st

2251 4535 2390 4604 apud
2422 4534 2548 4590 lsid.
2585 4535 2818 4590 Titulum
2855 4551 2923 4589 ex
2952 4532 3112 4589 codd.
3158 4542 3209 4584 ct
3246 4532 3475 4604 vulgatis
3513 4526 3706 4604 Con_cil.
3732 4536 3807 4577 cs-

2251 4597 2568 4674 pressimus.
2593 4605 2844 4678 Nicolaus
2876 4605 3098 4678 l,epist.
3123 4605 3147 4658 l
3172 4612 3296 4678 post
3325 4597 3584 4678 medium,
3607 4597 3804 4678 genitae-

2252 4664 2500 4757 nitorinm
2531 4664 2733 4757 pariter
2757 4664 3014 4757 appellat.
3038 4664 3207 4757 Apud
3227 4675 3430 4742 Queen.
3458 4674 3545 4757 sic
3567 4664 3807 4757 i‘Epislglff

2257 4746 2447 4804 Gelasii
2469 4743 2620 4820 papa
2647 4750 2716 4804 ad
2751 4743 3006 4820 Faustum
3027 4743 3531 4820 magistrumcontja
3561 4743 3806 4816 Acacium}

2256 4830 2311 4876 ct
2339 4812 2553 4877 dein'in'
2577 4821 2820 4890 epistolae
2863 4812 3134 4890 formam}
3164 4815 3415 4890 Gelasius
3444 4812 3640 4890 Fausto
3667 4812 3806 4890 magi;

2254 4875 2362 4965 ειτρ
2390 4875 2874 4965 ἧιὶιίιιιήίῐιιίιθρηιί
2895 4875 3160 4965 legationis
3179 4875 3805 4965 ofﬁcig

2327 4963 2355 5004 k
2394 4955 2756 5033 Queen.,'nec
2797 4955 3274 5034 αἱῳιῖιιηκοοᾶἀ.
3316 4957 3499 5034 Vind.-,
3548 4955 3809 5034 Verum}!

2255 5034 2377 5114 Vat.
2405 5020 2536 5093 Tsid.
2566 5020 2693 5114 §_30,
2723 5050 2846 5114 cum
2875 5020 3019 5114 vulg.
3061 5031 3252 5114 Cone...
3285 5020 3809 5114 ξεοιηὶ-ὸιβψιξξἒ

2260 5105 2459 5185 Veron:
2487 5118 2543 5164 οι
2567 5102 3086 5185 vestierunt”:
3117 5102 3261 5185 Pe}?
3287 5102 3345 5156 ίπ
3375 5102 3809 5185 ριυιρςΐίὲἛὶῗε

2255 5182 2578 5235 auctoritate
2601 5171 2787 5243 Vind"
2813 5171 3018 5234 Veron.
3040 5184 3096 5232 et
3115 5172 3392 5232 Labbeaui
3412 5171 3614 5229 codicis
3630 5171 3682 5222 in
3698 5175 3811 5219 nar-

2255 5250 2373 5306 aine
2401 5251 2622 5306 laudati.
2657 5251 2764 5306 AL.
2795 5259 2934 5305 ante.

2249 5265 2373 5321 gme
2401 5265 2622 5321 tauoau.
2657 5265 2764 5316 AL,
2795 5265 2934 5305 ante.

2255 5316 2276 5321 ⁷
2331 5320 2348 5360 ι
2389 5320 2561 5378 Codd.
2591 5321 2794 5380 Veron.
2822 5329 2880 5377 et
2903 5321 3053 5386 Vat.,
3077 5325 3326 5374 nontam.
3354 5316 3676 5382 Postea,pro
3695 5318 3789 5360 om

2255 5394 2464 5460 ntercio,
2492 5395 2638 5462 vulg;
2671 5393 2863 5459 Conc.,
2891 5399 3194 5448 commento.
3296 5461 3301 5462 ί
3411 5459 3436 5462 _
3587 5453 3618 5462 Α
3760 5444 3788 5462 ί,

2327 5444 2490 5522 {sic
2507 5444 2940 5529 ea'a’a.'v;;.;...‘,'
2955 5444 3116 5520 "vna;
3139 5444 3195 5520 et
3221 5461 3366 5533 vulg.
3396 5459 3555 5533 Cong.
3579 5444 3810 5533 ριεοξειοὲῖ

2256 5538 2364 5606 lus,
2393 5519 2704 5595 ἁὶἑειίῧᾷἰη
2722 5519 2832 5608 pro
2858 5519 3053 5592 caerth
3077 5519 3208 5592 mss.
3237 5519 3468 5603 Thuan.,
3497 5519 3621 5583 Vat.
3643 5519 3810 5580 lsid.ot

2256 5610 2427 5665 sulm.
2464 5612 2711 5665 exercuit.

2256 5625 2427 5675 ναις..
2464 5625 2711 5666 exercuit.

2329 5626 2827 5751 Lgéuegtrfud‘clevit
2861 5680 3066 5754 imperii
3092 5693 3125 5754 :7
3147 5677 3516 5737 revocavimus
3541 5683 3664 5729 cum
3697 5674 3810 5722 mss.

2257 5753 2441 5821 Vind.,
2472 5754 2706 5823 Thuan.,
2732 5753 2931 5812 Veron.
2958 5765 3013 5811 et
3040 5753 3184 5826 vulg.
