3996 6344
551 347 657 411 6M

1482 347 1825 402 APPENDIX
1864 348 1957 403 AD
1994 347 2052 403 S.
2097 345 2336 406 LEONIS
2375 347 2594 406 MAGNI
2628 349 2880 408 OPEBA.

3669 369 3751 429 63!

552 479 677 522 cum
717 462 1009 518 auctoritas
1033 461 1213 516 divina
1244 460 1385 515 dicat
1410 477 1423 514 :
1457 460 1579 514 Non
1629 463 1795 516 solum
1832 463 1918 533 qui
1947 462 2140 532 faciunt
2166 465 2219 526 Α
2245 464 2420 533 egisse
2443 473 2690 532 testatur,
2723 481 2822 524 nec
2851 467 2916 524 ad
2946 483 3030 534 ea,
3055 485 3172 540 qum
3199 482 3340 529 recta
3363 484 3492 544 sunt,
3520 482 3746 549 potuissef

551 572 714 627 prava
767 570 879 610 reos
923 569 1052 618 esse,
1123 554 1210 606 sed
1263 562 1310 606 et
1351 554 1440 622 qui
1486 557 1807 609 consentiunt
1846 554 2149 624 facientibus

553 651 735 725 (Rom.
767 666 802 717 ι,
835 646 967 716 52)?
993 647 1196 715 Quibus
1223 647 1540 713 canonibus,
1569 649 1760 718 quibus
1805 649 2006 719 regulis
2043 647 2146 703 Ca-

552 744 775 802 lendion
803 741 1054 798 exclusus
1100 751 1203 807 est,
1241 741 1323 796 vel
1356 742 1512 812 primi
1556 741 1767 798 urbium
1811 743 2146 800 diversarum

553 823 806 894 catholici
845 834 1203 890 sacerdotes?
1241 834 1355 902 Qua
1387 834 1675 890 traditione
1722 836 1986 906 majorum
2018 851 2148 905 apo-

553 931 801 988 stolicam
847 928 1030 984 sedem
1073 931 1124 984 in
1171 930 1428 997 judicium
1472 929 1702 989 vocant?
1732 931 1894 1008 336
1934 931 2015 986 An
2061 945 2147 988 se-

550 1025 740 1080 cunda:
771 1023 916 1080 sedis
943 1022 1234 1087 antistites,
1268 1030 1323 1078 et
1351 1024 1522 1079 tertiae
1552 1023 1843 1094 caaterique
1875 1023 2012 1079 bene
2041 1024 2144 1081 sibi

549 1118 753 1178 conscii
795 1118 1103 1175 sacerdotes
1147 1117 1342 1187 depelli
1374 1117 1697 1181 debuerunt.
1729 1118 1897 1188 etqui
1935 1117 2145 1174 exstitit

547 1213 826 1285 religionis
856 1212 1103 1268 inimicus
1131 1211 1333 1280 depelli
1360 1226 1466 1266 non
1497 1210 1714 1267 debuit?
1750 1210 1985 1267 Viderint
2012 1225 2144 1281 ergo

547 1306 596 1362 si
642 1304 776 1361 alios
816 1304 1017 1359 habent
1047 1316 1281 1358 canones
1309 1301 1502 1373 quibus
1539 1316 1666 1358 snas
1704 1301 1934 1372 ineptias
1981 1315 2142 1357 exse-

547 1407 803 1469 quantur.

618 1489 748 1547 Car.
779 1489 870 1545 IV.
901 1518 971 1529 —
998 1488 1264 1544 Cmterum
1297 1487 1409 1554 isti,
1447 1487 1538 1558 qui
1567 1485 1730 1552 sacri,
1767 1485 1856 1556 qui
1884 1486 2142 1542 ecclesia-

546 1585 692 1653 stici,
733 1585 822 1654 qui
860 1583 1083 1654 legitimi
1130 1583 1495 1650 celebrantur,
1529 1591 1554 1619 ι
1587 1595 1694 1636 non
1730 1579 1906 1636 solum
1957 1579 2140 1635 sedem

547 1675 903 1746 apostolicam
960 1675 1026 1730 ad
1076 1674 1338 1745 judicium
1381 1688 1575 1730 vocare
1620 1689 1727 1729 non
1782 1683 2008 1744 possunt
2043 1689 2057 1727 :
2088 1683 2142 1728 et

544 1766 1157 1836 ConstantinOpolitante
1201 1766 1486 1836 episcopus
1515 1765 1773 1835 civitatis,
1806 1783 1924 1837 qua:
1957 1766 2139 1836 utique

2255 554 2489 619 deﬂecti,
2505 559 2642 613 sicut
2660 573 2840 614 rerum
2861 561 3115 630 probatur
3128 562 3335 621 eﬁ'ectu.
3352 567 3498 624 Certe
3517 572 3756 641 proferatur

2253 647 2534 718 indicium,
2559 650 2774 721 quando
2797 653 3022 722 miserit,
3051 656 3262 723 quando
3289 661 3482 717 veniam
3510 667 3752 739 postularit,

2253 743 2757 814 correctionemque
2817 761 2968 802 suam
3015 749 3169 806 nobis
3217 753 3502 822 promiserit
3554 759 3758 819 exhiben-

2251 835 2392 890 dam.
2453 837 2612 910 337
2660 837 2775 894 Nisi
2822 840 2960 897 forte
3007 842 3148 899 hunc
3185 847 3412 902 animum
3437 851 3757 925 gessit,quem

2251 944 2593 988 successores
2621 932 2738 1002 ejus
2768 934 2967 992 habere
3000 939 3376 1010 perspicimus;
3403 952 3456 997 ut
3479 952 3502 990 ε
3529 953 3672 1003 tamen
3691 965 3757 1005 re

2251 1022 2390 1076 niam
2425 1023 2526 1078 etsi
2569 1025 2862 1092 postularet
2884 1069 2900 1095 ,
2941 1029 3021 1084 sic
3047 1029 3145 1085 sibi
3175 1031 3334 1088 vellet
3371 1033 3608 1105 impendi,
3632 1047 3675 1094 ut
3695 1039 3757 1096 ui-

2249 1111 2538 1171 hilominus
2568 1117 2622 1172 in
2650 1133 2837 1174 errore
2877 1120 3188 1189 persisteret
3217 1141 3230 1176 :
3265 1124 3349 1180 ubi
3377 1125 3544 1198 utique
3565 1144 3652 1184 non
3677 1140 3757 1190 tam

2249 1221 2279 1262 a
2309 1207 2463 1264 nobis
2493 1210 2656 1280 recipi
2686 1211 2956 1269 videretur
2981 1254 2996 1278 ,
3044 1229 3203 1284 quam
3253 1217 3304 1272 in
3352 1232 3492 1274 suam
3518 1221 3664 1289 potius
3686 1239 3757 1280 nos

2212 1328 2219 1333 -
2249 1303 2553 1374 traduceret
2581 1307 2920 1377 pravitatem.
2967 1309 3137 1378 Quem
3179 1321 3377 1367 reatum
3405 1328 3462 1371 se
3487 1316 3758 1374 confessurus

2247 1409 2494 1456 asserunt
2537 1410 2662 1457 ante
2691 1405 3004 1459 certamen?
3043 1406 3086 1459 si
3129 1414 3306 1460 reatus
3332 1416 3426 1471 est,
3455 1409 3613 1477 utique
3633 1411 3758 1466 corri-

2245 1489 2450 1559 gendus
2480 1501 2594 1558 est;
2636 1492 2681 1548 si
2705 1493 3078 1564 corrigendum
3111 1512 3215 1551 non
3245 1505 3454 1568 putant,
3484 1499 3697 1557 fallaciter
3716 1517 3758 1557 se

2244 1590 2451 1636 reatum
2490 1579 2518 1620 ¹ι
2547 1583 2827 1653 perhibent
2865 1586 3103 1656 proﬁteri
3140 1605 3153 1642 :
3197 1589 3326 1655 nisi,
3365 1591 3494 1660 quod
3519 1599 3591 1645 est
3627 1590 3757 1648 infeli-

2245 1673 2382 1738 cius,
2416 1688 2535 1729 cutn
2567 1685 2622 1730 et
2650 1675 2884 1733 fatentur
2913 1688 3141 1745 reatum,
3166 1688 3222 1734 et
3244 1695 3346 1735 nou
3376 1681 3614 1736 aestimant
3635 1684 3756 1738 corri-

2243 1765 2498 1836 gendum.
2531 1766 2662 1822 lllud
2694 1783 2906 1838 quoque
2935 1769 3112 1826 ridere
3150 1786 3234 1826 me
3273 1771 3440 1841 libuit,
3469 1773 3593 1842 quod
3617 1773 3756 1828 aitzsi

543 1875 644 1932 per
673 1875 907 1917 canones
954 1861 1094 1918 inter
1143 1863 1300 1917 sedes
1328 1861 1533 1916 nullum
1563 1863 1771 1929 {nomen
1811 1863 2038 1932 accepit,
2079 1862 2134 1916 in
2164 1857 2212 1919 B
2238 1878 2437 1920 necesse
2466 1863 2622 1935 fuerit
2657 1865 2857 1919 ueniam
2901 1867 3197 1935 postulare;
3232 1867 3528 1923 existimans
3561 1866 3755 1923 nimirum

543 1955 980 2011 communionem
1010 1954 1260 2011 recidens
1283 1955 1634 2024 perﬁdorum,
1669 1970 1775 2010 non
1801 1954 1986 2011 debuit
2010 1955 2137 2009 sul:-

541 2048 790 2104 moveri?
833 2050 915 2102 An
944 2048 1033 2119 qui
1071 2046 1274 2102 homini
1303 2046 1328 2085 b
1358 2048 1565 2104 mentiti
1607 2047 1860 2102 dicuntur
1903 2047 2138 2118 imperu-
2182 2113 2188 2120 ,

543 2140 671 2206 tori,
696 2149 750 2195 et
777 2140 1154 2210 imperatorem
1177 2140 1384 2196 ltcsisse
1411 2138 1786 2210 perhibentur,
1813 2139 2009 2210 depelli
2035 2139 2136 2194 de-

539 2233 813 2299 buerunt;
855 2241 909 2288 et
957 2234 1010 2288 in
1038 2233 1230 2299 Deum,
1268 2235 1362 2303 qui
1390 2247 1633 2289 summus
1674 2248 1736 2288 ac
1767 2249 1926 2288 verus
1967 2234 2137 2303 impe-

539 2334 696 2388 rator
719 2335 818 2392 est,
845 2326 1101 2381 Acacium
1134 2326 1561 2394 delinquentem,
1597 2325 1971 2395 sinceramque
1991 2341 2136 2380 com-

540 2421 854 2476 munionem
903 2420 1072 2475 divini
1115 2419 1441 2475 sacramenti
1481 2434 1604 2474 cum
1646 2418 1864 2488 perﬁdis
1908 2419 2138 2475 miscere

539 2510 871 2576 studentem,
901 2509 1195 2566 secundum
1217 2509 1502 2580 synodum,
1528 2509 1580 2563 in
1612 2522 1716 2579 qua
1743 2509 1858 2564 brec
1887 2518 1970 2564 est
1989 2508 2139 2564 dam-

541 2611 670 2658 nata
716 2601 962 2671 perﬁdia,
1005 2617 1114 2656 non
1161 2601 1446 2671 oportebat
1483 2601 1696 2657 excludi
1728 2601 1904 2665 '!_Sed
1950 2601 2135 2668 velint,

540 2693 740 2760 nolint,
759 2703 780 2730 ε
806 2691 974 2762 ipsius
998 2692 1196 2762 judicia
1228 2693 1445 2763 antiqua
1469 2706 1733 2748 canonum
1757 2693 2139 2749 constitutione

539 2785 847 2842 ﬁrmantur.
873 2786 976 2841 Sed
1004 2787 1240 2856 religiosi
1267 2787 1366 2842 viri
1396 2797 1557 2858 atque
1579 2787 1803 2858 perfecti
1841 2768 2136 2843 secundum

539 2895 782 2938 canones
803 2894 1116 2936 concessam
1147 2879 1263 2935 sedi
1293 2881 1607 2950 apostolica:
1634 2889 1955 2951 potestatem
1979 2883 2140 2936 nimi-

538 2983 662 3029 rum
691 2981 958 3028 conantur
1001 2972 1239 3040 eripere,
1271 2981 1327 3028 et
1355 2973 1573 3029 sibimet
1610 2988 1731 3028 eam
1759 2981 1945 3028 contra
1973 2988 2138 3029 cauo-

538 3080 637 3123 ttes
666 3080 928 3136 usurpare
956 3066 1307 3122 contendunt.
1352 3065 1398 3122 0
1433 3080 1702 3122 canonum
1731 3067 2018 3136 magistros
2051 3075 2132 3120 at-

540 3175 646 3231 que
688 3160 968 3216 custodes!
1013 3159 1169 3214 nobis
1213 3159 1418 3224 nullum
1458 3158 1538 3213 fas
1568 3166 1652 3214 est
1686 3159 1825 3214 inire
1863 3167 2137 3214 certamen

2243 1964 2367 2012 tunc
2414 1970 2475 2012 se
2520 1958 2829 2013 necessario
2856 1960 3065 2015 veniam
3113 1961 3315 2030 peccati
3364 1961 3755 2032 postulare,siei

2239 2048 2601 2104 concedamus
2628 2065 2696 2106 ne
2725 2065 2949 2122 peccare
2978 2052 3222 2120 desistat,
3271 2055 3428 2110 immo
3468 2055 3629 2122 etiam,
3651 2054 3754 2126 quod

2239 2140 2402 2209 absit,
2432 2155 2552 2196 cum
2579 2141 2769 2198 eodem
2798 2146 3195 2200 consentiamus
3226 2161 3321 2202 nos
3348 2163 3544 2218 quoque
3568 2161 3754 2218 peccare.

2240 2230 2432 2288 Nescio
2461 2233 2600 2288 inter
2627 2249 2748 2304 qua:
2771 2235 3012 2306 prodigia
3043 2236 3232 2291 mundi
3275 2237 3386 2293 haec
3413 2252 3505 2292 vox
3533 2237 3669 2308 possit
3687 2235 3756 2291 ad-

2241 2323 2399 2378 mitti.
2429 2322 2646 2378 Remitti
2672 2326 2825 2394 culpa
2853 2325 2920 2382 de
2951 2329 3226 2396 prmterito
3254 2337 3461 2399 potest,
3489 2331 3756 2384 correctione

2239 2412 2357 2468 sine
2394 2413 2559 2470 dubio
2598 2415 2980 2486 subsequente.
3034 2417 3167 2473 Na‘m
3204 2419 3249 2474 si
3291 2417 3532 2488 deinceps
3574 2417 3754 2472 isinitur

2241 2521 2492 2562 mansura
2525 2509 2848 2577 perversitas
2873 2550 2888 2574 ,
2921 2523 3024 2563 non
3054 2518 3139 2564 est
3169 2502 3460 2582 beiiignitas
3484 2507 3754 2577 remittentis,

2240 2601 2334 2656 sed
2360 2601 2748 2657 consentientis
2779 2600 2792 2652 i
2828 2603 3141 2658 assentatio.
3185 2603 3299 2659 Non
3330 2603 3510 2658 mirum
3538 2603 3580 2659 si
3604 2603 3752 2658 istisc-

2241 2693 2364 2749 dem
2411 2694 2550 2752 beati
2597 2693 2824 2764 apostoli
2873 2694 3016 2750 Petri
3068 2695 3441 2767 blasphemarc
3475 2703 3752 2768 praesumant,

2239 2785 2329 2855 qui
2354 2785 2476 2841 talia
2500 2795 2746 2855 portenta
2769 2787 2855 2842 vel
2876 2787 3038 2843 corde
3055 2798 3271 2859 gerunt,
3290 2790 3373 2844 vel
3389 2804 3476 2845 ore
3496 2786 3752 2852 diﬁ‘undunt,

2239 2889 2294 2936 et
2330 2893 2429 2934 nos
2457 2879 2676 2948 insuper
2713 2881 2975 2949 superbos
3004 2896 3126 2937 esse
3165 2883 3538 2953 pronuntiant,
3575 2897 3670 2938 cum
3699 2881 3755 2936 eis

2242 2974 2409 3042 prima
2438 2973 2594 3029 sedes
2614 2973 2868 3044 quidquid
2892 2983 2975 3030 est
2995 2975 3213 3045 pietatis
3245 2993 3350 3033 non
3371 2977 3577 3033 desistat
3594 2973 3753 3037 olferre,

2241 3065 2316 3119 illi
2347 3063 2371 3103 κ
2401 3066 2560 3121 etiam
2591 3065 2708 3136 ipso
2739 3075 2988 3138 protervo
3025 3082 3084 3124 se
3122 3069 3314 3138 spiritu
3361 3069 3615 3140 subjugare
3639 3078 3756 3137 posse

2241 3159 2535 3214 conﬁdant.
2566 3159 2672 3216 Sed
2701 3169 2886 3228 captos
2923 3172 3102 3216 mente
3140 3161 3319 3218 facere
3348 3163 3446 3217 ista
3477 3176 3571 3217 non
3611 3159 3753 3214 nurum

540 3266 666 3308 cum
715 3253 1022 3308 hominibus
1070 3253 1466 3309 communionis
1501 3253 1714 3318 alienae,
1768 3251 1946 3308 divina
1990 3252 2138 3309 Scri-
2164 3243 2211 3308 C
2241 3261 2342 3307 est.
2397 3249 2488 3307 Sic
2527 3251 2818 3321 phrenetici
2857 3249 2876 3290 ι
2911 3253 3087 3308 solent
3125 3255 3454 3310 medicantes
3475 3265 3678 3325 quosque
3695 3247 3755 3304 vel

537 3356 700 3416 plura
728 3345 1057 3415 prtedicante
1087 3363 1099 3398 :
1124 3344 1441 3400 Hteretieum
1485 3345 1741 3401 hominem
1772 3355 1883 3416 post
1911 3347 2130 3417 primam

539 3446 591 3494 et
611 3439 887 3494 secundam
907 3441 1275 3512 correptionem
1304 3440 1496 3507 devita,
1522 3437 1751 3506 sciens“,
1771 3440 1910 3510 quod
1929 3456 2130 3511 perver-

540 3548 628 3587 sus
657 3542 731 3588 est
757 3533 1074 3606 hujusmodi,
1115 3536 1326 3605 proprio
1346 3535 1551 3608 judicio
1582 3534 1858 3590 damnatus
1889 3535 2016 3608 ('l'it.
2048 3551 2124 3604 nr,

538 3626 658 3698 10).
691 3626 830 3683 Ecce
859 3639 1184 3698 cognoscant
1215 3628 1339 3698 quia
1371 3643 1476 3683 non
1506 3629 1680 3684 solum
1721 3628 1788 3682 ab
1821 3627 1949 3695 alio,
1979 3630 2070 3684 sed
2099 3643 2130 3683 a

539 3732 601 3773 se
629 3732 842 3788 quoque
873 3719 990 3788 ipse
1008 3719 1296 3773 damnetur
1327 3718 1635 3774 haereticus!
1681 3718 1816 3773 lllud
1843 3728 2022 3774 autem
2053 3721 2132 3774 ni-

538 3808 647 3864 mis
667 3818 751 3864 est
778 3809 1081 3874 impudens,
1118 3811 1257 3878 quod
1285 3811 1540 3864 Acacium
1575 3810 1789 3863 veniam
1836 3812 2135 3878 postulasse

541 3899 874 3969 conﬁngunt,
901 3909 956 3954 et
978 3913 1089 3955 'nos
1111 3901 1386 3956 exstitisse
1413 3900 1682 3957 difﬁciles.
1710 3901 1888 3957 Testis
1909 3911 1986 3956 est
2021 3901 2131 3956 fra-

539 3999 626 4046 ter
667 4001 868 4056 vester,
914 3991 1056 4046 ﬁlius
1100 4006 1272 4056 meus,
1320 3994 1402 4046 vir
1432 3992 1658 4047 illustris
1703 3994 2132 4063 Andromaebns,

542 4081 669 4152 quia
700 4091 757 4138 et
782 4097 814 4136 a
849 4083 1002 4139 nobis
1031 4084 1370 4140 abundanter
1399 4086 1693 4142 instructus
1723 4097 1828 4156 est,
1854 4099 1912 4143 ut
1937 4088 2134 4144 cohor-

541 4181 750 4230 taretur
776 4175 1055 4240 Acacium,
1080 4175 1321 4246 deposita
1351 4176 1734 4248 obstinatione,
1781 4181 2122 4251 resipiscere,

542 4275 600 4322 et
617 4266 686 4322 ad
706 4267 852 4322 sedis
873 4266 1183 4338 apostolica:
1207 4268 1453 4324 remeate
1474 4271 1828 4338 consortium,
1853 4271 2049 4342 quique
2070 4286 2128 4327 se

536 4359 1020 4432 subJurejurando
1059 4371 1082 4399 ε’
1113 4363 1321 4432 magnis
1361 4377 1485 4420 cum
1530 4363 1718 4420 eodem
1760 4364 2128 4420 molitionibus

2239 3346 2423 3401 hostes
2471 3354 2694 3415 putare,
2745 3345 2829 3400 vel
2875 3345 3104 3402 caedere.
3170 3346 3366 3415 Quaero
3415 3355 3576 3401 tamen
3608 3343 3662 3398 ab
3697 3339 3756 3394 bis

2237 3436 2496 3506 judicium
2547 3436 2689 3508 quod
2734 3438 3110 3508 praetendunt,
3154 3439 3370 3495 ubinam
3402 3437 3558 3510 possit
3579 3430 3756 3506 agitarit

2239 3546 2305 3584 an
2333 3529 2474 3599 apud
2513 3530 2660 3600 ipsos
2684 3573 2698 3597 ,
2730 3542 2785 3585 ut
2825 3531 2985 3587 iidem
3013 3533 3120 3587 sint
3152 3534 3353 3590 inimici
3376 3575 3391 3600 ,
3423 3542 3571 3590 testes
3589 3537 3636 3586 et
3654 3525 3754 3598 judi-

2240 3622 2366 3677 ces?
2406 3621 2509 3677 Sed
2541 3621 2631 3676 tali
2671 3611 2872 3692 judicio
2920 3638 3018 3678 nec
3062 3623 3296 3680 humana
3341 3625 3528 3680 debent
3553 3615 3755 3677 committi

2242 3715 2454 3784 negotia
2481 3755 2497 3780 ,
2539 3713 2734 3768 nedum
2762 3713 2956 3770 divina:
2989 3716 3118 3786 legis
3145 3717 3441 3788 integritas.
3485 3715 3537 3772 Si
3558 3719 3753 3784 quantum

2236 3806 2304 3861 ad
2324 3805 2640 3876 religionem
2671 3805 2926 3875 pertinet,
2949 3820 3054 3861 non
3077 3807 3181 3862 nisi
3209 3808 3507 3880 apostolicae
3529 3803 3627 3861 sedi
3642 3802 3754 3872 juxta

2235 3913 2469 3954 canones
2495 3898 2721 3953 debetur
2768 3898 2932 3954 totius
2958 3914 3166 3954 summa
3207 3900 3429 3970 judicii;
3459 3900 3532 3954 sic
3555 3902 3753 3966 quantum

2236 3991 2302 4046 ad
2333 3991 2513 4046 saeculi
2549 3998 2891 4060 potestatem,
2922 4002 2962 4030 ω
2995 3993 3084 4048 illa
3113 4008 3145 4047 a
3187 3993 3522 4064 pontiﬁcibus
3547 3998 3596 4047 et
3616 3983 3754 4059 praci-

2236 4100 2340 4155 puc
2367 4099 2395 4137 a
2426 4085 2564 4140 beati
2597 4083 2741 4140 Petri
2769 4083 2971 4139 vicario
3011 4083 3174 4139 debet
3204 4098 3549 4155 cognoscere,
3574 4093 3671 4151 qua:
3691 4074 3752 4130 di-

2235 4177 2356 4232 vina
2385 4186 2508 4230 sunt
2532 4217 2546 4242 ,
2577 4191 2684 4230 non
2716 4175 2833 4245 ipsa
2875 4174 3064 4230 eadem
3093 4175 3358 4245 judicare.
3403 4173 3509 4231 Nec
3529 4181 3554 4210 ιι
3579 4169 3660 4226 sibi
3680 4165 3753 4221 hoc

2233 4270 2511 4342 quisquam
2544 4270 2947 4339 potentissimus
2995 4269 3174 4324 saeculi
3194 4311 3210 4336 ,
3253 4271 3344 4340 qui
3375 4279 3539 4324 tamen
3565 4259 3752 4320 christia-

2236 4380 2336 4420 nus
2361 4374 2463 4429 est,
2493 4363 2774 4434 vindicare,
2798 4365 3092 4434 praesumit,
3123 4363 3227 4418 nisi
3263 4364 3559 4435 religionem
3584 4353 3752 4412 forsitan

611 4509 640 4572 ξ
677 4501 822 4556 Edit.
851 4502 1018 4558 Cone.
1049 4504 1234 4560 delent
1260 4521 1362 4558 non
1388 4504 1590 4569 solum;
1632 4503 1727 4559 sed
1772 4518 1878 4558 non
1921 4505 1991 4558 ita
2021 4518 2118 4557 no-
2153 4507 2207 4566 Ι)
2233 4512 2403 4556 tamen
2431 4518 2488 4556 eo
2517 4502 2561 4556 si
2579 4521 2599 4567 ;
2635 4501 2971 4572 correximus
3010 4510 3177 4556 tamen
3204 4503 3302 4557 etsi
3322 4543 3336 4564 ,
3364 4516 3394 4555 a
3421 4516 3515 4570 qua
3541 4494 3752 4572 ωοάῇωιιι

537 4570 659 4640 atri,
684 4587 785 4628 nec
806 4574 1074 4640 Quesnelli
1101 4575 1336 4632 codices.

612 4639 642 4680 δ
684 4639 882 4712 Veron.
911 4653 965 4698 et
995 4645 1111 4699 Vat.
1145 4645 1214 4699 Is.
1238 4661 1358 4700 cum
1389 4646 1822 4712 editis,inentitus
1841 4645 2045 4699 dicitur.

614 4722 638 4751 ο
677 4711 885 4787 Thuan.
911 4715 1054 4781 cod.,
1085 4717 1458 4787 ips’iusjudicio
1485 4719 1694 4785 antiqua
1720 4733 1975 4770 canonum
2003 4732 2124 4770 ron-

537 4783 719 4838 stituta
744 4784 1036 4858 ﬁrmantur.
1087 4783 1458 4855 Vulg.'Conc.,
1492 4783 1652 4856 ipsius
1674 4788 1872 4858 judicio
1901 4789 2123 4856 antiqua:

537 4870 793 4909 canonum
818 4856 1199 4911 constitutiones
1233 4859 1595 4924 ﬁrmabuntur.
1639 4856 1799 4912 Addit
1831 4857 2029 4924 Quesn.
2066 4859 2119 4911 in

536 4927 780 4996 margine
804 4943 819 4983 :
843 4926 1043 4980 Codicis
1074 4927 1376 4982 Oxoniensis
1397 4930 1663 4983 lectionem
1690 4929 1957 4995 conﬁrmat
1978 4930 2122 4982 sinti-

535 4994 602 5049 lis
631 4994 851 5066 margini
878 4997 1159 5052 Labbeanae
1184 4999 1417 5052 editionis
1439 4994 2036 5066 Concilioruminscripta
2054 5015 2115 5054 ex

534 5081 634 5140 ms.
685 5071 886 5133 codice,
937 5077 983 5120 ct
1014 5071 1180 5140 totius
1221 5071 1478 5124 ratiocinii
1519 5071 1770 5140 pontiﬁcii
1813 5072 1989 5123 series.
2037 5069 2112 5124 lla

533 5138 698 5194 etiam
729 5140 901 5211 nostri
927 5139 1086 5195 codd.
1117 5139 1304 5195 Solum
1338 5142 1392 5194 in
1424 5141 1622 5195 Veron.
1654 5138 1876 5195 habetur
1904 5142 2110 5211 ﬁrmen-

535 5215 642 5280 tur,
675 5219 730 5265 et
758 5213 814 5266 in
843 5210 965 5264 Vat.
999 5211 1125 5266 Isid.
1152 5227 1272 5267 cum
1302 5213 1477 5277 Merl.,
1512 5213 1870 5280 ﬁrmabuntur.

603 5277 632 5317 ἀ
672 5281 830 5352 Vulg.
875 5282 1040 5337 Cone.
1082 5298 1205 5338 cum
1246 5299 1377 5338 mss.
1419 5277 1544 5337 Ver.
1585 5293 1639 5338 et
1679 5283 1797 5336 Vat.
1838 5283 1930 5347 ls.,
1975 5283 2112 5352 quod

533 5349 832 5424 hujusmodi
869 5355 1150 5425 delinquat,
1191 5356 1419 5426 proprio.
1458 5355 1580 5410 Mox
1616 5354 1840 5422 Quesn.,
1875 5371 1934 5408 en
1967 5349 2112 5409 reco-

570 5439 798 5479 noscant.

532 5435 798 5491 gnoscanl.

605 5504 630 5571 ξ
677 5494 833 5571 Vind.
866 5505 920 5553 et
945 5497 1168 5571 Veron.,
1196 5499 1379 5571 magis.

486 5562 502 5642 ς
558 5633 569 5642 _
608 5562 638 5642 ξ
673 5566 764 5622 Sic
795 5570 964 5642 nostri
995 5562 1313 5642 codd.'mss'.
1338 5579 1392 5624 et
1419 5565 2111 5642 vulg.Conc._Quesnellus,

533 5633 814 5711 deﬂectere.
835 5640 978 5708 Mox,
1008 5657 1106 5711 pro
1135 5641 1401 5706 indicium,
1425 5633 1569 5708 vulg.
1593 5653 1712 5692 cum
1743 5638 2111 5711 'l‘huan.c_od.,

529 5706 809 5776 judicium,
856 5706 1030 5765 minus
1080 5714 1234 5768 bene.
1286 5712 1417 5766 Dein
1461 5706 1661 5765 veniam
1701 5723 1820 5764 cum
1867 5707 2116 5765 omnibus

533 5779 736 5850 nostris
767 5795 895 5835 mss.
928 5792 981 5836 et
1009 5784 1152 5850 vulg.
1188 5784 1563 5837 inseruimus.~

603 5854 634 5899 σ
671 5847 1005 5921 Quesnellus,
1028 5847 1228 5921 tametsi
1252 5853 1454 5908 veniam
1480 5854 1574 5910 sibi
1600 5852 1899 5920 postularet.
1935 5851 2114 5920 Vind.,

2227 4574 2530 4642 discrepant
2574 4565 2716 4643 vulg.
2759 4567 2948 4635 Conc.,
2993 4582 3161 4628 tamen
3206 4574 3252 4627 si
3288 4565 3480 4629 ueniam
3510 4565 3749 4641 postularet.

2228 4644 2474 4699 Concinit
2499 4645 2658 4700 etiam
2689 4643 2809 4699 eod.
2840 4643 3037 4698 Veron.

2299 4698 2337 4751 ιιί
2357 4698 2568 4782 Quesn.
2599 4698 2934 4779 inseritnon,
2967 4717 3145 4769 minus
3173 4725 3340 4770 recte.
3365 4709 3625 4779 Sequentia
3649 4698 3750 4775 quod

2224 4786 2320 4854 ait,
2355 4781 2407 4840 si
2433 4803 2632 4840 necesse
2660 4787 2834 4852 fuerit,
2868 4797 2970 4840 etc.
2997 4826 3013 4850 ,
3049 4801 3152 4840 non
3185 4785 3252 4841 de
3285 4786 3510 4849 Acacio,
3547 4781 3610 4854 uti
3633 4785 3751 4854 neruo

2225 4843 2474 4924 credidit,
2505 4856 2596 4911 sed
2631 4843 2698 4912 de
2730 4843 3049 4924 Euphemio,
3077 4857 3164 4912 cui
3194 4855 3297 4911 hac
3322 4858 3373 4911 in
3403 4843 3605 4926 epistola
3631 4843 3749 4902 Gela-

2226 4929 2339 4982 sius
2369 4929 2676 4997 respondet,
2712 4927 3050 4997 intelligenda
3083 4935 3226 4982 sunt.

2300 4998 2314 5036 ί
2359 4999 2519 5053 Vind.
2547 5011 2602 5054 et
2626 4997 2774 5054 Labb
2827 4999 2880 5051 in
2918 4998 3176 5069 margine,
3202 4998 3436 5069 ﬁngitur-
3646 5059 3654 5069 .
3689 5054 3712 5069 ,.

2296 5071 2310 5140 _i
2359 5070 2516 5140 Vulg.
2541 5069 2732 5136 Conc.,
2759 5069 3004 5140 assensio.
3029 5064 3444 5140 VindJetVep,
3462 5064 3749 5140 ειιηιιηιίαιιιζἒ

2294 5138 2318 5178 ι·
2360 5122 2734 5196 είδέὴὶηῇέῖ
2767 5140 2928 5194 Vind.
2969 5122 3161 5194 Afﬁnis
3197 5122 3281 5194 est
3308 5122 3443 5194 cod.’
3462 5135 3663 5190 Veron.,
3691 5122 3749 5177 illi

2219 5213 2370 5265 etiam
2409 5222 2659 5283 protervo.
2708 5211 2861 5280 Vulg.
2898 5209 3087 5278 Conc.,
3131 5210 3207 5265 illi
3244 5226 3354 5264 eam
3399 5209 3506 5278 ipso
3547 5210 3746 5270 protervo.

2219 5283 2446 5351 Quesn.,
2479 5283 2557 5336 illi
2577 5299 2689 5337 eam
2720 5292 2973 5350 protervo.

2300 5352 2316 5391 ι
2360 5343 2559 5422 Quesn.
2587 5343 2734 5409 addit
2761 5355 2972 5425 quique,
3003 5351 3394 5423 refragantibus
3417 5349 3528 5405 aliis
3555 5343 3674 5412 vulg.
3702 5347 3748 5389 ac

2301 5371 2316 5391 ι
2360 5371 2559 5422 uttesn.
2587 5371 2734 5409 anan
2761 5371 2940 5479 qutjm

2218 5427 2520 5496 potioribus
2550 5425 2750 5496 nostris
2778 5440 2843 5480 co
2885 5425 2940 5478 d.

2291 5508 2330 5534 ιη
2370 5496 2504 5551 Cod.
2530 5495 2758 5562 Veron.,
2784 5495 2905 5561 ille;
2946 5510 3009 5551 ac
3033 5505 3237 5566 postea,
3268 5511 3370 5550 non
3397 5493 3516 5566 ipse.
3581 5564 3588 5566 _
3625 5551 3654 5566 ﬂ

2291 5577 2318 5605 η
2358 5567 2584 5636 Quesn.,
2613 5569 2658 5622 si
2683 5554 2782 5622 hoc
2797 5585 2821 5636 ,1
2853 5554 2908 5623 et
2931 5554 3077 5633 dein,
3105 5554 3444 5638 persequatur.
3467 5554 3747 5638 Praetulimgf

2217 5621 2651 5709 vulg.~Concil.i,
2678 5621 3086 5694 concinentibus
3105 5621 3271 5694 'mss:
3291 5637 3475 5709 Veron.
3503 5639 3553 5709 et
3578 5621 3746 5709 Vatzi‘n

2221 5702 2411 5781 quibus
2432 5711 2606 5765 solum
2629 5702 2770 5766 sicut
2795 5721 2850 5766 et
2881 5709 2935 5764 in
2970 5709 3122 5765 Vind.
3148 5702 3598 5781 n‘iendose-legitur

2158 5781 2179 5798 '
2221 5769 2448 5852 quentes.
2469 5781 2598 5854 Dein
2619 5798 2716 5854 pro
2733 5791 2949 5854 seruent,
2967 5783 3064 5836 nisi
3085 5782 3398 5854 resipiscam,
3417 5769 3544 5846 apud
3561 5769 3743 5835 Ουοθηη

2222 5861 2508 5922 reservent,
2539 5853 2639 5906 nisi
2665 5853 2985 5928 resipiscunt.
