3996 6344
241 367 342 424 635

692 359 920 418 CODEX
957 355 1285 416 CANONUM
1327 355 1606 414 ECCLES.
1648 356 1735 411 ET
1773 355 2352 415 CONSTITUTORUM
2391 358 2448 416 S.
2493 358 2686 418 SEDlS
2723 360 3065 424 APOSTOL.

3410 363 3520 427 654

240 493 590 555 persequens.
619 477 757 548 Quid
785 487 962 533 tamen
987 475 1252 542 dicerent,
1278 475 1324 530 si
1355 491 1461 530 non
1485 474 1689 530 chartis
1710 474 1824 531 suis
1851 480 1906 539 Α
1928 476 2120 534 deesse
2147 494 2464 552 comperero
2487 521 2505 549 ,
2545 496 2644 551 pro
2681 497 2803 538 meo
2838 484 3060 539 modulo
3088 485 3518 556 suggestionibus

241 581 295 636 in
316 578 566 634 omnibus
606 575 770 647 338
809 573 1191 629 vincerentur?
1238 573 1473 644 Ineptias
1497 573 1674 644 itaque
1699 587 1826 629 suas

237 675 340 733 sibi
365 680 606 737 servent,
638 671 741 725 nisi
771 669 1113 740 resipiscant,
1139 661 1322 738 potius
1350 668 1644 738 cogitantes
1670 665 1827 723 Chri-

237 769 304 825 sti
328 781 517 823 vocem
544 779 652 821 non
672 777 795 820 esse
819 763 1171 833 superfluam,
1194 777 1312 832 quae
1338 762 1659 818 confessioni
1684 763 1827 819 beati

237 860 382 918 Petri
426 857 656 930 apostoli
704 856 896 913 inferni
937 863 1119 927 portas
1161 871 1429 926 nunquam
1462 855 1826 926 pravalituras

236 949 486 1008 asseruit.
514 949 852 1021 Quapropter
884 963 991 1004 non
1020 962 1271 1005 veremur
1297 963 1366 1004 ne
1391 948 1684 1018 apostolica
1706 963 1828 1004 sen-

235 1043 401 1101 tentia
433 1042 754 1110 resolvatur,
784 1050 811 1079 ι
835 1055 993 1113 quam
1020 1051 1074 1096 et
1095 1055 1201 1101 .vox
1228 1039 1449 1108 Christi,
1482 1049 1538 1098 et
1564 1041 1826 1111 majorum

234 1132 574 1200 traditio,'et
597 1149 863 1190 canonum
900 1133 1050 1189 fulcit
1087 1133 1376 1189 auctoritas
1397 1174 1413 1200 ,
1453 1142 1510 1188 ut
1539 1142 1702 1190 totam
1734 1149 1826 1206 po-

237 1230 342 1286 tius
381 1228 674 1285 Ecclesiam
715 1241 928 1298 semper
965 1227 1078 1297 ipsa
1123 1225 1398 1297 dijudicet.
1445 1226 1552 1283 Sed
1593 1225 1830 1298 cogitent

236 1323 439 1394 magis,
474 1323 518 1379 si
541 1323 662 1392 quis
701 1321 755 1377 in
785 1322 866 1376 eis
893 1321 1167 1391 religionis
1194 1330 1278 1376 est
1316 1335 1526 1386 sensus,
1555 1335 1624 1380 ne
1650 1320 1827 1390 pravi-

234 1424 398 1471 tatem
427 1429 580 1470 suam
612 1413 915 1470 nullatenus
945 1413 1275 1483 deponentes
1299 1455 1315 1479 ,
1349 1412 1490 1482 apud
1528 1412 1692 1468 Deum
1725 1412 1827 1468 ho-

233 1509 516 1578 minesque
565 1506 712 1562 sedis
765 1506 1075 1576 apostolica:
1134 1506 1515 1563 constitutione
1571 1515 1829 1576 perpetua

231 1601 576 1656 damnentur.
629 1598 720 1655 Sic
757 1609 935 1654 autem
976 1598 1173 1655 dicitur
1202 1599 1369 1655 fuisse
1396 1599 1673 1653 definitum
1708 1641 1722 1665 ,
1773 1607 1865 1654 ut.

229 1693 488 1760 deinceps
510 1693 581 1748 de
606 1692 822 1764 negotio
845 1691 979 1747 nihil
1007 1691 1238 1759 dicatur,
1263 1691 1413 1759 quasi
1436 1691 1519 1747 vel
1549 1706 1689 1746 nunc
1708 1706 1826 1757 eos,

229 1785 685 1857 quemadmodum
716 1784 972 1852 novistis,
1022 1799 1142 1839 meo
1180 1784 1424 1839 duxerim
1455 1784 1674 1839 nomine
1707 1799 1829 1853 spc-

1930 572 2242 643 opportutiis
2279 573 2530 644 supplere
2576 575 2865 632 contendo.
2917 575 3325 646 Dispensatione
3367 579 3510 634 enim

1929 669 2058 723 mihi
2106 667 2272 724 divini
2311 668 2576 724 sermonis
2615 669 2870 740 iniuncta,
2919 668 3011 724 Va:
3035 670 3158 725 mihi
3197 681 3305 739 est,
3346 689 3391 726 si
3416 688 3518 728 non

1929 762 2333 835 evangeliztwero
2361 761 2402 833 (l
2429 761 2547 818 Cor.
2575 777 2654 829 ix,
2686 761 2797 834 16).
2833 762 2986 830 Quod
3014 779 3137 820 cum
3164 764 3270 821 Vas
3297 764 3519 821 electio-

1930 856 2012 910 nis
2034 855 2220 910 beatus
2242 855 2515 925 apostolus
2540 854 2732 910 Paulus
2753 854 3004 910 formidet
3023 863 3078 910 et
3103 856 3317 922 clamet,
3347 855 3517 913 multo

1932 947 2101 1018 magis
2127 947 2260 1003 mihi
2296 947 2487 1017 exiguo
2517 947 2859 1004 metuendum
2897 957 2998 1018 est,
3022 949 3068 1004 si
3091 948 3347 1005 divinitus
3372 959 3398 998 ι
3428 951 3516 1006 iii-

1930 1045 2133 1113 spirato
2159 1051 2213 1097 et
2235 1051 2454 1112 paterna
2490 1040 2775 1098 devotione
2819 1041 3156 1112 transmisso,
3195 1042 3515 1100 subtraxero

1930 1135 2286 1192 ministerium
2319 1134 2664 1206 praedicandi.

2000 1231 2126 1287 CAP.
2162 1231 2225 1286 ll.
2277 1260 2344 1272 —-
2387 1229 2648 1285 Pietatem
2674 1226 2702 1266 ¹³
2735 1239 2879 1286 tuam
2907 1245 3099 1301 precor
3121 1273 3137 1299 ,
3166 1247 3234 1288 ne
3263 1246 3518 1302 arrogan-

1933 1324 2058 1378 tiam
2086 1323 2290 1394 judicet
2315 1322 2510 1377 divinae
2557 1322 2778 1378 rationis
2804 1322 3060 1379 officium.
3109 1323 3278 1391 Absit,
3312 1339 3516 1394 quaeso,

1933 1431 1962 1472 a
1987 1415 2232 1472 Romano
2261 1415 2526 1486 principe,
2559 1424 2617 1470 ut
2641 1415 2937 1472 intimatam
2968 1418 3079 1473 suis
3108 1417 3353 1474 sensibus
3379 1418 3518 1474 veri-

1934 1519 2095 1565 tatem
2123 1508 2413 1563 arbitretur
2434 1507 2701 1576 iniuriam.
2737 1507 2852 1562 Duo
2881 1517 3006 1563 sunt
3033 1507 3252 1578 quippe,
3282 1509 3518 1580 impera-

1935 1610 2018 1657 tor
2049 1608 2291 1671 auguste,
2317 1600 2508 1670 quibus
2533 1600 2899 1671 principaliter
2923 1600 3155 1657 mundus
3183 1601 3270 1656 hic
3292 1602 3517 1672 regitur,

1932 1692 2221 1748 auctoritas
2257 1700 2461 1747 sacrata
2482 1691 2792 1762 pontificum
2821 1736 2836 1761 ,
2861 1701 2916 1749 et
2952 1693 3147 1764 regalis
3167 1701 3422 1764 potestas.
3463 1693 3518 1751 In

1932 1787 2126 1855 quibus
2152 1794 2298 1840 tanto
2318 1785 2531 1856 gravius
2560 1786 2768 1856 pondus
2795 1795 2879 1842 est
2916 1786 3253 1844 sacerdotum
3275 1829 3289 1851 ,
3320 1797 3520 1858 quanto

226 1877 440 1934 cialiter
469 1871 840 1945 alloquendos.
873 1875 1054 1947 Neque
1084 1877 1240 1946 plane
1268 1891 1387 1932 cum
1420 1877 1534 1931 istis
1575 1891 1679 1932 non
1710 1890 1829 1931 cor-
1861 1873 1908 1935 Β
1932 1878 2091 1933 etiam
2113 1892 2209 1948 pro
2230 1877 2359 1948 ipsis
2381 1877 2596 1948 regibus
2621 1877 2638 1916 ι
2672 1877 2948 1935 hominum
2971 1879 3024 1934 in
3054 1878 3235 1935 divino
3262 1879 3519 1938 reddituri

227 1970 530 2041 rigentibus
563 1969 795 2026 ineunda
824 1969 1135 2040 congressio
1158 2010 1175 2036 ,
1216 1969 1668 2040 quemadmodum
1701 1983 1826 2024 cum

225 2062 456 2118 aliarum
494 2077 708 2132 quoqth
747 2061 1014 2118 haeresum
1045 2063 1406 2117 sectatoribus
1437 2063 1711 2118 dimicatio
1737 2079 1827 2118 re-

226 2155 464 2210 tinenda.
511 2153 542 2194 Β
582 2153 689 2209 Vos
733 2164 911 2210 autem
951 2154 1128 2208 salvos
1156 2164 1208 2209 et
1239 2155 1467 2223 sospites
1510 2153 1827 2224 quantocius

227 2247 329 2305 huc
352 2247 577 2314 reverti,
599 2245 862 2302 continuis
895 2245 1232 2301 Divinitatem
1259 2245 1396 2301 votis
1427 2245 1750 2316 expetimus.

714 2360 1110 2417 CAPITULUM
1151 2360 1338 2417 XLIX.

231 2467 252 2498 ε
280 2457 524 2530 Epistola
573 2456 734 2511 sancti
775 2455 964 2511 Gelasii
991 2457 1216 2525 episcopi
1254 2457 1323 2510 ad
1367 2457 1696 2511 Anastasium
1730 2458 1826 2511 im-

869 2539 1170 2600 peraterem.

290 2624 429 2680 Cap.
468 2623 508 2678 1.
537 2652 608 2663 -
632 2622 840 2678 Famuli
866 2631 1059 2677 vestrae
1081 2622 1320 2692 pietatis,
1343 2621 1437 2676 filii
1468 2621 1570 2676 mei
1594 2620 1826 2678 Faustus

233 2718 496 2789 magister
522 2725 578 2772 et
604 2715 839 2770 [renatus
858 2714 958 2769 viri
987 2715 1242 2780 illustres,
1265 2724 1424 2784 atque
1448 2728 1633 2768 eorum
1660 2713 1826 2768 comi-

233 2819 313 2866 tes
343 2809 568 2879 publica
609 2807 875 2877 legatione
927 2806 1207 2877 fungentes
1252 2806 1318 2860 ad
1359 2805 1555 2863 Urbem
1595 2807 1823 2875 reversi,

228 2900 575 2956 clementiam
603 2906 840 2954 vestram
867 2896 893 2935 ἀ
925 2897 1180 2954 dixerunt
1207 2899 1466 2968 quaesisse
1498 2914 1595 2954 cur
1626 2897 1693 2954 ad
1732 2912 1828 2954 vos

227 3007 360 3049 mete
388 2991 734 3046 salutationis
769 2990 968 3061 scripta
999 3006 1104 3046 non
1141 2989 1403 3046 miserim.
1445 2990 1563 3048 Non
1602 3006 1722 3048 meo
1750 2991 1830 3047 fa-

230 3095 344 3141 teor
370 3085 648 3150 instituto;
705 3083 801 3138 sed
831 3097 956 3138 cum
1007 3082 1200 3139 directi
1244 3083 1445 3139 dudum
1474 3083 1543 3140 de
1588 3084 1828 3154 partibus

230 3176 470 3234 Orientis
491 3177 578 3233 vel
608 3175 824 3233 videndi
855 3192 942 3232 me
971 3177 1242 3232 licentiam
1276 3178 1378 3234 sibi
1403 3179 1599 3234 vestris
1627 3193 1830 3249 praece-

1933 1982 2056 2028 sunt
2083 1974 2330 2029 examine
2359 1973 2644 2029 rationem.
2678 1972 2827 2029 Nosti
2859 1973 3082 2039 etenim,
3112 1973 3185 2030 ﬁli
3214 1974 3521 2031 clementis-

1931 2067 2088 2131 sime,
2117 2067 2370 2135 quoniam
2401 2062 2528 2120 licet
2565 2065 2856 2135 prmsideas
2887 2067 3120 2121 humano
3147 2067 3328 2137 generi
3351 2065 3522 2136 digni~

1931 2167 2060 2224 tate,
2085 2168 2451 2214 verumtamen
2475 2159 2794 2226 praesulibus
2819 2174 2998 2215 rerum
3026 2159 3330 2215 divinarum
3357 2148 3521 2216 devo-

1933 2263 2017 2308 tus
2047 2252 2184 2309 colla
2211 2252 2482 2308 submittis
2502 2294 2516 2319 ,
2558 2263 2718 2324 atque
2749 2254 2818 2308 ab
2859 2255 2938 2309 eis
2981 2268 3170 2310 causas
3200 2263 3306 2310 tuas
3331 2255 3518 2311 salutis

1935 2347 1950 2395 t
2002 2345 2230 2414 expetis,
2273 2344 2432 2412 inque
2474 2345 2748 2400 sumendis
2793 2345 3102 2403 ccelestibus
3146 2348 3515 2415 sacramentis,

1930 2439 2140 2509 eisque,
2171 2447 2230 2492 ut
2260 2438 2539 2508 competit,
2571 2439 2919 2509 disponendis
2944 2439 3097 2496 subdi
3127 2449 3180 2497 te
3210 2441 3409 2498 debere
3429 2456 3520 2498 co-

1930 2531 2144 2601 gnoscis
2164 2529 2441 2601 religionis
2461 2531 2672 2600 ordine,
2697 2533 2877 2602 potius
2902 2547 3060 2603 quam
3088 2548 3342 2604 praeesse,
3370 2534 3394 2572 ι
3422 2535 3520 2590 ita-

1929 2639 2034 2693 que
2083 2623 2224 2679 inter
2269 2623 2384 2678 haec
2423 2638 2488 2679 ex
2539 2623 2753 2679 illorum
2801 2633 2852 2680 te
2892 2625 3131 2696 pendere
3151 2625 3376 2693 judicio,
3413 2641 3520 2683 non

1929 2716 2053 2772 illos
2101 2715 2167 2771 ad
2217 2726 2362 2770 tuam
2402 2715 2569 2786 redigi
2613 2717 2750 2771 velle
2787 2718 3138 2773 voluntatem.
3185 2714 3203 2754 ι
3253 2715 3311 2772 Si
3353 2715 3520 2782 enim,

1929 2817 2187 2878 quantum
2237 2807 2305 2862 ad
2350 2808 2594 2862 ordinem
2643 2808 2874 2877 publicae
2919 2810 3153 2878 pertinet
3198 2809 3519 2880 disciplinae,

1930 2908 2316 2968 cognoscentes
2375 2899 2659 2969 imperium
2726 2898 2824 2954 tibi
2883 2914 3113 2969 superna
3170 2901 3521 2971 dispositione

1930 2990 2184 3048 collatum
2209 3034 2224 3060 ,
2255 2989 2462 3061 legibus
2505 2991 2611 3046 tuis
2646 2991 2747 3060 ipsi
2786 3006 3000 3062 quoque
3031 3002 3217 3062 parent
3246 2990 3521 3062 religionis

1931 3084 2223 3153 antistites,
2249 3099 2316 3139 ne
2337 3083 2420 3139 vel
2458 3084 2511 3138 in
2537 3083 2698 3139 rebus
2727 3083 3012 3140 mundanis
3041 3085 3276 3140 exclusa:
3302 3084 3520 3148 videan-

1934 3187 2019 3234 tur
2039 3179 2256 3234 obviare
2285 3178 2593 3244 sententiae;
2639 3193 2747 3249 quo
2765 3222 2779 3246 ,
2809 3192 2906 3233 oro
2934 3187 3019 3244 te,
3046 3178 3202 3234 decet
3229 3177 3418 3234 affectu
3439 3179 3520 3236 eis

229 3268 503 3340 ptionibus
532 3269 880 3340 abnegatam,
913 3277 1026 3324 tota
1052 3269 1188 3324 urbe
1213 3268 1588 3340 disperserint,
1618 3284 1648 3326 a
1679 3271 1821 3326 litte-
1845 3269 1893 3334 C
1925 3271 2162 3335 obedire,
2183 3269 2708 3341 quimprzerogandis
2722 3269 3117 3326 venerabilibus
3133 3279 3257 3326 sunt
3276 3269 3518 3326 attributi

233 3365 308 3420 ris
331 3363 536 3420 credidi
582 3364 988 3434 temperandum
1014 3404 1027 3429 ,
1062 3379 1131 3420 ne
1158 3379 1419 3421 onerosus
1454 3365 1630 3435 potius
1657 3380 1818 3435 quam

237 3455 502 3512 officiosus
530 3455 841 3513 existerem.
896 3456 1106 3514 Videtis
1152 3457 1312 3529 igitur
1359 3473 1466 3514 non
1504 3474 1622 3516 mea
1661 3459 1818 3515 dissi-

231 3549 523 3607 mulatione
570 3551 919 3621 provenisse,
968 3553 1065 3609 sed
1111 3551 1467 3622 competentis
1499 3552 1662 3609 fuisse
1687 3567 1817 3610 cau-

225 3640 346 3698 telae
370 3681 390 3710 ,
426 3657 498 3699 ne
536 3644 918 3713 respuentibus
953 3644 1146 3699 animis
1186 3645 1462 3701 molestias
1503 3647 1813 3716 irrogarem.

226 3731 330 3789 Sed
361 3733 458 3790 ubi
486 3735 791 3791 serenitatis
813 3743 918 3790 tua;
941 3736 1367 3792 benevolentiam
1394 3739 1653 3808 comperi,
1683 3753 1820 3808 prae-

223 3825 340 3883 fatis
373 3824 740 3881 indicantibus
769 3825 1085 3883 humilitatis
1130 3828 1294 3900 339
1340 3843 1475 3886 mea:
1521 3829 1817 3886 clementer

220 3921 496 3992 expetisse
543 3934 885 3989 sermonem,
913 3921 1022 3991 jam
1070 3937 1259 3978 revera
1304 3923 1563 3994 perpendi
1605 3933 1630 3962 ο
1659 3939 1819 3995 repu-

221 4015 450 4072 tandum
477 4013 610 4070 mihi
654 4029 763 4070 non
807 4015 1075 4072 immerito
1117 4018 1163 4073 si
1192 4026 1427 4073 tacerem
1462 4035 1474 4070 :
1515 4018 1668 4087 quia,
1699 4018 1816 4089 glo-

219 4108 364 4165 riose
395 4106 508 4174 fili,
538 4115 591 4162 et
629 4108 768 4163 sicut
806 4107 1080 4164 Romanus
1121 4116 1276 4164 natus
1298 4150 1313 4176 ,
1343 4109 1644 4164 Romanum
1676 4109 1820 4178 prin-

219 4200 398 4273 cipem
435 4215 562 4256 amo
587 4241 604 4268 ,
637 4198 657 4238 ι
687 4200 923 4271 suspicio
946 4242 962 4268 ,
995 4200 1148 4266 colo;
1194 4209 1248 4256 et
1284 4200 1423 4256 sicut
1459 4199 1815 4268 Christianus,

219 4311 339 4352 cum
371 4310 502 4352 eum
531 4295 625 4366 qui
663 4295 834 4350 zelum
869 4293 965 4350 Dei
993 4293 1184 4359 habet,
1216 4295 1508 4349 secundum
1535 4293 1816 4350 scientiam

219 4389 468 4446 veritatis
493 4386 690 4444 habere
713 4386 990 4454 desidero;
1027 4396 1081 4442 et
1101 4387 1483 4458 qualiscunque
1506 4385 1817 4456 apostolicae

217 4483 363 4540 sedis
397 4482 654 4548 vicarius,
675 4480 818 4552 quod
846 4481 1152 4552 ubicunque
1179 4480 1352 4550 plena:
1381 4479 1505 4536 fidei
1537 4479 1817 4536 catholica:

1927 3365 2233 3437 mysteriis?
2269 3364 2432 3436 350
2469 3363 2700 3419 Proinde
2725 3365 2866 3420 sicut
2913 3379 3020 3420 non
3069 3365 3186 3420 leve
3227 3365 3519 3420 discrimen

1925 3458 2185 3514 incumbit
2234 3457 2574 3528 pontificibus
2621 3445 2990 3527 siluisse-pro
3029 3456 3332 3512 Divinitatis
3371 3457 3518 3514 cultu

1926 3549 2069 3622 quod
2093 3550 2357 3621 congruit,
2391 3550 2460 3603 ita
2488 3549 2592 3615 bis,
2626 3549 2769 3617 quod
2793 3547 2953 3613 absit,
2993 3563 3100 3602 non
3127 3547 3402 3604 mediocre
3425 3563 3519 3618 pe-

1927 3645 2152 3701 riculum
2177 3653 2290 3710 est,
2321 3644 2410 3714 qui
2439 3659 2561 3698 cum
2592 3642 2824 3699 debeant
2851 3656 3068 3711 parere.
3097 3641 3439 3712 despiciunt;
3462 3649 3518 3698 et

1925 3738 1972 3793 si
2011 3741 2214 3793 cunctis
2243 3736 2568 3807 generaliter
2598 3734 2970 3791 sacerdotibus
3011 3741 3158 3790 recte
3195 3732 3377 3789 divina
3409 3742 3517 3789 tra-

1919 3829 2188 3885 ctantibus
2225 3827 2459 3884 fldelium
2506 3827 2759 3883 convenit
2794 3825 2956 3882 corda
3001 3824 3266 3890 submitti,
3311 3834 3517 3895 quanto

1921 3921 2098 3992 potius
2119 3919 2264 3978 sedis
2293 3919 2438 3975 illius
2471 3917 2684 3989 praesuli
2713 3932 3010 3974 consensus
3043 3925 3128 3974 est
3159 3917 3514 3983 adhibendus,

1921 4028 2081 4086 quem
2109 4013 2320 4069 cunctis
2352 4012 2721 4068 sacerdotibus
2749 4021 2805 4067 et
2832 4010 3084 4066 divinitas
3108 4025 3316 4066 summa
3347 4009 3518 4066 voluit

1923 4107 2301 4180 praeminere,
2325 4115 2382 4162 et
2405 4107 2740 4177 subsequens
2760 4104 3015 4161 Ecclesia:
3035 4104 3303 4175 generalis
3318 4103 3516 4175 jugiter

1926 4203 2098 4273 pietas
2130 4201 2466 4258 celebravit?
2491 4199 2611 4256 .Ubi
2654 4199 2826 4269 pietas
2869 4208 2958 4253 tua
2983 4197 3263 4253 evidenter
3285 4196 3518 4252 advert't

1926 4308 2200 4364 nunquam
2228 4291 2470 4362 quolibet
2508 4290 2720 4359 penitus
2768 4289 3003 4343 humano
3048 4287 3276 4343 consilio
3306 4288 3518 4343 elevare

1927 4403 1986 4444 se
2008 4401 2330 4458 quemquam
2364 4398 2524 4456 posse
2549 4384 2695 4438 illius
2735 4382 3016 4452 privilegio
3053 4381 3140 4437 vel
3167 4379 3516 4445 confessioni,

1925 4495 2084 4552 quem
2111 4477 2314 4535 Christi
2343 4492 2448 4533 vox
2483 4475 2719 4547 praetulit
2755 4475 3056 4543 universis,
3084 4490 3242 4545 quem
3275 4473 3520 4532 Ecclesia

292 4701 319 4730 ι
343 4692 578 4761 Quesn.,
603 4691 844 4761 quoniam
862 4697 910 4743 et
923 4703 1050 4753 vox;
1074 4702 1138 4761 ac
1163 4686 1311 4761 dein,
1338 4687 1480 4755 fulsit
1513 4701 1609 4761 pro
1633 4684 1814 4761 fulcit;
1839 4687 1896 4749 Ι)
1920 4685 2206 4761 spiratum;
2237 4693 2300 4761 et_
2319 4689 2501 4761 postea
2527 4681 2901 4761 transmissum,

221 4757 413 4834 poste}
443 4778 590 4827 vero,
616 4757 904 4816 Ecclesium
940 4762 1076 4834 ipsa,
1104 4758 1280 4834 deleto
1301 4773 1518 4825 semper.
1550 4757 1710 4834 Vulg.
1741 4758 1818 4813 le-

221 4829 462 4890 ctionem
494 4849 616 4889 cum
653 4836 868 4902 optimis
898 4829 1098 4886 nostris
1128 4829 1286 4885 codd.
1319 4829 1704 4902 revocavimus.

288 4905 320 4945 δ
363 4906 493 4960 Haec
546 4898 814 4974 postrema
861 4903 1022 4974 verba
1065 4901 1543 4974 Commonitorium
1577 4914 1694 4974 non
1749 4898 1817 4974 ad

225 4991 396 5032 unum
421 4971 698 5042 Faustum,
727 4975 820 5031 sed
845 4973 1004 5030 etiam
1033 4975 1099 5028 ad
1132 4973 1391 5028 Irenaeum
1429 4971 1711 5038 legationis
1737 4971 1816 5024 of-

225 5047 346 5104 ficio
370 5047 650 5117 fungentes
669 5089 684 5111 ,
712 5058 770 5102 ut
805 5063 870 5101 ex
902 5044 1146 5116 sequenti
1168 5043 1394 5113 epistola
1418 5042 1814 5112 cognoscimus,

223 5118 492 5175 directum
525 5118 830 5172 ostendunt.

296 5201 322 5230 ε
363 5190 584 5260 Legitur
621 5189 675 5243 in
721 5187 910 5244 iisdem
948 5187 1105 5243 codd.
1165 5186 1221 5240 in
1268 5184 1462 5256 quibus
1502 5184 1814 5255 praecedens

221 5259 730 5317 Commonitorium.

294 5330 326 5372 ει
363 5331 572 5388 Merlin.
603 5347 727 5388 cum
746 5331 872 5389 Vat.
902 5331 970 5390 Is.
995 5331 1117 5395 650,
1149 5327 1387 5400 quaesisse
1410 5329 1672 5383 dicuntur.

297 5414 323 5476 ξ
363 5403 523 5476 Vulg.
554 5402 752 5473 Conc.,
792 5405 1170 5476 imputandum.

299 5474 323 5514 τ
364 5471 526 5545 Vulg.
567 5491 688 5532 cum
724 5471 874 5530 mss.
903 5475 1114 5531 Thuan.
1156 5482 1207 5531 et
1247 5471 1372 5528 Vat.
1409 5471 1518 5539 is.,
1563 5472 1811 5544 suscipio.

223 5543 365 5602 Dein
395 5543 511 5601 cum
536 5563 654 5617 eum
678 5547 1012 5615 prmtulimus
1030 5545 1346 5603 auctoritate
1376 5546 1811 5617 praestantiorum

220 5617 388 5673 codd.
419 5613 582 5674 Vind.
605 5627 660 5674 et
683 5613 886 5674 Veron.
910 5619 1072 5684 Editi,
1093 5635 1207 5673 cum
1226 5634 1322 5682 eo;
1351 5613 1453 5685 q’ua
1478 5617 1706 5672 lectione
1728 5629 1812 5671 re-

223 5699 385 5759 cepta
409 5728 424 5753 ,
453 5689 756 5748 Harduinus
789 5691 996 5747 monuit
1034 5698 1218 5760 postea
1251 5689 1537 5760 legendum
1567 5687 1813 5744 fortassis

223 5777 405 5815 vacem
436 5760 639 5815 habere.

223 5777 405 5831 pacem
436 5777 639 5816 ascen.

295 5841 323 5880 ε
365 5831 520 5906 Vulg.
558 5832 725 5892 Cone.
757 5847 882 5892 cum
920 5834 1040 5892 Vat.
1070 5833 1196 5893 Isid.
1233 5841 1288 5894 et
1314 5834 1437 5895 cod.
1472 5830 1704 5901 Merlini,
1730 5831 1813 5895 iit-

1993 4753 2021 4791 ¹ι
2059 4756 2262 4822 Quesn.
2288 4749 2480 4809 inserit
2509 4767 2662 4824 ergo;
2684 4751 2880 4824 delent
2904 4752 3073 4824 nostri
3105 4749 3261 4806 codd.
3289 4760 3344 4806 et
3371 4751 3514 4822 vnlg.

1999 4825 2016 4863 ί
2060 4827 2216 4896 Vulg.
2249 4829 2370 4895 pro:
2386 4823 2647 4878 hominum
2682 4823 2885 4879 habent
2916 4823 3158 4896 Domino.

1997 4896 2011 4948 t'
2062 4893 2211 4952 Meri.
2246 4893 2365 4952 cum
2403 4909 2505 4950 ms.
2539 4896 2710 4950 Oxon.
2733 4935 2747 4957 ,
2789 4905 3068 4966 exspectas.
3105 4894 3224 4966 Vat.
3253 4893 3321 4948 ls.
3348 4900 3403 4948 et
3431 4907 3516 4948 se-

1921 4969 2094 5025 cunda
2130 4984 2300 5049 manu
2344 4968 2399 5049 in
2443 4966 2664 5031 Véron.,
2707 4963 3000 5049 exspectes,-
3043 4973 3100 5020 at
3142 4963 3312 5030 prima
3356 4978 3518 5019 manu

1922 5041 2189 5107 exspectis,
2221 5040 2498 5104 mendose,
2533 5053 2632 5108 pro
2656 5040 2869 5109 expetis.

1997 5111 2020 5150 ¹ί
2061 5112 2234 5168 Codd.
2267 5111 2427 5166 Vind.
2456 5119 2512 5164 et
2537 5109 2764 5174 Veron.,
2789 5111 2961 5180 itaque
2987 5107 3120 5160 inter
3153 5106 3261 5180 Itan:
3286 5105 3514 5162 illorum.

1925 5184 2079 5254 Vulg.
2120 5182 2286 5238 Cone.
2325 5183 2392 5236 ad
2432 5196 2650 5237 sensum
2691 5177 3012 5254 eliciendum
3055 5177 3273 5254 praefixo
3297 5184 3518 5254 puncto

1922 5245 2172 5330 repetunt
2199 5254 2422 5330 verbum
2461 5253 2634 5330 nosti,
2675 5259 2742 5330 et_
2760 5252 2836 5306 sic
2865 5251 3059 5330 habent
3102 5264 3114 5298 :
3152 5245 3306 5330 Nosti
3343 5246 3518 5330 itaque

1921 5324 2055 5381 inter
2082 5328 2189 5382 Itazc
2219 5342 2281 5381 ex
2306 5326 2532 5380 illorum.
2583 5325 2692 5378 Nos
2729 5324 3160 5389 interpunctione
3192 5325 3389 5372 mutata
3411 5361 3425 5383 ,
3463 5325 3520 5375 et

1923 5407 2128 5472 retenta
2161 5397 2544 5472 praepositione
2580 5411 2662 5462 ex,
2707 5407 2924 5472 sensum
2956 5405 3077 5445 cum
3118 5389 3516 5472 laudatis-pra:-

1922 5469 2278 5529 stantioribus
2335 5467 2610 5524 codicibus
2670 5467 2800 5519 satis
2859 5475 3070 5531 aequum
3127 5467 3514 5531 expressimus.

1920 5533 2122 5612 Qttesn.
2153 5543 2446 5612 itaquegtua
2477 5540 2775 5612 ἐπιέναι-ραις
2805 5534 3036 5612 illorum.

1996 5613 2015 5653 ι
2061 5616 2134 5669 lta
2159 5599 2283 5670 cod.
2308 5610 2505 5665 Veron.
2529 5623 2649 5664 cum
2677 5607 2801 5661 Vat.
2826 5606 2894 5661 ls.
2920 5603 3072 5660 Merl.
3097 5610 3152 5658 et
3175 5603 3318 5674 vulg.
3341 5599 3512 5661 Conc.
3553 5611 3560 5635 ί

1920 5683 2262 5754 Quesnellus,
2294 5684 2423 5739 sicut
2449 5680 2603 5754 enim.
2648 5749 2679 5754 _
3106 5729 3118 5740 ,

1991 5768 2030 5794 η’
2071 5746 2274 5827 ρυεευό
2305 5769 2428 5811 cum
2462 5752 2605 5827 vuls-
2639 5749 2832 5827 ορηεη
2867 5765 2960 5827 ρζο
2995 5746 3285 5827 ενίξθςιηάξεο
3331 5746 3514 5824 Melior

1920 5829 2034 5895 visa
2054 5818 2134 5888 est
2154 5843 2282 5892 mss.
2313 5827 2514 5888 Veron.
2546 5822 2664 5882 Vat.
2702 5822 2769 5885 ls.
2796 5818 3089 5885 et’Merlini
3115 5818 3294 5890 lectio.
