3996 6344
1479 315 1826 376 APPENDIX
1861 316 1955 374 AD
1992 313 2048 372 S.
2092 315 2110 371 1

2225 313 2334 371 ιΝΙΒ
2373 313 2592 373 MAGNI
2627 315 2882 379 OPERA.
3664 335 3748 396 σω

524 442 832 503 veneranda
851 441 1100 500 confessa
1127 451 1344 511 semper
1380 444 1464 494 est
1498 444 1554 493 et
1587 435 1748 493 habet
1776 436 1967 492 devota
1997 434 2110 506 pri-
2139 437 2195 499 Α
2220 440 2306 489 tur
2333 448 2362 489 a
2394 449 2511 503 me,
2543 449 2610 491 eo
2637 437 2743 493 tuis
2784 433 3033 495 sensibus
3061 437 3391 519 intimentur.
3427 441 3584 504 Nemo
3615 450 3751 520 picta.

525 549 741 597 malem.
786 535 972 606 lmpeti
998 543 1027 574 ⁸
1048 539 1275 606 possunt
1301 530 1550 586 humanis
1578 528 2110 600 praesumptionibus,

435 626 439 630 ’
525 651 643 705 quae
672 632 854 688 divino
877 637 1002 686 sunt
1021 627 1223 700 judicio
1256 625 1576 692 constituta;
1604 626 1745 681 vinci
1774 633 1953 681 autem
1982 640 2115 696 quo-

525 728 778 786 rumlibet
815 731 1081 798 potestate
1125 737 1233 778 non
1280 730 1525 793 possunt.
1578 721 1751 792 Atque
1792 720 1990 775 utinam
2036 718 2115 774 sic

525 831 709 878 contra
739 818 1034 876 nitentibus
1068 815 1368 888 perniciosa
1405 829 1511 871 non
1541 814 1609 870 sit
1638 814 1883 881 audacia,
1915 828 2113 885 quem-

524 913 812 971 admodum
841 910 981 982 quod
1004 910 1072 967 ab
1085 909 1211 980 ipso
1235 923 1403 965 sacrae
1423 907 1697 979 religionis
1727 916 1944 963 auctore
1976 921 2115 975 pra:-

525 1006 688 1063 ﬁxum
714 1011 816 1076 est,
845 1018 956 1060 non
977 1011 1153 1074 potest
1174 1001 1287 1058 ulla
1322 1001 1520 1057 virtute
1544 999 1770 1056 convelli
1804 1015 1819 1057 :
1849 997 1875 1038 ι’
1909 997 2118 1054 Firma-

524 1107 748 1155 mentum
776 1099 910 1153 enim
939 1095 1037 1152 Dei
1065 1103 1167 1151 stat
1216 1093 1285 1166 (ll
1322 1093 1454 1148 Tim.
1486 1107 1545 1161 ll,
1579 1092 1691 1162 i9).
1741 1090 2115 1162 Nunquidnam

525 1208 646 1251 eum
675 1191 746 1248 ab
773 1190 1040 1261 aliquibus
1092 1186 1280 1259 religio
1319 1185 1567 1242 intestata
1619 1192 1730 1252 est,
1784 1191 2118 1256 quantacun-

527 1301 632 1357 que
653 1284 824 1356 potuit
873 1282 1106 1338 novitate
1145 1280 1425 1352 superari;
1458 1289 1512 1335 et
1544 1293 1650 1334 non
1692 1277 1861 1350 magis
1905 1278 2006 1334 hoc
2036 1278 2117 1332 in-

527 1379 663 1436 victa
721 1376 1028 1448 permansit,
1088 1388 1195 1445 quo
1244 1371 1508 1428 aestimata
1537 1378 1622 1427 est
1663 1383 1821 1442 posse
1873 1383 2118 1425 succum-

529 1471 706 1529 bere?

601 1564 730 1622 Car.
759 1563 847 1619 Ill.
878 1591 950 1605 —
973 1561 1231 1620 Desinant
1257 1575 1406 1632 ergo,
1449 1572 1633 1630 quaeso
1674 1566 1749 1624 te,
1791 1556 2119 1627 temporibus

529 1658 634 1720 tuis
661 1656 877 1728 quidam
905 1669 1001 1726 per
1029 1655 1369 1710 occasionem
1411 1649 1828 1722 perturbationis
1863 1648 2120 1704 ecclesia-

527 1752 678 1808 stica
706 1749 1110 1822 praecipitanter
1130 1749 1334 1804 ambire
1361 1761 1480 1816 quae
1505 1759 1610 1800 non
1641 1744 1823 1809 licent,
1859 1757 1925 1797 ne
1950 1751 2004 1798 et
2028 1741 2116 1798 illa

2219 537 2326 586 tem
2355 536 2498 585 tuam
2526 528 2696 586 fallat.
2730 529 2926 589 Verum
2958 542 3040 588 est
3075 533 3218 604 quod
3248 533 3526 606 figuraliter
3549 556 3632 611 per
3655 560 3754 614 pro-

2217 623 2432 695 phetam
2478 625 2754 697 Scriptura
2797 636 3021 684 testatur
3063 646 3075 681 :
3129 627 3245 683 Una
3286 639 3356 686 est
3398 631 3612 690 columba
3646 655 3753 709 mea,

2222 713 2242 754 ί
2275 717 2499 790 perfecta
2518 734 2632 774 mea
2654 717 2829 792 (Cant.
2861 735 2934 790 vi,
2969 719 3048 792 8).
3078 718 3195 778 Una
3227 732 3310 778 est
3333 721 3602 781 christiana
3629 727 3755 800 ﬁdes,

2217 823 2338 880 quae
2362 817 2444 866 est
2471 809 2754 866 catholica.
2785 810 3060 868 Catholica
3090 819 3269 870 autem
3305 816 3555 873 veraciter
3577 819 3657 875 illa
3674 833 3756 892 est,

2219 918 2339 975 quae
2364 904 2433 960 ab
2459 905 2702 960 omnium
2734 905 3064 976 perﬁdorum
3106 917 3267 980 atque
3310 917 3336 957 ε
3364 908 3432 965 ab
3455 925 3623 967 eorum
3656 929 3757 970 suc-

2218 999 2524 1055 cessoribus
2575 1001 2919 1058 consortibus
2958 1002 3169 1059 sincera
3193 1045 3210 1072 ,
3254 1018 3383 1074 pura
3409 1045 3426 1072 ,
3467 1003 3762 1066 immaculata

2219 1091 2596 1149 communione
2635 1092 2807 1149 divisa
2844 1101 2946 1151 est.
2989 1094 3241 1167 Alioquin
3280 1110 3386 1152 non
3421 1098 3522 1154 erit
3553 1097 3762 1156 divinitus

2220 1187 2469 1244 mandata
2492 1187 2777 1258 discretio,
2805 1189 2901 1246 sed
2930 1185 2960 1228 ιι
2995 1190 3238 1246 miranda
3273 1192 3533 1248 confusio.
3561 1191 3657 1250 Nec
3680 1196 3762 1252 ulla

2219 1293 2380 1336 causa
2396 1280 2508 1350 jam
2531 1290 2796 1352 superest,
2824 1282 2871 1338 si
2893 1283 2996 1339 hoc
3019 1283 3070 1338 in
3094 1283 3333 1354 quolibet
3355 1286 3591 1357 contagio
3610 1286 3763 1344 volue-

2219 1372 2387 1429 rimus
2413 1374 2732 1441 admittere;
2785 1375 2802 1412 ί
2839 1391 2906 1432 ne
2937 1377 3146 1432 cunctis
3179 1376 3475 1433 haeresibus
3502 1377 3680 1434 aditum
3703 1379 3768 1450 ja-

2219 1479 2490 1537 nuamque
2512 1468 2810 1538 pendamus
2839 1485 2854 1524 :
2890 1469 2989 1537 Qui
3015 1470 3148 1525 enim
3176 1470 3229 1524 in
3259 1486 3360 1525 uno
3390 1469 3661 1537 offenderit,
3684 1489 3769 1526 om-

2220 1559 2361 1613 nium
2391 1575 2506 1614 reus
2536 1570 2608 1615 est
2652 1560 2790 1632 (Jac.
2824 1577 2883 1628 tt,
2924 1561 3014 1632 10)
3053 1581 3066 1618 :
3102 1562 3201 1630 Et,
3236 1564 3323 1634 qui
3358 1563 3569 1618 minima
3593 1565 3768 1634 spernit,

2221 1651 2471 1722 paulatim
2499 1652 2686 1707 decidit
2726 1652 2893 1725 (Eccl.
2923 1670 2985 1721 Χ,
3018 1654 3094 1725 1).

2293 1741 2422 1798 Car.
2444 1742 2734 1801 lV.—Hoc
2747 1754 2831 1802 est
2851 1745 2993 1817 quod
3009 1745 3168 1803 sedes
3183 1748 3480 1818 apostolica
3493 1762 3772 1820 magnopere

527 1859 648 1917 quae
671 1844 810 1900 male
846 1852 1104 1916 appetunt
1130 1842 1436 1898 nullatenus
1465 1837 1894 1910 apprehendant,
1924 1844 1980 1891 et
2009 1851 2122 1892 mo-
2152 1838 2201 1900 B
2230 1843 2244 1892 l
2285 1848 2583 1911 praecavet,
2630 1848 2690 1896 ut
2714 1839 2840 1912 quia
2866 1841 3067 1897 mundo
3096 1842 3250 1898 radix
3299 1851 3382 1899 est
3428 1843 3653 1914 Apostoli
3685 1842 3775 1912 glo-

526 1936 656 1993 dum
677 1951 830 1992 suum
857 1935 998 2006 apud
1020 1935 1186 1991 Deum
1212 1932 1564 2001 hominesque
1584 1945 1689 1985 non
1714 1937 1952 1985 teneant.
1977 1926 2121 1996 Qua-
2227 1933 2368 1989 riosa
2395 1932 2684 2000 confessio,
2726 1934 2872 1990 nulla
2902 1937 3040 1990 rima
3077 1936 3374 2005 pravitatis,
3407 1937 3557 1991 nulla
3595 1950 3774 2005 prorsus

529 2033 752 2102 propter
777 2028 876 2084 sub
903 2036 1195 2099 conspectu
1225 2026 1320 2082 Dei
1367 2040 1529 2094 Pure.
1577 2023 1821 2087 Sincere.
1868 2022 2122 2092 Pielalem
2223 2028 2540 2100 contagione
2569 2029 2884 2084 maculetur.
2917 2028 3048 2083 Nam
3080 2031 3148 2097 si,
3173 2029 3315 2101 quod
3342 2029 3493 2086 Deus
3515 2036 3776 2095 avertat,et

526 2133 676 2182 tuam
711 2124 1002 2194 deprecor,
1032 2124 1302 2191 obtestor,
1338 2133 1360 2162 ο
1395 2122 1692 2188 exhortor,
1724 2129 1779 2174 ut
1808 2119 2121 2190 petitionem
2197 2123 2368 2194 ’ςυοά
2397 2123 2515 2180 fieri
2538 2139 2646 2178 non
2677 2138 2837 2194 posse
2860 2122 3201 2193 conﬁdimus,
3235 2125 3341 2179 tale
3367 2124 3572 2195 aliquid
3613 2138 3768 2194 prove-

529 2232 705 2274 meam
732 2233 837 2272 non
863 2216 1203 2288 indignanter
1225 2216 1486 2285 accipias;
1514 2228 1665 2285 rogo,
1692 2215 1931 2285 inquam,
1960 2221 2017 2268 ut
2039 2227 2125 2268 me
2228 2216 2390 2283 uiret,
2419 2213 2446 2252 ¹ί
2475 2215 2563 2271 vel
2600 2215 2684 2271 cui
2715 2216 2822 2285 jam
2853 2215 3108 2272 resistere
3157 2215 3490 2272 auderemus
3516 2216 3688 2282 errori,
3713 2213 3777 2269 vel

529 2312 586 2368 in
614 2311 714 2367 hac
743 2311 851 2367 vita
879 2312 1054 2382 potius
1084 2310 1270 2365 audias
1297 2310 1675 2380 deprecantem
1699 2348 1715 2372 ν
1753 2322 1910 2377 quam
1929 2348 1944 2372 .
1981 2306 2125 2377 Quod
2230 2310 2373 2366 unde
2403 2310 2797 2366 correctionem
2826 2309 3132 2366 errantibus
3159 2311 3557 2380 posceremus?
3593 2305 3777 2365 Proinde

529 2404 687 2471 absit,
721 2404 774 2459 in
801 2404 982 2459 divino
1010 2403 1212 2474 judicio
1253 2402 1450 2458 sentias
1488 2410 1850 2457 accusantem.
1892 2399 2003 2456 Nec
2039 2415 2126 2456 me
2231 2397 2250 2438 ¹
2285 2402 2453 2473 pietas
2475 2411 2560 2456 tua
2585 2402 2740 2457 unius
2764 2399 2993 2459 civitatis
3026 2402 3280 2473 populum
3303 2411 3473 2474 negat
3500 2417 3646 2474 posse
3662 2415 3776 2455 com-

530 2496 700 2563 latet,
738 2497 1034 2565 imperator
1061 2503 1310 2566 auguste,
1340 2493 1484 2564 quod
1516 2494 1725 2564 pietatis
1758 2501 1860 2548 tute
1890 2492 2123 2549 studium
2226 2497 2373 2567 poni.
2405 2495 2541 2562 Quid
2564 2511 2659 2550 nos
2689 2492 2851 2567 3&2
2874 2494 2942 2551 de
2971 2497 3138 2551 totius
3168 2495 3318 2551 orbis
3346 2505 3610 2551 terrarum
3632 2505 3778 2550 sumus

531 2587 692 2646 fuerit
718 2590 772 2644 in
813 2588 1016 2659 privata
1057 2589 1184 2644 vita.
1231 2587 1438 2658 Optasti
1468 2602 1682 2658 semper
1712 2587 2123 2662 ﬁeri’particeps
2228 2591 2573 2648 universitate
2615 2589 2840 2654 facturi;
2874 2590 2956 2655 si,
2999 2589 3143 2659 quod
3198 2589 3376 2656 absit,
3425 2600 3603 2645 nostra
3653 2586 3778 2642 fuerit

535 2682 911 2750 promissionis
937 2691 1174 2739 aeternae.
1200 2682 1537 2753 Quapropter
1567 2681 1698 2747 noli,
1723 2696 1937 2752 precor,
1969 2683 2124 2738 irasci
2229 2683 2668 2754 prmvaricatione
2689 2680 2981 2752 deceptus?
3001 2679 3058 2736 Si
3079 2689 3222 2736 totus
3249 2689 3538 2737 correctus
3566 2686 3641 2736 est
3663 2693 3779 2734 mun-

533 2774 687 2841 mihi,
721 2775 766 2829 si
815 2785 869 2832 te
897 2782 1106 2832 tantum
1149 2775 1346 2847 diligo,
1394 2785 1451 2831 ut
1491 2791 1744 2848 regnum,
1785 2776 1944 2848 35.1
1985 2777 2125 2846 quod
2227 2777 2351 2846 dus,
2382 2777 2606 2847 profana
2639 2785 2848 2846 patrum
2889 2789 3111 2831 suorum
3137 2774 3432 2831 traditione
3476 2785 3514 2812 ιη
3545 2773 3777 2845 despecta,

532 2867 904 2939 temper-aliter
946 2876 1224 2925 assecutus
1260 2884 1319 2925 es
1345 2911 1359 2934 ,
1401 2868 1562 2925 velim
1603 2878 1656 2924 te
1687 2869 1886 2925 habere
1937 2884 2128 2940 perpe-
2229 2869 2502 2942 quomodo
2533 2884 2642 2925 non
2689 2868 2992 2938 corrigatur
3019 2866 3178 2922 unius
3217 2867 3462 2923 civitatis
3495 2865 3714 2939 populus,
3745 2862 3778 2919 si

529 2967 712 3028 tuum;
759 2970 815 3016 et
847 2961 939 3032 qui
966 2962 1199 3032 imperas
1246 2964 1486 3030 saeculo,
1535 2962 1706 3032 possis
1754 2979 1979 3033 regnare
2005 2980 2126 3020 cum

527 3052 766 3110 Christo.
797 3053 928 3110 Tuis
958 3064 1104 3112 certe
1133 3056 1340 3127 legibus
1360 3101 1374 3126 ,
1403 3059 1728 3127 imperator,
1761 3058 1962 3126 pateris
1990 3057 2126 3112 nihil
2228 3064 2258 3093 ιι
2283 3055 2410 3110 nolo
2449 3069 2550 3124 ego
2581 3052 2945 3109 Ecclesiarum
2979 3067 3188 3123 pacem,
3232 3067 3394 3124 quam
3451 3053 3650 3109 etiamsi
3686 3062 3779 3104 cum

530 3147 709 3216 perire
731 3146 976 3201 Romano
1003 3148 1227 3215 nomini,
1255 3144 1282 3185 ἀ
1308 3149 1441 3203 nihil
1473 3147 1712 3202 admittis
1750 3147 1923 3216 ingeri
1958 3147 2126 3202 detri-
2230 3147 2334 3201 mei
2356 3144 2629 3215 sanguinis
2649 3143 2925 3214 impendio
2947 3144 3230 3214 provenire
3252 3153 3469 3214 posset,
3495 3144 3773 3213 amplector;

530 3238 720 3293 menti.
764 3238 912 3294 Itane
942 3254 1126 3294 verum
1159 3249 1273 3305 est,
1313 3241 1563 3311 princeps
1603 3240 1845 3310 egregie,
1889 3240 1976 3310 qui
2019 3255 2128 3296 non
2149 3227 2198 3291 C
2231 3240 2348 3308 sed,
2380 3254 2569 3310 precor
2599 3248 2671 3308 te,
2703 3238 3005 3308 cuiusmodi
3029 3239 3226 3294 debeat
3249 3253 3369 3294 esse
3416 3255 3522 3308 pax
3553 3239 3677 3308 ipsa,
3697 3248 3778 3289 non

2230 2963 2543 3033 pt'mdicatio
2577 2960 2680 3016 ﬁda
2709 2959 3001 3016 succedat?
3029 2961 3193 3031 Ergo,
3222 2960 3469 3032 gloriose
3515 2961 3778 3029 imperator,

531 3331 702 3386 solum
739 3333 1029 3402 praesentia
1059 3334 1257 3390 Christi
1298 3335 1584 3402 beneﬁcia,
1619 3334 1714 3390 sed
1744 3343 1798 3390 et
1825 3334 2000 3390 futura
2029 3335 2126 3392 de-

529 3423 756 3491 sideras,
782 3435 841 3481 ut
864 3427 1108 3496 religioni
1133 3473 1148 3499 ,
1183 3438 1240 3484 ut
1265 3429 1501 3495 veritati,
1536 3437 1592 3484 ut
1615 3429 1912 3486 sinceritati
1943 3430 2127 3485 catho-

530 3518 650 3575 licae
681 3522 1074 3578 communionis
1103 3531 1159 3579 et
1191 3523 1312 3579 ﬁdei
1340 3564 1354 3590 ,
1397 3523 1729 3593 temporibus
1766 3523 1873 3578 tuis
1905 3524 2125 3594 patiaris

530 3621 556 3651 ε
585 3627 906 3685 quemquam
941 3615 1142 3672 inferre
1170 3615 1552 3686 dispendium?
1591 3615 1706 3683 Qua
1745 3615 1970 3694 ﬁducia,
1992 3632 2123 3688 rogo

529 3714 606 3773 te,
649 3706 760 3762 illic
801 3709 922 3775 ejus
949 3711 1166 3778 praemia
1205 3709 1469 3779 petiturus
1498 3723 1586 3774 es,
1627 3709 1778 3778 cujus
1811 3709 1897 3764 hic
1925 3709 2120 3763 damna

527 3811 634 3852 non
669 3798 952 3868 prohibes?
997 3800 1111 3855 Non
1150 3802 1259 3856 sint
1287 3803 1505 3872 gravia,
1545 3815 1729 3872 quaeso
1761 3809 1842 3867 te,
1872 3816 1993 3871 quae
2023 3816 2118 3870 pro

527 3897 634 3945 tua
669 3892 855 3947 salutis
907 3893 1208 3948 reternitate
1251 3895 1523 3950 dicuntur.
1575 3893 1845 3964 Scriptum
1895 3894 2116 3964 legisti:

528 3983 746 4038 Meliora
767 3995 882 4040 sunt
904 3990 1114 4043 uulnera
1138 3992 1310 4057 amici,
1334 4007 1486 4060 quam
1511 3991 1686 4044 oscula
1707 3990 1901 4044 inimici
1932 3987 2115 4057 (Prov.

525 4085 673 4147 xxvr,
703 4076 784 4147 6).
813 4078 1005 4147 Quaeso
1035 4083 1288 4151 pietatem
1313 4092 1477 4150 tuam,
1503 4092 1561 4138 ut
1579 4097 1686 4153 quo
1711 4083 1906 4140 aliecm
1933 4084 2120 4143 dicun-

598 4275 634 4350 f
662 4265 797 4350 God.
821 4266 981 4323 Vind.
1009 4274 1063 4322 et
1087 4266 1238 4334 Ven,
1265 4283 1366 4322 non
1383 4277 1614 4340 possunt,
1639 4269 1800 4335 male,
1827 4277 1882 4324 ut
1902 4285 1968 4326 ex
1987 4283 2118 4326 con-

523 4346 680 4395 textu
710 4339 897 4410 liquet.
1385 4339 1389 4340 “

592 4409 620 4449 δ
661 4409 751 4467 Sic
791 4425 912 4467 cum
955 4409 1112 4465 Meri.
1150 4419 1205 4466 et
1252 4411 1396 4481 vulg.
1447 4410 1655 4466 Concil.
1705 4426 1895 4468 omnes
1948 4415 2116 4468 nostri

521 4481 678 4536 codd.
713 4497 774 4535 ac
796 4484 954 4536 etiam
983 4481 1194 4536 Thuan.
1228 4481 1522 4551 Quesnelli,
1549 4483 1640 4553 qui
1669 4497 1789 4538 cum
1822 4483 1996 4539 Oxon.
2031 4497 2116 4539 re-

523 4553 667 4622 cepit
697 4553 1104 4624 fundamentum.
1159 4555 1276 4608 Mox
1313 4554 1513 4608 Veron.
1547 4569 1648 4608 ms.
1691 4575 1703 4610 ε
1742 4554 2115 4624 Nunquidnam

520 4624 782 4698 aliquibus
805 4623 1324 4698 infestareligioest,
1355 4634 1701 4698 quantumque
1724 4623 1911 4698 potuit,
1937 4627 2114 4681 minus

520 4685 688 4752 recte.
723 4685 883 4748 Vind'.
919 4712 930 4745 :
963 4685 1345 4767 iVunquidnain
1367 4685 1484 4748 cum
1516 4685 1773 4767 aliquibus
1812 4685 2108 4767 religio.....
2146 4685 2194 4747 D
2243 4738 2247 4742 .
2292 4698 2307 4749 i
2351 4685 2561 4755 Merlin.
2596 4713 2718 4754 cum
2777 4697 2896 4752 Vat.
2953 4696 3104 4762 lsid.,

519 4764 1221 4839 quantumque.__Quesnelli
1277 4767 1560 4839 lectionem
1601 4764 1930 4823 conﬁrmant
1966 4771 2106 4839 vulg.

519 4837 731 4910 Concil.
752 4851 872 4910 cu_m
897 4835 1014 4891 Vat.
1039 4836 1132 4903 ls.,
1155 4838 1432 4910 exquibus
1451 4846 1840 4908 quantacunque
1862 4835 2106 4910 reposui-

515 4921 656 4973 mus,
670 4908 772 4980 ubi
803 4907 1004 4980 Quesn.
1033 4909 1260 4980 scripsit
1288 4925 1608 4980 quacunque.

591 4991 613 5019 ο
653 4979 852 5046 Quesn.
887 4979 1070 5034 omisit
1106 4979 1361 5035 exhortor.

588 5046 617 5089 ἀ
651 5051 805 5121 Vulg.
835 5050 1026 5117 Conc.,
1065 5051 1361 5107 nullum...
1391 5051 1768 5106 detrimentum.
1811 5052 1932 5107 Vat.
1975 5052 2101 5109 Isid.

513 5123 914 5195 cumMerlino,
946 5121 1077 5195 nulli
1118 5121 1342 5195 admittis
1381 5124 1608 5195 ingerere
1637 5125 2020 5179 detrimentum.

590 5203 613 5232 ο
646 5194 736 5251 Sic
765 5195 908 5262 vulg.
941 5191 1134 5260 Conc.,
1159 5191 1564 5250 concinentibus
1594 5210 1723 5250 mss.
1751 5195 1912 5250 Vind.
1936 5205 1991 5251 et
2009 5195 2103 5252 Ve-

513 5275 660 5331 roit.,
691 5267 790 5320 nisi
812 5263 954 5336 quod
975 5264 1218 5338 inserunt
1240 5281 1342 5320 non
1365 5277 1488 5321 ante
1510 5267 1746 5335 patiaris,
1769 5279 2101 5338 repugnante

511 5345 785 5410 contextu.
799 5340 1038 5410 Quesn.,
1065 5336 1346 5410 quidquam
1367 5339 1557 5410 inferri
1588 5339 1865 5408 dispendii.

2230 3342 2522 3402 utcunque,
2560 3331 2657 3387 sed
2694 3332 2957 3388 veraciter
2984 3332 3304 3400 christiana,
3331 3343 3526 3410 mente.
3548 3332 3777 3386 libremus.

2227 3427 2510 3496 Quomodo
2539 3426 2686 3483 enim
2717 3434 2896 3498 potest
2921 3441 3040 3482 esse
3067 3442 3170 3497 pax
3192 3441 3342 3493 vera,
3369 3428 3462 3483 cui
3484 3426 3698 3482 charitas
3719 3422 3780 3476 iu-

2229 3531 2488 3578 temcrata
2518 3520 2784 3576 defuerit?
2829 3519 3073 3575 Charitas
3101 3528 3281 3574 autem
3313 3521 3550 3591 qualiter
3574 3532 3681 3574 esse
3704 3514 3780 3569 de-

2227 3617 2371 3686 beat,
2404 3617 2558 3671 nobis
2578 3616 2857 3671 evidenter
2879 3630 2978 3686 per
3005 3614 3320 3685 Apostoluin
3355 3614 3689 3685 praedicatur,
3708 3605 3781 3678 qui

2226 3711 2302 3764 ait
2325 3727 2339 3765 :
2373 3709 2441 3763 Et
2469 3709 2694 3764 charitas
2718 3707 2782 3761 de
2805 3707 2956 3762 corde
2972 3724 3124 3779 puro,
3159 3715 3205 3762 et
3239 3707 3558 3762 conscientia
3594 3706 3724 3768 bona,
3745 3707 3783 3754 et

2228 3804 2332 3873 ﬁde
2368 3821 2471 3858 non
2498 3804 2618 3874 ﬁcta
2642 3803 2685 3874 (1
2715 3802 2851 3857 Tim.
2881 3819 2918 3869 ι,
2945 3802 3027 3873 5).
3078 3802 3359 3870 Quomodo
3379 3842 3396 3867 ,
3428 3815 3611 3872 quaeso
3639 3810 3699 3862 te,
3732 3792 3781 3847 de

2228 3898 2380 3952 corde
2401 3898 2503 3952 erit
2533 3894 2686 3968 pur'o,
2712 3897 2757 3950 si
2783 3895 3032 3965 contagio
3077 3894 3349 3950 inﬁciatur
3378 3893 3646 3951 externo?
3667 3890 3782 3958 Quo-

2228 3991 2390 4048 modo
2416 3991 2478 4045 de
2507 3990 2814 4046 conscientia
2845 3989 2978 4044 bona
3000 4029 3015 4056 ,
3065 3988 3109 4041 si
3143 3989 3319 4057 pravis
3349 3986 3515 4042 fuerit
3559 3983 3782 4051 malisque

2229 4084 2554 4141 commixta?
2584 4092 2608 4120 ο
2630 4081 3092 4151 Quemadmodum
3107 4081 3209 4150 [ide
3236 4097 3337 4136 non
3361 4083 3506 4151 ﬁcta,
3531 4082 3578 4137 si
3604 4081 3784 4134 maneat

2223 4271 2357 4327 nulli
2385 4271 2596 4328 codices
2619 4267 2996 4340 suﬁ‘ragantur.

2293 4341 2319 4380 ¹³
2356 4343 2550 4399 Veron.
2584 4357 2703 4397 cum
2734 4337 2864 4397 edit.
2901 4339 3092 4405 Conc.,
3117 4337 3437 4394 miseranda.
3668 4407 3681 4410 _
3753 4405 3756 4410 I

2300 4412 2314 4451 ί
2346 4414 2419 4468 Ita
2453 4415 2599 4484 vulg.
2633 4412 2799 4468 Conc.
2833 4423 2885 4466 et
2918 4411 3035 4484 Vat.
3073 4411 3139 4466 ls.
3172 4411 3485 4484 Concinuut
3507 4407 3786 4484 emerim-

2221 4487 2319 4540 stri
2342 4485 2503 4542 codd.
2525 4480 2792 4540 V'eron.et
2820 4482 3107 4551 Vind.,qui
3133 4481 3305 4538 solum
3333 4483 3596 4538 mendose
3616 4480 3785 4536 habent

2221 4573 2313 4611 nec
2345 4573 2442 4627 pro
2472 4573 2552 4612 ne.
2584 4556 2812 4624 Quesn.,
2841 4563 2892 4608 ut
2926 4555 3137 4608 cunctis.
3183 4553 3314 4608 Post
3339 4570 3503 4624 pauca
3541 4553 3784 4608 \’eron.et

2227 4627 2372 4692 Vat.,
2410 4629 2630 4682 decidet.

3141 4697 3464 4768 maturavit.
3510 4697 3632 4750 Mox
3667 4688 3784 4763 apud

2217 4769 2446 4837 Quesn.,
2475 4771 2595 4839 quia
2615 4769 2808 4823 munda
2832 4769 2985 4822 radix
3021 4777 3115 4831 est,
3151 4768 3384 4838 Apostoti
3432 4768 3660 4839 gioriosa
3684 4777 3786 4819 cott-

2215 4841 2370 4912 fessio
2400 4838 2565 4906 nulla,
2615 4851 2720 4896 etc.
2763 4840 2986 4895 Nostros
3016 4839 3178 4912 codd.
3217 4838 3443 4912 Veron.
3475 4848 3533 4894 et
3574 4838 3694 4912 Vat.
3736 4845 3787 4885 ac

2215 4911 2360 4984 vulg.
2390 4913 2558 4969 Conc.
2577 4911 2744 4968 secuti
2773 4925 2979 4984 sumus,
3002 4911 3345 4984 Oromdelet
3366 4911 3786 4984 nutta‘rimapra-

2214 4979 2423 5055 vitatis;
2455 4994 2510 5040 et
2541 4993 2660 5055 post
2693 4997 2856 5055 pauca
2875 4981 3202 5055 habetﬁeri
3223 4997 3372 5053 posse
3391 4998 3493 5055 non
3524 4979 3783 5052 credimus.

2285 5053 2313 5092 ι
2341 5051 2574 5121 Μετιὶηξ,
2599 5055 2677 5108 vel
2696 5051 3002 5122 unicuique.
3034 5051 3154 5108 Vat.
3188 5051 3279 5121 ls.,
3321 5053 3398 5108 vel
3424 5051 3786 5122 cuiqeantmi-

2210 5134 2362 5198 atere.
2397 5127 2550 5198 Vulg.
2579 5125 2773 5191 Conc.,
2803 5128 2944 5198 unde
2959 5123 3194 5198 cuiquam
3216 5125 3470 5198 resistere.
3747 5187 3756 5198 ,

2289 5196 2308 5235 1
2346 5194 2703 5268 VulgIConc.
2751 5213 2869 5252 cum
2906 5194 3024 5268 Vat.
3060 5195 3128 5250 ls.
3171 5194 3783 5268 etrhlerlsinserontsi,

2205 5269 2410 5334 Quesn.
2440 5265 2551 5324 cur.
2585 5269 2879 5336 Utrumque
2903 5267 3084 5322 delent
3105 5266 3266 5322 codd.
3302 5267 3480 5332 Vlnd.,
3499 5265 3710 5319 Thuan.
3739 5268 3785 5312 et

2209 5340 2415 5396 Veron.
2446 5341 2564 5396 Mox
2593 5339 2745 5408 editi,
2768 5348 2918 5410 negat
2942 5354 3068 5410 pace
3095 5353 3262 5408 posse.

2208 5483 2252 5535 ν
2276 5421 2316 5449 ιη
2345 5413 2578 5539 (ἔηθδὲἆ,
2599 5405 2922 5496 contempta.
2943 5405 3122 5478 'D'ein,
3175 5425 3274 5480 pro
3300 5410 3443 5480 ﬁda,
3476 5405 3636 5464 Meri.
3676 5415 3813 5506 cum!

2256 5493 2329 5539 at.
2389 5501 2459 5539 ς..
2568 5502 2633 5539 et.
3807 5507 3810 5514 -

2256 5493 2329 5539 at.
2367 5485 2459 5540 ls..
2491 5485 2633 5540 ﬁdei.
3805 5485 3810 5514 ‘

2275 5487 2806 5630 iif’inargq
2844 5569 2953 5630 non
2992 5553 3222 5630 neglige.
3251 5553 3396 5618 Mox,
3442 5557 3561 5621 ροβε
3586 5557 3780 5630 περίειμι

2203 5625 2406 5695 Quesn.
2442 5630 2630 5684 inserit
2661 5615 2890 5694 tartari;
2921 5615 3220 5683 delevimvus
3269 5615 3393 5682 cum
3432 5615 3560 5679 mss.
3589 5615 3782 5679 'Vind.,

2211 5699 2408 5754 Veron.
2440 5709 2495 5754 et
2523 5701 2700 5754 editis.

2277 5779 2301 5805 ο
2319 5773 2409 5826 Sic
2435 5781 2670 5841 potiores
2697 5771 2852 5828 codd.
2877 5779 2931 5828 et
2962 5772 3108 5827 vuln.
3135 5770 3300 5828 Conc.
3327 5764 3646 5828 θυεεηεὶιιιε
3668 5771 3782 5820 cum

2205 5841 2324 5898 Vat.
2361 5843 2453 5914 ls.,
2478 5845 2758 5915 quomodo.

588 5404 610 5446 τ
633 5407 768 5464 Cod.
799 5406 999 5464 Veron.
1034 5404 1155 5463 cum
1183 5404 1326 5477 vulg.
1355 5404 1521 5463 Cone.
1555 5404 1751 5475 repetit
1778 5426 1880 5463 una
1898 5420 1989 5464 est.

581 5487 609 5526 8
638 5477 866 5546 Quesn.,
898 5478 962 5532 ab
983 5495 1158 5533 eorum
1178 5495 1524 5534 successorum
1547 5481 1766 5534 sincera.
1794 5481 1913 5535 Vat.
1945 5481 2096 5550 Isid.,

510 5551 578 5604 ab
607 5567 782 5605 eorum
807 5551 1184 5606 successoribus
1215 5551 1571 5605 communione
1600 5550 1764 5604 divisa
1792 5563 1864 5606 est
1883 5595 1896 5617 ,
1928 5553 2095 5608 inter-

443 5679 446 5682 ,
511 5620 704 5692 mediis
735 5622 971 5677 omissis.
1004 5622 1312 5678 Lectionem
1355 5623 1718 5692 antiquiorum
1748 5624 1906 5678 codd.
1936 5624 2095 5679 Vind.

511 5701 566 5767 et
605 5690 802 5748 Veron.
845 5695 1230 5767 expressimus,
1281 5709 1401 5748 cum
1457 5690 1560 5767 qua
1608 5695 1899 5748 concinunt
1948 5697 2094 5767 vulg.

510 5760 702 5836 Conc.,
733 5767 822 5834 qui
846 5760 964 5818 cuin
990 5760 1407 5820 Merlino’solum
1437 5760 1642 5821 addunt
1671 5777 1818 5836 atque
1836 5776 1959 5822 ante
1973 5760 2097 5821 con-

509 5832 768 5891 sartioni
786 5835 1064 5892 Mallemus
1092 5847 1249 5894 antea
1282 5838 1384 5905 legi
1408 5841 1470 5891 ab
1497 5832 1743 5894 omnibus
1761 5839 1970 5911 iniquis,
2001 5841 2096 5898 sed
