3996 6344
247 318 345 380 85⁸1

694 313 928 372 CODEX
962 311 1291 372 CANONUM
1333 311 1616 370 ECCLES.
1657 311 1746 367 ΕΤ
1783 309 2368 370 CONSTITUTORUM
2407 309 2466 370 S.
2509 312 2704 372 SEDIS
2740 314 3076 374 APOSTOL.

245 432 445 494 sticiata
474 446 597 490 cum
626 430 847 504 perﬁdis
869 431 892 485 τ
921 429 1051 496 Quae
1076 443 1197 485 cum
1217 444 1245 484 a
1269 429 1422 485 nobis
1442 443 1586 500 saepe
1608 427 1718 498 jam
1745 425 1826 481 di-
1853 427 1909 489 Α
1933 423 2144 497 Petrus,
2173 438 2330 500 atque
2354 429 2490 485 alter
2516 430 2889 488 Antiochcnus
2910 432 3126 499 Petrus,
3158 442 3181 471 θ
3209 449 3313 491 non
3349 449 3530 509 singu-

239 539 326 587 τυ
353 529 484 594 sint,
517 537 743 581 necesse
770 533 854 580 est
885 532 1061 578 tamen
1109 522 1496 578 incessabiliter
1542 521 1749 587 iterari,
1781 527 1837 575 et

245 621 434 679 tandiu
479 634 588 676 non
638 617 838 688 taceri,
890 616 1124 688 quandiu
1171 632 1366 672 nomen
1407 617 1556 686 pacis
1592 613 1837 670 obtendi-

245 725 360 782 tur;
385 723 446 770 ut
484 719 727 768 nostrum
753 725 862 766 non
893 710 960 765 sit
997 712 1088 782 (ut
1116 708 1380 765 invidiose
1401 707 1674 780 jactatur)
1713 715 1739 745 δ
1766 706 1839 761 fa-

243 824 369 867 cere
395 805 722 880 pacem,sed
749 804 911 861 talem
939 803 1082 861 velle
1113 817 1212 860 nos
1240 802 1552 868 doceamus,
1583 801 1757 874 qualis
1785 811 1840 858 et

245 903 357 961 sola
389 916 497 972 pax
519 912 660 966 esse,
701 908 758 954 et
789 906 993 972 praeter
1019 911 1178 969 quam
1211 897 1360 953 nulla
1401 914 1504 969 pax
1533 911 1652 953 esse
1683 912 1838 953 mon-

247 993 486 1051 stretur?
505 991 906 1063 Eutychianum
928 1000 1079 1049 certe
1097 991 1313 1064 dogma,
1337 1003 1525 1047 contra
1549 989 1692 1063 quod
1713 1005 1843 1064 apo-

247 1086 455 1144 stolicte
480 1086 625 1143 sedis
651 1086 860 1142 cautela
884 1087 1198 1158 pervigilat,
1230 1087 1278 1142 si
1311 1086 1550 1144 creditur
1578 1086 1728 1142 salva
1754 1101 1843 1142 ca-

243 1177 469 1236 tholicae
495 1178 620 1236 ﬁdei
647 1178 877 1236 veritate
908 1194 1065 1250 posse
1086 1188 1359 1248 constare,
1380 1188 1679 1251 promatur.
1699 1193 1845 1236 asse-

249 1281 424 1340 ratur,
442 1280 500 1330 et
519 1272 868 1346 quantisllbet
898 1273 1105 1330 viribus
1125 1284 1428 1342 astruatur;
1468 1282 1530 1329 ut
1551 1290 1656 1330 non
1671 1273 1843 1330 solum

248 1379 348 1440 per
372 1369 614 1440 seipsum
630 1381 791 1440 quam
806 1366 1083 1424 inimicum
1107 1368 1177 1424 sit
1201 1367 1325 1424 ﬁdei
1347 1367 1657 1424 christianae
1678 1365 1848 1439 possit

248 1461 489 1530 ostendi,
516 1463 613 1519 sed
632 1471 688 1519 et
716 1446 945 1534 quantas
989 1471 1044 1519 et
1073 1477 1230 1534 quam
1277 1461 1504 1518 lethales
1529 1461 1764 1518 haereses
1794 1461 1846 1517 in

241 1571 348 1616 sua
378 1557 658 1614 contineat
694 1555 998 1612 colluvione
1026 1553 1054 1595 δ
1087 1555 1396 1612 monstrari.
1439 1554 1494 1612 Si
1527 1563 1704 1611 autem
1728 1598 1743 1623 ,
1794 1563 1851 1610 nt

245 1650 428 1725 magis
459 1649 803 1719 conﬁdimus,
832 1663 863 1705 a
885 1649 1166 1707 catholicis
1191 1649 1442 1722 jndicatis
1463 1650 1732 1705 mentibus
1752 1663 1846 1704 cx-

241 1743 602 1814 'cludendum,
625 1759 810 1819 quaeso
838 1754 914 1814 te,
939 1758 1035 1800 cur
1067 1760 1172 1801 non
1203 1752 1258 1801 et
1283 1745 1529 1815 contagia
1561 1743 1724 1799 simul
1759 1759 1852 1799 co-

1943 521 2151 588 lariter,
2183 523 2518 591 nominatim,
2542 525 2910 598 unusquisque
2950 541 3048 597 pro
3069 536 3221 598 parte
3253 543 3369 597 sua,
3405 530 3532 588 viri-

1943 616 2034 670 tim
2066 626 2282 686 propter
2311 617 2549 689 singulos
2575 633 2815 692 quosque
2842 634 3031 676 rursus
3072 620 3210 677 facto
3253 622 3485 679 concilio
3510 663 3527 693 ,

1941 709 2035 766 sed
2083 711 2273 782 synodi
2313 713 2480 769 semel
2535 722 2667 771 actae
2720 716 2905 787 regula
2951 727 3346 788 consequenter
3389 720 3528 777 elisi.

1942 801 2404 870 Quemadmodum
2447 821 2577 879 ergo
2615 824 2720 864 non
2765 817 2990 881 apparet
3035 809 3315 870 evidenter
3369 813 3535 868 etiam

1944 906 2168 954 cunctos
2198 899 2358 954 simili
2384 908 2570 956 tenore
2601 901 2901 974 constringi
2925 902 3015 976 qui
3036 917 3221 960 eorum
3239 904 3537 962 communi-

1945 1002 2156 1051 catores
2173 1003 2227 1049 et
2246 994 2537 1064 complices
2557 996 2904 1067 exstiterunt,
2926 1006 3088 1068 atque
3109 1011 3297 1054 omnes
3316 999 3538 1054 omnino

1947 1103 1977 1144 a
2007 1087 2269 1144 catholica
2293 1095 2453 1159 atque
2476 1088 2769 1158 apostolica
2795 1086 2816 1128 ί
2843 1089 3040 1146 merito
3058 1091 3436 1148 communione
3457 1090 3540 1147 di-

1948 1178 2170 1237 scerni?
2201 1179 2337 1235 Hinc
2365 1179 2622 1238 Acacium
2655 1195 2869 1251 quoque
2888 1181 3008 1252 jure
3035 1182 3262 1239 dicimus
3290 1199 3319 1238 a
3355 1190 3541 1240 nostro

1950 1273 2224 1328 consortio
2255 1271 2704 1342 submovendum,
2729 1276 2818 1342 qui
2849 1274 3037 1330 maluit
3063 1275 3117 1331 in
3133 1284 3332 1333 sortem
3366 1286 3542 1334 trans~

1952 1363 2030 1422 ire
2055 1363 2315 1436 perﬁdiae.
2340 1380 2500 1438 quam
2533 1365 2588 1420 in
2617 1367 2896 1423 catholicae
2927 1376 2982 1425 et
3009 1370 3360 1439 apostolicam
3390 1385 3539 1428 com-

1952 1457 2225 1517 munionis
2255 1457 2566 1514 sinceritate
2595 1468 2868 1526 constare,
2899 1476 3022 1517 cum
3072 1463 3184 1518 fere
3214 1462 3503 1519 triennium
3525 1501 3542 1531 ,

1953 1564 2023 1606 ne
2050 1549 2104 1606 in
2134 1549 2187 1606 id
2221 1551 2429 1606 veniret
2471 1550 2784 1620 apostolicae
2832 1552 2978 1608 sedis
3004 1551 3246 1626 epistolis
3290 1554 3546 1611 doceatur

1955 1653 2327 1715 competenter
2347 1646 2662 1701 instructus.
2684 1646 2972 1719 Postquam
2997 1661 3127 1705 vero
3154 1648 3548 1704 communionis

1957 1741 2120 1815 3M
2146 1753 2226 1798 est
2257 1742 2428 1798 factus
2458 1743 2676 1810 alienae,
2711 1758 2814 1798 non
2849 1743 3022 1814 potuit
3073 1744 3176 1800 nisi
3205 1759 3237 1800 a
3271 1744 3550 1801 catholicae

245 1853 374 1897 rum
395 1839 490 1912 qui
508 1839 612 1896 hoc
633 1839 930 1912 probantur
952 1854 1072 1895 esse
1094 1839 1281 1912 polluti
1305 1839 1598 1896 decernitis
1615 1838 1852 1895 refutan-
1884 1830 1934 1894 Β
1963 1843 2018 1891 et
2047 1834 2354 1906 apostolica:
2382 1850 2507 1891 mox
2536 1836 2797 1892 societate
2832 1834 2859 1872 ιι
2889 1836 3138 1908 praecidi:
3172 1853 3242 1893 ne
3270 1852 3362 1906 per
3391 1852 3550 1908 eum,

247 1932 360 1990 da?
401 1946 530 1989 cum
575 1932 720 1989 dicat
755 1931 1087 2003 Apostolus:
1124 1931 1247 1987 Non
1281 1932 1444 1987 solum
1489 1932 1577 2000 qui
1616 1948 1718 1986 non
1770 1931 1852 2000 fa-

247 2025 438 2080 cienda
465 2024 686 2095 faciunt,
712 2037 836 2080 reos
880 2023 1084 2092 videri,
1120 2025 1209 2079 sed
1229 2027 1382 2080 etiam
1412 2025 1501 2096 qui
1530 2024 1852 2079 consentiunt

246 2116 564 2189 {edentibus
613 2115 804 2188 (Rom.
830 2133 881 2184 ι,
914 2115 1032 2187 32).
1063 2115 1223 2189 343
1256 2115 1510 2188 Proinde,
1561 2116 1698 2171 sicut
1747 2131 1851 2172 non

247 2217 475 2282 potest,
505 2209 878 2281 perversitatis
925 2210 1385 2265 communicatore
1416 2220 1667 2282 suscepto
1688 2251 1703 2278 ,
1746 2227 1852 2267 non

246 2305 462 2378 pariter
489 2304 816 2375 perversitas
841 2303 1158 2376 approbari,
1186 2306 1266 2360 sic
1287 2320 1392 2360 non
1425 2313 1598 2376 potest
1629 2305 1853 2361 refutari

247 2398 621 2470 perversitas,
652 2396 915 2468 complice
957 2407 1012 2454 et
1039 2406 1310 2454 sectatore
1345 2399 1710 2470 perversitatis
1758 2399 1853 2455 ad-

247 2492 444 2549 misso.

321 2582 548 2644 CALV.
568 2615 640 2629 -—
659 2584 892 2658 Legibus
919 2595 1066 2641 certe
1091 2586 1291 2641 vestris
1318 2586 1604 2642 criminum
1627 2587 1851 2652 conscii,

247 2689 714 2753 sosceptoresque
740 2679 1176 2736 latrocinantium
1200 2680 1317 2752 pari
1338 2681 1664 2753 judiciorum
1697 2697 1855 2753 ptena

249 2781 742 2853 constringuntur;
784 2794 886 2837 nec
915 2795 1110 2851 expers
1140 2780 1392 2838 facinoris
1417 2783 1737 2851 aestimatur,
1767 2784 1858 2854 qui

249 2882 382 2948 licet
407 2884 532 2955 ipse
550 2897 659 2942 non
672 2883 874 2950 fecerit,
899 2894 922 2924 ο
946 2882 1204 2941 facientes
1227 2892 1405 2940 tamen
1425 2885 1478 2939 in
1499 2885 1673 2942 {cadus
1704 2885 1858 2941 fami-

247 2985 666 3057 liaritatemque
686 2987 973 3058 receperit.
996 2985 1233 3044 Proinde
1267 3001 1388 3043 cum
1416 2988 1860 3046 Chalcedonense

249 3086 558 3146 concilium
576 3101 676 3158 pro
685 3086 812 3144 ﬁdei
825 3087 1107 3144 catholicae
1124 3096 1286 3158 atque
1302 3089 1615 3158 apostolicae
1632 3091 1860 3147 veritate

247 3188 756 3261 «smnio-eque
797 3187 1153 3255 celebratum,
1199 3189 1537 3246 damnaverit
1591 3190 1859 3263 Eutyche-

247 3300 396 3361 tetn,
417 3288 452 3330 ει
478 3291 784 3348 detestandi
810 3290 1012 3348 furoris
1040 3299 1336 3358 auctorem,
1360 3307 1472 3348 non
1499 3294 1631 3349 satis
1648 3294 1856 3364 habuit,

257 3396 369 3452 nisi
393 3403 457 3451 ut
479 3396 681 3468 pariter
701 3395 818 3464 eius
839 3411 1054 3468 quoque
1081 3406 1388 3453 consortem
1417 3398 1732 3456 Dioscorum
1750 3417 1859 3458 caa-

263 3504 521 3569 terosque
552 3497 888 3569 percelleret.
919 3497 1033 3554 Hoc
1054 3498 1216 3570 igitur
1246 3498 1408 3555 modo
1434 3498 1597 3573 (sicut
1627 3502 1680 3556 in
1725 3518 1860 3558 una-

253 3616 479 3676 quaque
506 3601 724 3670 haeresi,
755 3600 841 3657 vel
875 3599 1074 3657 factum
1101 3611 1339 3672 semper,
1369 3601 1454 3657 vel
1485 3601 1600 3658 ﬁeri
1630 3618 1736 3660 non
1768 3605 1862 3661 ha-

245 3704 423 3768 betur
447 3703 816 3784 .mbiguum)
867 3719 1210 3763 successores
1258 3717 1447 3763 eorum
1508 3708 1858 3778 Timotheus,

318 3853 352 3884 ι
378 3842 464 3900 [ts
493 3856 686 3900 omnes
710 3841 870 3899 codd.
899 3850 955 3916 et
986 3841 1136 3916 editi.
1167 3841 1395 3911 Quesn.,
1426 3843 1553 3900 velte
1577 3859 1790 3916 pacem;
1816 3855 1870 3902 et

242 3917 408 3989 dein,
445 3922 654 3986 propter
683 3931 837 3985 quam
859 3914 1027 3970 nulla.
1058 3913 1203 3978 Mox.
1237 3929 1334 3984 pro
1364 3913 1696 3984 monstretur,
1721 3918 1868 3989 vulg.

241 3988 463 4055 Cana,
489 3995 826 4041 munitur.

311 4057 346 4100 δ
379 4059 622 4133 Ουῳιιη
663 4066 1015 4133 monstretur;
1035 4065 1240 4133 etpost
1271 4074 1462 4133 pauca,
1491 4069 1546 4114 ut
1566 4060 1732 4133 magis
1759 4077 1870 4133 cre-

238 4133 458 4187 dimus.
493 4129 900 4185 Praestantiores
919 4132 1080 4186 codd.
1107 4127 1266 4186 Vind.
1295 4140 1349 4186 et
1376 4131 1578 4187 Veron.
1603 4127 1723 4186 cum
1749 4132 1869 4188 aliis

237 4202 500 4275 vulgatis
528 4201 882 4275 prg‘tulimus.

320 4273 549 4345 (Vulg.
577 4273 744 4328 Cone.
771 4287 892 4326 cum
924 4273 1042 4328 Vat.
1069 4275 1159 4338 ls.,
1186 4275 1423 4345 facientis
1450 4284 1618 4345 tamen
1641 4274 1868 4344 familia.

235 4348 469 4402 ritatem
501 4342 766 4415 [certusque
792 4347 1057 4415 receperit.
1081 4342 1280 4402 Veron.
1302 4356 1358 4401 et
1384 4344 1538 4400 Vind.
1577 4342 1862 4403 lcetiunem

237 4428 445 4478 textus
476 4415 792 4488 praeferunt,
838 4414 1010 4488 deleta
1060 4419 1442 4488 praepositione
1472 4419 1554 4482 in,
1604 4419 1676 4471 ub
1704 4434 1864 4488 quem

234 4484 538 4561 defectum
572 4487 624 4541 in
649 4486 770 4540 aliis
793 4484 952 4543 codd.
989 4484 1086 4559 pro
1114 4484 1360 4561 facientes
1389 4484 1734 4545 emendatum
1765 4490 1866 4545 fuit

257 4560 525 4617 incientis.

234 4566 525 4634 (uanas.

314 4631 345 4672 ἀ
387 4630 565 4704 Solus
590 4628 1075 4704 Que5tt.,_iiamnati
1101 4633 1309 4704 furoris.

316 4716 345 4743 ε
378 4703 630 4776 Quesn.,
650 4717 752 4776 non
778 4701 992 4776 uiritim,
1013 4701 1726 4776 singulariter.Vulg._Conc.
1743 4716 1864 4756 cum

239 4776 383 4833 Vat.
424 4773 528 4839 ls.,
560 4769 664 4844 non
701 4769 882 4826 vititim
929 4769 1141 4844 praptér
1185 4775 1435 4844 singulos,
1476 4773 1668 4830 deletis
1698 4775 1868 4828 inter-

233 4847 460 4906 nodiis
507 4843 730 4898 vocibus
771 4843 1132 4915 singulariter,
1181 4843 1482 4900 nominatim
1522 4849 1868 4914 unusquisque

233 4923 526 4991 mpure
553 4929 668 4972 una.
705 4915 808 4991 llas
833 4931 1052 4991 quoque
1072 4931 1236 4972 voces
1258 4919 1468 4987 ignorat
1497 4919 1643 4991 cod.
1665 4917 1860 4973 Veron.

234 4986 430 5048 Vinii.
465 4995 649 5040 autem
680 4986 891 5056 recipit.
913 4987 1117 5044 Horum
1141 5003 1268 5043 vero
1285 4986 1866 5058 praestantissimorum

233 5062 520 5121 codicum
549 5059 871 5113 auctoritate
915 5060 1227 5116 adverbium
1268 5059 1458 5114 viritim
1498 5061 1552 5114 in
1593 5077 1750 5116 suum
1791 5062 1870 5115 lo-

232 5148 376 5192 cum
409 5129 818 5184 transtulimus.
848 5130 980 5186 Cum
1007 5131 1200 5187 iisdem
1232 5133 1678 5201 expunxissemns
1704 5133 1866 5186 etiam

231 5202 578 5278 negativam
603 5201 943 5278 particulam,
965 5211 1022 5278 et
1045 5218 1166 5278 cum
1192 5202 1394 5278 Veron.
1411 5217 1542 5278 imos
1566 5203 1868 5278 scripsisse-

231 5271 380 5336 ωιῖε
415 5272 520 5328 sed
559 5282 628 5348 et.
651 5271 756 5326 Sed
799 5272 943 5328 idem
981 5272 1229 5348 Gelasius
1252 5275 1308 5329 in
1337 5276 1564 5348 epistola
1587 5271 1866 5341 sequenti,

230 5365 292 5406 ο.
326 5348 397 5412 9.,
433 5352 586 5399 totus
611 5343 664 5397 in
702 5357 770 5398 eo
796 5351 881 5398 est
904 5385 919 5409 ,
947 5354 1005 5399 ut
1037 5345 1230 5415 probet
1283 5343 1388 5400 non
1432 5346 1598 5400 fuisse
1645 5359 1868 5400 necesse

231 5421 458 5477 viritim
484 5427 683 5481 cogere
707 5415 974 5486 synodos;
995 5425 1119 5472 etc.
1140 5417 1550 5482 3,1‘imotheum
1574 5416 1868 5471 aePetrum

233 5507 357 5549 non
393 5486 628 5555 repetita
647 5486 867 5558 synodo,
906 5488 994 5541 sed
1015 5490 1321 5543 auctoritate
1350 5489 1702 5543 tantummodo
1733 5488 1868 5542 sedis

231 5559 579 5638 apostolica
600 5558 1088 5638 fuissedamnatos
1128 5559 1350 5638 prodit._
1376 5561 1511 5615 Hinc
1531 5561 1868 5638 Aparticulam

230 5628 354 5690 n'on
396 5644 535 5687 cum
565 5628 686 5683 aliis
713 5629 872 5684 codd.
906 5639 961 5684 et
988 5628 1498 5701 vulg.’retinuimus.
1523 5631 1652 5700 Qme
1689 5641 1868 5686 tamen
1893 5669 1906 5680 .

234 5709 286 5762 si
332 5701 722 5775 expungenda
742 5711 915 5775 esset,
952 5703 1092 5758 hunc
1122 5702 1298 5757 locum
1326 5703 1629 5775 intelligere
1657 5713 1874 5775 oporte-

229 5788 333 5836 ret
370 5778 454 5830 de
482 5773 712 5845 synodis
741 5773 1016 5842 Romanis,
1047 5790 1164 5844 quae
1189 5789 1252 5829 ex
1277 5788 1427 5830 more
1453 5773 1872 5845 in'graviuribns

231 5847 454 5914 causis
483 5845 842 5915 cogebantur,
878 5853 933 5901 et
967 5848 1018 5902 in
1043 5845 1236 5916 quibus
1261 5861 1355 5902 eos
1382 5845 1546 5922 fuisse
1591 5847 1870 5904 damnatos

1961 1929 2006 1984 si
2039 1929 2122 1983 vel
2153 1928 2426 1998 paululum
2456 1944 2818 1996 cessaremus,
2845 1935 2946 1984 nos
2971 1944 3184 2001 quoque
3213 1929 3444 1988 subiisse
3475 1931 3552 1988 νίς·

1958 2019 2211 2076 deremur
2229 2021 2473 2092 contagia
2501 2020 2851 2092 perﬁdorum.
2867 2020 2974 2078 Sed
2997 2037 3204 2086 revera,
3222 2021 3305 2078 vel
3323 2022 3410 2076 tali
3434 2036 3553 2090 βενε

1958 2115 2147 2171 culsus
2176 2131 2332 2186 poena
2358 2115 2602 2187 resipuit,
2636 2116 3030 2172 correctionem
3069 2116 3336 2186 promisit,
3369 2131 3552 2173 emen-

1960 2208 2101 2265 davit
2131 2211 2406 2268 errorem?
2433 2207 2449 2247 ί
2471 2210 2660 2266 autille
2675 2219 2930 2266 tractatus
2948 2210 3120 2267 lenius
3138 2211 3380 2267 voluerat
3401 2227 3552 2268 coer-

1959 2305 2092 2370 ceri,
2125 2306 2214 2374 qui
2247 2305 2409 2359 etiam
2434 2304 2658 2361 verbera
2689 2305 2821 2363 dura
2853 2319 2960 2360 non
2992 2306 3194 2362 sensit?
3226 2305 3342 2374 Quo
3365 2305 3426 2360 .in
3453 2319 3553 2361 sua

1963 2397 2182 2466 perﬁdia
2212 2407 2267 2453 et
2286 2398 2632 2454 damnatione
2664 2401 2966 2466 moriente,
2999 2407 3107 2456 tam
3148 2400 3264 2470 ejus
3297 2400 3349 2455 in
3380 2398 3553 2456 eccle-

1960 2492 2175 2547 siastica
2206 2493 2522 2549 recitatione
2554 2509 2659 2550 non
2693 2504 2870 2566 potest
2916 2511 3112 2552 nomen
3141 2494 3365 2560 ascribi,
3393 2508 3554 2564 quam

1962 2596 2201 2642 externre
2249 2588 2552 2659 contagium
2586 2603 2692 2644 non
2738 2589 2898 2646 debet
2923 2588 3426 2650 communicationis
3453 2586 3554 2643 ad-

1965 2679 2123 2735 mitti.
2150 2679 2490 2751 Quapropter
2514 2683 2529 2731 l
2562 2691 2654 2737 aut
2678 2681 2938 2738 doceatur
2966 2680 3035 2736 ab
3058 2680 3313 2738 haeretica
3335 2679 3555 2752 partici-

1962 2773 2182 2846 patione
2208 2773 2475 2840 sincerus,
2498 2789 2727 2845 quorum
2759 2790 2819 2830 se
2848 2775 2939 2830 ille
2971 2773 3281 2844 permiscuit
3308 2787 3556 2828 commu-

1966 2866 2138 2930 nioni,
2171 2875 2262 2920 aut
2285 2881 2405 2920 cum
2432 2865 2621 2922 iisdem
2650 2882 2754 2922 non
2787 2876 2966 2938 potest
2993 2882 3099 2924 non
3129 2866 3339 2938 repelli.

2035 2961 2164 3017 Car.
2191 2959 2363 3017 VL—
2384 2960 2474 3016 Sic
2504 2970 2683 3020 autem
2708 2969 2992 3018 susurrant
3024 2963 3260 3018 Orientis
3287 2961 3553 3032 episcopi;

1965 3053 2105 3127 quod
2128 3053 2193 3109 ad
2218 3069 2311 3108 eos
2329 3053 2488 3110 sedes
2514 3054 2832 3126 apostolica,
2852 3053 2876 3092 ¹ί
2898 3071 3004 3110 non
3031 3057 3130 3111 ista
3145 3056 3555 3125 conscripserit,

1966 3147 2119 3219 quasi
2145 3147 2229 3203 vel
2247 3147 2345 3218 ipsi
2362 3147 2428 3202 de
2453 3147 2763 3218 recipiendo
2788 3148 3021 3219 legitime
3038 3147 3199 3204 Petro
3217 3147 3400 3204 sedem
3428 3163 3557 3218 apo-

1886 3228 1933 3293 C
1965 3243 2206 3298 stolicam
2232 3241 2343 3297 suis
2370 3242 2560 3298 litteris
2583 3241 2813 3299 fecerint
2837 3244 3154 3309 certiorem;
3179 3243 3264 3299 vel
3293 3243 3452 3313 hujus
3474 3257 3553 3299 re-

1967 3335 2232 3402 ceptionis
2249 3333 2535 3390 incondita:
2549 3349 2655 3392 non
2669 3334 2773 3404 iam
2791 3336 2989 3405 pariter
3005 3336 3300 3410 complices
3310 3335 3554 3392 exstitis-

1971 3437 2092 3484 sent
2112 3447 2126 3483 :
2155 3426 2175 3469 ι
2191 3443 2351 3500 quem
2363 3428 2503 3485 sicut
2517 3443 2624 3483 non
2639 3439 2863 3500 possunt
2878 3429 3080 3487 docere
3101 3431 3169 3485 ab
3182 3430 3431 3486 haeretica
3447 3444 3559 3499 pra-

1970 3524 2135 3582 vitate
2151 3522 2319 3580 fuisse
2347 3535 2654 3594 purgatum,
2675 3524 2748 3580 ita
2777 3538 2836 3580 se
2851 3524 3230 3581 hereticorum
3255 3523 3561 3580 nullatenus

1971 3627 2224 3689 poterunt
2249 3631 2512 3673 excusare
2530 3626 2833 3674 consortes.
2854 3617 2958 3684 Qui
2984 3617 3030 3673 si
3055 3617 3297 3674 fortassis
3318 3627 3562 3671 astruxe-

1968 3713 2078 3770 rint
2102 3712 2244 3785 quod
2272 3711 2339 3768 ad
2360 3711 2710 3783 apostolicam
2736 3712 2922 3769 sedem
2953 3713 3022 3770 de
3050 3712 3392 3783 susceptione
3418 3709 3562 3766 Petri

1975 3845 2107 3901 nihil
2136 3845 2285 3900 dubii
2329 3852 2431 3901 est.
2463 3843 2597 3899 Cum
2644 3845 2786 3900 enim
2831 3845 3020 3899 harum
3050 3844 3378 3914 synodorum
3416 3852 3563 3908 gesta

1975 3918 2341 3973 tribuerentur
2386 3918 2691 3971 auctoritati
2722 3916 2869 3971 sedis
2905 3917 3236 3984 apustolicm,
3281 3915 3436 3982 hujus
3462 3930 3562 3968 au-

1973 3991 2209 4043 ctoritate
2229 3988 2552 4043 solummodo
2585 3987 2660 4042 illi
2691 3987 2928 4042 damnati
2960 3987 3062 4042 dici
3094 3995 3415 4056 potuerunt,
3463 4003 3564 4040 non

1972 4063 2186 4131 repetita
2229 4060 2448 4132 synodo,
2485 4061 2732 4132 nimirum
2774 4059 3038 4130 generali,
3068 4059 3152 4132 vel
3188 4057 3288 4112 alia
3332 4057 3561 4132 speciali,

1974 4127 2132 4199 quam
2170 4132 2222 4185 in
2253 4127 2349 4185 sua
2400 4146 2562 4185 causa
2612 4127 2847 4186 defuisse
2893 4131 3144 4186 Acaciani
3198 4127 3560 4201 opponebam.

1977 4202 2110 4258 Vide
2140 4217 2190 4256 c.
2222 4203 2243 4256 l
2280 4202 2522 4272 epistolae
2552 4205 2846 4270 sequentis.

2050 4275 2069 4312 τ
2098 4274 2299 4342 Quesn.
2326 4274 2470 4329 delet
2500 4274 2700 4326 merito.

2047 4339 2263 4412 Iidem,
2332 4345 2636 4398 sinceritatis
2693 4343 3050 4397 communione
3094 4357 3214 4396 cum
3270 4341 3386 4395 solo
3439 4339 3563 4406 cod.

1972 4419 2178 4483 Oxum;
2211 4433 2272 4470 ac
2301 4416 2447 4480 dein,
2483 4416 2734 4487 tgicnnio:
2767 4415 2909 4487 vnlg.
2933 4414 3124 4487 (Ione,
3154 4428 3242 4484 per
3265 4413 3562 4487 triennium.

2043 4487 2072 4526 δ
2093 4489 2255 4544 Solus
2282 4483 2503 4554 Quesn.
2533 4486 2724 4542 inserit
2751 4483 2884 4540 sedis
2921 4501 2938 4538 :
2971 4483 3161 4540 delent
3193 4485 3363 4540 nostri
3400 4483 3561 4540 codd.

1975 4577 2038 4616 ac
2067 4564 2228 4616 etiam
2259 4559 2469 4613 Thuan.
3425 4607 3428 4613 λ
3477 4563 3488 4575 ·

2051 4630 2069 4668 ί
2105 4631 2193 4687 Sic
2224 4629 2385 4684 codd.
2420 4627 2577 4683 Vind.
2631 4638 2686 4684 et
2717 4627 2918 4684 Veron.
2953 4643 3072 4684 cum
3104 4627 3250 4698 vulg.
3298 4624 3565 4683 Concilio~

1895 4676 1948 4736 D
1978 4719 2115 4758 rum.
2161 4702 2388 4772 Quesn.,
2440 4717 2505 4753 an
2553 4700 2729 4755 ille....
2788 4701 2966 4754 voluit.
3015 4700 3134 4755 Vat.
3169 4676 3263 4766 1;,
3319 4701 3563 4755 valuerat.

1979 4771 2214 4840 Merlin,
2246 4771 2440 4838 valeat;
2474 4779 2526 4826 et
2565 4775 2775 4844 utrique
2816 4773 2974 4844 paulo
3024 4782 3146 4843 post
3186 4781 3423 4826 manente
3471 4785 3567 4840 pro

1977 4846 2244 4901 moriente.

2056 4918 2069 4969 l
2111 4917 2186 4970 lta
2216 4931 2336 4972 cum
2369 4914 2516 4984 vulg.
2547 4915 2713 4972 Cone.
2770 4917 3175 4984 praestantiores
3215 4913 3374 4969 codd.
3405 4914 3567 4968 etiam

1980 4989 2192 5044 Tliuan.
2245 4987 2599 5056 Quesnellus,
2649 4995 2737 5041 aut
2773 4986 3124 5044 doceantur...
3166 4986 3416 5056 sinceri...
3464 4998 3568 5056 non

1980 5076 2130 5132 posse
2148 5053 2361 5114 revelli:
2385 5058 2501 5119 Mox
2539 5053 2710 5133 vulg...
2746 5057 2865 5114 cum
2900 5058 3110 5118 Tltuan.
3151 5069 3204 5112 ct
3234 5057 3354 5112 Vat.
3398 5055 3491 5118 ls.,
3523 5053 3569 5108 si

1981 5142 2172 5187 autem.

2051 5202 2077 5275 ξι
2103 5202 2265 5259 Solus
2294 5205 2523 5271 Quesn.,
2551 5219 2655 5257 non
2677 5203 2954 5275 scripserit.

2055 5272 2070 5312 ¹
2109 5268 2338 5340 Quean
2368 5268 2519 5338 quam
2541 5277 2668 5329 sicut
2698 5268 2797 5328 non
2832 5279 3039 5342 possunt
3052 5270 3227 5342 dicere
3252 5268 3312 5324 ab
3330 5268 3568 5323 han-etica

1977 5348 2229 5418 pravitate
2246 5345 2404 5416 fuisse
2431 5358 2725 5419 purgatum.
2751 5341 2912 5398 Vind.
2936 5352 2990 5396 et
3022 5341 3226 5419 Veron.
3240 5355 3570 5419 mss.,_qu_am

1977 5409 2020 5471 si
2057 5409 2486 5489 verum'possunt
2531 5409 2829 5489 docere..."
2869 5423 3165 5489 purgatum.
3210 5412 3353 5489 Idem
3409 5409 3571 5466 habet

1980 5489 2220 5555 Thuan.,
2272 5484 2375 5543 nisi
2404 5489 2550 5560 quod
2600 5487 2819 5560 praefert
2858 5488 2901 5540 si
2957 5503 3068 5540 vere
3125 5499 3223 5554 pro
3277 5484 3320 5537 si
3368 5498 3572 5560 verum;

1982 5554 2269 5630 utrumque
2298 5554 2577 5624 mendose,
2601 5554 2700 5628 pro
2740 5559 3214 5630 sicut_non,_qnam
3242 5554 3574 5630 emendatius

1977 5648 2100 5688 nem
2141 5626 2389 5702 cingente
2419 5626 2671 5702 contextu
2703 5626 3154 5702 approbant__Vat.
3189 5627 3259 5681 ls.
3292 5626 3574 5702 etLMVerlis

1980 5718 2100 5782 nus.
2125 5697 2429 5758 Concinunt
2454 5703 2600 5768 vulg.
2622 5697 2820 5782 Cone},
2853 5701 2905 5755 in
2929 5699 3122 5770 quibus
3149 5715 3260 5754 vere
3287 5697 3570 5782 adjicitur:

1982 5776 2130 5833 Sicut
2153 5790 2266 5830 vere
2287 5789 2384 5829 non
2417 5781 2651 5845 possunt.
