3996 6344
533 354 641 414 639

1473 351 1819 408 APPENDIX
1855 351 1946 406 AD
1987 351 2044 406 S.
2086 348 2334 408 LEONIS
2375 354 2590 413 MAG-Nl
2630 355 2884 412 OPERA.
3649 371 3735 430 διο

537 487 634 545 per
661 472 910 530 Acaetum
940 473 1118 530 cuncti
1155 484 1389 528 consona
1418 479 1445 508 ι
1471 470 1745 526 voluntate
1790 471 2066 526 rettulerint
2088 515 2103 540 ,
2133 469 2186 526 Α
2217 471 2268 526 id
2301 474 2407 541 pati
2440 474 2652 530 ratione
2678 473 2974 543 potuisses;
2999 475 3063 529 ad
3090 475 3384 533 Divinitatis
3412 494 3576 549 puram
3601 485 3736 542 since-

537 581 633 637 per
661 563 907 622 eumdem
930 564 1145 620 sibimet
1166 577 1354 620 omnes
1387 565 1500 636 pari
1529 579 1661 619 voce
1691 565 1926 620 sentiant
1952 565 2122 622 fuisse

537 657 880 727 rescriptum.
929 655 1247 726 Apostolicaa
1288 670 1418 711 vero
1458 655 1605 712 sedis
1642 658 1932 712 auctoritas
1978 659 2121 736 quod

537 747 745 806 cunctis
772 747 982 804 saeculis
1012 746 1332 802 Christianis
1362 746 1618 802 Ecclesiae
1647 748 1866 818 prwlata
1900 749 1970 803 sit
2004 750 2124 805 uni-

537 860 729 912 versae,
763 854 818 900 et
855 858 1123 899 canonum
1167 843 1311 899 serie
1337 853 1706 915 paternorum,
1737 855 1793 900 et
1840 846 2122 917 multiplici

539 935 825 992 traditione
870 937 1130 992 ﬁrmatur.
1176 935 1282 992 Sed
1321 935 1348 975 δ
1393 937 1477 992 vel
1507 937 1653 1004 hinc,
1684 938 1770 993 vel
1811 947 1986 994 utrunt
2015 940 2122 996 sibi

539 1030 820 1100 quisquam
849 1021 1035 1086 contra
1059 1030 1288 1086 Nieaenae
1319 1031 1509 1103 synodi
1537 1033 1824 1088 constituta
1846 1034 2118 1104 quidpiam

503 1122 712 1178 -valeat
745 1138 1024 1195 usurpare,
1056 1124 1288 1196 collegio
1326 1133 1501 1194 potest
1536 1126 1691 1180 ttnius
1730 1129 2122 1184 communionis

535 1216 698 1291 355
727 1218 962 1289 ostendi,
991 1235 1096 1273 non
1121 1220 1390 1276 mentibus
1431 1230 1670 1275 externa:
1696 1221 1968 1276 societatis
1995 1237 2120 1291 ape~

535 1308 654 1364 riri.
677 1310 830 1380 Apud
854 1309 974 1366 illos
995 1311 1039 1365 si
1068 1311 1187 1382 quis
1204 1312 1443 1377 conlidit,
1461 1312 1767 1382 egrediatur
1789 1311 1840 1368 in
1860 1314 2116 1383 medium,

535 1412 591 1458 et
635 1404 984 1471 apostolicam
1034 1405 1214 1460 sedem
1244 1416 1265 1444 ε
1299 1405 1366 1460 de
1413 1415 1640 1477 utroque
1680 1408 1922 1463 revincat
1953 1420 2004 1466 et
2040 1412 2120 1467 in-

533 1504 727 1551 struat.
763 1496 1007 1553 Tollatur
1035 1513 1163 1569 ergo
1201 1515 1395 1554 nomen
1427 1515 1457 1554 e
1486 1501 1684 1569 medio,
1717 1498 1745 1537 ιι
1772 1503 1910 1570 quod
1934 1505 2120 1560 Eccle-

533 1590 732 1646 siarum
752 1591 1128 1648 discretionem
1160 1594 1344 1663 procul
1368 1609 1395 1646 a
1423 1593 1713 1650 Catholicae
1735 1598 2113 1654 communione

533 1692 811 1752 operatur,
835 1693 892 1740 ut
923 1685 1132 1740 sincera
1164 1701 1266 1755 pax
1293 1685 1414 1741 ﬁdei
1435 1687 1936 1760 communionisque
1963 1707 2118 1759 repa-

533 1786 682 1832 retur
707 1787 761 1833 et
791 1778 986 1833 unitas.
1023 1778 1091 1834 Et
1123 1787 1246 1833 tunc
1294 1778 1412 1849 quis
1453 1788 1695 1835 nostrum
1728 1791 1915 1837 contra
1955 1800 2118 1840 vene-

2226 579 2446 636 ramque
2474 566 2818 623 devotionem
2836 610 2852 636 ,
2887 577 2945 622 ut
2976 568 3068 622 tibi
3097 568 3246 637 plebs
3275 569 3472 627 subdita
3495 574 3734 648 redigatur,

2224 661 2568 718 conscientia:
2602 670 2705 715 tua:
2734 675 2841 716 non
2873 669 3028 728 putas
3069 661 3360 718 interesse?
3395 663 3638 722 Postremo
3661 680 3682 718 ι
3704 673 3746 728 si-

2227 751 2382 806 unius
2410 753 2592 823 populi
2631 752 2861 808 civitatis
2898 753 3109 809 animus
3138 768 3245 810 non
3272 765 3474 825 putatur
3498 758 3664 817 offendi
3688 781 3741 820 ne

2223 842 2425 916 divina,
2454 853 2512 900 ut
2534 861 2621 900 res
2644 845 2902 915 postulat,
2933 846 3291 917 corrigantur,
3317 857 3504 916 quanto
3529 853 3668 923 magis
3689 870 3742 911 ne

2224 936 2402 993 divina
2441 937 2780 995 oﬂ’endantur
2815 937 3065 1007 catholici
3111 938 3339 994 nominis
3381 940 3596 997 universi
3633 945 3742 1014 piam

2224 1027 2382 1084 ﬁdem
2414 1044 2512 1085 nec
2555 1028 2756 1086 laedere
2785 1029 3043 1086 debemus
3071 1029 3320 1095 omnino,
3353 1045 3447 1087 nec
3481 1037 3743 1102 possumus?

2225 1120 2290 1175 Et
2327 1131 2502 1178 tamen
2539 1121 2700 1177 iidem
2733 1131 2962 1191 poscunt
3000 1135 3061 1177 se
3089 1130 3270 1177 nostra
3299 1122 3552 1178 voluntate
3586 1125 3742 1182 sanari.

2221 1213 2667 1286 Competentibus
2692 1230 2818 1286 ergo
2849 1231 2906 1272 se
2938 1215 3115 1271 sinant
3135 1217 3314 1272 curari
3337 1231 3486 1286 posse
3511 1219 3742 1276 remediis:

2221 1309 2481 1380 alioquin,
2511 1309 2653 1380 quod
2677 1311 2835 1376 absit,
2863 1311 2916 1365 iu
2948 1325 3133 1366 eorum
3155 1309 3318 1382 346
3338 1312 3635 1367 transeundo
3656 1328 3745 1381 per-

2222 1403 2440 1472 niciem,
2473 1421 2594 1460 cum
2620 1405 2723 1460 illis
2747 1405 2927 1475 perire
2953 1419 3258 1474 possumus,
3293 1405 3433 1474 ipsos
3451 1420 3566 1460 vero
3584 1405 3746 1461 salvere

2223 1511 2327 1550 non
2360 1511 2664 1565 possumus.
2703 1497 2818 1551 Jam
2852 1498 2939 1552 hic
2973 1496 3098 1568 quid
3140 1499 3210 1553 sit
3251 1497 3418 1568 magis
3443 1496 3745 1567 sequendum,

2221 1591 2322 1646 sub
2363 1590 2546 1645 divino
2584 1589 2790 1662 judicio
2833 1599 3027 1646 vestrae
3073 1591 3418 1647 conscientias
3452 1591 3745 1661 derelinquo:

2223 1692 2397 1735 utrum
2421 1725 2433 1747 ,
2462 1681 2602 1736 sicut
2629 1699 2725 1737 nos
2751 1692 3032 1753 optamus,
3067 1682 3223 1736 simul
3264 1697 3448 1736 omnes
3483 1691 3658 1738 certam
3681 1698 3747 1738 re-

2221 1773 2445 1829 deamus
2465 1774 2530 1828 ad
2559 1774 2750 1840 vitam;
2782 1791 2881 1843 an,
2909 1774 3048 1830 sicut
3071 1775 3148 1829 illi
3180 1783 3443 1844 poscunt,
3473 1775 3748 1830 manifestam

531 1869 776 1942 randam,
801 1872 885 1928 vel
916 1873 1284 1939 insurrexerit,
1318 1874 1404 1928 vel
1435 1875 1635 1929 nitatur
1663 1876 1941 1948 insurgere
1967 1889 2115 1935 vetu-

2223 1866 2505 1923 tendamus
2530 1867 2594 1921 ad
2623 1879 2874 1924 mortem.
2917 1867 3022 1924 Sed
3052 1867 3227 1923 adhuc
3258 1866 3588 1937 apostolicam
3610 1866 3748 1923 sedem

532 1973 750 2032 statcm,
781 1974 1151 2036 competenter
1180 1978 1236 2023 et
1261 1969 1494 2040 legitime
1521 1973 1893 2043 perquiratur;
1924 1985 1978 2030 et
2003 1976 2118 2032 illic

513 2057 810 2129 apparebit
852 2059 970 2129 quis
998 2061 1244 2117 modesto
1289 2065 1562 2133 proposito
1595 2067 1861 2121 custodiat
1894 2068 2117 2124 formam

535 2148 984 2221 traditionemque
1017 2153 1299 2222 majorum,
1333 2156 1452 2225 quis
1478 2171 1638 2228 supra
1669 2158 1783 2214 haec
1818 2160 2120 2218 irreveren-

529 2251 615 2300 ter
643 2253 667 2283 θ
701 2245 964 2312 insiliens,
993 2247 1113 2317 quis
1140 2249 1325 2317 rapina
1357 2265 1514 2319 posse
1542 2251 1657 2307 ﬁeri
1685 2253 1995 2311 arbitretur.

598 2334 726 2393 CAP.
760 2335 871 2393 νη.
896 2336 1135 2407 —Quod
1167 2341 1211 2396 si
1237 2341 1366 2396 mihi
1398 2358 1629 2412 persona
1660 2347 1842 2415 populi
1866 2346 2120 2404 Constan-

528 2429 864 2498 tinopolitani
912 2432 1258 2503 proponitur,
1311 2448 1406 2504 per
1451 2450 1609 2505 quam
1661 2436 1868 2493 dicatur
1924 2455 2118 2495 nomen

527 2521 764 2578 scandali
783 2565 798 2591 ,
829 2522 882 2578 id
910 2533 1021 2591 est,
1053 2526 1233 2581 Acacii
1255 2565 1271 2593 ,
1299 2541 1405 2582 non
1444 2542 1602 2598 posse
1628 2533 1927 2596 removeri,
1969 2542 2119 2590 taceo

528 2614 650 2682 quia
677 2623 730 2668 et
756 2613 1011 2670 haeretico
1031 2616 1298 2685 quondam
1324 2617 1636 2674 Macedonio
1659 2621 1833 2692 pulso,
1861 2632 1912 2679 et
1933 2623 2120 2680 Nesto-

526 2703 614 2760 rio
637 2719 808 2775 nuper
834 2707 1028 2776 ejecto,
1062 2708 1212 2778 plebs
1243 2708 1830 2782 Constantinopolitana
1857 2717 2116 2772 catholica

525 2812 746 2854 manere
771 2798 1031 2871 delegerit
1062 2846 1077 2870 ,
1107 2803 1445 2873 potittsquam
1482 2803 1502 2843 ί
1535 2808 1796 2877 majorum
1829 2812 2116 2880 prmsulum

525 2891 902 2951 damnatorum
946 2912 976 2951 a
1022 2897 1323 2956 defectione
1366 2902 1610 2958 retineri.
1655 2904 1831 2961 Taceo
1861 2885 2001 2977 quod
2051 2911 2118 2964 ab

524 2983 714 3041 iisdem
741 2986 870 3057 ipsis
898 2988 1164 3046 damnatis
1194 2992 1542 3062 praesulibus,
1577 3010 1605 3049 a
1642 2997 1837 3066 quibus
1868 2999 2118 3068 baptizati

524 3075 764 3146 fuerant,
805 3080 857 3134 in
893 3081 999 3137 (ide
1042 3082 1303 3140 catholica
1333 3095 1644 3154 manentes,
1680 3090 1825 3144 nulla
1855 3091 1959 3146 sint
1988 3107 2115 3147 exa-

523 3168 779 3239 gitatione
809 3172 1029 3228 turbati.
1061 3174 1238 3231 Taceo
1269 3177 1408 3245 quod
1443 3193 1540 3247 pro
1574 3179 1740 3235 rebus
1775 3181 1991 3238 ludicris
2019 3199 2117 3252 po-

523 3263 742 3334 pulares
769 3266 1026 3322 tumultus
1063 3283 1206 3323 nunc
1236 3269 1398 3325 etiam
1420 3279 1614 3327 vestrae
1642 3272 1855 3343 pietatis
1881 3277 2116 3331 auctori-

527 3365 609 3412 tas
633 3357 938 3428 rel'renarit,
966 3368 1124 3430 atque
1151 3361 1274 3418 ideo
1298 3363 1467 3420 multo
1490 3365 1657 3434 magis
1686 3381 1781 3435 pro
1806 3367 1973 3423 salute
1998 3371 2114 3424 ani-

525 3462 735 3505 marum
756 3464 974 3511 suarum
1000 3455 1308 3510 necessario
1328 3455 1482 3510 vobis
1505 3455 2116 3530 Constantinopolitana:

525 3539 758 3596 civitatis
784 3541 1120 3613 obtemperat
1139 3545 1446 3614 multitudo,
1473 3548 1517 3602 si
1541 3563 1657 3602 eam
1679 3549 1746 3603 ad
1769 3553 2112 3620 apostolicam

523 3639 579 3686 et
605 3632 923 3690 catholicam
950 3637 1383 3712 communionem
1405 3653 1502 3694 vos
1531 3639 1802 3713 principes
1822 3644 2111 3702 reducatis.

526 3723 768 3793 Etenim,
797 3728 1091 3798 imperator
1119 3740 1373 3800 auguste,
1416 3732 1458 3786 si
1489 3743 1676 3787 contra
1705 3733 1849 3803 leges
1875 3737 2113 3804 publicas

526 3817 750 3891 aliquid,
781 3821 922 3891 quod
951 3821 1110 3889 absit,
1143 3823 1406 3894 quispiam
1433 3825 1661 3880 fortasse
1683 3834 1936 3898 tentaret,
1964 3831 2108 3886 nulla

600 3956 815 4030 ivulg.
846 3955 1036 4030 Conc.,
1067 3974 1205 4014 voce.
1232 3959 1363 4015 Dein
1393 3975 1490 4030 pro
1520 3975 1637 4014 voce
1665 3959 1863 4016 Veron.
1887 3961 2002 4017 Vat.
2038 3965 2106 4024 ls.

529 4035 582 4082 ct
603 4026 785 4095 Merl.,
814 4029 940 4082 vice.
1086 4047 1090 4051 ·

601 4096 629 4136 ι’
658 4097 861 4168 Quesn.
880 4141 895 4167 ,
919 4099 998 4154 vel
1017 4100 1155 4154 huic.
1182 4099 1314 4156 Dein
1341 4102 1547 4168 Oxon.,
1571 4103 1722 4156 unius
1735 4107 2107 4162 communione.

602 4178 625 4243 εξ
655 4167 809 4243 Vulg.
833 4169 1022 4238 Conc.,
1052 4171 1114 4243 de
1143 4180 1354 4243 utraque
1379 4167 1540 4243 parte.

599 4236 625 4275 ά
654 4236 881 4307 Quo—sm,
904 4236 1042 4312 quod
1066 4236 1412 4311 Ecclesiarunt
1441 4252 1488 4297 et
1509 4243 1777 4298 catholica,
1797 4250 2113 4303 communio-

526 4311 607 4387 nis
636 4312 992 4387 discretionem
1037 4315 1298 4384 procultat
1317 4355 1330 4378 ,
1368 4323 1420 4368 ut
1445 4315 1644 4368 sincera
1665 4332 1767 4387 paa:
1794 4321 2113 4373 communio-

525 4384 638 4447 nis,
677 4391 724 4437 et
755 4383 874 4451 ﬁdei
915 4383 1180 4454 reparatur
1212 4387 1404 4442 unitas.
1453 4383 1786 4442 Prmtulimus
1827 4389 2111 4446 lectionem

525 4453 840 4525 vulg._cum
878 4453 981 4523 qua
1024 4455 1139 4512 fere
1170 4458 1460 4512 concinunt
1496 4457 1656 4512 codd.
1690 4457 1878 4525 Vind.,
1911 4460 2106 4518 Veron.

525 4523 651 4596 _Vat.
682 4523 752 4579 ls.
796 4534 954 4593 atque
981 4526 1191 4582 Thuan.
1223 4528 1404 4582 Solum
1439 4529 1590 4596 Vat.,
1627 4528 1782 4584 Vind.
1827 4523 1880 4584 et
1910 4530 2106 4588 Veron.

527 4592 726 4672 habent
749 4611 781 4648 a
803 4592 1066 4672 catholica:
1093 4601 1478 4672 communionis,
1504 4592 1592 4654 ubi
1621 4600 1835 4656 videtur
1854 4603 2109 4672 supplen-

527 4665 654 4720 dum
672 4682 943 4738 _compage,
965 4668 1050 4723 vel
1077 4669 1271 4738 aliquid
1293 4672 1489 4726 simile.

603 4744 627 4773 ο
658 4736 893 4813 Ques_r_t_.",
926 4738 1070 4813 nullo
1101 4736 1282 4813 nostro
1304 4743 1423 4796 cod.
1459 4756 1558 4798 nec
1588 4743 1728 4813 vulg.
1759 4742 2106 4813 suifraganti-

2223 1959 2323 2013 sibi
2365 1959 2703 2015 medicinalia
2734 1969 3142 2031 snggerentem,
3175 1961 3461 2031 superbam
3492 1975 3658 2016 vocare
3686 1976 3750 2017 ar-

2221 2061 2605 2122 rogantemque
2649 2054 2999 2108 contendunt.
3045 2053 3218 2107 Habet
3267 2053 3370 2108 hoc
3405 2053 3612 2124 qualitas
3644 2067 3750 2122 saepe

2222 2146 2605 2217 languentium,
2639 2154 2697 2201 ut
2717 2156 2972 2203 accusent
3000 2147 3238 2202 medicos
3269 2146 3515 2218 congruis
3535 2144 3562 2184 δ
3583 2162 3659 2200 eos
3677 2145 3749 2200 ob-

2222 2240 2622 2296 servationibus
2649 2240 2714 2294 ad
2741 2239 2972 2295 salubria
3005 2248 3348 2305 revocantes,
3379 2240 3540 2309 magis
3565 2253 3691 2310 quam
3709 2244 3750 2292 ut

2224 2334 2322 2404 ipsi
2368 2349 2497 2389 suos
2545 2335 2736 2392 noxios
2782 2334 3052 2405 appetitus
3094 2333 3372 2404 deponere
3400 2333 3482 2389 vel
3522 2333 3752 2402 reprobate

2223 2429 2584 2484 consentiant.
2609 2429 2664 2484 Si
2693 2443 2793 2484 nos
2815 2428 3030 2498 superbi
3059 2441 3267 2496 sumus,
3293 2427 3382 2498 qui
3406 2427 3669 2481 animarum
3691 2439 3752 2478 re-

2223 2521 2401 2576 media
2433 2521 2807 2576 convenientia
2843 2519 3238 2584 ministramus;
3271 2518 3400 2589 quid
3429 2516 3628 2574 vocandi
3662 2524 3752 2569 sunt

2224 2613 2312 2684 qui
2337 2612 2637 2668 resultant?
2667 2612 2721 2667 Si
2748 2627 2846 2667 nos
2869 2610 3084 2680 superbi
3109 2624 3323 2680 sumus,
3346 2610 3433 2680 qui
3457 2606 3751 2665 obedientium

2221 2704 2463 2774 paternis
2509 2703 2738 2759 dicimus
2785 2702 3121 2768 constitutis;
3171 2701 3261 2772 qui
3311 2700 3636 2770 refragantur,
3676 2711 3753 2767 quo

2224 2795 2529 2869 appellandi
2559 2806 2683 2852 sunt
2709 2795 2960 2851 nomine?
2991 2795 3048 2852 Si
3081 2809 3181 2850 nos
3209 2795 3344 2850 elati
3372 2809 3579 2860 sumus,
3604 2792 3675 2864 qui
3696 2791 3752 2845 di-

2222 2892 2402 2947 vinum
2425 2891 2625 2946 cultum
2655 2904 2789 2959 puro
2812 2900 2972 2960 atque
2993 2888 3204 2943 illibato
3229 2889 3477 2958 cupimus
3500 2897 3658 2942 tenore
3673 2898 3753 2941 ser-

2225 2985 2370 3050 vari;
2397 2986 2491 3054 qui
2516 2992 2702 3040 contra
2737 2982 3322 3052 Divinitatem‘quoque
3349 2979 3590 3045 sentiunt,
3616 2977 3755 3032 dicant

2222 3076 2453 3148 qualiter
2479 3083 2872 3147 nuncupentur.
2911 3072 2929 3111 ί
2960 3073 3051 3130 Sic
3087 3080 3142 3130 et
3177 3087 3280 3128 nos
3311 3072 3488 3129 caeteri
3514 3070 3595 3142 qui
3629 3071 3668 3122 in
3692 3082 3755 3122 er-

2222 3184 2349 3224 rore
2373 3179 2499 3225 sunt
2535 3169 2832 3232 aestimant,
2865 3164 3008 3235 quod
3045 3177 3229 3220 eorum
3272 3178 3382 3219 non
3420 3159 3752 3218 consentiamus

2141 3240 2188 3304 θ
2221 3261 2465 3318 insaniae.
2509 3260 2610 3316 Ubi
2651 3270 2829 3315 tamen
2859 3257 3082 3329 spiritus
3111 3256 3384 3327 superbia:
3419 3252 3650 3310 veraciter
3681 3263 3754 3317 pu—

2222 3365 2349 3426 gnet
2369 3362 2424 3408 et
2442 3352 2723 3418 consistat,
2746 3350 2946 3406 veritas
2970 3349 3081 3418 ipsa
3099 3346 3327 3417 judicat.
3359 3348 3374 3397 l
3415 3343 3623 3415 Esplicit
3643 3351 3754 3412 papa:

2219 3447 2410 3504 Gelasii
2438 3445 2507 3500 ad
2535 3444 2870 3500 Anastasium
2897 3441 3201 3514 principem.

2673 3579 2833 3652 347
2861 3574 3263 3634 CAPITULUM
3307 3575 3369 3631 L.

2288 3697 2315 3736 ¹ί
2347 3696 2582 3768 Epistola
2610 3693 2804 3750 Gelasii
2835 3691 2999 3763 Papa:
3027 3692 3094 3744 ad
3123 3691 3392 3761 episc0pos
3432 3684 3698 3742 Dardaniis.

2220 3835 2239 3875 ι
2271 3837 2504 3893 Rationis
2530 3832 2841 3897 reddenda;
2866 3830 3112 3885 Acacium
3141 3845 3174 3882 a
3203 3829 3326 3883 sede
3352 3824 3620 3898 apostolica
3645 3831 3751 3874 cout-

2215 3979 2325 4026 tate
2349 3969 2678 4025 anteriorum
2710 3965 3008 4038 editionum
3037 3963 3326 4038 lectionem
3356 3956 3705 4038 remeavimus.

2285 4040 2314 4078 Ιι
2352 4041 2545 4096 Veron.
2577 4054 2698 4094 cum
2729 4037 2872 4105 vulg.
2906 4033 3112 4090 Coneil.
3139 4032 3287 4088 delet
3317 4048 3422 4097 eos,
3449 4039 3502 4086 et
3528 4029 3636 4084 dein
3663 4036 3753 4078 cum

2216 4112 2373 4168 Vind.
2402 4112 2546 4166 delet
2574 4109 2756 4178 magis.

2294 4182 2308 4220 ί
2344 4183 2435 4239 Sic
2474 4196 2594 4238 cum
2629 4172 2772 4248 vulg.
2812 4179 2977 4232 Cone.
3010 4175 3246 4248 optimus
3283 4173 3411 4248 cod.
3439 4172 3753 4248 Veronqmef

2213 4254 2318 4309 lius
2348 4268 2505 4324 quam
2531 4294 2546 4320 ,
2590 4240 2748 4320 apud
2771 4249 2972 4317 Quesn.
3015 4240 3069 4300 et
3105 4245 3241 4301 alios
3271 4245 3471 4311 codd.,
3510 4241 3592 4297 Sic
3625 4240 3753 4290 noset

2222 4326 2415 4380 cwteri.

2294 4401 2307 4446 t
2354 4397 2500 4448 llanc
2528 4391 2820 4448 clausulam
2867 4389 3067 4444 habent
3110 4387 3270 4444 codd.
3310 4385 3471 4440 Vind.
3499 4390 3551 4438 et
3577 4379 3752 4440 Verum,

2217 4467 2305 4536 qui
2339 4467 2394 4520 in
2427 4465 2617 4519 iisdem
2642 4461 2962 4536 lectionibus
2987 4459 3100 4536 fere
3124 4457 3489 4536 consentiunt.

2256 4517 2314 4574 ‘1
2340 4517 2557 4606 lliuplex—
2570 4517 2843 4603 Vestihujus
2868 4532 3111 4601 epistolae
3138 4530 3336 4596 forma,
3369 4517 3752 4650 θιιθτὲυέὗεζὶοτι

2287 4743 2302 4781 ¹
2344 4744 2503 4799 Notat
2538 4741 2859 4809 Qttcsnellus
2912 4739 2964 4794 in
3001 4737 3242 4810 margine
3279 4753 3295 4791 ζ
3327 4733 3528 4810 Titulus
3563 4727 3642 4783 ille
3675 4738 3753 4810 nte:

526 4805 628 4862 bus
648 4794 934 4880 ,winsiliat;
983 4811 1095 4879 quis
1140 4794 1400 4880 rapina-nt“
1431 4794 1607 4867 rerum
1631 4794 2109 4872 “é‘éctééiiz'siiéi’r'uin
2133 4795 2190 4856 Β
2213 4815 2328 4869 dius
2344 4794 2698 4869 soli—debetur
2713 4794 2956 4865 Tituaneo
2998 4826 3096 4864 ms.
3114 4794 3149 4874 ξ’
3158 4811 3212 4862 in
3232 4823 3332 4877 quo
3359 4806 3496 4860 deest
3524 4811 3619 4856 tam
3646 4794 3754 4880 ρήρζ

526 4895 699 4953 posse.
720 4877 1025 4953 Lectionem
1047 4877 1288 4936 codicum
1318 4883 1444 4938 licet
1466 4883 1776 4940 mendosam
1806 4889 2106 4953 credamus,

526 4964 590 5024 es
623 4950 846 5005 arbitrio
886 4961 1097 5024 mutare
1121 4953 1406 5009 noluimus.
1451 4955 1649 5010 Eadem
1680 4956 1819 5024 apud
1849 4957 1996 5012 Meri.
2035 4950 2110 5013 le?

526 5019 687 5088 gitur,
710 5037 938 5097 necnon
962 5022 1012 5076 in
1039 5023 1274 5080 editione
1302 5024 1490 5092 Conc.,
1522 5042 1641 5097 quae
1664 5019 1835 5082 solum
1861 5027 2006 5084 delet
2034 5031 2113 5084 al-

527 5100 700 5165 terum
727 5093 840 5162 quis
869 5102 994 5149 ante
1017 5097 1219 5165 rapina.

601 5161 621 5200 ί
649 5163 890 5240 Quesn.,
932 5161 1104 5220 amore
1151 5168 1427 5240 primulum
1471 5169 1830 5224 damnatorum
1869 5186 1931 5223 ac
1971 5171 2110 5240 defe-

526 5234 708 5310 ctione.
761 5235 961 5310 ()mnes
994 5234 1174 5310 nostri
1209 5239 1366 5294 codd.
1405 5249 1459 5295 et
1497 5241 1640 5310 vulg.
1683 5240 1864 5296 delent
1902 5234 2108 5309 amore,

526 5304 749 5382 ejusque
776 5307 893 5382 loco
924 5307 1120 5382 habent
1148 5312 1421 5382 majorum.
1451 5304 1789 5366 Prmtulimus
1817 5328 1938 5367 cum
1971 5304 2104 5369 mss.

526 5375 729 5458 Veron.
753 5393 785 5431 a
805 5380 1091 5458 defectione
1110 5419 1127 5446 ,
1169 5375 1267 5450 pr'o
1291 5397 1400 5458 quo
1429 5382 1572 5458 vulg.
1597 5397 1716 5458 cum
1747 5382 1866 5458 Vat.
1898 5383 2000 5458 ls._,
2029 5386 2112 5458 af-

527 5448 758 5572 (edictae.
805 5448 926 5504 Mes
982 5466 1104 5505 cum
1164 5448 1362 5508 nostris
1420 5448 1579 5507 codd.
1625 5453 1919 5521 adjeeimus
1959 5448 2106 5523 ipsis.

577 5519 683 5572 uls.
717 5519 882 5572 Conc.
916 5519 1102 5572 delent
1129 5541 1160 5572 α
1190 5524 1369 5572 auibus
1425 5532 1489 5572 et.
1527 5523 1726 5572 habent
1753 5525 1888 5572 nuod
1926 5526 2014 5572 nui
2049 5526 2106 5572 ab

560 5519 882 5641 ξῖἆξὶπϐοηο.
916 5519 1102 5578 delent
1129 5541 1160 5577 a
1190 5524 1389 5594 quibus,
1425 5532 1489 5579 et
1527 5519 1726 5579 habent
1753 5525 1888 5594 quod
1926 5519 2014 5596 qui
2049 5526 2111 5579 ab

526 5604 736 5645 eisdem.

599 5669 626 5708 ι
654 5661 856 5736 Quesn.
882 5679 1003 5736 cum
1032 5665 1231 5731 0x0n.,
1263 5668 1308 5721 si
1339 5683 1469 5721 unus
1501 5667 1791 5736 populi
1830 5683 1930 5721 non
1959 5676 2110 5736 puta-

527 5738 612 5808 tur
630 5733 806 5808 debere
831 5733 1047 5802 oﬂ‘endi,
1077 5754 1141 5791 ne
1161 5738 1346 5793 divina:
1369 5733 1719 5804 auctoritates,
1749 5747 1806 5792 ut
1825 5754 1903 5791 res
1933 5733 2108 5808 postu-

529 5801 623 5867 lat,
645 5804 996 5880 corrigantur;
1019 5801 1137 5878 etin
1161 5810 1582 5880 margiueﬁnotat,
1603 5801 1740 5866 forte
1760 5801 2106 5874 collidantur;

526 5885 595 5950 pc
625 5873 751 5933 dein
776 5873 900 5933 ante
927 5873 1545 5952 piam'inserit'cutt'cres.
1569 5873 1838 5942 Codicum
1874 5873 2106 5944 auctori?-
2159 5929 2162 5932 .

2212 4887 2306 4940 illa
2334 4885 2639 4958 ερίθναριιεν
2664 4899 2817 4952 quam
2838 4882 3128 4958 posterior;
3156 4880 3227 4931 ίια
3245 4876 3320 4958 θιεὲ
3357 4892 3462 4958 1³⁸9.
3487 4876 3754 4958 παίετε).ηὲ

2213 4932 2442 5024 Hall)?
3021 4932 3332 5027 ἧέινῇὶιεςῃιοίίἱ⁸
3351 4932 3684 5027 indiceII‘llac
3702 4932 3753 5027 go

2738 5003 3171 5097 édi’itia'cmar’us
3190 5020 3258 5074 La
3267 5015 3553 5097 uduuensis
3571 5003 3749 5097 logi-il:

2252 5080 2339 5169 5S;
2360 5080 2492 5163 5775;
2513 5080 2755 5169 qﬁmda'm
2791 5094 2960 5169 hujus
2983 5092 3223 5169 epistola:
3255 5087 3572 5169 testimonia.
3591 5080 3750 5169 alleget

2252 5115 2337 5169 ag.
2361 5115 2486 5163 OH),
2513 5115 2755 5166 quamam
2791 5115 2948 5161 lllljus
2983 5115 3223 5162 episwtu:
3255 5115 3572 5172 teststttuuta.
3591 5115 3750 5163 ειη-ιον-

2215 5115 2318 5244 lloc
2339 5171 2492 5244 titulo
2510 5185 2522 5222 :
2638 5166 2851 5244 epistola
2866 5163 3058 5244 Gelasii
3077 5163 3146 5217 ad
3160 5161 3750 5244 {itastastumprrt-nftgelzl;

2219 5241 2414 5310 Aliquo
2437 5227 2685 5310 nimirum
2714 5238 2899 5294 codice
2925 5235 3082 5310 hujus
3101 5231 3442 5310 collectionis
3463 5227 3751 5310 tisuscsiLgn

2217 5300 2428 5382 quo'uti
2452 5311 2506 5365 in
2531 5309 2745 5382 Tltuan.
2778 5323 2899 5364 cum
2927 5300 3067 5382 desit
3091 5304 3260 5382 hujus
3295 5300 3542 5382 epistolae

2212 5369 2347 5452 ptio,
2381 5383 2519 5436 hanc
2560 5381 2737 5454 datam
2793 5377 2998 5449 putavit
3019 5377 3109 5454 -ad
3156 5369 3752 5454 eumdemhanastasitlg

2213 5439 2531 5525 principem,
2553 5452 2628 5525 ad
2641 5439 2810 5525 quem.
2829 5447 3135 5525 praecedens
3159 5446 3321 5502 missa
3337 5443 3469 5525 fuit.
3485 5439 3752 5525 [augeat]:

2214 5500 2416 5579 563i};
2423 5500 2712 5597 £63123;
2718 5500 2743 5575 ί
2749 5500 2815 5578 ξι
2829 5500 3066 5597 Vision:
3077 5500 3230 5574 deest
3245 5500 3253 5502 ἡ
3269 5515 3440 5597 prima
3467 5500 3751 5597 .cpigjrfpjlfj

2216 5571 2828 5665 2551's.“cassias}
2856 5571 3248 5665 agamagam
3271 5571 3750 5665 Rationjsiiaqgfﬁ

2220 5651 2389 5736 usque
2420 5665 2486 5720 ad
2518 5651 3132 5732 damnatum'praeligitur
3173 5660 3253 5715 sic
3292 5675 3306 5712 :
3349 5652 3536 5720 Incipit
3576 5651 3751 5728 ration“

2220 5738 2490 5764 n-,l,l,....l..
2512 5754 2525 5764 .
2555 5737 2759 5764 ξηιηη-..
2792 5751 2918 5764 ..η-η
2949 5733 3062 5764 Imm
3091 5730 3275 5764 nos-Insn
3306 5721 3586 5764 anim-anim.
3605 5730 3648 5764 m
3671 5709 3751 5764 ﬁne

2215 5721 2525 5802 reddendis,-
2555 5737 2760 5802 integra
2792 5721 2919 5790 vero
2949 5721 3064 5787 haec
3091 5730 3275 5787 eadem
3291 5721 3586 5802 _epig_r?PhP
3605 5721 3751 5802 mine

2215 5790 2456 5878 epistolae
2477 5790 2828 5876 εῲρεηῶιιιιις
2862 5803 3097 5878 Explicit
3119 5790 3626 5875 ναιεοηεεξηῐιάεηάιε,
3645 5790 3751 5844 εις..

2216 5877 2304 5939 ubi
2329 5879 2642 5938 subauditur
2673 5877 2950 5952 exemplar.
