3996 6344
282 397 374 455 Oli
729 393 963 454 CODEX
998 398 1327 459 CANONUM
1368 402 1649 461 ECCLES.
1693 402 1782 459 ΕΤ
1819 402 2398 472 CONSTITUTORUM
2439 407 2498 465 S.
2543 406 2735 467 SEDIS
2773 408 3101 468 APOS’I’OL.

3452 421 3556 478 (ἴιὲ

343 515 755 601 patenterfuisse.
773 516 1108 601 damnatum;
1138 533 1229 572 nec
1256 519 1860 601 possequemquottrsine
1886 521 1941 583 Α
1967 517 2208 575 deﬁnitio
2237 521 2561 579 turbaretur.
2596 523 2726 579 Nam
2759 524 2802 579 si
2831 525 3089 581 limitibus
3119 525 3282 583 etiam
3321 528 3556 600 preﬁxis

342 587 638 727 riget-imisue
667 587 855 642 anime
881 603 990 642 sure
1013 591 1128 662 ejus
1163 587 1534 645 communionis
1563 587 1857 662 participem

342 675 368 711 θ
419 673 489 714 cs.
975 691 982 698 -

340 673 489 714 emes.
975 691 982 698 ·

273 770 661 852 Dilectissimis
680 774 934 852 fratribus
981 777 1256 852 universis
1286 779 1554 850 episcOpis
1593 795 1690 852 per
1730 779 1859 835 Baro

627 845 844 904 daniam
871 850 1178 905 constitutis
1218 845 1502 907 Gsrjttsrus'.

336 977 474 1034 Cu.
499 977 540 1034 I.
575 1008 644 1024 υ-
661 980 829 1037 Valde
850 982 1028 1038 mirati
1055 999 1241 1038 sumus
1265 983 1408 1055 quod
1427 995 1601 1041 vestra
1624 985 1858 1052 dilectio,

266 1071 416 1141 quasi
449 1087 642 1129 novam
677 1082 732 1129 et
763 1075 928 1130 veluti
957 1074 1226 1131 difﬁcilem
1254 1077 1605 1148 quaestionem
1624 1119 1639 1143 ,
1678 1087 1732 1132 et
1759 1078 1855 1132 ad-

265 1163 370 1218 huc
398 1172 655 1235 tanquam
689 1167 987 1223 inauditum
1027 1169 1299 1239 quidpiam
1341 1185 1502 1226 nosse
1531 1180 1557 1207 ιι
1592 1170 1863 1226 desiderat

265 1257 406 1325 quod
442 1257 794 1330 Eutychianae
834 1263 1152 1332 pestilentiae
1189 1265 1704 1334 comtnunicatores,
1753 1280 1860 1321 non

265 1350 528 1407 habentes
561 1353 689 1423 quid
721 1369 819 1425 pro
858 1371 970 1410 sua:
1002 1356 1321 1426 perditionis
1365 1358 1728 1414 obstinatione
1769 1375 1858 1414 re-

263 1443 586 1513 spondeant,
611 1444 879 1516 frequenti
898 1447 1010 1517 jam
1035 1449 1244 1504 ratione
1266 1450 1520 1515 convicti,
1542 1448 1570 1488 δ
1595 1449 1710 1504 sola
1731 1464 1858 1506 con-

264 1536 505 1592 tentione
535 1537 979 1594 submurmurant
1012 1557 1026 1595 :
1061 1556 1168 1597 non
1209 1542 1331 1612 quia
1378 1543 1451 1598 sit
1486 1542 1711 1613 alicujus
1747 1559 1863 1599 mo-

263 1631 432 1685 menti
463 1631 609 1702 quod
641 1632 916 1702 garriunt,
944 1648 1043 1690 nec
1075 1634 1353 1690 inveniunt
1381 1636 1604 1706 penitus
1627 1635 1756 1707 quid
1782 1637 1862 1692 lo-

263 1735 518 1794 quantur.
548 1725 647 1782 Ubi
673 1727 838 1798 magis
866 1743 981 1797 eos,
1015 1730 1106 1800 qui
1131 1729 1411 1785 catholicis
1439 1731 1687 1786 sensibus
1709 1730 1862 1786 insti-

263 1817 362 1872 tuti
394 1828 545 1884 sunt,
569 1819 743 1876 adhuc
768 1818 975 1877 haerere
1009 1832 1030 1860 ο
1065 1823 1344 1888 miramur,
1374 1838 1533 1893 quam
1566 1824 1687 1879 illos
1711 1824 1799 1895 qui
1831 1841 1859 1877 a

1967 613 2263 682 positarum
2289 617 2454 672 semel
2484 617 2822 687 synodalium
2852 619 3183 691 regularum,
3209 635 3314 677 non
3339 631 3557 680 cessant

1966 702 2114 759 elisae
2143 715 2354 776 pestes,
2383 709 2674 777 resumptis
2702 711 3116 779 certaminibus,
3155 724 3340 770 contra
3369 713 3556 772 funda»-

1965 805 2204 850 mentum
2233 811 2356 852 sese
2383 799 2622 855 veritatis
2649 801 2898 857 attollere
2919 844 2934 868 ,
2964 812 3018 857 et
3039 804 3304 874 simplicia
3331 821 3559 878 quaequo

1965 887 2134 970 corda
2157 898 2456 957 percutere,
2484 890 2614 960 quid
2646 891 2800 948 ﬁeret
2822 893 2867 948 si
2898 893 3126 950 subinde
3154 894 3236 952 fas
3263 906 3408 953 esset
3434 897 3559 962 per;

1965 979 2087 1034 ﬁdis
2116 979 2254 1036 inire
2283 981 2608 1038 concilium?
2647 998 2768 1039 cum
2804 982 2822 1022 ί
2865 986 3120 1056 quaslibet
3149 987 3237 1042 illa
3274 989 3560 1046 manifesta

1963 1072 2036 1128 sit
2057 1075 2280 1144 veritas,
2315 1091 2585 1146 nunquam
2615 1077 2754 1132 desit
2775 1078 2918 1148 quod
2951 1079 3254 1149 perniciosa
3275 1080 3560 1151 deprotnat

1965 1163 2199 1231 falsitas;
2237 1167 2338 1222 etsi
2379 1169 2590 1224 ratione
2635 1169 2720 1223 vel
2763 1171 3084 1228 auctoritate
3123 1171 3410 1241 deﬁciens,
3443 1172 3560 1228 sola

1964 1265 2146 1313 tamen
2193 1259 2492 1316 intentione
2523 1275 2631 1315 non
2671 1260 2892 1316 cedens.
2941 1263 3070 1329 Qum
3113 1266 3344 1334 majores
3390 1265 3559 1321 nostri

1964 1349 2131 1422 3&9
2159 1351 2338 1407 divina
2371 1353 2724 1425 inSpiratione
2751 1367 3065 1424 cernentes,
3097 1355 3399 1412 necessarie
3424 1371 3560 1427 pre-

1965 1455 2253 1513 cavetont;
2286 1446 2299 1497 i
2338 1456 2394 1501 ut
2435 1447 2576 1518 quod
2618 1456 2806 1503 contra
2844 1462 3275 1520 unamquamque
3309 1448 3558 1507 haeresim

1965 1546 2151 1594 coacta
2179 1539 2420 1610 synodus
2449 1555 2543 1610 pro
2569 1539 2698 1607 ﬁde,
2728 1525 3106 1596 communione
3136 1550 3192 1597 et
3217 1542 3440 1598 veritate
3469 1556 3558 1598 ca-

1967 1629 2353 1702 tholica-atque
2380 1633 2674 1702 apostolica
2713 1633 3138 1705 promulgasset,
3183 1650 3288 1688 non
3319 1635 3559 1690 sinerent

1967 1724 2118 1778 novis
2156 1734 2276 1794 p0st
2309 1724 2422 1780 lia-e
2452 1725 2928 1780 retractationibus
2974 1725 3208 1780 mutilari
3236 1745 3248 1779 :
3282 1740 3350 1782 ne
3381 1727 3557 1796 pravis

1965 1815 2177 1870 occasio
2207 1817 2539 1885 praeberetur
2565 1833 2685 1886 qua:
2714 1817 3110 1873 medicinaliter
3130 1818 3343 1873 fuerant
3363 1827 3558 1874 statuta

263 1909 489 1966 veritate
519 1912 859 1979 exciderunt,
884 1921 939 1967 et
958 1913 1026 1967 ab
1048 1915 1266 1984 antiqua
1291 1914 1548 1970 Ecclesiae
1576 1915 1860 1971 traditione
1892 1921 1939 1979 Β
1967 1909 2246 1978 pulsandi;
2277 1909 2370 1964 sed
2402 1920 2618 1966 auctore
2648 1911 2936 1981 cuiuslibet
2971 1912 3225 1978 insaniae.
3267 1927 3329 1966 ac
3360 1914 3559 1982 puriter

263 2011 390 2058 sunt
417 2004 604 2070 devii,
634 2001 659 2042 ἀ
692 1994 942 2078 profanas
981 2021 1168 2062 vocum
1208 2009 1502 2076 novitates,
1542 2019 1596 2064 et
1633 2009 1861 2079 ineptias

263 2094 482 2152 caduca:
527 2098 899 2167 perversitatis
937 2099 1252 2156 obtendere.
1299 2100 1506 2168 Quibus
1545 2116 1641 2157 eos
1683 2112 1860 2156 vestra

262 2188 427 2262 358
452 2189 674 2246 dilectio
699 2193 881 2248 retulit
898 2192 1168 2262 iactitare,
1199 2193 1321 2248 ideo
1352 2193 1603 2249 Acacium
1636 2209 1742 2249 non
1765 2209 1861 2264 pu-

263 2291 375 2339 tare
397 2284 526 2355 jure
551 2283 896 2354 damnatum,
941 2287 1083 2358 quod
1114 2302 1218 2341 non
1248 2305 1273 2340 a
1308 2287 1527 2357 speciali
1549 2287 1755 2358 synodo
1783 2287 1861 2342 vi-

259 2375 451 2432 deatur
492 2377 658 2434 fuisse
699 2378 968 2449 dcjectus,
1016 2389 1070 2434 et
1113 2380 1332 2450 insuper
1381 2380 1706 2435 dementiam
1747 2396 1860 2435 sua:

259 2470 516 2526 vanitatis
549 2481 573 2508 ε
603 2471 938 2526 accumulare
978 2471 1276 2542 pueriliter,
1310 2473 1624 2543 adjicientcs
1658 2491 1670 2526 :
1706 2471 1858 2527 Praz-

258 2562 408 2632 cipue
437 2562 732 2632 pontiﬁcem
751 2564 906 2634 regite
925 2564 1168 2617 civitatis.
1196 2566 1538 2635 QuaprOpter
1576 2565 1856 2619 stultitiam

256 2662 582 2723 respuentes
603 2655 840 2711 inanium
862 2657 1223 2726 querelarum,
1253 2671 1569 2725 percurrere
1589 2674 1681 2712 vos
1704 2673 1858 2728 opor-

255 2755 335 2802 tet
364 2747 438 2803 ab
459 2748 592 2818 ipsis
616 2749 785 2805 beatis
815 2749 1096 2820 apostolis,
1121 2759 1176 2805 et
1199 2752 1545 2807 considerare
1567 2752 1858 2822 prudenter

253 2840 513 2912 quoniam
559 2849 738 2911 patres
783 2844 984 2909 nostri,
1027 2844 1280 2899 catholici
1309 2845 1564 2901 videlicet
1608 2847 1858 2917 doctique

253 2936 575 3006 pontiﬁces,
609 2937 661 2991 in
699 2953 1019 3009 unaquaque
1055 2939 1249 2994 haeresi
1275 2941 1516 3011 quolibet
1556 2949 1798 3011 tempore
1835 2941 1852 2978 τ

253 3027 548 3094 suscitata,
580 3027 840 3099 quidquid
872 3045 967 3098 pro
994 3029 1128 3097 ﬁde,
1164 3046 1261 3100 pro
1291 3033 1546 3098 veritate,
1585 3049 1682 3100 pro
1709 3048 1856 3087 com-

255 3119 516 3176 munione
551 3121 814 3175 catholica
848 3130 1011 3192 atque
1049 3122 1340 3191 apostolica
1379 3123 1675 3178 secundum
1709 3124 1854 3179 Scri-

257 3221 539 3282 pturarum
565 3214 832 3268 tramitem
857 3214 1400 3286 praedicationcmque
1431 3217 1692 3286 majorum
1719 3216 1855 3272 facta

1967 2014 2153 2055 errore
2182 2001 2458 2069 damnato,
2491 2002 2742 2058 sufﬁcere
2759 2003 3074 2073 judicarunt
3094 2014 3152 2059 ut
3177 2003 3422 2076 quisquis
3459 2003 3558 2059 ali-

1964 2091 2180 2158 quando
2221 2093 2375 2160 hujus
2406 2094 2605 2148 erroris
2641 2096 3067 2151 communicator
3088 2095 3379 2164 existeret,
3412 2097 3558 2166 prin-

1962 2182 2121 2252 cipali
2168 2186 2433 2240 sententia
2483 2187 2846 2242 damnationis
2871 2189 3004 2258 ejus
3045 2199 3188 2244 esset
3234 2189 3555 2258 obstrictus,

1962 2275 2216 2344 quoniam
2248 2276 2530 2332 manifeste
2559 2279 2784 2348 quilibet
2820 2279 2906 2335 vel
2942 2280 3277 2350 professione
3314 2293 3438 2346 sua,
3472 2281 3557 2336 vel

1963 2365 1990 2404 ¹ί
2018 2371 2398 2424 communione
2422 2379 2603 2440 posset
2627 2373 2870 2441 agnosci.

2033 2462 2166 2516 Car.
2201 2463 2262 2517 II.
2288 2493 2359 2502 —
2384 2463 2450 2518 Et
2487 2472 2544 2518 ut
2586 2461 2605 2501 ι
2645 2464 2922 2519 brevitatis
2957 2479 3115 2521 causa
3155 2467 3333 2535 priora
3375 2474 3556 2520 tacea-

1961 2571 2102 2623 mus,
2137 2573 2256 2627 quae
2287 2557 2517 2627 diligens
2551 2559 2836 2629 inquisitor
2861 2559 3020 2614 facile
3048 2559 3243 2628 poterit
3266 2559 3553 2627 vestigare,

1963 2649 2256 2704 Sabellitnn
2284 2649 2559 2705 damnavit
2579 2651 2838 2722 synodus,
2869 2665 2968 2706 nec
2996 2650 3093 2705 fuit
3113 2665 3335 2706 necesse
3361 2658 3417 2705 ut
3439 2649 3557 2720 ejus

1961 2752 2258 2796 sectatores
2282 2754 2466 2812 postea
2498 2742 2882 2798 damnarentur
2910 2742 3144 2812 singulas
3177 2742 3372 2797 viritirn
3398 2755 3558 2812 syno-

1960 2837 2058 2893 dos
2085 2837 2384 2905 celcbrari;
2424 2839 2518 2894 sed
2551 2853 2648 2909 pro
2680 2847 2867 2894 tenore
2897 2837 3296 2912 constitutionis
3325 2837 3559 2908 antiqua

1961 2942 2208 2999 cunctos,
2234 2934 2323 3003 qui
2354 2933 2438 2987 vel
2464 2934 2742 3002 pravitatis
2773 2933 2914 2987 illius
2938 2933 3021 2987 vel
3045 2932 3438 2987 communionis
3462 2946 3559 2986 exv-

1961 3025 2148 3079 stitere
2198 3025 2526 3095 participes,
2567 3023 2889 3080 universalis
2939 3023 3180 3080 Ecclesia
3227 3023 3381 3078 duxit
3428 3038 3553 3080 esse

1961 3119 2294 3174 refutandus.
2328 3118 2416 3174 Sic
2447 3127 2666 3189 propter
2687 3115 3050 3187 blasphemias
3072 3116 3206 3183 Arii,
3236 3115 3406 3170 forma
3431 3114 3555 3170 ﬁdei

1963 3212 2472 3281 communionisque
2496 3211 2773 3266 catholica:
2801 3210 3017 3266 Niczenn
3039 3210 3241 3279 prolata
3263 3216 3555 3276 conventu,

262 3304 428 3361 semel
458 3308 876 3377 congregatione
914 3317 1243 3376 sanxerunt,
1288 3309 1662 3364 inconvulsum
1699 3309 1856 3365 dein-
1883 3301 1931 3365 C
1962 3304 2192 3358 Arianos
2217 3318 2440 3369 omneS,
2470 3302 2555 3358 vel
2597 3301 2840 3372 quisqnis
2881 3303 2934 3356 in
2982 3300 3121 3356 hanc
3153 3309 3356 3370 pestem
3382 3309 3422 3336 π’
3445 3301 3558 3357 sive

271 3413 391 3468 ceps
419 3398 689 3454 voluerint
727 3398 1052 3470 ﬁrmumque
1091 3409 1373 3466 constare;
1407 3416 1504 3457 nec
1531 3412 1554 3448 κ
1583 3403 1637 3456 in
1669 3402 1857 3458 eadem

271 3501 425 3544 causa
452 3488 632 3546 denuo
663 3504 784 3560 qua:
814 3491 1027 3561 praeﬁxa
1061 3492 1272 3547 fuerant
1299 3495 1578 3548 retractari
1621 3495 1859 3564 qualibet

261 3581 463 3637 recenti
486 3582 911 3652 prmsumptione
931 3584 1300 3653 permiserint;
1323 3585 1721 3654 sapientissime
1740 3601 1860 3656 pro-

259 3675 540 3742 videntes,
570 3677 824 3746 quoniam
856 3677 902 3731 si
928 3677 1148 3734 decreta
1187 3677 1478 3734 salubriter
1514 3680 1762 3750 cuiquam
1796 3680 1860 3735 Ii-

258 3780 413 3828 ceret
444 3772 679 3840 iterare,
712 3771 919 3827 nullttm
946 3782 1132 3827 contra
1162 3772 1400 3842 singulos
1429 3788 1672 3844 quosque
1707 3790 1858 3844 prorc

256 3878 352 3921 sus
380 3878 600 3922 errores
625 3865 816 3920 stabile
845 3866 1159 3936 persisteret
1188 3866 1446 3922 Ecclesia:
1474 3868 1858 3933 constitutum,

253 3971 320 4014 ac
345 3971 568 4027 semper
593 3956 783 4014 iisdem
811 3956 839 3993 ιι
868 3956 1143 4014 furoribus
1176 3958 1427 4015 recidivis
1451 3959 1629 4014 omnis
1655 3959 1861 4032 integra

255 4205 471 4260 auctior
499 4204 690 4260 altera.
715 4201 938 4258 Brevtor
958 4202 1262 4258 continetur
1302 4215 1408 4257 non
1430 4203 1603 4258 solum
1635 4203 1687 4257 in
1722 4217 1853 4258 mss.

257 4276 422 4346 hujus
449 4275 816 4346 collectionis,
863 4289 1048 4329 verum
1083 4273 1244 4346 etiam
1286 4274 1338 4329 in
1383 4273 1586 4329 Veron.
1614 4275 1685 4346 46
1721 4285 1776 4330 et
1806 4276 1858 4330 in

255 4345 540 4402 codicibus
584 4345 708 4400 Isid.
731 4385 746 4410 ,
790 4346 841 4400 in
869 4359 1004 4413 quos
1039 4361 1105 4400 ex
1139 4345 1237 4400 hac
1267 4353 1451 4400 nostra
1481 4345 1800 4400 collectione
1827 4362 1856 4400 a

257 4414 716 4474 Pseudo-lsiduro
778 4416 1015 4470 traducta
1077 4416 1199 4486 fuit.
1252 4415 1422 4486 Hujus
1460 4416 1854 4486 fragmentum,

256 4491 404 4559 qutnl
437 4489 622 4556 incipit
663 4504 691 4541 a
722 4488 896 4556 capite
923 4495 1114 4559 quarto
1153 4485 1263 4542 Nec
1293 4485 1444 4559 plane
1472 4485 1695 4542 tacemus
1715 4529 1729 4553 ,
1773 4488 1857 4543 in-

262 4557 473 4616 sertum
520 4567 604 4614 est
653 4559 704 4624 in
757 4574 888 4613 mss.
939 4557 1270 4612 additionum
1322 4558 1578 4626 Dionysii.
1637 4559 1860 4614 Auctinr

1963 3409 2150 3462 scnsn,
2180 3397 2293 3452 sive
2314 3395 2695 3449 communione
2719 3393 3005 3458 deciderit,
3029 3394 3146 3448 sine
3176 3393 3558 3451 retractatione

1963 3489 2255 3544 concludit.
2281 3489 2376 3544 Sic
2415 3488 2757 3553 Eunomium,
2790 3486 3162 3542 Macedonium
3184 3527 3200 3554 ,
3231 3486 3556 3554 Nestorium,

1965 3579 2207 3651 synodus
2233 3579 2402 3635 semel
2433 3588 2582 3651 gesta
2614 3579 2985 3635 condemnans
3009 3619 3024 3645 ,
3069 3577 3293 3633 ulterius
3322 3577 3388 3632 ad
3419 3591 3558 3635 nova

1964 3677 2186 3732 concilia
2232 3675 2416 3731 venire
2447 3690 2550 3730 non
2593 3672 2748 3739 sivit;
2781 3672 2874 3728 sed
2919 3672 3201 3728 universos
3239 3685 3558 3742 quocunque

1965 3769 2127 3827 modo
2156 3779 2183 3806 ιι
2215 3769 2266 3824 in
2317 3771 2412 3824 has
2463 3768 2825 3839 hlaspltemias
2858 3767 3158 3823 recidentes
3182 3809 3198 3834 ,
3231 3766 3426 3822 tradito
3454 3766 3557 3823 sibi

1966 3865 2137 3921 limite
2154 3863 2423 3937 synodali,
2448 3862 2699 3918 refutavit
2716 3852 2995 3926 Ecclesia;
3026 3874 3126 3916 nec
3153 3875 3389 3931 unquam
3409 3867 3556 3918 recte

1966 3959 2196 4016 cessisse
2220 3956 2564 4014 manifestum
2585 3964 2693 4025 est,
2713 3953 2950 4026 qualibet
2975 3953 3294 4009 necessitate
3308 3958 3556 4023 cogente,

2043 4216 2064 4243 ε
2101 4204 2262 4260 Vind.
2287 4213 2342 4260 et
2370 4206 2592 4271 Veron.,
2617 4211 2959 4258 murmurant.

2038 4273 2064 4312 ἀ
2099 4275 2250 4346 Vulg.
2284 4276 2474 4339 Conc.,
2503 4276 2933 4346 profanasque....
2966 4273 3267 4346 obtendunt.

2040 4357 2064 4384 ε
2090 4345 2256 4402 Codd.
2282 4347 2480 4402 Veron.
2505 4345 2560 4400 et
2584 4347 2701 4400 Vat.
2730 4346 2855 4400 Isid.
2879 4360 2999 4400 cum
3016 4345 3181 4414 vulg.,
3207 4345 3551 4398 accumulant.

2041 4417 2060 4456 τ
2094 4419 2319 4486 Quesn.,
2348 4419 2668 4472 resuscitata.
2715 4417 2836 4472 Mox
2872 4416 3015 4487 vulg.
3046 4414 3214 4470 Cone.
3244 4414 3428 4470 delent
3461 4431 3556 4486 pro

1963 4491 2226 4616 Μῗοοά.
2281 4557 2481 4614 Veron.
2525 4567 2579 4613 et
2623 4557 2744 4612 Vat.
2794 4558 2889 4624 Is.,
2926 4558 2980 4611 in
3021 4557 3116 4611 hac
3151 4559 3331 4613 eadem
3373 4574 3551 4614 causa.

257 4646 394 4687 vero
424 4640 508 4686 est
537 4631 589 4684 itt
627 4621 756 4684 mss.
795 4630 1256 4697 praestantissimae
1285 4619 1651 4701 collectionis,
1699 4646 1856 4700 quam
1885 4619 1940 4680 D
1965 4630 2096 4686 Dein
2122 4631 2347 4696 Veron.,
2385 4630 2758 4700 sapientissime
2785 4619 3139 4699 persistentes;
3180 4629 3324 4701 vulg.
3363 4629 3553 4698 Conc.,

259 4701 580 4758 Avellanam
602 4702 909 4756 vocavimus
934 4718 947 4754 :
973 4701 1124 4770 cujus
1145 4700 1468 4755 auctoritate
1491 4702 1858 4757 additamenta

239 4772 632 4843 ipsiGeIasio
671 4775 816 4827 curis
857 4773 1108 4843 secundis
1156 4772 1436 4826 tribuenda
1485 4772 1538 4826 in
1584 4774 1861 4840 praemisso

257 4842 518 4909 tractatu,
553 4855 688 4910 part.
720 4860 798 4910 ttt,
822 4857 874 4909 c,
907 4842 1128 4914 11,54,
1160 4843 1527 4914 ostendimus;
1561 4843 1740 4912 ibique
1763 4845 1859 4898 Ita-

256 4931 384 4972 rum
407 4916 740 4970 additionum
761 4911 1064 4980 occasione,
1090 4915 1141 4968 In
1170 4914 1362 4984 quibus
1386 4911 1632 4968 Gelasins
1653 4911 1742 4968 nos
1764 4930 1860 4984 pro

257 4986 550 5056 apostolica
580 4988 698 5040 sede
723 4985 950 5058 accepit,
977 4985 1076 5040 hac
1099 4985 1166 5040 de
1193 5001 1252 5040 re
1272 4984 1452 5058 fusius
1473 4986 1855 5058 disseruimus.

259 5074 424 5129 quam
452 5059 502 5112 in
532 5061 673 5112 notis
697 5057 762 5110 ad
795 5056 896 5112 hoc
916 5065 1078 5126 caput
1105 5057 1553 5129 constituendam
1573 5056 1858 5129 recepera-

259 5127 386 5184 mus
407 5171 423 5196 ,
458 5137 589 5182 tom.
628 5129 674 5199 Ι,
699 5143 817 5198 pag.
848 5129 973 5199 587.
1006 5127 1258 5183 Merlinus
1278 5143 1308 5179 e
1338 5127 1458 5199 cod.
1493 5127 1614 5182 Isid.
1647 5129 1858 5183 brevio-

258 5215 380 5256 rem
430 5198 670 5255 formam’
709 5207 832 5254 ante
875 5198 1220 5268 Quesnellnm
1271 5198 1542 5263 exhibuit;
1594 5199 1856 5255 editiones

258 5285 394 5328 vero
418 5269 781 5326 Conciliornm
809 5281 927 5340 post
953 5270 1251 5325 Romanam
1277 5270 1634 5337 Epistolarum
1668 5270 1855 5326 Roma-

259 5357 460 5412 norum
489 5342 798 5412 pontiﬁcum
840 5341 1065 5396 formam
1103 5342 1396 5396 auctiorem
1445 5351 1850 5411 reprzesentant.

263 5411 582 5481 Variantes,
625 5429 743 5481 qua:
775 5415 825 5466 in
867 5415 1105 5480 margine
1134 5412 1496 5466 Conciliornm
1531 5413 1726 5468 Labbei
1760 5429 1854 5467 no-

261 5492 448 5539 tantur
491 5499 557 5540 ex
606 5483 815 5539 Justelli
857 5484 1066 5553 codice,
1095 5500 1213 5538 cum
1259 5483 1379 5537 Vat.
1433 5485 1556 5538 Isid.
1607 5485 1856 5554 exemplo
1903 5545 1908 5549 ,

261 5557 640 5680 ἓοιιῖῖίηεηιεε,
664 5570 784 5612 eum
808 5570 1021 5626 quoque
1044 5555 1398 5612 lsidorianum
1427 5555 1670 5611 codicem
1695 5558 1858 5611 fuisse

301 5641 366 5680 ec
389 5636 565 5680 arant.

285 5631 729 5752 ¹⁸ῗ¹ἦπ¹ῗέ¹ξῆοειτί
759 5697 940 5765 codd.,
974 5697 1159 5765 Vind.,
1185 5698 1312 5754 Ver.
1347 5707 1402 5754 et
1422 5698 1542 5754 Vat.
1575 5697 1698 5764 650,
1725 5699 1860 5754 desi-

265 5767 493 5835 derans;
527 5768 702 5833 Merl.,
726 5767 1047 5824 desideratis.

340 5839 370 5930 ξ
398 5841 550 5921 Vulg.
582 5839 1020 5930 Concil.,,misera
1042 5841 1394 5912 contentione;
1421 5851 1477 5901 et
1518 5849 1638 5901 nost
1667 5855 1873 5930 pauca,’

266 5909 366 5974 sed
386 5911 510 5970 ostia
531 5925 634 5968 non
657 5909 944 5978 inveniunt,

1965 4703 2323 4772 prtevidentes.

2036 4769 2065 4810 ιι
2098 4772 2216 4827 Vat.
2243 4773 2310 4827 Is.
2337 4783 2393 4828 et
2421 4772 2563 4827 alius
2589 4771 2759 4828 codex
2782 4772 2834 4827 in
2865 4773 3106 4842 margine
3131 4769 3297 4829 Cone.
3331 4773 3551 4839 Labbet,

1967 4845 2158 4913 furoris
2189 4844 2385 4899 residui
2414 4845 2597 4912 omnis,
2631 4844 2794 4900 male.
2820 4844 2950 4899 Dein
2977 4843 3222 4898 limitibus
3246 4844 3399 4898 etiam
3419 4859 3556 4914 prte-

1965 4915 2082 4985 ﬁxis
2121 4930 2243 4970 cum
2288 4916 2487 4970 nostris
2525 4916 2681 4971 codd.
2714 4927 2770 4971 et
2809 4916 2954 4985 vulg.
2991 4916 3338 4985 scripsimus;
3382 4915 3551 4981 Ques-

1963 4988 2138 5042 neIlus
2175 4987 2411 5055 praeterit
2432 4989 2610 5041 etiam.

2045 5057 2058 5094 ί
2097 5054 2355 5114 Ιιαεοάᾱ.
2383 5059 2539 5114 Vind.
2569 5068 2625 5114 et
2649 5057 2854 5114 Veron.
2887 5057 3210 5126 Quesnellus
3245 5069 3366 5110 cum
3399 5054 3548 5126 vulg.

1964 5130 2154 5201 Cone”
2183 5130 2456 5201 quamlibet
2487 5131 2600 5183 illa.
2632 5130 2844 5184 Merlin.
2869 5143 2990 5182 cum
3022 5125 3554 5201 Vat._Is.,_quamltbet

1963 5201 2064 5266 illi,
2094 5197 2300 5256 Jusielli
2329 5202 2498 5257 codex
2529 5201 2691 5255 illius.
2723 5201 2852 5254 Post
2878 5213 3047 5268 pauca
3069 5199 3210 5266 vnlg.
3250 5197 3419 5250 Cone.
3456 5210 3554 5265 pro

1962 5272 2245 5326 intentione
2273 5273 2469 5327 habent
2499 5272 2840 5337 contentione,
2875 5269 3094 5324 melius.

2038 5343 2052 5393 I
2098 5343 2670 5423 Veron.3um__VitttI.,
2706 5352 2762 5396 ut
2796 5352 3074 5423 συνῆψα...
3095 5339 3232 5423 quod
3261 5347 3554 5423 (κισ-ξυνεσ-

1965 5415 2085 5470 dus.
2114 5413 2269 5485 Vulg.
2299 5412 2504 5470 Concil.
2524 5454 2540 5478 ,
2575 5425 2629 5468 ut
2669 5429 2784 5484 qua:
2821 5420 3020 5466 contra.
3059 5409 3188 5466 Isid.
3219 5424 3341 5466 cum
3373 5409 3553 5475 δίει-Ι..

1963 5496 2135 5556 coacta
2158 5486 2310 5540 semel
2338 5487 2587 5556 synodus.

2037 5555 2062 5592 ¹ί
2095 5557 2228 5611 Cod.
2257 5554 2439 5620 Vind.,
2467 5554 2944 5610 communicatione.

2041 5625 2059 5664 ι
2092 5628 2264 5684 Voces
2294 5628 2550 5682 brevitatis
2591 5643 2745 5680 causa
2784 5625 2839 5680 in
2870 5623 3101 5680 auctiori
3137 5623 3373 5681 editione
3405 5623 3550 5694 vnlg.
3602 5671 3606 5676 .

1962 5697 2130 5754 Cone.
2169 5700 2387 5765 deletae,
2424 5715 2489 5754 eu
2520 5698 2662 5768 quod
2690 5708 2806 5764 post
2834 5697 3100 5766 prolixum
3129 5695 3550 5753 additamentum

1965 5769 2374 5839 haudquaquam
2398 5777 2775 5840 congruerent.

2037 5851 2077 5878 ω
2106 5837 2265 5912 Vulg.
2294 5848 2486 5912 tione”
2506 5837 2614 5895 sive
2640 5855 2928 5912 consensu;
2952 5850 3008 5896 et
3033 5837 3182 5911 dein,
3210 5839 3460 5898 conclusit

2039 5921 2069 5952 ιι
2091 5911 2248 5981 Vulg.
2277 5911 2467 5976 Conc.,
2498 5915 2547 5967 in
2578 5915 2685 5969 haec
2707 5911 2967 5968 consortia
