3996 6344
159 417 267 479 αδ

617 413 846 472 CODEX
883 411 1213 470 CANONUM
1253 407 1538 467 ECCLES.
1580 407 1670 464 ΕΤ
1707 405 2294 464 CONSTITUTORUM
2331 407 2390 465 S.
2433 389 2628 465 SEDIS
2667 405 3006 466 APOSTOL.

3349 408 3452 468 δισ

160 535 233 590 sit
269 530 548 603 appellare
575 528 894 601 permissus.
923 526 1086 599 352
1117 535 1141 564 ·
1179 525 1520 596 Quapropter
1550 530 1764 578 constat
1790 523 1845 585 Α
1870 521 2037 578 multo
2062 524 2230 594 magis
2253 524 2446 580 Acacio
2476 541 2581 580 non
2609 525 2824 582 licuisse
2844 525 3120 582 fatebitur.
3153 525 3307 584 Dicat
3324 542 3456 601 ergo

163 627 297 682 satis
327 623 584 679 Acacium
626 620 834 677 nullum
874 620 1122 675 habuisse
1166 617 1496 690 pontiﬁcium
1540 624 1760 673 senten-

159 721 294 775 tiam
319 715 470 774 sedis
493 713 803 786 apostolica:
823 713 942 770 sine
967 713 1069 768 ulla
1098 712 1215 784 ejus
1241 712 1458 768 notione
1487 709 1758 768 solvendi.

160 812 273 880 Qua
302 820 455 866 certe
484 808 692 881 synodo
721 807 823 863 hoc
851 806 940 863 ille
966 805 1346 878 praesumpsit,
1379 804 1522 876 quod
1554 819 1652 860 nec
1683 804 1762 860 sic

159 904 368 972 absque
399 901 694 972 apostolica
728 900 857 956 sede
887 899 968 955 fas
1002 899 1216 971 quidem
1252 897 1478 954 haberet
1506 897 1764 954 efﬁcere?

159 996 332 1067 Cujus
360 996 508 1052 sedis
541 997 864 1066 episcopus?
891 996 1045 1066 cujus
1072 994 1502 1065 metropolitana:
1531 993 1764 1050 civitatis

160 1090 429 1146 antistes?
461 1089 652 1145 Nonne
674 1089 944 1160 parochias
975 1085 1348 1145 Heracleensis
1381 1086 1678 1144 Ecclesiae?
1708 1085 1764 1146 Si

161 1183 234 1237 illi
265 1191 417 1239 certe
461 1183 610 1238 licuit
659 1184 777 1238 sine
827 1182 1034 1253 synodo
1081 1173 1405 1237 sententiam
1454 1179 1764 1253 apostolicae

160 1274 304 1330 sedis
335 1275 659 1345 abrumpere
683 1315 700 1342 ,
732 1273 876 1329 nulla
917 1274 1034 1344 ejus
1074 1275 1468 1332 consultatione
1501 1273 1763 1345 qumsita;

163 1369 307 1426 itane
331 1386 466 1426 vero
497 1386 603 1426 non
645 1370 793 1426 licuit
820 1369 1007 1440 primae
1039 1370 1153 1426 sedi
1184 1368 1642 1425 Chalcedonensis
1681 1383 1768 1440 sy-

171 1464 319 1527 nodi,
357 1465 679 1530 constituta,
708 1465 847 1520 sicut
875 1465 1078 1534 decuit,
1111 1465 1431 1535 exsequenti
1462 1461 1769 1535 hujusmodi

162 1559 634 1628 praevaricatorem
675 1573 772 1613 sua
809 1559 1128 1614 auctoritate
1168 1557 1494 1613 detrudere?
1531 1555 1634 1612 Sed
1672 1571 1770 1612 nec

165 1650 255 1706 illa
298 1651 642 1720 prseterimus
669 1693 683 1717 ,
717 1651 860 1722 quod
890 1651 1184 1721 apostolica
1232 1650 1390 1705 sedes
1438 1649 1767 1721 frequenter,

165 1753 226 1800 ut
252 1743 463 1800 dictum
488 1753 593 1811 est,
631 1760 781 1800 more
811 1747 1074 1814 majorum
1110 1745 1270 1800 etiam
1300 1745 1417 1800 sine
1435 1743 1538 1799 ulla
1565 1742 1772 1815 synodo

165 1838 544 1909 praeedente,
580 1835 609 1876 ι’
637 1838 951 1894 exsolvendi
981 1853 1115 1910 quos
1145 1838 1383 1910 synodus
1413 1838 1592 1909 iniqua
1621 1837 1769 1893 dam-

165 1940 391 1987 naverat
419 1973 434 1996 ,
478 1939 536 1986 et
571 1929 860 1986 damnandi
908 1932 1049 1985 nulla
1083 1933 1346 1986 existente
1394 1931 1598 2002 synodo
1637 1945 1771 2001 quos
1800 1913 1849 1977 Β

165 2022 433 2093 Oportuit,
463 2021 711 2078 habuerit
738 2023 1064 2079 facultatem.
1098 2023 1308 2080 Sanctae
1335 2023 1532 2095 quippe
1562 2038 1769 2079 memo-

166 2116 264 2171 rize
295 2115 654 2171 Athanasium
685 2117 921 2189 synodus
951 2117 1239 2172 Orientalis
1274 2117 1584 2184 addixerat,
1611 2134 1769 2188 quem

167 2217 350 2267 tamen
384 2220 674 2282 exceptum
721 2214 881 2267 sedes
927 2212 1218 2283 apostolica
1249 2253 1263 2277 ,
1293 2212 1412 2282 quia
1443 2211 1771 2267 damnationi

169 2301 484 2358 Graecorum
515 2316 621 2358 non
652 2304 947 2370 consensit,
980 2304 1228 2359 absolvit.
1260 2303 1472 2359 Sanctae
1501 2304 1773 2360 memoria:

171 2393 536 2451 nihilominus
562 2394 826 2451 Joannem
852 2394 1509 2467 Constantinopolitanum
1539 2397 1776 2468 synodus

171 2491 333 2546 etiam
396 2490 786 2546 catholicorum
844 2491 1134 2562 prmsulum
1184 2500 1332 2547 certe
1380 2491 1775 2558 damnaverat,

171 2599 334 2656 quem
379 2584 547 2640 simili
583 2584 742 2640 modo
776 2585 932 2641 sedes
960 2585 1251 2656 apostolica
1283 2585 1449 2641 etiam
1478 2587 1591 2642 sola
1613 2628 1627 2652 ,
1653 2587 1775 2657 quia

173 2693 279 2734 non
318 2680 642 2748 consensit,
675 2678 924 2734 absolvit.
963 2677 1202 2749 Itemque
1234 2689 1256 2717 ε
1288 2687 1534 2735 sanctum
1573 2677 1780 2734 Flavia-

179 2787 306 2826 num
332 2771 654 2842 pontiﬁcem
686 2771 1001 2828 Grarcorum
1025 2771 1441 2843 congregatione
1467 2773 1776 2829 damnatum

179 2864 293 2932 pari
325 2873 542 2930 tenore,
574 2865 828 2935 quoniam
860 2865 974 2920 sola
1003 2865 1161 2920 sedes
1194 2868 1486 2937 apostolica
1515 2883 1617 2922 non
1647 2883 1778 2922 eon-

177 2959 368 3025 sensit,
402 2957 677 3014 absolvit:
711 2960 1000 3030 potiusque
1039 2960 1128 3029 qui
1170 2959 1276 3014 illic
1307 2970 1554 3032 receptus
1584 2960 1779 3027 fuerat,

178 3049 497 3107 Dioscorum
542 3051 794 3107 secundae
824 3051 970 3107 sedis
1010 3053 1296 3121 praesulem
1333 3068 1427 3107 sua
1464 3054 1782 3110 auctoritate

181 3144 481 3211 damnavit,
505 3154 561 3201 et
585 3146 803 3216 impiam
835 3146 1099 3219 synodum
1123 3162 1232 3203 non
1255 3149 1641 3205 consentiendo
1667 3150 1780 3204 sola

183 3236 475 3306 submovit,
501 3246 555 3292 et
579 3252 678 3308 pro
705 3238 953 3306 veritate,
976 3247 1036 3295 ut
1065 3240 1304 3312 synodus
1325 3240 1780 3300 Chalcedonensis

185 3328 355 3397 ﬁeret,
389 3330 507 3387 sola
535 3330 798 3388 decrevit.
827 3329 854 3368 ά
885 3331 940 3386 1η
970 3348 1074 3403 qua
1101 3341 1159 3387 ut
1188 3349 1316 3403 ergo
1345 3335 1460 3388 sola
1485 3335 1573 3404 jus
1597 3335 1780 3392 habuit

189 3420 498 3478 absolvendi
523 3435 620 3478 eos
641 3437 774 3493 quos
802 3422 1062 3495 synodica
1090 3425 1309 3480 decreta
1341 3425 1504 3498 353
1529 3428 1777 3497 percule-

192 3523 333 3583 rant,
362 3515 439 3571 sic
466 3515 629 3572 etiam
660 3516 777 3572 sine
806 3518 1012 3590 synodo
1041 3519 1094 3573 in
1127 3518 1228 3575 hac
1248 3519 1435 3575 eadem
1467 3536 1625 3576 causa
1659 3521 1781 3591 plu—

189 3605 356 3665 rimos
382 3611 544 3666 etiam
568 3611 1014 3682 metropolitanos
1036 3612 1322 3670 damnasse
1345 3615 1708 3685 cognoscitur.

250 3699 385 3760 Cap.
415 3703 487 3758 Υ.
509 3734 582 3747 ——
616 3703 771 3772 Quod
801 3707 845 3761 si
878 3706 999 3777 quis
1029 3705 1146 3762 haec
1175 3705 1243 3761 ab
1270 3708 1567 3778 apostolica
1597 3709 1728 3766 sede
1757 3718 1781 3746 °

187 3795 268 3852 vel
315 3798 617 3854 secundum
666 3797 932 3870 synodum
981 3808 1101 3854 acta
1149 3799 1535 3870 reprehendit;
1589 3810 1786 3871 praeter

187 3889 325 3959 quod
374 3890 551 3961 prisca
593 3905 774 3947 rerum
817 3890 1137 3962 probatione
1174 3892 1532 3960 convincitur,
1567 3894 1783 3951 interim

257 4079 283 4106 ι
307 4062 478 4140 Vulg.
507 4066 673 4124 Conc.
712 4086 724 4123 :
761 4068 1408 4142 Quapmptercumsatis
1445 4080 1640 4127 constet
1671 4073 1798 4130 Aca-

190 4141 425 4196 cium...
462 4142 712 4194 sententia
738 4141 883 4195 sedis
909 4141 1208 4209 apostolica:
1233 4141 1533 4197 damnatum
1557 4146 1664 4198 sine
1692 4148 1797 4201 ulla

192 4214 296 4283 ejus
321 4213 537 4266 notione
575 4213 837 4279 solvendi;
865 4215 1036 4268 dicant
1065 4223 1199 4268 certe
1227 4231 1327 4283 qua
1354 4217 1551 4284 synodo
1589 4217 1684 4269 Itoc
1713 4220 1800 4273 ille

193 4283 598 4354 prtzsumpserit.

257 4353 286 4393 Β
316 4354 562 4427 Quesn.,
598 4358 692 4427 jus
742 4355 915 4409 habuit
957 4355 1205 4410 solvendi.
1254 4356 1594 4416 Praetulimus
1634 4362 1795 4418 codd.

195 4422 440 4505 Find.et
467 4422 1181 4505 _Veron._consentientihus
1215 4428 1356 4500 vulg.
1394 4430 1562 4486 Conc.
1597 4435 1647 4488 in
1680 4435 1796 4505 qui-

195 4493 308 4566 bus,
347 4507 399 4552 et
427 4497 744 4552 absolvendi.

265 4579 290 4609 ο
320 4569 488 4638 Vulg.
514 4569 706 4645 Conc.,
741 4579 934 4645 sanctis
964 4572 1224 4645 meritoria:
1254 4571 1560 4645 Flavianum
1587 4577 1795 4645 ponti/i-

200 4656 308 4695 tum
349 4641 749 4712 congregatione
793 4641 1114 4712 damnatum.
1164 4642 1283 4696 Mox
1337 4641 1636 4700 addidimus
1689 4641 1799 4701 sola

198 4727 312 4766 cum
347 4710 561 4766 Veron.
590 4716 644 4768 et
684 4712 831 4782 vulg.
865 4711 1033 4770 Conc.
1079 4712 1215 4770 Dein
1247 4714 1363 4770 Vat.
1407 4715 1474 4770 ls.
1511 4733 1632 4771 cum
1675 4719 1797 4774 cod.

199 4782 412 4839 Justelli
446 4785 648 4858 pariter
672 4783 822 4858 lsidr.,
845 4786 964 4852 quia
985 4785 1093 4838 illic
1119 4795 1344 4858 receptus
1375 4803 1477 4840 non
1503 4791 1672 4858 fuerat
1697 4804 1716 4844 :
1737 4803 1800 4844 ac

201 4863 316 4928 post
345 4868 516 4925 pauca
553 4856 827 4928 submovit,
861 4865 906 4928 et
933 4856 1259 4928 auctoritate,
1288 4866 1338 4910 ut
1358 4856 1607 4928 synodus.
1636 4859 1797 4916 Vind.

201 4934 252 4982 et
276 4927 508 4998 Verum,
532 4939 587 4998 et
609 4927 838 4995 veritate,
866 4926 1041 4982 deleta
1064 4926 1443 4998 praepositione
1470 4949 1586 4998 pro.

267 4995 294 5035 ει
321 4998 533 5064 Quesn.
558 4997 705 5053 delet
725 4999 776 5051 in
806 5016 906 5068 qua
931 5014 949 5062 ;
980 4995 1099 5052 cum
1129 4995 1376 5056 omnibus
1407 4995 1608 5058 nostris
1636 5005 1797 5062 codd.

201 5077 254 5126 et
299 5069 538 5126 Met-lino
584 5076 978 5124 re’vocavimus.
1034 5069 1166 5123 Dein
1211 5069 1327 5125 inec
1373 5071 1465 5128 ille
1517 5075 1704 5133 scribit
1744 5077 1797 5133 in

205 5143 452 5213 margine
481 5159 495 5195 :
529 5140 701 5196 Linea:
739 5149 840 5195 tres
869 5140 1224 5213 subsequentes
1250 5159 1410 5213 usque
1449 5145 1516 5198 ad
1559 5147 1714 5212 Quod
1755 5151 1800 5205 si

205 5212 487 5282 quis'htec,
516 5214 714 5284 ete.,in
739 5213 960 5284 vulgatis
987 5212 1206 5278 desunt;
1229 5212 1523 5270 sedi/larunt
1554 5219 1665 5272 loco
1686 5220 1801 5276 dum

205 5288 310 5352 fere
329 5286 538 5355 paginc
572 5283 848 5353 habentur,
875 5300 986 5354 qua:
1005 5283 1057 5338 in
1081 5293 1295 5353 utroque
1316 5286 1488 5342 codice
1508 5300 1680 5346 nostro
1703 5309 1800 5348 ms.

205 5357 585 5430 desiderantur.
643 5355 998 5430 Varieietiam
1044 5358 1304 5430 sequentia
1360 5359 1614 5430 leguntur.
1677 5363 1804 5419 Hart:

205 5437 384 5482 autem
430 5429 666 5484 varietas
703 5427 773 5482 ob
819 5429 1072 5482 insertam
1118 5427 1451 5486 additionem
1500 5435 1804 5489 necessaria

207 5496 324 5576 fuit.
366 5498 461 5554 Sic
500 5499 646 5576 enim
670 5501 984 5576 sequentia:
1014 5498 1358 5570 Quapropter,
1391 5503 1582 5573 inquit,
1609 5505 1654 5558 si
1690 5508 1806 5576 quis

206 5569 378 5646 adhuc
399 5574 684 5626 secundum
707 5569 1173 5646 Chalcedon‘ensem
1192 5575 1443 5643 synodum
1465 5569 1576 5629 Ἱκανὰ
1597 5576 1659 5629 ab
1682 5569 1806 5646 apo-

207 5643 394 5696 stolica
417 5646 534 5698 sede
553 5653 696 5714 gesta
717 5643 1067 5716 reprehendit,
1089 5653 1299 5713 prapter
1320 5646 1457 5716 quod
1479 5658 1525 5700 et
1548 5664 1670 5714 nec,
1704 5643 1806 5712 qua

207 5717 824 5790 surnniu‘srss'rnoxmos
871 5714 1009 5783 (hmo
1047 5714 1374 5790 additionetn
1411 5720 1726 5790 respiciunt)
1763 5730 1806 5775 et

208 5785 486 5860 multiplici
520 5795 685 5858 potest
708 5790 926 5860 ratione
951 5787 1223 5860 convinci,
1259 5790 1420 5843 multo
1449 5785 1613 5860 magis
1639 5785 1808 5846 tamen

209 5856 404 5910 Asacio
445 5856 547 5937 non
574 5859 798 5937 licuisse
838 5858 1077 5937 fatebitur
1112 5859 1210 5937 ista
1240 5869 1449 5937 tenuare.
1495 5856 1647 5915 Dicat
1688 5879 1810 5937 ergo

207 5940 310 5997 gsa
325 5929 534 6001 synodo
559 5927 824 5987 Joannem
839 5927 1077 5987 secundat
1093 5930 1231 5987 sedis
1249 5931 1550 6004 antistitem,
1574 5941 1686 5992 etc.

1865 633 1970 689 qua
2003 618 2117 688 ipse
2155 619 2362 690 synodo
2402 619 2652 677 secundae
2691 621 2838 677 sedis
2876 621 3172 678 antistitem
3203 622 3453 693 qualem-

1864 726 2112 783 cumque,
2143 723 2291 769 certe
2321 714 2665 782 catholicum,
2690 726 2745 771 et
2767 729 2797 769 a
2819 715 3099 772 catholicis
3122 716 3451 784 ordinatum,

1865 822 1967 864 nec
2009 807 2076 863 de
2126 809 2389 864 catholica
2439 810 2542 866 ﬁde
2591 820 2646 866 et
2693 810 3073 867 communione
3119 811 3456 882 aliquatenus

1866 901 2189 971 impetitum,
2217 901 2432 958 duxerit
2451 902 2889 972 excludendum;
2920 914 2977 961 et
3001 905 3313 961 hmreticum
3342 921 3457 961 tna-

1866 992 2122 1048 nifestutn
2151 993 2390 1061 Petrum,
2441 1007 2534 1049 sua
2582 1011 2796 1066 quoque
2841 998 3188 1054 exsecutione
3234 998 3458 1054 damna-

1869 1096 2002 1152 tum,
2033 1085 2301 1142 catholico
2330 1085 2571 1157 pontiﬁci
2611 1088 2914 1154 permiserit
2943 1089 2961 1127 ί
2991 1090 3292 1161 subrogari.
3340 1092 3456 1159 Qua

1867 1181 2076 1254 synodo
2099 1183 2272 1239 tertiae
2301 1182 2446 1237 sedis
2471 1184 2784 1254 episcopum
2807 1193 3049 1241 sanctum
3071 1177 3463 1244 Calendionem

1868 1274 1995 1330 fecit
2024 1276 2241 1345 expelli,
2275 1289 2338 1330 ac
2369 1275 2721 1332 nihilominus
2751 1276 2926 1333 eidem
2959 1279 3177 1334 Petrum
3209 1290 3313 1334 tam
3345 1295 3457 1337 ma-

1869 1369 2123 1426 nifestum
2168 1371 2502 1438 haeretieum,
2535 1380 2591 1425 ut
2624 1369 2798 1426 eidem
2846 1370 3020 1442 palam
3046 1382 3071 1420 ε
3099 1388 3197 1429 nec
3226 1390 3284 1429 se
3313 1390 3459 1430 com-

1869 1463 2147 1519 municare
2176 1463 2566 1532 pratenderet,
2616 1477 2713 1519 sua
2757 1477 2946 1535 passus
2987 1475 3071 1520 est
3111 1465 3460 1536 dispositione

1869 1555 2166 1611 substitui?
2194 1555 2308 1621 Qua
2337 1555 2568 1624 denique
2598 1570 2696 1625 per
2718 1565 2889 1612 totum
2918 1555 3194 1613 Orientem
3229 1559 3457 1626 synodo,

1871 1647 2062 1718 ejectis
2089 1647 2436 1714 orthodoxis,
2483 1649 2632 1704 nullo
2661 1649 2890 1705 crimine
2918 1651 3222 1717 maculatis,
3269 1666 3463 1720 pravos

1872 1758 2116 1814 quosque
2141 1753 2196 1799 et
2225 1743 2545 1800 criminibus
2574 1745 2844 1800 involutos
2873 1759 2970 1800 sua
3003 1745 3309 1815 provisione
3338 1760 3463 1816 sup-

1872 1837 2098 1908 posuit?
2145 1837 2260 1906 Qua
2290 1837 2498 1909 synodo
2549 1847 2627 1894 tot
2673 1839 2845 1896 aliena
2897 1839 3170 1909 privilegia
3202 1838 3464 1896 nefandus

1875 1931 2160 2001 populator
2191 1931 2426 1985 invasit?
2476 1930 2581 1986 Sed
2614 1928 2783 1987 hlibri
2829 1947 2935 1988 non
2965 1931 3235 1988 sufﬁcient
3271 1933 3317 1987 si
3353 1942 3463 1987 tra-

1875 2024 2080 2096 gtedias
2111 2023 2249 2093 ejus,
2283 2038 2417 2094 quas
2443 2038 2535 2094 per
2566 2023 2837 2080 Ecclesias
2869 2024 3030 2080 totius
3051 2023 3287 2080 Orientis
3311 2039 3465 2082 exer-

1878 2120 2012 2186 cuit,
2033 2117 2338 2189 singillatim
2361 2116 2668 2172 describere
2695 2117 3001 2173 moliamur.
3035 2116 3118 2171 An
3144 2116 3272 2173 illud
3301 2117 3467 2187 ipsius

1878 2222 2255 2283 argumentum
2289 2210 2443 2265 nobis
2471 2210 2742 2265 aestimant
2767 2208 3168 2280 opponendum,
3198 2225 3304 2279 quo
3335 2210 3466 2265 faci-

1876 2318 2008 2359 nora
2034 2305 2206 2357 suain
2230 2300 2560 2370 imperialem
2595 2300 2608 2337 ί
2641 2315 2786 2356 visus
2811 2310 2896 2356 est
2917 2299 3120 2369 jactare
3143 2301 3464 2370 personam?

1876 2393 1984 2449 Cur
2010 2393 2189 2465 igitur,
2220 2392 2433 2464 quando
2462 2391 2651 2462 voluit,
2676 2392 2883 2448 obstitit
2904 2392 3166 2448 Basilisco
3187 2392 3443 2465 Tyranno

1877 2497 2026 2545 certe
2053 2499 2107 2544 et
2136 2489 2391 2544 haretico
2421 2487 2775 2543 vehementer
2804 2485 3047 2542 infesto?
3091 2487 3198 2542 Cur
3230 2487 3329 2557 ipsi
3361 2488 3433 2542 im

1881 2583 2116 2654 peratori
2144 2581 2369 2648 Zenoni,
2393 2581 2518 2652 quia
2548 2580 2722 2651 palam
2751 2578 3090 2636 Antiocheno
3116 2579 3275 2636 Petro
3301 2578 3448 2635 nolui

1879 2677 2304 2743 communicare,
2333 2692 2487 2744 suam
2520 2691 2628 2732 non
2654 2675 2892 2732 subdidit
2919 2675 3300 2732 voluntatem?
3330 2675 3472 2733 Ecce

1882 2773 2056 2842 potuit
2082 2771 2136 2826 iu
2163 2771 2284 2825 aliis
2315 2769 2603 2836 resultare,
2631 2768 2644 2819 i
2676 2768 2719 2824 si
2744 2769 2928 2825 vellet.
2961 2769 3154 2824 Annon
3181 2767 3471 2839 Apostolus

1882 2863 2050 2919 dicit:
2087 2861 2211 2916 Non
2239 2861 2402 2916 solum
2431 2861 2517 2931 qui
2548 2861 2772 2931 faciunt,
2812 2859 2902 2915 sed
2934 2861 3089 2914 etiam
3125 2861 3212 2932 qui
3251 2876 3465 2916 consen-

1884 2957 2015 3010 tiunt
2042 2952 2346 3026 facientibus
2376 2951 2546 3023 (Rom.
2571 2968 2610 3019 ι,
2634 2953 2751 3023 32),
2784 2962 2934 3008 reatu
2963 2953 3166 3023 pariter
3187 2964 3310 3008 sunt
3338 2953 3472 3009 irre-

1884 3051 2002 3106 titi?
2033 3049 2142 3106 Sed
2165 3059 2222 3104 ut
2244 3063 2309 3105 ea
2327 3064 2448 3120 quae
2473 3049 2634 3103 latius
2654 3047 2968 3118 explicanda
2990 3057 3117 3104 sunt
3134 3049 3466 3117 omittamus,

1884 3143 2034 3215 quid,
2066 3143 2208 3214 quod
2239 3144 2353 3213 ipse
2381 3141 2566 3200 Zenon
2598 3143 2890 3213 imperator
2929 3142 3042 3197 suis
3091 3142 3284 3199 litteris
3315 3142 3473 3213 proﬁ-

1887 3243 2030 3292 tetur
2059 3244 2252 3292 cuncta
2301 3249 2422 3292 sese
2470 3250 2539 3290 ex
2581 3236 2762 3290 Acacii
2811 3234 3048 3306 gessisse
3095 3235 3338 3303 consilio,
3374 3249 3473 3291 nec

1886 3328 1990 3385 hoc
2033 3344 2158 3384 eum
2201 3327 2391 3384 fallere
2435 3326 2630 3383 litteris
2672 3328 2785 3383 suis
2832 3327 2948 3398 ipse
2995 3342 3210 3399 quoque
3249 3337 3466 3384 testatur

1884 3419 2050 3495 355
2068 3420 2316 3489 Aeacius,
2339 3420 2429 3491 qui
2455 3428 2509 3475 et
2531 3435 2656 3475 eum
2683 3419 3038 3475 nihilominus
3061 3421 3310 3476 universa
3332 3429 3479 3478 recte

1884 3515 2122 3586 gessisse
2145 3514 2486 3584 conscripsit,
2509 3522 2566 3570 et
2589 3528 2691 3570 suo
2713 3513 2943 3570 consilio
2971 3513 3086 3570 inec
3111 3514 3301 3571 eadem
3328 3522 3477 3586 gesta

1889 3627 1996 3668 non
2031 3611 2216 3666 tacuit.
2265 3609 2427 3678 Quasi
2460 3617 2826 3694 vero'tantum
2865 3608 2917 3662 in
2949 3607 3298 3664 Alexandrini
3331 3608 3476 3664 Petri

1888 3707 2269 3764 communione
2297 3705 2524 3761 Aeacius
2555 3691 2937 3774 praevaricator
2963 3691 3253 3771 exstiterit,
3288 3712 3344 3760 et
3373 3718 3478 3760 non

1891 3802 1945 3857 in
1974 3803 2246 3870 omnibus,
2274 3816 2410 3872 quos
2441 3800 2523 3857 vel
2553 3800 2696 3868 fecit,
2727 3798 2966 3873 depulsis
2994 3799 3274 3858 catholicis
3299 3801 3482 3872 ponti-

1891 3895 2115 3962 ﬁcibus,
2163 3905 2416 3967 tanquam
2449 3904 2736 3968 tyrannus,
2784 3894 3043 3952 Ecclesiis
3076 3895 3483 3965 quibuscunque

1983 4088 2005 4115 ε
2035 4077 2155 4133 Vat.
2189 4077 2257 4133 ls.
2286 4093 2408 4133 cum
2437 4077 2647 4134 Justelli
2689 4078 2834 4146 eod.,
2882 4081 2960 4133 vel
2997 4078 3221 4132 secunda
3255 4078 3484 4148 synodo:

1906 4149 2084 4214 Merl.,
2113 4149 2190 4202 vel
2209 4161 2385 4202 sancta
2417 4153 2634 4220 synodo,
2667 4151 2878 4220 utrique
2907 4150 3076 4215 male;
3107 4151 3182 4204 vel
3211 4153 3354 4206 enim
3388 4151 3489 4206 hoc

1906 4219 2024 4274 loco
2053 4235 2148 4289 pro
2178 4222 2332 4292 etiam
2363 4219 2640 4292 aceipitur.
2679 4219 2801 4276 Mox
2827 4223 3054 4289 Quesn.,
3089 4223 3486 4292 approbatione;

1906 4294 2075 4363 nostri
2107 4291 2262 4363 codd.
2293 4290 2450 4346 Vind.
2480 4300 2533 4345 et
2558 4291 2782 4354 Verum,
2810 4290 3126 4363 probatione.

1985 4361 2002 4400 ί
2039 4363 2156 4437 Yat.
2190 4361 2353 4437 lsid.,_
2381 4363 2534 4417 Meri.
2577 4374 2630 4437 et
2673 4361 2818 4437 vulgi
2847 4366 3035 4437 (I_0nc.,
3084 4364 3487 4437 subroyandum.

1908 4434 2029 4490 Mox
2056 4434 2108 4488 in
2133 4435 2355 4489 auctiori
2385 4436 2632 4503 exemplo
2646 4435 2964 4501 explicatius
2985 4436 3051 4489 de
3069 4434 3332 4491 catholico
3354 4437 3492 4494 anti-

1903 4507 2028 4561 stite
2058 4504 2400 4574 subrogando
2427 4505 2664 4577 quinque
2705 4507 2858 4561 linea:
2885 4506 3226 4575 adjiciuntur,
3255 4509 3326 4562 ob
3356 4525 3488 4577 quas

1904 4590 2128 4633 necesse
2170 4577 2269 4630 luit
2310 4577 2561 4648 prosequi
2613 4576 2691 4631 sic
2729 4578 2885 4642 :Qna
2932 4578 3127 4648 synodo
3164 4582 3326 4633 tertia:
3359 4576 3491 4634 sedis

1903 4649 2196 4721 episcopum
2240 4647 2636 4721 Calendionemj
2683 4650 2819 4702 idem
2865 4647 3050 4721 expelli
3100 4652 3217 4720 fecit
3257 4652 3490 4706 Aeacius.

1907 4718 2265 4794 Q’ihilominus
2309 4722 2542 4772 eumdem
2591 4718 2834 4794 Petrum,
2885 4718 2991 4794 etc.
3049 4718 3228 4778 Cedet
3277 4739 3490 4794 quoque

1911 4790 2105 4846 Veron.
2132 4789 2276 4846 delet
2305 4798 2538 4844 sanctum
2560 4801 2684 4847 ante
2715 4790 3096 4848 Calendionem.

1981 4871 2006 4910 s
2038 4861 2193 4933 Vulg.
2231 4861 2424 4929 Conc.,
2476 4879 2676 4917 necesse
2720 4864 3116 4920 communicare.
3169 4865 3293 4921 llmc
3337 4865 3494 4930 lectio

1827 4910 1880 4972 D
1909 4910 2304 5004 (θυέτῐὲῤεῖ
2313 4910 2424 4988 "tibi
2457 4910 3297 5004 satiata.{nuntiantis
3329 4910 3495 5004 fail-’3

1907 5019 2189 5079 perperam
2232 5005 2506 5079 attributi,
2553 5006 2643 5062 ubi
2674 5008 2929 5079 Acaciani
2973 5008 3314 5079 opponebam
3338 5023 3362 5079 λεν
3387 5006 3494 5063 Sed

1905 5077 2182 5148 imperator
2218 5077 2561 5132 necessitatem
2598 5093 2713 5132 cum
2758 5077 2915 5134 Petro
2956 5077 3365 5146 co’n'tmunicundi
3394 5080 3493 5132 im-

1908 5150 2050 5204 oonit
2076 5149 2286 5204 Acacio.
2324 5148 2444 5204 Vid.
2481 5158 2519 5205 t.
2551 5149 2598 5205 ν
2625 5153 2788 5206 Couc.
2816 5151 2949 5208 Ven.
2982 5149 3113 5206 edit.
3154 5149 3258 5206 col.
3291 5149 3414 5214 192,
3437 5148 3493 5205 d.

1980 5217 2157 5292 exat.
2192 5221 2282 5289 ls.,
2315 5235 2417 5276 non
2438 5219 2738 5292 sufﬁcerent.

1989 5289 2005 5328 ί
2039 5290 2197 5362 Χυιε.
2222 5292 2416 5358 Conc.,
2447 5289 2589 5348 nisus
2617 5304 2712 5350 est.

1987 5360 2166 5435 lVerI
2190 5374 2243 5421 et
2271 5364 2456 5422 Vind..
2482 5365 2528 5418 si
2547 5367 2724 5435 nollet,
2758 5362 3045 5430 mendose;
3071 5362 3210 5435 quod
3242 5361 3494 5435 mendum

1912 5433 1966 5490 in
1990 5434 2113 5490 Vat.
2164 5438 2229 5492 Is.
2260 5435 2606 5491 emendatum
2639 5433 2756 5502 fuit,
2807 5435 2896 5490 sed
2924 5433 3108 5490 noluit.
3159 5433 3352 5490 Verior
3378 5450 3474 5490 cor

1915 5507 2086 5562 restio
2122 5509 2390 5578 colligitur
2432 5525 2500 5564 ex
2527 5509 2671 5580 vulg.
2704 5507 2893 5580 Concy.
2941 5507 2984 5562 si
3019 5505 3205 5570 vellet;
3255 5506 3497 5563 similiter

1915 5595 1965 5634 c.
1990 5580 2023 5634 6
2053 5581 2338 5646 scribitur;
2382 5581 2666 5650 intelligere
2691 5581 2735 5634 si
2761 5579 2965 5647 vellent,
3007 5580 3244 5650 ignorare
3273 5594 3376 5632 non
3407 5596 3493 5649 po-

1915 5660 2102 5705 terant.
2134 5652 2298 5706 Iidem
2326 5652 2469 5721 vulg.
2503 5647 2670 5707 conc.
2703 5651 2955 5706 omittunt
2995 5647 3275 5719 sequentia
3304 5667 3372 5704 an
3397 5647 3500 5706 non

1915 5737 2085 5792 usque
2114 5726 2178 5776 ad
2202 5724 2402 5778 irrctiti.
2425 5720 2636 5791 ’Quesn.
2670 5723 2989 5794 praiteriens
3014 5720 3226 5794 siucllet
3254 5723 3502 5794 scripsit:

1915 5791 2186 5867 resultare,
2207 5813 2274 5849 an
2293 5795 2432 5867 non?
2459 5791 2754 5866 Apostolus,
2775 5802 2880 5852 etc.
2898 5793 3033 5852 Dein
3059 5793 3114 5850 in
3137 5791 3290 5867 vulg.
3311 5791 3511 5864 conc”

1914 5865 2168 5937 quidquid
2192 5867 2304 5937 ipse
2318 5865 2519 5924 Zenon.
