3996 6344
565 328 670 388 647

1493 331 1833 390 ΔΡΡΕΝΒΙΧ
1871 332 1964 390 AD
2004 333 2064 391 S.
2105 333 2180 391 LF.

2281 335 2349 393 [IS
2385 335 2601 394 MAGNI
2637 335 2888 393 OPERA.
3151 405 3156 408 _
3349 367 3356 400 θ,
3669 347 3754 413 ω

566 453 836 527 prreponi;
865 451 950 508 vel
975 446 1152 508 taliter
1172 449 1474 521 praepositis
1499 463 1748 520 perversa
1773 451 2154 507 communione
2180 453 2236 516 Α
2261 452 2426 509 lutam
2469 453 2672 510 habent
2717 450 3152 511 communionem
3178 496 3196 525 ,
3241 456 3628 532 permixtumque
3661 479 3755 523 cum

567 549 865 620 permixtus
891 556 1004 613 est,
1044 547 1134 618 qui
1163 545 1265 601 hoc
1293 545 1414 615 ipso
1444 544 1740 600 secundum
1767 559 2002 600 canones
2031 543 2153 599 fue-

569 649 691 698 rant
730 641 796 697 ab
827 639 1192 697 ecclesiastica
1220 638 1603 694 communione
1633 637 1867 708 pellendi
1889 680 1904 700 .
1949 652 2056 707 quo
2096 651 2155 692 se

570 735 712 807 passi
752 740 878 789 sunt
919 745 1265 788 successores
1292 731 1430 785 vivis
1474 729 1846 786 sacerdotibus
1887 727 2153 784 adhiberi.

571 829 702 896 Quis
731 835 909 883 autem
954 841 1060 882 non
1093 824 1386 896 perspiciat
1410 824 1758 890 Christianus,
1791 824 1933 894 quod
1974 822 2159 878 catho-

572 920 689 980 licis
719 922 1061 994 pontificibus
1102 937 1132 976 a
1171 922 1386 991 propria
1431 919 1558 974 sede
1601 918 1854 988 dejeclis,
1904 933 2009 971 non
2058 917 2157 970 nisi

574 1015 812 1071 haeretici
837 1021 1125 1085 petnerunt
1151 1012 1462 1068 introduci?
1492 1011 1699 1079 Quibus
1727 1021 1902 1066 tamen
1933 1010 2159 1076 cunctis,

573 1107 660 1164 vel
701 1115 888 1162 auctor
919 1106 1018 1160 fuit
1049 1104 1275 1161 Aeacius
1303 1103 1692 1174 subrogandis,
1732 1103 1819 1156 vel
1863 1100 2163 1171 subrogatis

576 1200 998 1255 communicator
1027 1197 1289 1261 accessit,
1338 1196 1422 1251 his
1447 1205 1470 1232 ι
1498 1196 1679 1265 utique
1711 1194 1800 1264 qui
1845 1209 1875 1248 a
1917 1209 2162 1248 commu-

575 1291 737 1346 nione
760 1290 1132 1346 haereticorum
1157 1288 1462 1343 nullatenus
1484 1285 1880 1355 tliserepabant.
1909 1285 2016 1339 Cur
2036 1299 2165 1354 ergo
2216 1292 2227 1300 “

577 1385 666 1438 vel
698 1398 818 1440 cum
852 1382 968 1437 hme
1001 1381 1116 1436 fieri
1148 1380 1391 1446 videret,
1436 1395 1572 1443 non,
1607 1377 1746 1434 sicut
1780 1377 1880 1432 sub
1910 1375 2166 1431 Basilisco

579 1476 684 1546 jam
712 1476 939 1540 iecerat,
983 1472 1050 1527 ad
1093 1470 1442 1542 apostolicam
1472 1469 1655 1525 sedem
1684 1466 1889 1523 referre
1916 1464 2162 1522 curavit:

579 1574 640 1620 ut
671 1567 713 1620 si
744 1563 892 1620 Stilus
933 1564 1048 1634 ipse
1093 1577 1198 1617 non
1241 1562 1480 1632 poterat,
1521 1559 1548 1598 ι’
1588 1559 1788 1630 junctis
1827 1574 1948 1614 cum
1981 1557 2166 1613 eadem

581 1658 823 1714 consiliis
849 1665 1010 1726 atque
1037 1655 1350 1710 tractatibus
1377 1653 1518 1724 apud
1547 1652 1925 1722 imperatorem
1952 1657 2172 1722 possent

581 1767 701 1824 qute
748 1750 992 1821 religioni
1022 1755 1393 1818 competerent
1434 1745 1696 1817 allegari?
1747 1744 1879 1800 Nam
1930 1744 1975 1799 si
2024 1743 2171 1797 Basi-

2257 534 2500 616 perﬁdis,
2519 549 2757 614 miscere
2781 544 3092 601 concilium.
3119 545 3283 602 Recte
3306 547 3456 618 igitur
3478 564 3564 620 per
3581 545 3760 611 Chalce-

2258 635 2516 692 donensis
2545 636 2734 708 synodi
2769 636 2995 692 formam
3026 635 3324 708 hujusmodi
3351 642 3676 710 praevaricatio
3697 660 3745 701 re

2261 727 2413 798 pulsa
2455 734 2570 795 est,
2616 727 2800 798 potius
2841 743 3002 800 quam
3045 729 3112 785 ad
3156 729 3431 787 concilium
3453 742 3498 800 ο,
3537 735 3656 806 quod
3689 753 3763 794 nec

2261 835 2396 890 opus
2426 832 2542 877 erat
2589 832 2706 891 post
2752 823 2977 893 primam
3007 823 3304 898 synodum,
3349 841 3444 882 nec
3483 842 3592 883 eum
3618 831 3764 886 talibus

2264 915 2447 971 haberi
2479 916 2692 984 licebat,
2726 916 2954 972 adducta
2979 927 3078 973 est.
3112 917 3240 974 Nam
3269 929 3324 974 et
3349 920 3468 989 quid
3491 934 3698 992 ageretur
3715 925 3766 981 de

2265 1007 2368 1062 fide
2413 1008 2678 1064 catholica
2729 1009 3030 1080 intelligere
3071 1011 3117 1067 si
3161 1011 3396 1079 vellent,
3440 1013 3656 1083 ignorare
3689 1030 3767 1072 non

2266 1108 2546 1170 poterant:
2591 1117 2710 1156 eum
2742 1103 2990 1158 viderent
3017 1103 3312 1159 catholicos
3349 1104 3629 1174 pontiﬁces,
3661 1107 3768 1162 nulla

2264 1190 2454 1262 synodi
2504 1191 2861 1260 discussione,
2913 1192 3063 1248 nullo
3111 1193 3356 1260 concilio,
3404 1195 3640 1266 praecipue
3675 1210 3765 1252 cum

2267 1297 2433 1338 novas
2455 1297 2643 1339 causas
2663 1299 2787 1340 esse
2809 1284 3225 1355 perpenderent,
3251 1295 3360 1342 toto
3380 1286 3581 1344 Oriente
3597 1287 3768 1358 depelli:

2268 1385 2323 1432 et
2344 1376 2524 1432 caeteri
2547 1377 2673 1446 quid
2697 1388 2968 1443 caverent,
2993 1393 3058 1433 ex
3086 1363 3300 1433 illorum
3321 1378 3564 1449 qualitate
3587 1377 3773 1435 tdiscet-

2268 1483 2400 1524 nere
2443 1468 2760 1538 potuissent.
2818 1468 3004 1524 Restat
3052 1469 3212 1539 igitur
3255 1479 3314 1524 ut
3355 1469 3494 1525 illius
3540 1471 3677 1539 partis
3706 1485 3773 1525 eos

2269 1558 2437 1616 fuisse
2463 1561 2530 1616 sit
2559 1561 2786 1629 clarum,
2814 1562 2900 1616 cui
2927 1576 2986 1617 se
3022 1571 3146 1632 post
3182 1570 3263 1618 tot
3291 1563 3626 1632 experimenta
3656 1561 3775 1620 dede-

2272 1654 2752 1724 runt,'meritoque
2774 1653 2842 1707 ab
2861 1653 3154 1723 apostolica
3181 1653 3313 1708 sede
3338 1653 3627 1723 cmterisque
3645 1655 3776 1708 catho-

2273 1747 2412 1812 licis,
2455 1762 2562 1801 non
2586 1746 2698 1816 jam
2728 1745 3045 1801 consulendi
3073 1755 3255 1812 erant,
3284 1743 3375 1801 sed
3409 1744 3569 1815 potius
3591 1745 3774 1800 notandi.

583 1844 767 1913 liscus,
814 1853 872 1898 ut
915 1843 1115 1898 dictum
1144 1850 1257 1906 est,
1288 1841 1573 1912 Tyrannus
1609 1839 1924 1906 haereticus,
1955 1837 2170 1906 scriptis
2199 1831 2510 1896 B-Risimus
2559 1847 2759 1906 autem,
2810 1837 2954 1908 quod
3001 1837 3410 1908 praerogativam
3444 1836 3610 1892 volunt
3633 1836 3776 1892 Acacio

582 1937 892 2008 apostolica:
924 1937 1068 1992 sedis
1097 1934 1447 1990 vehementer
1474 1933 1732 1988 infractus
1762 1940 1871 1998 est,
1905 1941 1959 1986 et
1990 1946 2017 1984 a
2047 1929 2168 2000 plu-

583 2032 735 2088 ritnis
765 2039 1045 2086 revocatus
1071 2028 1419 2093 excessibus;
1461 2035 1660 2098 quanto
1703 2027 1869 2095 magis
1897 2023 2168 2095 legitimus

585 2124 898 2196 imperator,
941 2122 1030 2193 qui
1069 2136 1128 2177 se
1158 2122 1480 2176 catholicum
1514 2119 1686 2174 videri
1713 2118 1955 2184 volebat,
2003 2117 2171 2188 potuit

584 2233 709 2272 cum
747 2215 1038 2286 apostolica
1085 2214 1215 2270 sede
1261 2223 1572 2269 cunctorum
1615 2225 1826 2281 quoque
1865 2207 2170 2280 pontiﬁcum

583 2308 856 2364 moderata
894 2306 1235 2377 suggestione
1266 2304 1531 2376 mitigari;
1577 2303 1849 2372 praecipue
1877 2315 1997 2355 cum
2031 2300 2174 2369 ejus-

586 2400 708 2456 dem
736 2399 915 2454 Acacii
959 2389 1104 2453 esset
1147 2396 1398 2468 specialis
1431 2395 1607 2449 fautor
1636 2402 1689 2449 et
1720 2401 1946 2457 amator,
1991 2400 2047 2446 et
2085 2390 2172 2461 qui

587 2491 780 2548 litteris
810 2490 919 2546 suis
948 2498 1056 2543 tam
1085 2489 1259 2558 ipsum
1287 2487 1574 2550 Acacium,
1606 2499 1765 2555 quam
1797 2491 2040 2538 sanctum
2072 2497 2174 2552 pa-

589 2597 710 2654 pam
753 2582 1082 2651 Simplicium
1117 2579 1322 2650 magnis
1355 2579 1605 2635 laudibus
1645 2577 1954 2644 extulisset,
1984 2587 2005 2615 ο
2033 2576 2172 2646 quod

590 2674 843 2730 baeretico
869 2673 1306 2729 constantissime
1333 2670 1700 2726 restitissent?
1729 2670 1838 2724 Cur
1865 2678 2012 2725 tanto
2039 2676 2175 2724 tent-

591 2777 722 2837 pore
748 2767 974 2821 Aeacius
997 2766 1136 2821 inter
1159 2765 1261 2820 ista
1288 2763 1579 2820 conticuit:
1609 2763 1712 2818 nisi
1744 2763 1869 2832 quia
1895 2760 2176 2833 praepediri

593 2857 817 2916 nolebat
841 2859 1129 2926 ullatenus,
1157 2873 1276 2928 qua:
1302 2856 1643 2912 desiderabat
1668 2855 1894 2926 expleri.

662 2951 791 3007 Car.
823 2949 912 3005 Vl.
938 2980 1010 2991 —
1037 2949 1304 3004 Ponamus
1340 2960 1516 3004 tamen
1540 2992 1554 3018 ,
1602 2948 1811 3004 etiamsi
1844 2947 1987 3003 nulla
2019 2962 2180 3019 syno-

592 3043 692 3098 dus
725 3042 1119 3112 przecessisset,
1161 3041 1316 3110 cujus
1345 3033 1637 3111 apostolica
1669 3039 1825 3095 sedes
1853 3049 1999 3096 recte
2029 3039 2181 3094 ﬁeret

593 3135 916 3200 exsecutrix,
941 3149 1062 3190 cum
1090 3133 1284 3204 quibus
1310 3143 1424 3189 erat
1455 3133 1522 3189 de
1550 3133 1746 3188 Acacio
1767 3133 1926 3206 355
1944 3133 2180 3205 synodus

2271 1931 2606 2000 comparari,
2662 1930 2784 2000 quia
2839 1929 3123 2000 episcopus
3177 1928 3342 1984 fuerit
3396 1931 3546 1998 regia:
3587 1927 3774 1983 civitatis.

2272 2023 2521 2093 Nunquid
2549 2023 2686 2094 apud
2718 2022 3106 2090 Mediolanum,
3149 2021 3295 2093 apud
3332 2021 3643 2088 Ravennam,
3677 2019 3776 2092 apud

2273 2114 2571 2182 Sirmium,
2630 2115 2768 2184 apud
2818 2114 3071 2170 Treviros
3125 2115 3312 2170 multis
3376 2113 3667 2186 temporibus
3702 2130 3776 2168 non

2273 2207 2514 2262 constitit
2543 2207 2876 2276 imperator?
2907 2206 3288 2278 Nunquidnam
3319 2206 3504 2263 harum
3532 2207 3778 2262 urbiumsa-

2274 2303 2520 2358 ccrdotes
2549 2302 2686 2356 ultra
2720 2317 3030 2358 mensuram
3065 2302 3290 2358 sibimet
3313 2301 3588 2374 antiquitus
3611 2302 3778 2371 deputa-

2278 2406 2384 2453 tam
2411 2397 2684 2468 quidpiam
2712 2398 2823 2453 suis
2853 2397 3202 2468 dignitatibus
3223 2399 3575 2472 usurparunt?
3594 2395 3778 2468 Nunquid

2277 2490 2504 2544 Aeacius
2534 2498 2593 2544 ut
2621 2488 2880 2544 Joannem
2910 2489 3267 2560 qualemlibet
3306 2491 3591 2556 hominem,
3618 2488 3782 2545 catholio

2277 2596 2398 2638 cum
2429 2589 2639 2648 tamen,
2681 2597 2711 2636 a
2742 2582 3026 2638 catholicis
3054 2583 3397 2652 ordinatum,
3437 2584 3500 2640 de
3535 2580 3780 2640 Alexandria

2278 2674 2609 2741 excluderet,
2634 2674 2959 2746 Petrumque
2981 2677 3033 2731 in
3059 2675 3250 2733 haeresi
3280 2677 3390 2748 jam
3415 2678 3650 2734 detectum
3669 2685 3783 2744 atque

2280 2767 2590 2822 damnatum
2609 2807 2624 2834 ,
2667 2766 2871 2838 absque
2902 2767 3044 2823 sedis
3073 2769 3386 2836 apostolica:
3407 2769 3556 2842 356
3577 2765 3781 2823 consulta-

2282 2859 2427 2914 tione
2465 2860 2760 2930 reciperet,
2806 2859 2983 2930 aliqua
3025 2860 3232 2932 synodo
3282 2861 3468 2916 saltem
3512 2859 3606 2915 illic
3639 2856 3783 2919 habits,

2283 2951 2386 3008 hoc
2403 2953 2656 3009 audacter
2681 2955 2929 3023 arripuit,
2959 2963 3016 3009 ut
3040 2954 3428 3011 Calendionem
3453 2964 3477 3002 ε
3496 2953 3558 3009 de
3575 2949 3784 3009 Antiochia

2282 3045 2598 3116 depelleret,
2621 3045 3036 3118 haereticumque
3059 3047 3317 3115 Petrum,
3333 3063 3486 3120 quem
3506 3047 3607 3118 ipse
3627 3045 3785 3102 (lamna-

2283 3148 2456 3207 verat,
2495 3139 2699 3209 absque
2735 3140 2924 3196 notitia
2954 3141 3098 3197 sedis
3127 3143 3442 3212 apostolicze
3466 3156 3628 3198 rursus
3650 3138 3787 3195 admit

595 3227 874 3284 tneunda?
902 3226 1155 3298 Nunquid
1187 3241 1306 3282 cum
1343 3226 1426 3280 his
1455 3227 1547 3297 qui
1577 3228 1688 3296 jam
1717 3227 2008 3296 participes
2035 3235 2184 3282 tene—
2207 3218 2253 3282 C
2288 3240 2444 3300 teret,
2479 3232 2652 3302 aliqua
2684 3233 2892 3303 synodo
2922 3233 2973 3288 id
3005 3233 3197 3290 fecisse
3226 3235 3587 3292 monstratur?
3624 3233 3670 3290 Si
3687 3238 3790 3287 certe

596 3319 789 3376 bantur
835 3319 1030 3376 Acacio
1085 3329 1138 3374 et
1185 3335 1281 3389 per
1337 3318 1612 3376 Orientem
1665 3329 1830 3375 totum
1906 3319 2183 3376 catholicis

595 3411 968 3468 sacerdotibus
1003 3411 1265 3467 violenter
1289 3412 1520 3467 exclusis
1559 3420 1612 3468 et
1638 3427 1732 3480 per
1759 3412 1944 3468 exsilia
1971 3412 2182 3468 diversa

596 3505 877 3575 relegatis,
930 3504 1061 3560 socii
1112 3504 1392 3560 evidenter
1440 3505 1744 3560 existebant
1791 3505 2184 3561 communionis

593 3605 855 3660 externae,
900 3595 1047 3666 prius
1090 3611 1151 3652 se
1195 3595 1262 3651 ad
1307 3596 1424 3651 haec
1463 3598 1730 3652 consortia
1777 3598 2183 3666 transferentes,

597 3706 758 3762 quam
789 3689 936 3746 sedis
967 3689 1274 3761 apostolica:
1304 3691 1437 3746 scita
1470 3691 1851 3746 consulerent?
1894 3692 2024 3747 Cum
2063 3691 2192 3763 qui-'

597 3781 701 3839 bus
730 3795 858 3852 ergo
886 3790 1003 3836 erat
1030 3781 1268 3852 synodus
1294 3781 1568 3836 ineunda?
1609 3781 1872 3837 Catholici
1905 3783 2185 3852 pontiﬁces

599 3871 811 3929 fuerant
854 3873 1089 3944 undique
1137 3875 1245 3942 jam
1293 3873 1536 3944 depulsi,
1582 3876 1788 3945 solique
1819 3885 2192 3932 remanserant

600 3963 734 4020 socii
766 3963 1119 4033 perfidorum,
1143 3978 1263 4018 cum
1291 3965 1486 4035 quibus
1509 3965 1619 4035 jam
1648 3981 1749 4022 nec
1778 3967 1971 4022 licebat
1993 3966 2190 4025 habere

601 4053 955 4119 conventum',
996 4051 1023 4090 ἀ
1047 4054 1264 4110 dicente
1295 4056 1539 4124 psalmo:
1575 4056 1698 4112 Non
1727 4059 1836 4112 sedi
1878 4060 1931 4112 in
1975 4061 2189 4116 concilio

604 4147 871 4214 sanitatis,
917 4158 963 4201 et
1005 4163 1121 4201 cum
1163 4147 1348 4218 iniqua
1375 4151 1663 4222 gerentibus
1692 4153 2041 4225 nonintroibo
2071 4155 2188 4228 (Ps.

613 4254 734 4306 sxv,
762 4239 838 4310 4).
868 4237 976 4295 Nec
1004 4239 1355 4296 ecclesiaStici
1388 4242 1553 4296 moris
1581 4252 1665 4298 est
1691 4257 1810 4298 cum
1843 4247 1930 4302 his
1959 4247 2049 4317 qtti
2076 4247 2193 4318 pol-

679 4410 704 4438 °
738 4401 1059 4485 Adverbium
1082 4402 1257 4472 utique
1280 4415 1350 4458 ex
1370 4404 1570 4460 nostris
1586 4404 1744 4474 codd.
1779 4414 1834 4462 et
1853 4408 2001 4480 vulg.
2025 4409 2190 4467 Cone.

610 4486 1000 4528 revoeavrmus.

681 4541 895 4618 b_Vind.
924 4554 972 4598 et
1001 4543 1154 4618 _Vat.,
1179 4548 1374 4601 cunctis
1405 4564 1520 4602 cum
1549 4547 1745 4616 eodem,
1768 4558 1824 4604 et
1852 4561 2034 4618 postea
2067 4553 2186 4609 alle-

649 4615 731 4695 ari.
756 4615 870 4695 sine
903 4614 1067 4695 verbo
1109 4618 1503 4695 possent.__llacc
1539 4614 1794 4675 mendosa
1845 4614 1900 4677 et
1940 4622 2194 4695 deﬁciens

632 4686 770 4762 ectio
799 4686 1252 4762 utcorrigeretur,
1285 4689 1373 4742 alii
1400 4691 1736 4762 scripserunt
1762 4702 1819 4746 ut
1855 4695 1906 4746 in
1941 4693 2062 4748 Vat.
2096 4696 2190 4762 ls.,

610 4757 896 4831 conjunctis
924 4765 969 4808 et
1005 4754 1374 4831 allegarentur.
1424 4754 1575 4829 Apud
1606 4761 1837 4829 θυαε-,ω’
1869 4754 2190 4831 cannarum;

2288 3321 2355 3377 de
2400 3321 2661 3394 dignitate
2706 3326 2882 3394 agitur
2920 3322 2948 3361 ιι
2979 3327 3293 3394 civitatum,
3341 3327 3576 3385 secundae
3614 3324 3727 3381 sedis
3755 3330 3789 3375 et

2289 3418 2462 3472 tertizc
2494 3417 2665 3487 major
2692 3425 2777 3472 est
2808 3418 3038 3487 dignitas
3069 3421 3441 3486 sacerdotum,
3470 3434 3612 3491 quam
3635 3417 3726 3487 ejus
3741 3415 3792 3468 ci-

2290 3511 2491 3577 vitatis,
2522 3527 2640 3581 qua:
2676 3526 2783 3566 non
2815 3511 2989 3566 solum
3022 3513 3161 3569 inter
3186 3514 3352 3571 sedes
3387 3515 3590 3570 minime
3613 3520 3792 3566 numen-

2291 3613 2400 3669 tur,
2445 3604 2538 3660 sed
2583 3618 2683 3660 nec
2721 3606 2857 3660 intra
2889 3606 3431 3676 metropolitanorum
3457 3607 3568 3678 jura
3593 3608 3794 3660 censetur.

2293 3695 2428 3752 Nam
2464 3696 2605 3767 quod
2641 3695 2901 3763 dicitis,i
2928 3699 3082 3770 regite
3108 3699 3360 3766 civitatis,
3399 3699 3500 3753 alia
3529 3696 3797 3768 potestasest

2292 3787 2444 3858 regni
2495 3787 2804 3853 saecularis,
2870 3788 2974 3844 alia
3026 3789 3517 3847 ecclesiasticarum
3563 3780 3796 3843 distributio

2295 3881 2633 3952 dignitatum.
2683 3881 2836 3937 Sicut
2863 3882 3008 3937 enim
3037 3884 3293 3953 quamvis
3324 3899 3484 3955 parva
3509 3880 3672 3937 civitas
3703 3888 3799 3946 prte-

2295 3973 2590 4044 rogativam
2622 3975 2898 4044 praesentis
2929 3975 3080 4046 regni
3109 3990 3216 4031 non
3249 3977 3465 4044 minuit,
3489 3975 3561 4032 sic
3582 3965 3801 4043 imperiali:

2297 4068 2580 4137 praesentia
2632 4080 2939 4122 mensuram
2993 4067 3417 4138 dispensationis
3462 4068 3694 4138 religiose
3728 4072 3802 4115 non

2299 4167 2492 4215 mutat.
2543 4160 2625 4216 Sit
2661 4161 2806 4216 clara
2836 4161 2964 4218 urbs
2996 4162 3086 4216 illa
3123 4173 3397 4233 potestate
3438 4156 3712 4235 prmsentisi
3736 4154 3802 4208 im-

2300 4253 2588 4325 peratoris,
2623 4253 2810 4324 religio
2837 4253 2939 4312 sub
2964 4253 3156 4312 eodem
3185 4264 3317 4312 tunc
3342 4255 3510 4324 firma,
3538 4264 3647 4309 tunc
3667 4249 3802 4306 libera,

2301 4411 2424 4467 Non
2446 4414 2554 4468 sedi
2678 4430 2780 4468 non
2809 4415 3025 4489 introibo
3051 4431 3070 4471 :
3101 4413 3238 4471 odivi
3269 4417 3680 4489 congregationem

2335 4500 2536 4548 norum,
2585 4493 2634 4539 et
2672 4501 2784 4539 cum
2817 4486 2989 4554 impiis
3016 4503 3118 4540 non
3142 4489 3350 4546 sedebo.
3368 4485 3537 4543 'Recte
3567 4487 3716 4556 igitur,
3731 4485 3804 4555 elc-

2297 4503 2417 4610 Κίον(
2448 4556 2737 4610 concilium.
2766 4566 2823 4610 et
2850 4556 2971 4610 dein
3002 4559 3207 4610 reuulsa
3232 4569 3309 4610 est
3354 4575 3457 4610 non
3501 4570 3598 4610 tam
3621 4567 3718 4610 cum
3743 4547 3804 4600 its-

2326 4555 2417 4629 lox
2448 4556 2737 4629 concilium,
2766 4566 2823 4629 et_
2850 4556 2971 4611 dein
3002 4559 3207 4629 repulsa
3232 4569 3309 4613 est
3354 4575 3457 4614 non
3501 4555 3598 4612 tam
3621 4567 3718 4629 cu_t_n
3743 4555 3806 4600 ιιι·

2299 4626 2422 4681 dem
2439 4627 2602 4701 ‘vnlg.
2635 4621 2973 4701 scripsimus,
2996 4621 3154 4699 quam
3175 4645 3298 4685 eum
3332 4631 3532 4701 optimo
3554 4643 3643 4682 ms.
3663 4621 3806 4677 Veron.

2301 4696 2454 4766 Apud
2488 4697 2714 4764 Quesn.,
2741 4696 3048 4766 consilium}
3078 4711 3131 4754 et
3151 4701 3298 4768 dein,
3330 4696 3544 4767 depulsa
3561 4707 3641 4752 est.
3798 4757 3806 4767 D

2373 4778 2396 4804 θ
2427 4768 2629 4836 Quesn.
2665 4770 2750 4824 hic
2792 4769 2979 4824 inserit
3023 4771 3223 4836 relata;
3268 4773 3453 4828 delent
3492 4781 3660 4827 omnes
3687 4769 3807 4818 nosm

614 4836 660 4913 et
683 4825 1282 4913 alleg_arentur..Veram.
1300 4825 1664 4913 integramque
1698 4825 2190 4913 lectionetn,_quam
2225 4835 2274 4895 D
2301 4825 2472 4913 codd:
2486 4855 2619 4894 mss.
2641 4840 2924 4913 etexcusi.
2958 4843 3035 4896 Ex
3061 4825 3583 4913 vulgIConefpaulo
3602 4845 3699 4908 post
3721 4846 3810 4913 sup-

601 4908 894 5023 4c_omextus
920 4897 1104 4968 exigit,
1158 4897 1499 4967 praebuerunt
1545 4897 1758 4960 codices
1809 4906 1950 4976 vulg.
1990 4897 2189 4963 Conci-

637 4985 828 5023 torum.

637 4985 828 5024 torum.

688 5050 710 5078 ο
743 5039 900 5164 Vulg.
933 5037 1122 5108 Conc.,
1168 5040 1304 5110 quod
1333 5043 1582 5098 hareticis
1611 5047 2014 5102 constantissime
2043 5052 2192 5104 resti-

688 5111 790 5164 ςειῖ
818 5111 846 5164 ll
871 5126 939 5164 οι
955 5111 1182 5164 Ouesn..
1204 5122 1465 5164 tantonere
1493 5130 1586 5164 nm
1614 5125 2009 5164 tantntemnnre,
2035 5136 2192 5164 mmm

611 5114 748 5166 tissct
767 5111 803 5191 ?_
818 5111 939 5191 Mox
955 5111 1465 5191 Quesn.,_3antopere
1482 5130 1586 5191 _pro
1614 5125 1754 5191 tanta
1771 5126 2014 5191 tempore,
2035 5136 2194 5191 quam

612 5182 1042 5259 emendationem
1073 5198 1136 5238 ex
1169 5181 1368 5259 veron'.
1397 5181 1518 5240 cod.
1565 5197 1621 5242 et
1655 5190 1809 5259 _vulg.
1839 5181 2011 5246 Cone.
2038 5181 2195 5248 rece-

614 5253 827 5334 pimus.
857 5253 1111 5310 Similiter
1153 5254 1367 5334 quidem
1398 5271 1516 5326 cap.
1545 5259 1606 5334 _8:
1637 5257 1742 5315 Cur
1758 5253 1927 5313 'tanto
1973 5272 2197 5334 tempore

611 5341 726 5401 cunt
767 5326 863 5378 ista
898 5335 1215 5401 gererentur,
1259 5327 1342 5401 uel
1374 5330 1596 5399 gerenda
1624 5342 1971 5401 cognosceret,
2003 5326 2102 5386 non
2130 5337 2199 5388 ad

611 5397 785 5476 sedem,
812 5397 1145 5476 apqstalicam
1257 5397 1448 5476 referre
1477 5397 1702 5476 curavit.
1722 5401 1851 5457 Dein
1877 5418 1980 5476 pro
2003 5421 2197 5476 pra'pe-

613 5467 713 5518 diri
729 5465 864 5546 _Vat.
885 5465 967 5546 _ls.
995 5467 1154 5546 habet
1177 5465 1675 5546 prphibere._Postea
1699 5478 1840 5542 vulg.
1866 5465 2055 5540 Comi,
2081 5465 2194 5546 qua:

613 5552 707 5604 pro
721 5537 970 5593 haereticis
997 5537 1318 5593 desiderabat
1348 5541 1574 5603 impleri.

687 5605 711 5682 fl
742 5607 1028 5682 sequentia
1056 5625 1176 5664 cum
1207 5612 1431 5666 auctiori
1482 5612 1770 5682 psalmistm
1811 5615 2115 5671 testimonio
2139 5618 2190 5673 in

614 5677 948 5757 vulg.‘_Cone.
983 5677 1535 5757 transferuntur_post
1566 5684 1842 5757 periodum
1875 5699 2190 5757 sequentem

613 5750 696 5823 sic
721 5769 732 5800 :
760 5750 892 5823 Quia
932 5753 1085 5805 moris
1127 5750 1454 5823 ecclesiastici
1493 5750 1699 5809 ornnino
1743 5773 1846 5810 non
1883 5750 2039 5823 esset,
2078 5775 2195 5816 cum

613 5813 697 5875 his
728 5813 796 5875 ..ζ
823 5821 1029 5878 miscere
1067 5826 1360 5881 concilium.
1383 5813 1390 5826 ‘
1415 5825 1679 5902 PrOpheta
1718 5844 1917 5901 quoque
1951 5813 2197 5902 dicente

2299 4910 2578 4980 plevimus
2607 4910 2830 4965 adducta
2870 4922 2965 4978 est,
3001 4930 3115 4980 qua:
3149 4903 3314 4969 verba
3365 4903 3449 4968 ad.
3470 4903 3665 4968 sensum

2298 4973 2544 5056 ciendum
2570 4985 2881 5056 Anecess:tria
2911 4973 3084 5056 erant.
3128 4985 3266 5054 Mos,
3301 5001 3398 5056 pro
3426 4986 3470 5038 si
3498 4973 3807 5045 vellent,’vul5-

2298 5049 2466 5108 Conc.
2496 5054 2695 5108 habent
2727 5056 2767 5106 si
2798 5054 3093 5108 voluissent.

2378 5121 2397 5161 ί
2431 5123 2603 5178 Codd.
2652 5123 2850 5180 Veron.
2900 5135 2956 5179 et
2999 5125 3121 5181 Vat.
3171 5127 3238 5182 is.
3283 5141 3407 5182 cum
3449 5123 3592 5180 Meri.
3628 5127 3675 5176 et
3704 5112 3809 5193 vulg-

2299 5193 2493 5266 Conc.,
2544 5196 2736 5250 discere
2759 5196 3025 5265 qualitate.
3071 5197 3205 5253 Dein
3244 5199 3471 5265 Qucsn.,
3520 5197 3656 5266 lutjtu
3678 5191 3813 5266 Nm:

2303 5257 2682 5389 Sgbstituimus
2733 5257 2876 5321 illius
2921 5283 3044 5323 cum
3096 5257 3347 5325 omnibus
3391 5257 3745 5324 nostris'codd.
3775 5258 3813 5305 οι

2306 5351 2334 5389 e
2380 5349 2489 5389 ms.

2306 5349 2489 5391 CUIUS.

2375 5419 2400 5455 κ
2430 5410 2655 5475 Quesn.,
2700 5409 3094 5479 refragantibus
3141 5411 3390 5468 omnibus
3428 5406 3612 5465 nostris
3645 5413 3749 5458 mss.
3775 5400 3814 5448 el

2303 5477 2484 5553 editis,
2511 5481 2574 5532 de
2603 5479 2837 5553 Ecclesia
2850 5477 3154 5553 “depelleret.

2371 5548 2400 5587 ιι
2434 5551 2543 5604 Vox
2571 5552 2832 5606 civitatum
2862 5548 3158 5620 Quesnello
3185 5553 3405 5609 excidit.

2379 5620 2392 5696 ξ
2433 5620 2588 5696 _Vulg.
2611 5623 2788 5696 pone.
2822 5624 3002 5696 delent
3032 5626 3184 5696 regite
3211 5622 3621 5696 civitatis,_male.

2375 5691 2390 5743 i
2433 5679 2572 5746 Εἀὶἶὶ
2599 5693 2766 5752 Cone.
2812 5705 2868 5752 et
2904 5694 3055 5754 Merl.
3089 5679 3235 5754 "cum
3272 5710 3406 5753 mss.
3432 5679 3617 5758 Veron.
3656 5693 3700 5746 et
3723 5679 3814 5737 Vah

2298 5761 2400 5827 ιε..
2422 5763 2646 5836 imperii.
