3996 6344
203 398 304 456 M9

682 393 909 451 CODEX
947 390 1272 451 CANONUM
1314 390 1693 452 ECCLES.ET
1718 395 2297 463 CONSTITUTOBUM
2337 396 2395 453 S.
2437 396 2632 455 SEDlS
2668 397 3001 459 APOSTOL.

3349 408 3455 468 650

199 521 325 565 tunc
356 516 612 578 provecta
638 508 887 563 consistit
911 547 926 573 ,
957 506 1002 561 si
1033 505 1212 577 potius
1240 506 1341 560 hoc
1366 516 1630 577 praesente
1656 523 1781 579 pro-
1798 519 1849 577 Α
1877 511 2104 567 miscere
2124 527 2242 568 cum
2265 512 2505 583 perfidis,
2530 514 2823 569 secundum
2850 514 3133 587 synodum,
3163 527 3180 555 ι
3210 532 3313 589 qua
3336 518 3453 579 hac

199 612 367 684 priam
397 619 577 667 teneat
603 612 720 667 sine
747 618 848 665 una
877 622 1276 683 perturbatione
1303 620 1605 663 mensuram
1630 616 1678 662 ⁸.

261 703 394 761 Car.
430 703 541 759 νει.
573 734 643 745 -
688 702 796 757 Sed
826 702 1035 757 dicatur
1064 699 1287 755 forsitan
1318 699 1384 754 de
1411 697 1774 755 Alexandrino

196 806 251 851 et
274 795 635 861 Antiocheuo,
665 795 829 850 certis
852 808 919 849 ex
945 792 1120 848 causis
1150 791 1441 862 principem
1472 789 1642 862 magis
1682 789 1773 845 illa

193 903 316 957 qua:
362 895 511 959 gesta
558 895 717 957 sunt,
761 884 790 925 δ
828 903 930 942 non
978 886 1228 942 Acacium
1273 885 1615 956 praecepisse.
1665 883 1775 941 Sed

193 979 423 1051 principi
462 979 757 1036 christiano
794 978 1046 1034 decuerat
1083 992 1371 1049 suggerere
1406 977 1773 1043 sacerdotem,

191 1072 428 1127 maxime
454 1071 609 1141 cujus
638 1069 999 1126 familiaritate
1043 1079 1097 1125 et
1135 1069 1319 1124 favore
1347 1067 1642 1132 fruebatur,
1671 1068 1778 1122 sal-

193 1176 310 1215 vam
344 1160 463 1217 fore
501 1164 569 1217 de
610 1160 727 1231 ejus
768 1159 964 1230 injuria
1003 1158 1433 1230 contumeliaque
1463 1156 1774 1223 vindictam,

191 1260 399 1308 tantum
430 1258 491 1307 ut
519 1251 770 1307 Ecclesia:
803 1252 1003 1306 sineret
1034 1250 1359 1306 christianus
1398 1248 1647 1319 princeps
1686 1263 1774 1304 re-

189 1342 343 1411 gulas
372 1341 671 1399 custodiri:
711 1341 834 1412 quia
874 1348 931 1396 et
972 1355 1110 1396 nova
1154 1340 1207 1397 in
1251 1349 1480 1412 utroque
1524 1338 1777 1411 pontifice

189 1451 353 1492 causa
383 1444 529 1493 esset
556 1444 773 1502 exorta,
815 1444 870 1491 et
912 1449 1111 1491 novam
1154 1434 1542 1492 discussiouem
1581 1447 1775 1490 conse-

190 1535 425 1595 quenter
457 1526 774 1596 inquireret.
827 1525 896 1581 Et
924 1524 999 1590 si.
1044 1526 1185 1581 sicut
1225 1540 1440 1597 semper
1475 1535 1617 1582 esset
1644 1526 1776 1582 εσθ-

190 1628 340 1674 ctum
370 1630 420 1685 ε,
453 1620 771 1676 sacerdmali
800 1618 1031 1675 concilio
1069 1619 1137 1675 de
1172 1618 1542 1675 sacerdotibus
1574 1618 1776 1689 judicia

191 1712 563 1782 provenirent,
590 1726 695 1767 non
721 1727 751 1767 a
776 1713 1020 1767 sazculari
1048 1712 1358 1769 viderentur
1381 1714 1779 1784 qualescunque

190 1801 514 1873 pontifices,
560 1810 615 1857 et
654 1802 701 1859 si
743 1817 930 1858 errore
962 1802 1271 1859 humanitus
1300 1803 1624 1870 accedente,
1671 1819 1777 1860 non

1877 611 1959 657 est
1995 602 2242 658 damnata
2276 604 2523 674 perfidia,
2566 622 2673 661 non
2713 608 2995 677 oportebat
3023 610 3273 667 excludi?
3310 611 3455 680 Quid

1878 708 1975 764 per
2008 700 2176 748 totum
2210 695 2481 751 Orientem
2509 696 2576 751 de
2605 697 2898 753 innumeris
2941 700 3162 756 urbibus
3192 703 3327 773 pulsi
3355 720 3451 760 ca-

1878 787 2061 843 tholici
2083 788 2412 856 sacerdotes,
2436 795 2489 845 et
2510 790 2751 847 haeretici
2790 792 3093 865 subrogati?
3116 793 3276 852 Nova:
3302 808 3453 856 certe

1882 876 1897 928 i
1937 886 2090 934 erant
2119 893 2315 945 causa,
2338 890 2392 933 ct
2413 879 2497 935 his
2517 891 2906 953 consequenter
2935 900 3073 939 nova
3104 887 3341 957 synodus
3360 890 3458 946 de-

1879 968 2125 1026 bebatur.
2153 970 2262 1025 Cur
2288 977 2413 1051 tunc
2442 987 2547 1027 non
2574 976 2718 1028 venit
2742 974 2796 1030 in
2821 983 3076 1045 mentem,
3101 989 3158 1033 ut
3178 978 3230 1033 in
3255 979 3455 1038 talibus

1878 1065 2053 1121 causis
2066 1074 2336 1135 peteretur
2352 1080 2382 1120 a
2398 1066 2640 1137 principe
2659 1068 2848 1124 saltem
2869 1070 3272 1145 qualiscumque
3291 1090 3455 1148 syno-

1876 1158 1979 1214 dus
2018 1156 2357 1229 celebranda,
2402 1168 2460 1215 ut
2495 1174 2813 1232 quocunque
2851 1164 2936 1220 vel
2973 1164 3213 1223 colorato
3249 1169 3455 1239 judicio

1880 1249 2180 1306 traditionis
2209 1250 2592 1309 ecclesiasticae
2619 1254 2816 1324 passim
2842 1257 3120 1327 pontifices
3141 1262 3455 1319 viderentur

1879 1338 2149 1423 Fexclusi,
2174 1359 2281 1398 non
2302 1344 2474 1400 solum
2505 1360 2941 1419 quarumcuuque
2966 1351 3176 1407 urbium
3202 1355 3454 1411 sacerdo-

1879 1443 1994 1503 tes,
2026 1436 2118 1493 sed
2161 1439 2558 1510 metropolitani
2606 1442 2975 1500 incunctanter
3010 1447 3313 1505 antistites?
3362 1452 3456 1507 llis

1880 1531 2127 1588 omnibus
2152 1548 2273 1589 cum
2312 1548 2419 1589 non
2471 1535 2665 1591 restitit
2706 1539 3069 1609 suggestione,
3111 1557 3213 1612 qua
3244 1544 3455 1612 potuit,

1879 1626 2152 1680 consensit
2182 1627 2407 1681 Aeacius
2428 1628 2872 1684 communicando
2890 1633 3119 1697 cunctis,
3151 1635 3238 1702 qui
3270 1634 3323 1689 in
3362 1650 3457 1691 ca-

1880 1715 2201 1773 tholicorum
2240 1717 2415 1773 locum
2456 1717 2690 1775 heretici
2733 1720 2946 1777 fuerant
2987 1723 3282 1796 subrogati.
3319 1732 3460 1797 Apo-

1880 1807 2050 1863 stolus
2078 1818 2255 1863 autem
2286 1807 2451 1864 dicit:
2473 1808 2597 1864 Non
2625 1812 2793 1865 solum
2818 1813 2905 1883 qui
2938 1814 3155 1883 (edunt,
3187 1817 3278 1870 sed
3296 1826 3342 1871 et
3372 1819 3463 1890 qui

190 1904 374 1950 tamen
404 1904 589 1949 contra
630 1893 942 1964 religionem
989 1895 1257 1950 ullatenus
1296 1896 1639 1962 excedentes,
1683 1911 1779 1965 po-
1806 1900 1854 1961 B
1881 1902 2200 1955 consentiunt
2233 1902 2572 1972 facientibus(
2597 1903 2746 1958 Rom.
2773 1920 2812 1970 ι,
2835 1903 2975 1976 32),
3003 1921 3128 1962 reos
3156 1908 3462 1965 indubitan-

189 1995 391 2043 testate
421 1986 664 2057 percelli.
708 1983 735 2024 δ
772 1988 852 2042 Au
888 1996 942 2042 et
982 1986 1095 2042 haec
1128 1987 1273 2057 justa
1310 1988 1521 2042 ratione
1551 1986 1778 2058 principi

188 2080 527 2151 suggerenda
560 2093 667 2135 non
696 2079 893 2134 erant?
925 2078 1104 2148 Regia:
1128 2078 1361 2134 civitatis
1390 2080 1594 2135 honore
1615 2079 1782 2135 subli-

188 2174 291 2227 mis
330 2171 380 2228 si
411 2171 587 2226 factus
611 2179 728 2227 erat
755 2171 841 2227 illa
873 2171 1019 2241 regia
1048 2171 1263 2226 civitate
1292 2170 1594 2237 sublimior,
1630 2179 1781 2226 tanto

191 2264 371 2333 magis
396 2262 451 2318 in
484 2261 567 2317 bis
595 2262 944 2333 suggerendis
971 2262 1157 2318 debuit
1186 2277 1304 2317 esse
1326 2262 1680 2318 constantior.
1723 2262 1780 2319 Si

188 2363 374 2411 autem
404 2354 462 2411 in
492 2354 594 2421 his,
626 2369 746 2425 quas
781 2370 879 2425 pro
915 2355 1175 2427 religione
1205 2355 1415 2410 fuerant
1439 2365 1464 2394 ο
1488 2357 1779 2429 exerenda,

189 2450 403 2508 exstitit
446 2450 605 2523 357
631 2449 1052 2519 contemptibilis
1079 2458 1240 2520 atque
1266 2448 1575 2519 despectus,
1603 2459 1659 2505 et
1684 2460 1777 2505 aut

188 2544 400 2616 segnis,
434 2550 528 2599 aut
554 2542 801 2599 fiduciam
846 2558 951 2598 non
993 2542 1195 2599 habens
1241 2540 1550 2610 intimandi,
1592 2542 1645 2597 iu
1674 2557 1782 2613 quo

191 2652 285 2708 per
326 2636 539 2707 regiam
582 2635 854 2691 civitatem
898 2633 1069 2704 major
1092 2632 1316 2690 effectus
1340 2635 1467 2689 est?
1513 2632 1533 2672 ί
1572 2633 1779 2690 Nathan

188 2728 461 2801 propheta
490 2729 665 2800 palam
695 2729 1011 2800 publiceque
1055 2727 1109 2783 in
1150 2728 1287 2784 facie
1326 2728 1438 2800 regi
1484 2725 1685 2798 David,
1727 2738 1785 2786 et

190 2825 547 2882 eummissum
587 2824 951 2895 pronuntiavit
979 2838 1240 2890 errorem,
1271 2833 1326 2879 et
1355 2825 1528 2894 ipsum
1558 2823 1783 2879 commi-

191 2917 329 2975 sisse
376 2933 486 2973 non
526 2916 714 2985 tacuit,
764 2925 818 2972 et
861 2916 1202 2971 confessione
1246 2927 1547 2970 correctum
1592 2929 1783 2972 conse-

190 3019 428 3081 quenter
455 3008 706 3065 absolvit.
757 3008 859 3064 Hic
897 3017 1075 3064 autem
1106 3006 1187 3063 vir
1214 3008 1385 3063 bonus
1431 3018 1487 3064 et
1527 3008 1781 3065 sacerdos

193 3104 465 3177 egregius,
498 3102 553 3157 in
581 3110 785 3158 tantum
816 3117 877 3158 se
913 3112 968 3158 et
1004 3116 1292 3174 suggerere
1316 3111 1341 3150 8
1365 3102 1603 3173 potuisse
1632 3117 1782 3158 mon-

196 3205 410 3268 stravit,
434 3208 491 3256 et
517 3198 753 3255 noluisse
779 3198 1133 3269 deprompsit,
1166 3200 1329 3252 immo
1360 3198 1552 3252 favisse
1582 3197 1784 3268 patefe-

1885 2001 1967 2050 ter
1994 1995 2207 2050 ascribi.
2239 1995 2323 2050 Au
2351 1994 2464 2052 haec
2486 1995 2633 2052 licuit
2662 1998 2909 2053 saeculari
2939 2000 3211 2070 potestati,
3242 2010 3298 2057 et
3326 2004 3463 2061 actis

1884 2086 2075 2141 talibus
2098 2088 2293 2142 Acacio
2317 2089 2670 2145 consentienti
2692 2089 2893 2159 absque
2912 2091 3019 2147 ulla
3044 2093 3274 2163 synodo,
3298 2112 3459 2166 quam

1883 2179 1994 2250 ipsa
2021 2195 2200 2235 rerum
2223 2180 2433 2237 novitas
2460 2182 2727 2253 exigebat,
2754 2184 2957 2255 absque
2984 2186 3128 2243 sedis
3149 2190 3463 2258 apostolicae

1883 2272 2047 2345 358
2067 2273 2459 2331 consultatione
2485 2274 2774 2345 perlicere;
2802 2286 2858 2332 et
2880 2276 2994 2333 sedi
3015 2280 3323 2349 apostolicae
3351 2298 3459 2339 non

1884 2364 2031 2421 licuit
2064 2366 2356 2421 secundum
2397 2376 2636 2421 tenorem
2676 2367 2866 2439 synodi
2910 2367 3362 2428 Chalcedonensis
3404 2374 3459 2430 in

1883 2456 2053 2511 veteri
2085 2458 2267 2525 utique
2305 2471 2465 2511 causa
2508 2467 2561 2512 ct
2590 2459 2757 2513 veteri
2786 2460 3079 2515 constituto
3107 2458 3126 2499 ι
3154 2460 3300 2530 justa
3330 2463 3462 2519 defl-

1884 2548 2088 2604 nitione
2108 2548 2372 2605 damnatis
2393 2548 2621 2604 inimicis
2643 2550 2834 2620 synodi
2855 2550 3307 2609 Chalcedonensis
3328 2554 3463 2610 Aca-

1884 2642 2024 2697 cium
2052 2644 2537 2698 communicautem
2569 2658 2597 2696 a
2630 2658 2725 2698 sua
2749 2645 3128 2702 communione
3155 2646 3464 2718 depellere?

1886 2735 1989 2790 Sed
2021 2735 2262 2800 Aeacius,
2295 2736 2563 2805 inquiunt,
2587 2744 2627 2772 ω
2652 2734 2985 2806 principibus
2998 2736 3215 2795 obviare
3237 2754 3342 2795 non
3372 2756 3465 2811 po-

1886 2828 2004 2883 tuit.
2043 2829 2151 2883 Cur
2179 2827 2467 2894 Basilisco,
2506 2828 2629 2898 quia
2674 2829 2863 2896 voluit,
2907 2830 3181 2886 obviavit?
3222 2847 3318 2887 cur
3364 2833 3465 2903 ipsi

1868 2918 2108 2983 Zenoni,
2140 2934 2207 2975 ne
2231 2918 2404 2989 palam
2437 2918 2598 2974 Petro
2629 2919 2988 2984 Antiocheno,
3019 2923 3265 2992 quamvis
3291 2924 3466 2981 laten-

1885 3021 1969 3069 ter
1996 3012 2097 3068 hoc
2126 3012 2333 3079 fecerit,
2375 3012 2777 3068 communicare
2822 3014 3131 3080 videretur,
3166 3031 3273 3072 non
3310 3032 3465 3074 com-

1886 3104 2123 3160 modavit
2162 3104 2478 3160 assensum?
2505 3103 2645 3159 Ecce
2678 3106 2961 3160 resultanti
2993 3120 3099 3162 non
3140 3110 3339 3164 restitit
3368 3111 3465 3165 im-

1887 3207 2130 3268 perator;
2162 3212 2290 3253 ecce
2311 3196 2415 3250 vim
2441 3195 2643 3251 nolenti
2667 3212 2771 3253 non
2799 3197 3002 3265 intulit;
3035 3214 3160 3256 ecce
3185 3200 3469 3274 refugienti

198 3296 289 3360 cit,
307 3302 372 3349 ut
392 3303 447 3348 et
473 3293 765 3361 imperator
782 3300 976 3346 cuncta
999 3305 1057 3345 se
1078 3306 1143 3346 ex
1171 3292 1289 3360 ejus
1306 3292 1537 3360 gessisse
1557 3291 1782 3348 consilio
1810 3282 1857 3348 C
1887 3290 2131 3359 contagia
2172 3289 2453 3344 manifesta
2488 3290 2780 3356 concessit;
2828 3301 3131 3361 postremo,
3175 3308 3273 3348 cur
3320 3304 3471 3351 tanto

201 3404 308 3444 non
338 3397 574 3455 taceret,
607 3398 660 3442 et
690 3387 803 3457 ipse
832 3386 1214 3456 imperatorem
1253 3384 1460 3455 magnis
1498 3387 1783 3455 prmconiis
1887 3394 2262 3453 temporecum
2287 3383 2386 3435 ista
2403 3385 2719 3452 gererentur
2740 3383 2823 3437 vel
2838 3383 3071 3452 gerenda
3094 3396 3467 3456 cognosceret,

207 3481 440 3537 elevaret
461 3480 561 3535 ista
589 3478 897 3545 facientem,
920 3492 1148 3548 seseque
1174 3478 1425 3548 proderet
1452 3478 1537 3534 bis
1564 3478 1785 3549 agendis
1886 3491 1995 3532 non
2024 3476 2089 3529 ad
2121 3476 2302 3530 sedem
2331 3476 2705 3544 apostolicam,
2728 3490 2757 3528 a
2780 3490 2882 3547 qua
2910 3477 3012 3534 sibi
3042 3491 3223 3532 curam
3256 3479 3469 3537 illarum

203 3573 367 3628 rebus
392 3571 558 3648 fuisse
584 3571 920 3642 participem.

1887 3568 2162 3637 regionum
2194 3574 2417 3621 noverat
2454 3565 2773 3636 delegatam,
2816 3568 3021 3623 referre
3040 3576 3069 3605 ³
3092 3570 3335 3625 curavit?
3365 3571 3472 3628 Sed

266 3663 762 3723 Car.Vlll.—Sed
784 3674 903 3719 esto
923 3662 1212 3718 Calendion
1240 3678 1433 3718 nomen
1452 3662 1788 3732 imperatoris
1892 3667 2040 3737 prius
2081 3664 2325 3719 laudator
2362 3666 2530 3718 factus
2574 3673 2655 3717 est
2703 3663 2817 3733 ipse
2859 3673 3152 3734 gestorum,
3196 3680 3354 3735 quam
3388 3666 3474 3737 vel

198 3758 507 3825 abstulerit,
532 3757 767 3811 Joannes
795 3755 1019 3827 principi
1042 3758 1294 3810 mentitus
1324 3755 1489 3810 fuisse
1509 3754 1745 3824 jactetur
1770 3773 1785 3812 :

1892 3765 2251 3828 prtemoneret
2276 3756 2398 3810 talia
2428 3769 2549 3810 esse
2575 3754 2863 3820 tentanda,
2909 3755 2991 3809 vel
3034 3772 3101 3811 ue
3142 3765 3476 3813 tentarentur

198 3867 316 3923 quae
350 3862 556 3915 tamen,
597 3864 718 3905 cum
749 3863 905 3904 nova:
931 3857 1113 3904 essent
1140 3863 1333 3909 causte.
1386 3864 1520 3903 nova
1538 3846 1577 3885 ἰι
1605 3849 1790 3905 debuit
1891 3850 2205 3912 obsisteret,
2236 3848 2377 3903 sicut
2402 3848 2502 3901 sub
2536 3847 2791 3901 Basilisco
2818 3846 2928 3917 jam
2966 3848 3181 3902 fecerat.
3221 3846 3331 3903 Cur
3371 3850 3476 3903 illis

198 3946 574 4003 ecclesiastica
597 3945 883 4016 provenire
902 3944 1203 3999 discussio?
1223 3942 1303 3998 An
1326 3943 1417 4013 qui
1443 3944 1495 3997 in
1517 3943 1785 3999 hominem

1891 3945 2103 3999 cmteris
2124 3942 2523 3998 communicare
2547 3950 2571 3977 ο
2593 3940 2886 4009 consensit,
2913 3940 3003 4011 qui
3024 3941 3260 4011 depulsis
3288 3942 3477 3998 catho-

197 4038 589 4107 imperatorem
612 4049 861 4107 peccasse
876 4034 1211 4100 dicebautur,
1230 4036 1374 4088 nulla
1396 4033 1789 4089 interveniente
1892 4037 2012 4093 licis
2049 4035 2438 4100 sacerdotibus,
2471 4033 2838 4089 indubitanter
2863 4034 3099 4089 haeretici
3126 4036 3349 4105 singulis
3387 4053 3479 4092 ur-

195 4135 412 4204 synodo
444 4131 607 4201 dejici
648 4130 1059 4186 debueruntzet
1091 4128 1144 4182 in
1184 4127 1386 4193 Deum,
1419 4128 1506 4196 qui
1542 4140 1786 4182 suuunus

198 4237 251 4282 et
273 4243 441 4283 verus
461 4236 547 4282 est
570 4226 881 4294 imperator,
906 4224 1161 4279 Acacium
1191 4222 1590 4289 delinquentem
1612 4222 1787 4277 since-

196 4330 428 4389 ramque
456 4317 890 4373 communionem
928 4314 1093 4370 divini
1124 4315 1445 4368 sacramenti
1480 4313 1784 4369 studentem

266 4477 295 4507 ι
334 4468 398 4522 In
429 4464 576 4534 vulg.
602 4462 764 4520 Cone.
816 4480 881 4519 ex
926 4464 1151 4519 auctiori
1181 4465 1431 4536 exemplo
1476 4464 1634 4533 hujus
1677 4465 1795 4536 epi-

413 4538 557 4607 quod
586 4538 920 4590 conservavit
947 4536 1195 4607 collectio
1224 4534 1505 4600 Avellaua,
1552 4539 1651 4591 hoc
1676 4534 1794 4607 loco

194 4605 665 4665 additur‘ditnidia
690 4607 798 4661 fere
826 4608 1036 4676 pagina,
1080 4605 1133 4660 in
1162 4621 1261 4675 qua
1296 4607 1435 4659 inter
1460 4617 1651 4660 caetera
1683 4606 1792 4662 duo

196 4540 378 4604 stola,

1820 4573 1871 4633 Ι)

1893 4127 2051 4184 bibus
2078 4127 2287 4181 fuerant
2311 4124 2624 4181 substituti?
2653 4123 2955 4192 Postremo,
2985 4127 3028 4180 si
3053 4125 3141 4180 ille
3167 4126 3337 4182 defuit
3363 4130 3477 4185 suis

1894 4219 2173 4290 partibus,
2202 4227 2259 4275 et
2283 4233 2405 4289 qua:
2441 4217 2703 4273 sacerdmi
2730 4226 2758 4267 P
2797 4216 3061 4273 catholico
3106 4230 3479 4288 competerent

1894 4327 2055 4384 agere
2076 4327 2180 4367 non
2201 4312 2430 4376 curavit,
2453 4310 2574 4367 ideo
2595 4310 2753 4366 sedes
2780 4310 3078 4378 apostolica
3096 4313 3238 4380 quod
3266 4313 3335 4369 ad
3355 4330 3474 4371 eam

1982 4464 1998 4501 ί
2045 4464 2271 4532 Quem,
2303 4466 2357 4518 in
2378 4480 2497 4532 qua.
2533 4462 2664 4517 Dein
2700 4462 2855 4532 Vulg.
2888 4463 3078 4535 Cone,
3108 4480 3371 4535 oporleoat
3394 4489 3481 4529 ex.

1896 4535 2062 4607 pelli?
2094 4536 2229 4601 Quid
2250 4535 2312 4588 de
2330 4536 2609 4607 innumeris
2632 4548 2721 4607 per
2748 4542 2907 4587 totum
2935 4534 3193 4592 Orientem
3215 4541 3481 4599 catholicis

1896 4605 2242 4661 sacerdotibus
2267 4606 2476 4675 propria
2499 4606 2615 4658 sede
2644 4605 2895 4671 depulsis,
2933 4616 2982 4660 et
3009 4608 3353 4667 indubitanter
3375 4613 3482 4669 Ita:-

192 4684 541 4749 allegantor,
593 4692 710 4747 qua:
753 4674 1059 4731 in‘doabus
1108 4674 1395 4749 rarissimis
1438 4676 1687 4732 Marciani
1739 4688 1795 4734 et
1896 4679 2064 4749 relisis
2093 4674 2444 4749 intromissis?
2474 4674 2634 4729 Norae
2654 4687 2809 4749 certe,
2842 4688 2949 4732 etc.

194 4747 446 4807 Anatolii
467 4749 711 4813 epistolis
735 4751 898 4803 lltlet
913 4748 1156 4803 l32adS.
1173 4747 1407 4801 Leonem
1429 4750 1791 4803 inveniuntur.

1973 4748 1987 4798 i
2031 4747 2231 4814 Quesn.
2263 4747 2405 4799 addit
2436 4756 2619 4809 antea;
2652 4747 2899 4813 ignorant
2931 4750 3099 4804 noSlri
3128 4752 3287 4807 codd.
3313 4765 3366 4810 ct
3389 4773 3483 4813 ex-

272 4821 300 4860 δ
333 4822 545 4889 Quesri.
595 4834 714 4872 cum
764 4820 882 4873 solo
923 4820 1120 4881 0300.,
1165 4835 1317 4887 quam
1354 4820 1612 4873 Acacium.
1667 4819 1797 4876 Post
1896 4820 2010 4874 cusi
2033 4833 2240 4871 omnes.
2270 4816 2400 4870 Dein
2430 4834 2533 4871 una
2566 4819 2793 4889 synodus
2826 4820 3023 4874 habent
3051 4823 3265 4883 quidem
3298 4837 3480 4881 nostra

195 4888 377 4963 pauca
412 4890 559 4963 vulg.
585 4888 775 4953 Conc.,
800 4893 863 4942 de
892 4890 1118 4963 ejusdem
1144 4891 1356 4963 injuria.

945 4960 954 4970 ο

274 4974 297 5003 ο
328 4962 495 5029 Vulg.
523 4961 689 5014 Cone.
722 4976 787 5015 ex
817 4960 1040 5015 auctiori
1079 4959 1327 5026 exemplo
1356 4959 1531 5015 deleto
1573 4969 1728 5015 antea
1751 4962 1796 5015 si

193 5034 413 5089 addunt
438 5049 452 5086 :
476 5047 537 5083 ac
568 5031 753 5084 divine
782 5033 972 5099 pariter
996 5031 1127 5099 leges
1154 5034 1491 5101 humanaeque
1516 5042 1793 5097 censerent,

194 5116 252 5158 ut
278 5100 623 5164 sacerdotali,
651 5111 758 5156 etc.

267 5172 298 5212 ά
332 5174 507 5228 iidem
538 5174 678 5240 vulg.
710 5172 877 5225 Conc.
919 5173 1000 5225 An
1031 5170 1204 5225 adhuc
1234 5177 1399 5239 justa.
1432 5173 1552 5227 Mox
1591 5171 1794 5227 addidi-

128 5242 133 5249 ’
194 5260 323 5301 mus
347 5246 499 5315 regia
527 5258 647 5296 cum
678 5257 779 5297 ms.
811 5241 969 5315 Vind.
1002 5254 1056 5297 et
1078 5242 1448 5315 iisdemvulg.

1898 4906 2029 4945 mss.
2063 4889 2389 4955 exemplaria
2434 4904 2555 4943 cum
2604 4887 2849 4943 Merlino.
2895 4890 3003 4945 Sed
3040 4891 3242 4958 Quesn.
3290 4897 3484 4952 melius

1897 4975 2017 5015 eum
2042 4962 2185 5027 vulg.
2217 4962 2406 5026 Couc.,
2430 4975 2579 5013 nova.

1969 5030 1998 5069 ¹ι
2038 5029 2193 5100 Vulg.
2219 5028 2412 5096 Conc.,
2436 5030 2664 5083 excludi.

1976 5101 1989 5139 ι
2039 5102 2201 5154 Iidem
2230 5102 2373 5169 vulg.
2393 5141 2405 5161 ,
2429 5103 2581 5169 juxta
2610 5100 2957 5169 deﬁnitionem
2996 5103 3260 5159 damnata.
3292 5104 3485 5163 Melius

1897 5172 2056 5228 codd.
2082 5171 2291 5243 Veron.
2318 5182 2372 5226 et
2402 5171 2589 5237 Vind.,
2610 5174 2765 5243 justai
2787 5174 3080 5242 deﬁnitione
3108 5176 3368 5229 damnata.

1972 5253 2010 5280 ἠ
2056 5242 2213 5312 Vulg.
2254 5242 2444 5309 Conc.,
2476 5242 2717 5313 principi.
2752 5242 2874 5298 Mox
2905 5245 3103 5313 Oxon.,
3128 5247 3247 5313 quia
3287 5247 3476 5315 noluit,

270 5326 296 5354 ⁸
331 5313 432 5371 Sic
476 5328 664 5367 omnes
705 5313 876 5368 nostri
905 5316 1064 5369 codd.
1117 5325 1171 5368 et
1211 5313 1373 5368 etiam
1425 5314 1632 5369 Thuan.
1673 5329 1795 5370 cum
1899 5315 2058 5369 male.

195 5387 355 5458 vulg.
390 5383 721 5458 Quiesnellus
745 5399 865 5438 cum
889 5385 1086 5458 Oxum,
1114 5384 1456 5458 exsequenda.

274 5455 319 5496 Γ
342 5457 409 5513 lu
442 5456 592 5525 Vulg.
624 5456 790 5525 Cone.
819 5470 884 5509 ex
913 5455 1137 5511 auctiori
1174 5460 1422 5523 exemplo
1460 5457 1549 5511 hic
1578 5455 1698 5510 dua:
1730 5457 1797 5512 li-

193 5543 322 5585 nem
353 5527 655 5593 adduntur,
682 5535 737 5582 et
768 5535 887 5596 post
911 5529 1132 5583 verbum
1156 5527 1369 5581 absolvit
1400 5527 1616 5582 additur
1640 5528 1799 5583 dimi-

194 5598 287 5655 dia
332 5599 455 5655 fere
495 5598 680 5667 pagina
713 5596 897 5667 :quod
944 5597 1365 5669 additamentum
1401 5599 1471 5669 ab
1507 5599 1689 5669 aliquo
1717 5599 1798 5654 in-

192 5679 421 5727 trusum
460 5670 778 5735 Quesnellus
813 5669 1049 5739 praefert.
1090 5668 1219 5736 Ejus
1248 5668 1578 5725 notationem
1601 5671 1656 5724 in
1688 5679 1798 5725 tra-

194 5740 502 5812 ctatu‘loco
526 5740 693 5794 citato
713 5740 1096 5812 descripsimus
1120 5752 1281 5812 atque
1310 5740 1617 5797 refellimus.

276 5823 304 5883 gs
335 5810 704 5883 ,Quesiiicum
725 5809 901 5883 Oxon.
921 5826 1050 5879 ms.,
1082 5809 1246 5883 posse.

276 5878 309 5921 δ
349 5881 523 5937 Codd.
546 5880 748 5936 Veron.
770 5892 823 5936 et
846 5881 969 5937 Vat.
996 5878 1120 5938 Isid.
1144 5898 1263 5937 cum
1287 5882 1531 5957 Merliuo,
1549 5882 1795 5940 debuerit.

462 5977 733 6041 Panos.
778 5974 939 6043 LVI.

1972 5394 1998 5420 υ
2041 5384 2179 5439 Edit.
2211 5383 2403 5449 Cone.,
2435 5386 2727 5438 maturavit.

1974 5465 1999 5491 ο
2039 5458 2110 5509 Ita
2136 5471 2323 5509 oumes
2346 5458 2513 5509 nostri
2538 5454 2695 5509 codd.
2719 5468 2782 5507 ac
2810 5454 2969 5508 etiam
2998 5454 3208 5510 Tliuan.
3243 5464 3296 5510 et
3330 5456 3480 5512 editi.

1899 5526 2219 5594 Quesnellus
2247 5540 2369 5581 cum
2392 5525 2587 5586 Oxon..
2614 5526 2956 5595 praesumpsit.

1976 5608 2004 5648 p
2049 5598 2245 5652 Vocem
2285 5597 2536 5649 catholico
2576 5611 2605 5649 a
2645 5595 2844 5663 Quesn.
2885 5595 3145 5650 omissam
3180 5612 3244 5651 ex
3289 5598 3486 5655 nostris

1902 5668 2061 5741 codd.
2094 5678 2150 5741 et
2188 5666 2339 5741 vulg.
2380 5666 2730 5741 restituimus.
2763 5666 2882 5741 Mox
2914 5667 3055 5741 vulg.
3098 5665 3291 5741 Conc.,
3337 5686 3488 5741 agere

1902 5740 2173 5809 fastidivit,
2197 5749 2243 5793 et
2260 5736 2452 5805 (dein,
2480 5750 2577 5807 pro
2596 5736 2665 5809 ad
2685 5751 2820 5802 eam,
2846 5736 3045 5793 habent
3072 5741 3141 5792 ad
3168 5736 3489 5806 eademfubi

1900 5807 2041 5868 forte
2071 5811 2355 5880 legendum
2382 5810 2448 5864 ad
2475 5807 2733 5864 eamdem.

3250 5968 3324 6032 21
