3996 6344
605 436 710 496 65!

1448 481 1450 483 .
1531 430 1874 491 APPENDIX
1912 432 2004 486 Al)
2045 442 2102 488 δ.
2145 428 2390 487 LEONIS
2430 429 2644 488 usam
2681 388 2932 494 ornas.
3715 449 3800 509 (δεῖ

577 552 905 632 pertinebat
931 553 1014 611 vel
1047 553 1216 624 potuit
1244 551 1328 608 vel
1359 549 1541 608 debuit
1577 547 1892 620 prmterire?
1929 543 2182 612 Quolibet
2211 545 2262 605 Δ
2291 559 2451 615 quam
2477 554 2684 602 nostrae
2724 545 3118 603 communionis
3149 545 3389 608 homines
3425 553 3526 622 jam
3562 555 3798 632 deberem,

597 646 761 704 modo
777 645 1147 703 haereticorum
1168 644 1486 715 eomplieem
1504 643 1776 708 refutavit,
1799 650 1852 700 et
1874 648 2182 697 consortem

596 736 990 798 communionis
1017 744 1252 792 externae
1284 751 1314 790 a
1353 750 1450 790 sua
1489 732 1869 790 communione
1915 729 2179 796 dimovit;

597 845 700 888 nec
724 845 858 900 opus
878 828 977 884 fuit
1000 843 1135 885 nova
1157 828 1383 900 synodo,
1405 842 1525 883 cum
1553 825 1750 882 veteris
1772 823 2051 880 constituti
2071 821 2185 878 suf-

597 922 837 979 ﬁcienter
867 921 968 978 hoc
1005 921 1176 978 forma
1217 920 1622 991 praescriberet;
1667 932 1768 974 nec
1807 932 1943 987 opus
1985 915 2085 972 fuit
2124 924 2184 978 ut

597 1015 714 1071 haec
743 1022 768 1051 α
793 1012 1033 1070 facienda
1061 1013 1296 1070 Orientis
1341 1011 1610 1082 episcopis
1645 1010 1935 1074 intimaret,
1967 1023 2104 1079 quos
2128 1015 2184 1064 et

597 1105 911 1177 cxpulsione
930 1105 1339 1172 catholicorum,
1368 1118 1488 1175 quae
1514 1103 1810 1174 agebantur
1836 1101 1890 1158 in
1923 1115 2083 1162 causa
2117 1099 2180 1155 ﬁ-

597 1199 683 1254 dei
711 1214 817 1254 non
846 1197 1124 1269 ignorasse
1158 1196 1501 1252 manifestum
1529 1195 1618 1262 sit,
1650 1205 1705 1252 et
1739 1193 2183 1250 communicando

595 1291 863 1347 haereticis
907 1290 1243 1364 subrogatis,
1281 1288 1424 1344 facto
1471 1288 1562 1342 tali
1603 1287 1630 1324 δ
1662 1285 2019 1343 consensisse.
2065 1284 2184 1342 Non

597 1382 816 1439 dubium
841 1390 925 1439 est
948 1383 1110 1438 etiam
1141 1388 1378 1437 externae
1404 1378 1796 1436 communionis
1824 1376 2066 1442 eﬁ‘eetos,
2096 1384 2182 1432 at-

597 1491 700 1548 que
723 1475 844 1532 ideo
865 1489 986 1530 eum
1014 1474 1092 1530 eis
1112 1472 1222 1544 jam
1267 1487 1367 1529 nec
1394 1473 1654 1543 potuisse,
1686 1484 1784 1528 nec
1813 1469 2066 1527 debuisse
2095 1483 2181 1525 se-

597 1563 680 1621 dis
708 1564 1018 1636 apostolicte
1045 1564 1182 1620 scita
1214 1564 1449 1620 tractari.
1485 1563 1624 1619 Ecce
1646 1569 1976 1636 agnoverunt
2007 1560 2060 1616 in
2089 1574 2181 1616 co-

598 1671 716 1712 rum
774 1655 1105 1726 professione
1145 1655 1238 1725 qui
1291 1653 1726 1711 constantissime
1781 1653 2181 1723 perdurarunt,

597 1747 727 1820 quid
759 1747 882 1804 ﬁdei
907 1747 1379 1818 communionique
1403 1747 1682 1802 catholica:
1713 1746 2019 1801 deberetur.

667 1840 796 1896 Car.
825 1837 915 1896 1x.
935 1870 1003 1878 —
1025 1839 1164 1896 Ecce
1191 1848 1530 1910 agnoverunt
1557 1836 2008 1909 quemadmodum
2038 1851 2067 1890 a
2097 1845 2178 1892 ta-

2288 637 2382 694 sed
2413 643 2668 710 tanquam
2690 639 2744 694 in
2767 639 3039 694 contrario
3067 639 3226 710 positi
3253 645 3510 700 consortio
3535 649 3735 707 relutari.
3754 655 3797 712 Si

2290 743 2420 785 vero
2447 744 2554 785 non
2587 731 3144 796 communicaverant,
3173 740 3451 804 antequam
3493 737 3690 797 Aeacius
3722 744 3801 804 huc

2288 820 2540 888 referret,
2560 830 2616 878 et
2641 823 3125 879 communicantem
3149 833 3334 881 notare
3358 825 3646 895 debuerant,
3664 843 3708 889 et
3726 836 3799 906 ipsi

2287 914 2464 992 potius
2493 913 2562 971 de
2593 914 2782 971 eodem
2811 915 2914 970 huc
2952 914 3177 983 referre,
3204 925 3362 988 atque
3393 922 3668 991 apostolicae
3691 927 3800 984 sedis

2288 1007 2472 1077 vigore
2512 1006 2813 1076 perculsum
2852 1006 3045 1062 merito
3073 1010 3455 1080 comprobare;
3489 1021 3512 1061 ε
3540 1029 3731 1087 cumque
3753 1036 3798 1076 ea

2286 1097 2416 1155 sede
2448 1097 2745 1169 apostolica
2772 1098 3040 1168 tantisque
3079 1098 3186 1155 illis
3220 1101 3498 1157 catholicis
3522 1107 3799 1174 pontiﬁcibus

2286 1189 2455 1260 magis
2480 1197 2667 1246 tenere
2696 1189 3064 1247 concordiam.
3091 1191 3197 1247 Sed
3225 1192 3350 1263 quia
3371 1193 3437 1249 ab
3458 1194 3646 1251 illorum
3669 1201 3798 1255 socie-

2287 1292 2398 1342 tate
2438 1283 2779 1341 desciverant
2799 1327 2814 1355 ,
2841 1293 2897 1341 et
2921 1300 3107 1342 eorum
3147 1288 3543 1348 successoribus
3566 1296 3800 1348 communi-

2285 1390 2410 1434 care
2437 1377 2774 1448 delegerant,
2815 1377 2938 1436 ideo
2983 1393 3104 1434 cum
3148 1379 3279 1436 sede
3323 1381 3598 1450 apostolica
3635 1383 3801 1442 niiniute

2284 1471 2669 1543 congruebant,
2695 1471 2856 1544 360
2875 1475 2998 1543 quia
3025 1475 3076 1528 in
3100 1480 3301 1530 sortem
3334 1475 3615 1532 reciderant
3639 1491 3797 1546 praera-

2285 1563 2540 1620 ricatoris
2572 1563 2777 1629 Acacii,
2803 1559 2829 1599 δ
2853 1572 2908 1618 et
2929 1563 3070 1620 illius
3097 1579 3158 1620 se
3187 1565 3304 1620 sine
3337 1565 3495 1621 dubio
3518 1568 3799 1638 pervideinnt

2283 1655 2548 1712 sententia
2588 1664 2981 1726 consequenter
3005 1656 3254 1726 astringi.
3285 1658 3367 1712 Ob
3397 1657 3493 1713 hoc
3534 1675 3642 1731 eum
3668 1662 3793 1718 videri

2289 1745 2544 1803 nolebant
2581 1761 2701 1804 esse
2740 1747 3049 1803 damnatum
3071 1790 3087 1817 ,
3128 1749 3250 1819 quia
3290 1764 3353 1806 se
3388 1753 3734 1822 cognoscebant
3760 1754 3795 1808 in

2284 1837 2472 1895 eadem
2524 1837 2967 1908 praevaricatione
3005 1838 3310 1907 damnatos,
3355 1841 3408 1898 in
3448 1858 3549 1911 qua
3591 1843 3796 1916 hodieque

597 1931 736 1990 libus
772 1933 1094 2003 recedendo,
1141 1932 1532 1989 immortalibus
1568 1931 1839 1987 contraria
1869 1930 2176 2000 moliendo,
2208 1934 2256 1995 Β
2287 1944 2504 1988 manere
2549 1931 2863 2000 persistuut.
2905 1930 3013 1988 Sed
3057 1931 3194 1988 sicut
3236 1933 3290 1988 hi
3349 1935 3507 1990 simili
3555 1937 3796 1993 conditione

597 2027 760 2106 359
785 2041 815 2082 a
838 2027 941 2084 ﬁde
965 2036 986 2064 ο
1012 2039 1065 2083 et
1093 2027 1471 2082 communione
1499 2025 1761 2081 catholica
1789 2025 2020 2082 deviarit
2042 2027 2176 2081 Aca-

597 2121 742 2190 cius,
786 2134 947 2190 seque
986 2119 1187 2190 pariter
1231 2133 1353 2176 cum
1398 2119 1588 2176 eodem
1631 2118 1804 2175 errori
1856 2118 2176 2176 subdiderit.

595 2211 734 2269 Ecce
768 2221 1104 2282 agnoverunt
1137 2227 1297 2283 quam
1331 2211 1491 2283 justis
1527 2229 1592 2268 ex
1633 2212 1809 2268 causis
1849 2228 1944 2283 pro
1973 2213 2081 2269 ﬁde
2126 2223 2180 2270 et

593 2306 972 2362 communione
1012 2304 1276 2361 catholica
1321 2314 1478 2374 atque
1520 2306 1848 2374 apostolica,
1895 2307 1982 2363 cui
2021 2306 2177 2363 ct-illi

593 2398 685 2468 qui
716 2399 768 2453 in
808 2412 870 2453 ea
903 2396 1246 2467 perstiterant
1290 2397 1690 2466 congruebant,
1723 2407 1779 2452 et
1808 2397 1883 2451 illi
1925 2399 2015 2468 qui
2060 2413 2180 2468 per-

593 2492 858 2547 stantibus
883 2490 1190 2554 obviabant,
1214 2491 1281 2545 ab
1310 2489 1497 2546 eadem
1528 2489 1856 2546 docebantur
1887 2490 2072 2557 alieni,
2094 2506 2180 2547 se-

594 2582 677 2638 dis
697 2582 1006 2651 apostolicte
1029 2581 1346 2637 auctoritate
1367 2581 1436 2636 sit
1458 2590 1698 2636 remotus
1719 2581 1946 2638 Aeacius
1964 2581 2013 2648 ά,
2039 2582 2179 2653 ejus-

595 2687 699 2742 que
730 2673 930 2744 pariter
965 2672 1267 2742 quicunque
1300 2672 1592 2740 cimplices
1621 2673 1974 2738 exstiterunt;
2018 2682 2180 2744 atque

595 2764 664 2820 ab
686 2763 774 2820 illa
802 2765 997 2820 merito
1019 2764 1402 2820 communione
1432 2778 1554 2818 cum
1589 2763 1670 2818 his
1698 2765 1988 2834 discretus,
2018 2780 2048 2819 a
2074 2781 2177 2836 qua

595 2869 655 2912 sc
685 2857 798 2926 ipse
827 2855 1058 2926 primum
1085 2870 1205 2912 cum
1232 2855 1344 2910 suis
1369 2855 1739 2922 consortibus,
1772 2871 1801 2909 a
1831 2857 2177 2926 pontiﬁcibus

594 2949 871 3007 catholicis
913 2949 1288 3020 discrepando,
1320 2949 1661 3018 cognoscitur
1686 2963 1994 3018 separasse;
2023 2949 2175 3019 jure-

594 3055 699 3112 que
758 3026 1080 3098 sententiam
1124 3040 1214 3096 ille
1265 3040 1621 3096 damnationis
1680 3041 1918 3112 excepit,
1964 3040 2174 3097 caneris

594 3133 936 3190 consortibus
963 3143 986 3171 θ
1010 3132 1472 3205 promulgandam,
1502 3133 1592 3202 qui
1623 3133 1768 3187 solus
1797 3149 1896 3203 pro
1925 3133 2176 3189 omnibus
2210 3186 2215 3193 .

595 3225 708 3281 suis
733 3224 1073 3282 consortibus
1099 3224 1154 3279 in
1179 3224 1608 3280 communionem
1640 3238 1698 3278 se
1728 3223 1984 3280 recidisse
2013 3223 2177 3295 perﬁ-

2284 2023 2584 2090 constricti,
2607 2024 2922 2095 complicem
2946 2040 3102 2082 suum
3125 2041 3228 2083 non
3255 2038 3482 2098 possunt
3499 2029 3708 2100 judicare
3723 2046 3796 2086 non

2278 2114 2399 2185 iure
2427 2116 2761 2186 damnatum,
2806 2131 2982 2187 neque
3006 2118 3084 2174 rei
3113 2133 3264 2176 reum
3295 2130 3521 2190 possunt
3555 2133 3793 2192 competen-

2283 2214 2364 2262 ter
2391 2206 2702 2273 absolvere;
2725 2207 2804 2264 sie
2831 2207 2922 2262 illo
2959 2210 3380 2279 praevaricatore
3407 2214 3544 2282 justo
3583 2216 3792 2274 damnato.

2281 2298 2368 2354 isti
2399 2312 2610 2368 quoque
2639 2299 2754 2370 pari
2794 2299 2977 2369 jacent
3001 2299 3355 2359 damnatione
3383 2306 3644 2374 prostrati;
3672 2321 3797 2375 neque

2281 2391 2383 2446 nisi
2414 2391 2791 2461 resipiscentes
2816 2392 2942 2448 inde
2965 2402 3219 2464 poterunt
3240 2410 3465 2467 prorsus
3496 2397 3692 2466 absolvi,
3711 2400 3796 2468 quia

2280 2487 2420 2543 sicut
2450 2502 2546 2556 per
2585 2503 2748 2544 unum
2794 2489 3120 2545 scribentem
3147 2505 3340 2546 eorum
3378 2493 3604 2556 omnium
3641 2492 3796 2561 vulgata

2283 2579 2638 2651 transgressio
2662 2590 2767 2648 est,
2797 2582 2888 2652 qui
2913 2582 2970 2636 in
2996 2582 3242 2640 eamdem
3274 2584 3519 2654 perﬁdia:
3554 2587 3794 2642 reciderant

2279 2673 2579 2740 actionem;
2625 2671 2704 2728 sic
2748 2672 2803 2727 in
2846 2687 2953 2728 uno
2981 2673 3302 2745 eodemque,
3356 2676 3447 2745 qui
3485 2690 3578 2747 pro
3612 2675 3797 2732 omnibus

2279 2763 2586 2832 scripserat,
2619 2763 2705 2818 vel
2744 2763 3032 2822 scribendo
3060 2766 3298 2822 omnium
3336 2769 3632 2838 prodiderat
3653 2768 3796 2822 volun-

2280 2867 2435 2926 tates,
2472 2856 2486 2894 ί
2525 2859 2879 2928 transgressio
2903 2869 2986 2916 est
3014 2860 3195 2930 punita
3225 2871 3561 2918 cunctorum.

2349 2949 2476 3005 Car.
2493 2949 2537 3004 Χ
2549 2982 2638 3003 .--
2659 2952 2672 3000 i
2699 2949 2828 3020 Qum
2844 2949 2910 3004 ad
2929 2952 3341 3008 instructionem
3365 2965 3553 3010 vestra:
3565 2953 3796 3008 dilectionis

2279 3045 2410 3099 satis
2433 3043 2751 3114 abundeque
2778 3043 3027 3100 sufﬁcere
3053 3043 3387 3114 jttdicamus,
3419 3045 3644 3118 quamvis
3662 3043 3796 3100 eadem

2278 3132 2302 3170 ιε
2337 3134 2522 3200 latius,
2552 3135 2596 3188 si
2630 3133 2883 3191 Dominus
2910 3138 3239 3192 concesserit
3286 3137 3611 3204 facultatem,
3639 3136 3794 3191 studea-

2233 3255 2238 3262 ο
2281 3241 2397 3282 mus
2423 3241 2693 3296 exponere
2730 3244 2741 3280 :
2777 3235 3040 3298 quatenus
3063 3238 3117 3283 et
3143 3227 3386 3286 ﬁdelium
3413 3231 3622 3301 quisque
3646 3243 3795 3299 cogno-

595 3315 699 3370 dite
721 3315 786 3370 ad
818 3315 1166 3388 apostolicam
1197 3315 1378 3371 sedem
1419 3316 1595 3371 missis
1627 3315 1819 3370 litteris
1847 3323 1930 3370 est
1959 3314 2168 3385 profes-
2199 3301 2248 3372 Β
2279 3315 2463 3383 scat‘;
2498 3316 2629 3371 nihil
2654 3317 3005 3388 apostolicam
3035 3318 3404 3391 sedetn,quod
3436 3322 3586 3386 absit,
3614 3334 3794 3388 pmpro-

593 3418 708 3461 sus.
738 3404 836 3462 Cui
868 3403 885 3443 ί
913 3405 958 3460 si
995 3407 1520 3462 communicaverant
1557 3403 1856 3462 Orientales
1899 3406 2168 3478 episcopi,

593 3511 878 3574 antequam
911 3501 1016 3560 huc
1044 3502 1290 3571 referret,
1325 3505 1438 3573 pari
1469 3505 1650 3574 utique
1681 3503 1797 3558 sine
1823 3502 1984 3558 dubio
2019 3516 2170 3561 reatu

593 3596 887 3664 probantur
911 3597 1126 3664 involvi,
1145 3598 1372 3668 jureque
1395 3611 1488 3668 per
1508 3612 1629 3652 cum
1656 3597 1975 3652 sententiam
2000 3607 2173 3654 trans-

592 3687 888 3756 gressionis
933 3697 1302 3760 susceperunt,
1352 3697 1602 3758 tanquam
1653 3687 1774 3741 facti
1819 3701 1938 3743 cum
1981 3688 2172 3744 eodem

593 3781 987 3837 communionis
1021 3791 1276 3838 externae.
1309 3781 1411 3846 Qui
1449 3781 1635 3849 utique
1667 3793 1773 3832 non
1801 3780 2009 3835 consuli
2053 3791 2172 3836 tan-

666 3933 691 3992 ἐι
731 3923 894 3978 Iidem
923 3923 1068 3992 vulg.
1087 3962 1100 3976 .
1130 3924 1357 3975 scienda.

664 3991 692 4030 ι)
739 3992 935 4048 Ibidem
965 3991 1143 4057 antea,
1175 3994 1500 4062 manifestum
1532 4001 1638 4057 est;
1678 3991 1762 4046 hic
1791 4007 1918 4048 vero
1947 3995 2054 4049 alia
2085 3997 2170 4051 in-

598 4063 971 4132 terpunctione
997 4080 1009 4114 :
1035 4064 1342 4132 consensisse
1368 4077 1470 4115 non
1497 4063 1706 4116 dubium
1736 4071 1840 4129 est;
1872 4065 2028 4118 etiam
2057 4083 2172 4121 cum

595 4131 813 4188 externa:
839 4133 1205 4187 communionis
1235 4131 1447 4200 c/feetis,
1491 4143 1582 4186 nec
1627 4135 1867 4203 potuisse.
1904 4136 2021 4190 Mox
2049 4151 2169 4192 cum

593 4205 841 4276 omnibus
872 4217 1001 4276 mss.
1036 4205 1232 4276 nostris
1257 4203 1554 4276 etrcxcttsis
1593 4203 1891 4260 addiditnus
1936 4209 2169 4276 particu-

593 4275 700 4330 lam
726 4280 835 4345 iam
861 4289 891 4328 a
917 4274 1209 4341 Qucsnello
1237 4275 1512 4330 omissamt

669 4357 690 4385 ο
719 4347 852 4402 Cod.
879 4345 1051 4402 Oxon.
1084 4345 1228 4400 delet
1276 4355 1322 4399 et
1363 4347 1733 4403 communione.
1768 4348 1884 4401 Mox
1937 4349 2058 4403 Vat.
2094 4350 2162 4404 Is.

593 4433 714 4488 cum
765 4418 918 4473 Meri.
978 4417 1136 4472 habet
1185 4417 1438 4472 catholica
1483 4423 1638 4486 atque
1677 4421 1979 4488 apostolica.
2033 4420 2167 4475 Dein

595 4487 933 4554 Quesncllus,
963 4488 1206 4552 deviaret,
1232 4503 1380 4556 seque
1401 4489 1592 4558 pariter
1619 4487 1735 4542 cum
1753 4489 2014 4544 eisdem...
2047 4507 2165 4559 per-

592 4560 848 4626 stiterunt.
882 4559 1295 4614 Emendavimus
1329 4573 1451 4614 cum
1483 4559 1630 4626 vulg.
1663 4570 1717 4614 et
1747 4563 1944 4616 nostris
1972 4563 2127 4616 codd.

664 4627 690 4665 ἀ
727 4625 881 4698 Vulg.
939 4629 1103 4684 Cone.
1159 4645 1224 4685 es
1271 4631 1495 4686 auctiori
1549 4625 1774 4699 epistola
1823 4631 2064 4687 addunt:
2099 4633 2168 4690 ad

591 4701 741 4771 cujus
773 4701 1023 4771 pra'cipue
1059 4711 1263 4771 vocatus
1289 4716 1524 4766 examen,
1568 4701 1646 4754 vel
1673 4702 1839 4755 uenire
1867 4701 1942 4756 vel
1969 4704 2168 4771 mittere

2281 3426 2407 3484 pere
2435 3411 2730 3467 censuisse.
2759 3410 2891 3479 Qua:
2916 3419 3094 3468 tamen
3120 3413 3393 3467 sententia
3422 3417 3472 3468 in
3499 3414 3713 3467 Acacium
3735 3409 3796 3464 de

2278 3505 2489 3571 stinata,
2523 3505 2621 3559 etsi
2649 3506 2864 3560 nomine
2890 3505 3260 3560 tantummodo
3291 3506 3537 3576 praesulis
3556 3504 3793 3575 apostolici,

2279 3598 2430 3668 cujus
2461 3606 2578 3655 erat
2619 3597 2806 3667 utique
2833 3598 3136 3667 potestatis,
3188 3597 3433 3668 legitime
3455 3599 3687 3670 probatur
3708 3607 3794 3647 esse

2281 3687 2626 3759 deprompta,
2657 3688 2923 3757 praecipue
2951 3703 3070 3743 cum
3101 3689 3356 3744 secretim
3394 3689 3653 3761 dirigenda
3686 3684 3794 3739 ride-

2282 3795 2470 3850 retur,
2518 3795 2586 3838 ne
2633 3781 2893 3837 custodiis
2940 3781 3135 3852 ubique
3179 3791 3217 3818 ιιι
3252 3783 3534 3852 praetentis
3582 3777 3794 3850 dispositio

2279 3927 2382 3982 hoc
2407 3926 2526 3993 loco
2555 3923 2768 3980 doleant
2796 3923 3224 3992 coniunctionem
3253 3933 3326 3990 et,
3361 3939 3520 3980 sensu
3542 3933 3690 3977 tamen
3705 3918 3778 3993 eri

2277 4007 2436 4064 gente
2460 3986 2636 4066 ipsam
2661 3986 2989 4064 prteﬁxitnus
3011 4011 3134 4050 cum
3152 3986 3490 4065 \‘ulngonc.
3512 4004 3564 4050 et
3587 3986 3795 4066 cumqui.

2279 4060 2607 4136 Vcronfqui
2640 4060 2701 4136 in
2725 4066 2952 4136 cpistola
3010 4060 3269 4134 sequenti
3299 4080 3423 4120 eam
3461 4065 3675 4136 exhibet.
3710 4060 3794 4114 llos

2279 4155 2375 4209 pro
2397 4134 2784 4209 hodieque_Vat'.
2820 4136 2887 4209 ls_.
2933 4145 2988 4209 et
3027 4136 3279 4191 Merlintts
3314 4135 3514 4191 habent
3559 4134 3688 4188 hodie
3712 4140 3794 4184 tan-

2277 4206 2413 4277 tum,
2456 4206 2822 4278 vulg.Conc.,
2854 4206 3005 4260 hodie
3028 4223 3246 4276 quoque.

2357 4280 2371 4316 ί
2401 4269 2574 4349 ’νειιεῖ
2594 4277 2758 4333 Cone.
2785 4269 2851 4332 ex
2880 4269 3104 4332 auctiori
3129 4269 3381 4348 exemplo
3419 4277 3668 4333 Avellana:
3708 4269 3792 4322 col-

2275 4351 2542 4416 lectionis,
2578 4349 2976 4420 transgressione
3014 4349 3213 4418 punita,
3262 4351 3457 4418 pariter
3492 4360 3669 4420 quoque
3710 4355 3792 4420 rttnt

2273 4423 2450 4475 eodem
2478 4420 2554 4474 vel
2585 4421 2638 4473 in
2678 4417 2854 4473 eodem
2877 4427 2950 4472 est
2980 4417 3282 4488 complicitus
3318 4417 3794 4488 transgressioptttttw

2274 4503 2592 4545 cunctorum.
2641 4489 2775 4544 Cum
2821 4491 2872 4542 in
2906 4503 3034 4543 mss.
3089 4485 3247 4544 Vind.
3282 4502 3340 4546 et
3370 4485 3564 4545 Veron.
3590 4486 3793 4558 habeatur

2274 4561 2675 4630 transgressione
2722 4561 2901 4631 punita
2940 4568 3268 4632 cunctorum,
3325 4575 3569 4616 verentur
3593 4573 3652 4632 ne
3688 4561 3792 4632 anlt-

2273 4625 2438 4702 quior
2459 4625 2832 4700 librarius'per
2875 4630 3068 4702 saltum
3115 4645 3148 4684 a
3201 4646 3331 4702 voce
3364 4633 3541 4698 punita
3569 4629 3628 4682 ad
3676 4625 3793 4698 aliain

2275 4701 2668 4766 transcurrens,
2703 4701 3021 4770 praeterierit
3053 4701 3367 4755 intermedia
3410 4706 3585 4764 verba,
3630 4705 3793 4770 qtta:_l_tt

591 4750 951 4838 assius-ass:
967 4750 1019 4824 ii:
1041 4750 1557 4835 assesasses},
1573 4750 1641 4825 ili
1670 4750 2170 4839 ὲὸὶᾶᾖᾶεόἔεξᾶὸῦιί
2194 4750 2247 4810 Ῑ)
2272 4750 3696 4839 a..a'i;ii;.i‘s"si.'ctsn's"assignans“cassat-ns,
3733 4762 3794 4814 hic

585 4853 741 4906 reret.
779 4843 907 4896 Dein
953 4859 984 4894 α
1024 4843 1346 4910 pontiﬁcibus
1387 4841 1702 4909 scripsimus
1729 4857 1852 4897 cum
1887 4847 2010 4896 cod.
2066 4844 2168 4899 Ve-

590 4923 708 4966 ron.
741 4927 807 4966 οι
839 4913 1063 4983 cpistola
1091 4913 1355 4978 sequenti,
1385 4912 1470 4964 ubi
1500 4911 1598 4966 hoc
1627 4913 1766 4966 idem
1813 4924 1973 4980 caput
2023 4930 2166 4983 repe-

589 4983 743 5036 titum
776 4991 875 5036 cst.
911 4981 1067 5050 Vulg.
1119 4993 1174 5036 et
1214 4983 1413 5048 Quesn.
1455 4996 1576 5036 cum
1606 4983 1725 5038 aliis
1771 4985 1928 5038 codd.
1986 4981 2165 5040 delent

589 5054 1024 5123 praepositionem
1051 5069 1100 5106 a.

631 5133 685 5248 be
719 5125 772 5178 In
807 5124 994 5180 iisdem
1035 5122 1176 5192 vulg.
1210 5122 1376 5178 Cone.
1407 5123 1620 5180 additur
1661 5141 1775 5178 cum
1818 5125 1926 5178 suis
1947 5141 2160 5179 consor-

665 5211 742 5248 us.

589 5195 742 5249 tibus.

666 5263 683 5302 ί
709 5265 868 5321 Iidem
893 5264 1032 5330 vulg.
1058 5263 1258 5318 addttm
1278 5264 1479 5316 Aracio.
1499 5263 1628 5318 Dein
1652 5264 1848 5331 Qucsn.
1863 5306 1875 5326 ,
1893 5275 2162 5333 antequam

589 5335 682 5389 hoc
709 5341 941 5406 referret.
965 5335 1313 5406 Cori-eximus
1335 5335 1435 5387 huc
1461 5350 1580 5388 cum
1605 5340 1746 5405 vulg.
1775 5345 1829 5391 et
1856 5351 1984 5390 mss.
2007 5337 2160 5406 codi-

585 5407 739 5462 cibus
769 5405 1004 5471 Thuan.,
1067 5405 1267 5461 Veron.
1299 5415 1354 5461 ct
1383 5406 1526 5471 ναι,
1572 5407 1890 5460 concinente
1941 5405 2160 5460 inferius

585 5487 840 5534 contextu
867 5488 1138 5548 antequam
1168 5477 1380 5548 Aeacius
1401 5475 1498 5528 huc
1527 5477 1755 5548 referret.
1783 5477 1989 5548 Τ11υέιη.
2023 5493 2160 5548 pran-

587 5557 732 5602 terea
769 5559 825 5604 et
869 5547 1064 5604 Veren.
1098 5548 1150 5602 in
1192 5547 1416 5616 epmtola
1447 5547 1688 5615 sequenti
1737 5547 2003 5612 referrent.
2038 5547 2158 5601 Mox

587 5617 749 5690 iidem
771 5621 916 5690 vulg.
953 5619 1282 5686 probabatur,
1346 5620 1503 5672 male.
1555 5617 1741 5672 Melius
1777 5618 1971 5673 Veron.
1998 5620 2160 5673 etiam

581 5688 644 5752 in
667 5688 891 5757 epistola
922 5691 1189 5760 sequenti,
1220 5691 1591 5758 probabantur.

661 5767 685 5830 ξς
717 5761 788 5812 Ita
816 5765 982 5814 nostri
1003 5759 1171 5815 codd.
1203 5771 1256 5814 et
1284 5760 1422 5830 ritu.
1451 5759 1795 5824 Quesncllus,
1823 5770 1865 5830 et
1887 5773 2001 5812 cum
2017 5759 2153 5812 sede.

659 5824 687 5865 δ
712 5830 936 5896 Quesn.,
967 5833 1066 5886 alia
1100 5824 1547 5898 interpunaionc.
1594 5841 1637 5884 ct
1671 5830 1786 5897 quia
1821 5828 1960 5882 illius
2006 5846 2058 5882 sc
2088 5830 2162 5880 t-i-

588 5900 771 5956 dabant
793 5903 1059 5957 sententia.
1092 5903 1270 5957 Secutt
1294 5916 1474 5955 sumus
1497 5913 1706 5956 nostros
1737 5900 1914 5961 θρίω..
1947 5902 2031 5968 qtti
2059 5900 2158 5954 etsi

2272 4859 2484 4913 quoque
2511 4841 2802 4910 supplenda
2834 4841 3101 4913 videntur.

2347 4914 2360 4964 i
2401 4903 2487 4970 Sic
2508 4903 2696 4967 omnes
2739 4912 2912 4966 nostri
2933 4911 3088 4965 codd.
3131 4912 3473 4979 Qucsnellus,
3512 4909 3646 4963 Hac.
3674 4903 3790 4979 Vulg.

2271 4985 2435 5040 Cone.
2471 4987 2605 5039 hanc
2629 4982 2906 5050 periodum
2940 4981 3040 5036 hoc
3067 4973 3184 5037 loco
3228 4973 3499 5049 ignorant,
3521 4990 3573 5035 et
3609 4973 3794 5034 transie-

2271 5065 2395 5109 runt
2425 5055 2698 5123 aliquanto
2730 5061 2868 5122 post,
2901 5054 2987 5107 ubi
3019 5052 3235 5108 habent.
3267 5050 3394 5106 "(eo
3417 5067 3529 5106 vero
3551 5051 3614 5102 ad
3647 5049 3793 5100 instra-

2270 5129 2506 5180 ctionem.

2348 5195 2369 5231 '-‘
2407 5195 2580 5266 Alium
2611 5195 2678 5248 dc
2704 5193 2805 5248 hac
2827 5191 3017 5248 eadem
3042 5207 3100 5248 re
3129 5201 3409 5266 tractatum
3443 5191 3676 5266 Gelasius
3712 5181 3792 5266 pol-

2271 5266 2481 5321 licetur.
2513 5265 2628 5320 Duo
2653 5274 2831 5318 autem
2857 5273 3112 5333 tractatus
3135 5264 3376 5333 ejusdem
3398 5257 3676 5333 argumenti
3697 5254 3791 5333 sllr

2266 5337 2524 5404 jieiuntnr
2567 5336 2621 5389 in
2677 5349 2788 5407 ms.
2827 5325 3027 5388 Veron.
3085 5325 3485 5407 ad'episeopos'
3518 5325 3791 5407 orientales.

2267 5394 2492 5476 quorum
2520 5409 2655 5460 alter
2677 5406 2851 5471 capite
2878 5406 3120 5477 sequenti
3142 5394 3337 5477 nostra:
3362 5394 3790 5477 collectiort‘iscdt:

2270 5468 2354 5532 t'us
2377 5486 2477 5543 est,
2504 5478 2643 5532 alter
2691 5468 2819 5531 vero
2863 5468 3119 5544 prolixior
3147 5491 3177 5528 a
3230 5475 3482 5543 Scipione
3541 5468 3790 5544 Malitiosa

2268 5533 2475 5602 eodem
2510 5546 2807 5602 Veronensi
2863 5533 3052 5606 codice
3097 5533 3344 5617 vulgatus
3392 5553 3522 5600 tom.
3549 5541 3588 5596 V
3620 5533 3790 5594 Concil.

2268 5617 2404 5673 Ven.
2435 5619 2568 5672 edit.
2598 5618 2703 5672 col.
2738 5617 2840 5672 185
2866 5627 2919 5668 ω
2950 5633 3104 5685 seqq.
3761 5673 3769 5684 ,

2343 5687 2359 5725 ι
2390 5687 2590 5754 Quesn.
2617 5687 2802 5743 inserit
2817 5697 2863 5742 et
2880 5687 3194 5755 inﬁdelium;
3216 5686 3507 5744 delevimus
3522 5690 3788 5757 cummqu

2270 5759 2366 5813 bus
2385 5750 2582 5832 nostris
2603 5759 2757 5832 codd.
2777 5767 2834 5832 et
2848 5750 2994 5832 vulg.
3016 5750 3218 5832 conci].
3244 5769 3399 5832 nume
3423 5757 3576 5810 etiam

2341 5839 2378 5899 ιη
2406 5829 2574 5882 Codd.
2603 5829 2748 5891 Vota,
2797 5823 2969 5899 Vind:
2984 5839 3036 5882 et
3065 5828 3208 5899 νει,
3246 5823 3336 5887 Ιεί,
3383 5824 3646 5895 pressantis.

2270 5898 2507 5953 reximus
2528 5916 2646 5956 cum
2680 5905 2817 5966 vutg.
2854 5897 3017 5953 Cone.
3059 5897 3214 5970 Apud
3265 5899 3457 5964 Quesn.
3499 5901 3748 5965 prietemts.
