3996 6344
224 429 327 489 653

671 428 901 486 CODEX
937 425 1266 502 CANQNUM
1311 425 1591 484 ECCLES.
1635 426 1724 483 ET
1762 425 1809 482 Ct

1927 426 2341 488 LTITUTORUM
2381 429 2440 488 S.
2482 430 2671 489 SEDIS
2709 429 3046 495 APOSTOL.

3372 435 3484 500 οδ*
3572 518 3574 520 ,

219 548 468 606 salutaris
491 545 812 617 quibuslibet
844 543 1248 598 difficultatibus
1287 542 1558 610 impedita,
1607 557 1793 598 ncces-
1820 557 1878 619 Α
1901 545 2107 601 etiamsi
2133 556 2276 602 esset
2297 562 2518 604 necesse
2539 547 2674 614 fieri,
2695 550 2836 604 nulla
2863 559 3044 620 posset
3071 553 3290 608 omnino
3317 568 3482 625 syno-

218 641 416 695 sarium
476 639 674 691 habere
716 652 819 688 non
869 645 1047 703 posset
1077 633 1326 688 effectum
1359 649 1373 687 :
1409 643 1585 687 tamen
1631 633 1794 704 quia,

218 731 538 788 orthodoxis
569 730 761 798 ubique
790 727 1030 795 deiectis,
1059 736 1111 780 ct
1137 726 1403 780 haereticis
1431 725 1798 782 tantummodo

218 839 512 894 eorumque
544 820 883 876 consortibus
908 820 1015 888 jam
1045 819 1243 873 relictis
1273 820 1324 873 in
1349 819 1584 885 Oriente,
1615 820 1802 876 catho-

219 921 306 976 lici
352 917 635 988 pontiﬁces
663 924 754 969 aut
786 914 983 969 residui
1033 914 1250 967 omnino
1300 928 1406 968 non
1454 922 1664 982 essent,
1710 921 1803 968 aut

216 1013 377 1087 361
412 1010 612 1064 nullam
677 1014 922 1076 gererent
973 1003 1298 1072 libertatem,
1356 1005 1704 1074 plurimorum
1748 1007 1799 1061 in

218 1105 368 1159 Italia
396 1099 785 1158 catholicorum
815 1097 1155 1168 congregatio
1183 1096 1523 1153 sacerdotum
1555 1097 1795 1151 rationa-

218 1200 403 1255 biliter
443 1195 696 1267 cognovit
740 1192 1061 1248 sententiam
1096 1193 1148 1247 in
1180 1191 1434 1248 Acacium
1477 1191 1640 1248 fuisse
1679 1206 1803 1261 pro-

217 1293 407 1346 latam.
442 1290 570 1356 Qure
597 1286 940 1357 congregatio
963 1285 1098 1340 facta
1130 1285 1456 1354 pontificum,
1481 1299 1589 1338 non
1614 1293 1800 1339 contra

216 1382 716 1439 Cltalcedouensem
750 1388 796 1445 ο,
833 1392 937 1431 non
969 1387 1221 1446 tanquam
1246 1391 1380 1430 nova
1411 1376 1646 1446 synodus
1672 1389 1805 1430 con-

216 1489 296 1532 Ira
333 1484 572 1530 veterem
604 1473 934 1543 primamque
965 1469 1237 1536 convenit,
1271 1467 1365 1526 sed
1391 1469 1570 1541 potius
1611 1483 1806 1524 secun-

215 1569 346 1621 dum
381 1578 622 1621 tenorem
655 1563 852 1619 veteris
882 1563 1176 1627 constituti,
1210 1564 1476 1633 particeps
1498 1561 1804 1632 apostolicae

215 1658 582 1713 cxsecutionis
613 1655 800 1711 cll'ccta
831 1665 948 1711 est:
981 1665 1041 1711 ut
1063 1655 1191 1711 satis
1231 1665 1480 1725 appareat
1513 1655 1804 1711 Ecclesiam

215 1750 540 1806 catholicam
571 1792 584 1815 ,
631 1749 920 1820 sedemque
959 1747 1338 1818 apostolicam,
1371 1746 1492 1817 quia
1541 1747 1664 1803 alibi
1692 1747 1803 1817 jam

213 1842 444 1896 omnino
477 1855 581 1894 non
617 1846 814 1910 posset,
853 1839 940 1894 ubi
965 1840 1155 1910 potuit,
1188 1847 1241 1895 ct
1270 1853 1391 1893 cum
1423 1839 1614 1908 quibus
1636 1840 1806 1908 potuit

1902 637 2002 692 dus
2033 639 2333 708 provenire.
2365 639 2516 705 Quod
2549 639 2594 696 si
2625 641 2899 710 ignorasse
2926 658 2985 700 se
3011 641 3275 710 dixerint,
3305 646 3480 714 qualis

1901 731 2040 800 apud
2070 731 2408 786 Antiochiam
2441 742 2557 800 post
2585 731 2967 790 Calendioncm
3003 736 3357 792 successisset
3385 754 3483 794 an-

1905 822 2091 885 tistes;
2120 821 2245 892 quid
2276 822 2500 888 mirum,
2533 824 2578 878 si
2606 823 2695 895 qui
2727 825 2778 879 in
2806 825 3024 882 Oriente
3055 826 3244 895 positi,
3274 844 3393 898 qua:
3425 831 3479 885 in

1905 913 2122 984 regione
2150 927 2244 968 sua
2272 910 2298 949 ιι
2326 913 2658 984 contigerant
2683 917 2824 973 scire
2852 918 3235 987 nequiverunt,
3269 934 3330 976 ea
3359 936 3483 988 quat

1903 1005 2042 1074 apud
2076 1004 2424 1074 apostolicam
2469 1005 2652 1061 sedem
2689 1017 2838 1075 gesta
2870 1008 3107 1076 fuerant,
3142 1011 3482 1082 ignorarintt

1905 1094 2012 1151 Cur
2045 1105 2221 1151 tamen
2263 1105 2604 1166 posteaquam
2631 1097 2701 1153 ad
2731 1113 2916 1155 eorum
2960 1103 3200 1158 notitiam
3234 1107 3483 1170 pervenit

1905 1186 2077 1257 qualis
2105 1196 2250 1242 esset
2293 1187 2550 1243 sacerdos
2577 1189 2720 1258 apud
2764 1191 3102 1248 Antiochiam
3133 1197 3477 1265 constitutus,

1907 1293 2013 1333 non
2039 1277 2158 1347 ejus
2186 1279 2452 1334 consortia
2491 1281 2746 1336 continuo
2776 1284 3137 1352 respuerant?
3167 1286 3292 1355 quid
3317 1302 3484 1344 cxcu-~

1906 1370 2168 1424 sationem
2222 1369 2289 1426 de
2337 1357 2653 1440 ignorantia:
2707 1373 2890 1430 colore
2939 1375 3309 1443 praetendunt,
3360 1393 3484 1440 cum

1909 1460 2172 1530 hodieque
2202 1471 2259 1518 et
2285 1461 2299 1498 ί
2338 1463 2675 1518 manifestata
2705 1465 2951 1535 contagia
2994 1466 3339 1534 perﬁdorum,
3373 1480 3424 1524 ct
3456 1487 3484 1522 ει

1908 1553 2062 1608 nobis
2090 1555 2276 1624 saepius
2305 1556 2625 1622 exprobrata
2654 1560 2961 1613 sectentur?
2993 1559 3110 1624 Quo
3147 1561 3278 1615 satis
3318 1575 3486 1630 appa-

1909 1654 1992 1701 ret
2017 1648 2139 1717 quia
2170 1662 2237 1702 nc
2264 1656 2391 1702 tunc
2415 1647 2629 1717 quidem
2657 1649 2868 1705 ctiasl
2895 1661 3306 1721 cognoscerent,
3339 1655 3485 1710 refu«

1909 1747 2102 1806 tarent,
2143 1739 2355 1811 quando
2396 1756 2536 1797 nunc
2580 1741 2744 1797 etiam
2787 1743 3052 1812 publicata
3081 1759 3188 1800 non
3232 1746 3488 1803 renuunt.

1909 1832 2136 1890 Prorsus
2178 1834 2229 1888 in
2271 1834 2566 1906 quamlibet
2611 1849 2672 1890 se
2712 1846 2916 1905 partem
2974 1838 3491 1909 icausationctnquu

215 1935 354 1990 nihil
411 1935 624 2004 penitus
671 1934 940 1999 omisisse,
984 1932 1126 2003 quod
1173 1933 1239 1987 ad
1294 1933 1587 1987 fraternum
1640 1933 1804 2001 perti-
1833 1936 1882 1998 Β
1909 1936 2243 1994 convertant,
2276 1927 2574 1983 manifesta:
2601 1928 2840 1985 veritatis
2881 1930 2951 1984 ita
2993 1931 3197 2001 laqueis
3225 1932 3491 1988 sull'ocan-

214 2036 376 2081 nerei
418 2040 517 2095 pro
563 2026 879 2081 intemerata
903 2021 929 2061 δ
961 2023 1064 2078 llde
1094 2032 1146 2079 ct
1199 2023 1406 2079 sincera
1435 2024 1809 2080 communione

213 2126 510 2173 tractatum
540 2127 585 2170 ε.

757 2203 1149 2263 CAPITULUM
1184 2204 1268 2262 Ll.

251 2319 276 2357 ἀ
311 2320 510 2392 Incipit
542 2320 604 2376 de
644 2320 820 2375 eadem
860 2317 1359 2442 Hgionerreddenda
1400 2318 1466 2370 ad
1512 2319 1772 2389 episwpos

949 2405 1055 2442 rten
1085 2406 1145 2442 ts.

949 2405 1145 2443 rtentts.

214 2483 1811 2510 οιοδααοοιοοαοιοοοοοσοαοοιοοο

288 2577 426 2632 Car.
460 2575 498 2630 l.
527 2604 593 2615 —
616 2574 752 2643 Quid
779 2589 907 2644 ergo
939 2573 1022 2627 isti
1049 2573 1336 2644 prudentes
1359 2572 1458 2628 viri
1487 2615 1500 2641 ,
1532 2582 1585 2629 ct
1610 2574 1811 2644 argutis

217 2669 502 2724 mentibus
528 2670 690 2724 totius
709 2667 980 2738 religionis
1009 2669 1215 2724 interna
1238 2668 1516 2733 rimantes,
1545 2669 1599 2724 in
1622 2668 1813 2725 Orien-

216 2764 286 2816 tis
343 2761 590 2830 partibus
635 2759 932 2822 constituti,
979 2760 1023 2814 si
1055 2771 1420 2832 cognoverunt
1452 2769 1474 2798 ο
1509 2760 1813 2830 huiusmodi

217 2868 515 2925 personam
564 2854 616 2908 in
663 2853 997 2909 Antiochcna
1041 2853 1279 2910 Ecclesia
1321 2855 1686 2921 constitutam,
1718 2870 1814 2910 cur

216 2946 683 3004 communicando
707 2947 898 3002 talibus
920 2948 1198 3018 praebuere
1220 2952 1579 3005 consensum?
1597 2965 1692 3006 cur
1707 2964 1816 3007 non

217 3040 372 3094 illico
401 3039 866 3095 reclamavcrunt?
894 3040 1053 3112 362
1083 3055 1177 3095 cur
1209 3055 1313 3096 non
1343 3056 1404 3098 se
1442 3057 1472 3098 a
1512 3042 1602 3097 tali
1633 3053 1816 3098 conta-

219 3132 311 3203 gio
349 3130 369 3170 τ
405 3129 824 3194 submchrunt,
866 3147 985 3185 cum
1023 3132 1133 3202 jam
1171 3133 1448 3189 evidenter
1479 3135 1817 3190 animadver.

221 3232 407 3281 terent
456 3223 577 3280 ideo
632 3223 1015 3279 Calendionem
1063 3225 1381 3296 depulsum,
1436 3237 1491 3282 ut
1549 3227 1818 3285 haircticis

1916 2031 2018 2085 tur,
2045 2030 2101 2076 ut
2137 2021 2250 2076 suis
2277 2022 2377 2092 ipsi
2407 2022 2588 2078 verbis
2633 2023 2842 2091 possint
2870 2025 3183 2097 actibusque
3218 2030 3491 2098 concludi,

1916 2110 1938 2148 κ
1970 2125 2072 2168 nec
2100 2112 2198 2167 nisi
2243 2113 2413 2169 solam
2444 2114 2736 2182 perniciem
2766 2115 3052 2174 obstinatae
3091 2119 3328 2188 perﬁdia:
3359 2122 3489 2176 resi-

1911 2205 2072 2260 duam
2097 2206 2372 2263 ventilare.

1983 2294 2111 2350 Car.
2138 2295 2274 2351 ll.—
2287 2295 2414 2353 Huic
2426 2305 2605 2353 autem
2622 2313 2744 2368 qua:
2760 2299 2829 2355 de
2855 2297 3186 2358 Calendione
3201 2305 3493 2366 venerabili

1913 2385 2054 2440 dicta
2084 2396 2230 2454 sunt,
2262 2397 2317 2443 et
2355 2389 2407 2442 in
2444 2388 2663 2445 Joannis
2693 2391 3043 2446 Alexandrini
3084 2393 3246 2466 363
3293 2411 3496 2453 convc-

1915 2477 2069 2531 niunt
2097 2487 2241 2533 certa
2265 2480 2470 2535 ratione
2500 2493 2805 2548 personam.
2834 2483 3019 2550 Immo,
3051 2484 3096 2539 si
3125 2500 3284 2544 causa
3307 2489 3494 2545 eadem

1914 2570 2073 2625 latius
2103 2571 2421 2641 inquiratur,
2470 2581 2630 2628 tantas
2670 2574 2777 2630 illic
2821 2575 3115 2646 tragtediat,
3165 2579 3297 2634 tanti
3343 2595 3495 2651 repe.

1916 2662 2128 2718 riuntur
2172 2677 2409 2728 errores,
2442 2674 2499 2720 ut
2535 2665 2580 2719 si
2622 2666 2722 2735 ipsi
2755 2667 2866 2722 sint
2910 2667 3141 2738 iudices,
3179 2670 3272 2740 qui
3311 2673 3496 2732 eadem

1917 2764 2310 2825 perpetraruut,
2337 2747 2458 2812 cum
2488 2759 2762 2814 evidenter
2791 2760 2991 2816 fuerint
3021 2759 3340 2831 1confutati,
3367 2780 3398 2820 a
3419 2767 3498 2823 sui

1918 2850 2257 2905 damnatione
2286 2866 2391 2906 non
2419 2859 2739 2920 temperent.
2770 2853 2952 2909 Palam
2981 2857 3124 2911 enim
3159 2857 3267 2912 illic
3292 2868 3498 2928 apertc~

1917 2957 2022 3011 quc
2050 2952 2392 3008 monstratur,
2427 2943 2558 3000 nihil
2584 2945 2726 2999 aliud
2757 2960 2915 3015 quam
2949 2948 3229 3017 quaesitam
3259 2965 3500 3016 causam,

1918 3035 2368 3101 quemadmodum
2391 3037 2657 3093 catholico
2681 3038 3058 3110 qualicumque
3078 3041 3305 3109 depulso
3329 3043 3499 3112 ponti-

1921 3127 2053 3194 fice,
2106 3130 2360 3184 hierctico
2414 3129 2571 3185 Petro
2629 3140 2964 3188 reseraretur
3017 3147 3286 3191 accessus.
3348 3135 3500 3193 Tunc

1922 3217 2061 3273 istud
2108 3233 2264 3274 nemo
2308 3219 2656 3285 discutiebat;
2699 3221 2962 3292 synodum
3013 3237 3172 3278 nemo
3223 3227 3498 3294 poscebat.

225 3317 556 3386 panderetur
585 3316 867 3371 introitus?
888 3317 1063 3383 Quare
1091 3317 1177 3373 hic
1217 3318 1346 3373 nihil
1379 3317 1446 3374 de
1473 3321 1698 3389 synodo,
1730 3323 1812 3376 ni-
1838 3307 1883 3371 C
1917 3309 2120 3364 Passim
2150 3311 2328 3366 omnia
2353 3311 2500 3366 licito
2522 3310 2636 3367 ﬁeri
2665 3327 2694 3366 a
2721 3314 3128 3385 Quibuscuon
3159 3317 3502 3374 videbantur.

231 3407 309 3463 hil
336 3408 402 3463 de
439 3423 518 3472 re,
553 3407 687 3463 nihil
723 3407 789 3464 de
819 3407 923 3462 fide
947 3408 1260 3475 christiana,
1304 3409 1432 3464 nihil
1461 3411 1527 3464 de
1551 3426 1810 3481 persona-

232 3507 356 3555 rum
386 3499 775 3555 examinatione
807 3500 1137 3555 tractarunt?
1178 3499 1232 3555 Si
1272 3515 1400 3555 vero
1430 3501 1500 3555 illi
1533 3511 1558 3548 ε
1584 3517 1642 3557 se
1669 3518 1815 3557 com-

225 3592 469 3647 munioni
501 3592 800 3646 voluntarie
838 3591 1221 3657 subdiderunt,
1257 3592 1324 3646 ab
1369 3593 1660 3664 apostolica
1689 3594 1818 3651 sede

221 3694 381 3740 certe
431 3685 667 3754 separati
714 3692 875 3747 sunt,
932 3697 1051 3738 cum
1110 3683 1305 3739 talibus
1361 3693 1414 3739 ct
1463 3685 1602 3756 apud
1663 3686 1814 3756 tales,

298 3835 328 3864 ιι
354 3825 558 3891 Quesn.
599 3821 766 3878 addit.
816 3821 1088 3892 synodum,
1123 3821 1307 3878 delent
1347 3823 1488 3893 vulg.
1543 3838 1606 3879 ac
1645 3824 1816 3881 nostri

217 3896 387 3966 codd.
424 3895 566 3960 Mox,
595 3908 692 3963 pro
718 3894 962 3966 convenit,
995 3894 1136 3966 vulg.
1166 3893 1357 3966 Conc.,
1387 3896 1637 3966 cognorit.

295 3965 325 4005 δ
355 3965 533 4020 Oxon.
564 3966 684 4018 cod.
715 3978 834 4018 eum
863 3965 1008 4033 vulg.
1038 3965 1201 4019 Cone.
1236 3965 1433 4017 omittit
1454 3965 1586 4027 ’ﬁde.

296 4049 320 4076 ο
355 4035 515 4105 Vulg.
544 4035 708 4090 Cone.
752 4035 954 4088 addunt
992 4035 1222 4105 mediam
1258 4034 1370 4090 fere
1408 4037 1677 4105 paginam,
1723 4037 1814 4093 ubi

218 4104 489 4165 inseritur
519 4107 688 4175 prima
719 4105 969 4174 periodus
1001 4104 1157 4174 hujus
1187 4109 1379 4175 capitis
1403 4104 1558 4161 antea
1593 4109 1811 4163 omissa.

217 4179 276 4236 In
309 4175 421 4233 line
449 4190 628 4231 autem
649 4176 889 4247 epistola;
911 4186 1030 4247 post
1057 4191 1346 4247 congruam
1371 4177 1681 4243 clausulam,
1711 4193 1815 4247 qua

217 4251 408 4305 omnia
437 4249 492 4302 in
521 4247 760 4302 notitiam
789 4245 984 4300 deferri
1011 4245 1183 4310 jubet,
1214 4247 1462 4304 chronica
1504 4247 1617 4303 hinc
1664 4245 1816 4304 nota-

219 4263 408 4305 omnta
437 4264 492 4302 in
521 4263 760 4302 nentiam
789 4263 1183 4366 ueterrtlguoet,
1214 4263 1462 4304 chronica
1504 4263 1617 4303 nazc
1664 4263 1816 4304 nuta-

219 4324 296 4377 tio
320 4319 599 4389 signatur:
630 4315 819 4389 Datuni
846 4315 952 4389 kal.
1011 4315 1140 4389 _'ebr.
1187 4315 1390 4389 Victore
1418 4335 1464 4372 υ.
1496 4334 1542 4373 c.
1577 4320 1816 4383 consule;

218 4387 599 4462 legendumut
630 4387 693 4462 in
723 4387 878 4462 codd.
931 4387 1026 4462 1:11
1064 4397 1116 4443 et
1151 4388 1506 4462 l'liVegctis
1549 4389 1606 4444 S.
1654 4389 1817 4445 Marci

219 4456 570 4518 coiiectionis
611 4458 916 4513 Avellante:
950 4456 1143 4512 Datum
1195 4459 1297 4512 kal.
1351 4457 1506 4529 Febr.
1544 4462 1816 4514 consulatu

229 4531 467 4587 Victoris
492 4546 540 4583 ti.
567 4547 612 4583 c.
646 4531 740 4584 Est
763 4529 1073 4584 consulatus
1092 4531 1216 4583 anni
1238 4529 1364 4584 495.
1394 4531 1446 4583 lu
1470 4530 1627 4584 codd.
1657 4531 1814 4586 Vind.

216 4614 276 4659 et
309 4602 515 4656 Veron.
552 4601 664 4655 lucc
692 4599 927 4654 clausula
964 4600 1316 4655 describitur:
1350 4600 1576 4669 Explicit
1606 4603 1817 4656 rationis

219 4653 511 4729 Quit;qu
533 4653 778 4724 Acacium
803 4653 973 4723 usedc
999 4653 1282 4738 apostolica
1302 4653 1640 4739 competenter
1653 4653 1818 4741 fuisse
1844 4653 1898 4716 Β

222 4747 557 4805 damnatum,
581 4756 669 4795 nec
693 4757 836 4808 posse
861 4756 1166 4810 quemquam
1184 4743 1292 4794 sine
1313 4742 1609 4796 detrimento
1634 4744 1818 4810 anima!

219 4817 342 4885 ejus
369 4815 740 4885 communionis
770 4808 1280 4885 participemc/ﬁci.“
1307 4882 1336 4885 __
1740 4808 1744 4820 ’

298 4884 329 4924 ἀ
366 4884 688 4938 Sirmondus
719 4880 855 4935 hanc
888 4881 1166 4950 epistolam
1198 4880 1364 4938 edidit
1395 4898 1457 4936 ex
1489 4899 1588 4938 ms.
1626 4883 1816 4938 Virdu-

222 4955 408 5011 nensi.
461 4959 596 5008 Ante
642 4955 812 5020 ipsum
852 4950 1103 5010 Mcrlinus
1133 4954 1374 5008 eamdem
1407 4956 1544 5023 typis
1573 4955 1814 5020 dederat,

223 5037 283 5082 at
310 5027 434 5080 sine
457 5026 558 5077 ulla
582 5023 924 5078 distinctione
949 5037 1213 5077 annexam
1244 5025 1585 5091 praecedenti,
1616 5027 1689 5079 uti
1720 5025 1820 5082 hoc

223 5096 425 5151 eodem
471 5095 630 5148 modo
664 5109 769 5146 uno
797 5102 1050 5147 contextu
1079 5091 1365 5147 exhibetur
1416 5095 1467 5146 in
1512 5111 1639 5150 mss.
1695 5095 1814 5151 Vat.

227 5166 396 5231 1340,
430 5176 486 5220 et
517 5164 717 5220 Veneto
752 5165 808 5218 S.
852 5163 1011 5218 Marci
1046 5163 1165 5218 169.
1204 5162 1518 5218 Continetur
1557 5177 1813 5231 praeterea

227 5242 280 5291 in
315 5253 453 5291 ntss.
487 5245 685 5289 nostra:
715 5234 1068 5300 eollectionis,
1103 5235 1156 5286 in
1179 5233 1300 5289 cod.
1335 5233 1534 5291 Veron.
1565 5238 1654 5301 46,
1680 5251 1728 5292 et
1762 5239 1815 5292 iu

225 5306 633 5377 exciitplaribus
661 5306 872 5377 lstdori.
911 5307 1142 5377 Titulum
1163 5320 1320 5377 quem
1361 5309 1684 5373 practixiinus
1724 5324 1818 5361 ex-

228 5374 423 5432 hibent
454 5377 611 5431 codd.
656 5375 864 5430 Tbuan.
907 5388 961 5431 et
991 5375 1144 5430 Vind.
1197 5374 1356 5441 hujus
1385 5379 1717 5433 collectionis
1765 5387 1819 5432 ct

232 5448 590 5506 Veronensis.
636 5445 788 5515 Apud
817 5444 937 5499 lsid.
974 5456 1026 5501 et
1055 5450 1107 5500 in
1138 5445 1258 5501 cod.
1297 5445 1521 5501 Virdun.
1547 5449 1816 5503 SirmOndi

229 5520 353 5574 ham
397 5519 674 5586 inscriptio
718 5518 930 5586 legitur,
971 5533 1130 5585 quam
1179 5520 1441 5584 posterius
1486 5529 1818 5587 compactam

232 5590 530 5654 credimus,
556 5598 666 5642 tum
691 5589 828 5656 quod
857 5591 906 5642 in
940 5589 1044 5644 illis
1073 5589 1460 5656 antiquioribus
1491 5605 1617 5644 mss.
1643 5590 1815 5657 deest,

232 5671 346 5714 tum
377 5660 539 5714 etiam
571 5660 711 5728 quod
744 5659 987 5712 Gelasius
1018 5675 1137 5711 cum
1165 5659 1520 5712 Orientalibus
1546 5677 1648 5714 non
1674 5676 1820 5714 eom-

231 5731 537 5790 municans,
567 5731 666 5783 hac
693 5729 918 5783 formula
948 5742 1073 5783 usus
1103 5744 1205 5782 nou
1238 5732 1402 5784 fuisse
1437 5732 1645 5784 videtur
1680 5748 1694 5786 :
1723 5731 1817 5783 lii-

230 5803 522 5856 lectissimis
551 5801 794 5868 [ratribus
812 5801 1058 5854 universis
1083 5801 1325 5866 rpiscoiiis
1355 5800 1700 5854 Orientalibus
1722 5801 1819 5852 (je-

233 5871 416 5927 lasius.
453 5872 564 5928 Etsi
588 5871 904 5931 principium
945 5871 1187 5925 videatur
1219 5869 1426 5932 deesse.
1469 5871 1603 5926 nihil
1639 5885 1816 5928 tamen

1919 3401 2131 3456 Nullum
2157 3403 2444 3458 discrimen
2469 3411 2507 3439 In
2526 3417 2728 3469 rerum,
2759 3405 2902 3460 nulla
2930 3407 3254 3464 examinatio
3271 3411 3502 3478 postula.

1923 3496 2080 3549 batur
2108 3493 2388 3554 Ecclesia;
2421 3489 2513 3550 sc’d
2543 3502 2700 3563 prout
2725 3495 2793 3550 de
2819 3489 3144 3568 unoquoque
3183 3501 3419 3557 venisset
3449 3503 3502 3561 in

1927 3597 2179 3653 mentem,
2212 3589 2279 3644 de
2323 3588 2432 3643 suis
2468 3588 2689 3642 urbibus
2734 3589 3030 3646 catholicus
3067 3593 3364 3662 pellebatur
3393 3597 3502 3666 cpi.

1927 3697 2138 3752 scopus,
2171 3695 2273 3736 nou
2306 3677 2478 3736 solum
2511 3681 2975 3750 metropolitanus,
3003 3683 3098 3740 sed
3139 3686 3300 3741 etiam
3333 3689 3504 3744 tertias

1921 3820 2180 3890 ejusmodi
2203 3820 2416 3890 codices
2440 3819 2694 3876 indicant.
2726 3819 2780 3874 ld
2803 3833 2933 3876 vero
2957 3811 3241 3876 cummune
3261 3832 3342 3878 est
3369 3824 3505 3878 duo-

1922 3889 2022 3947 bus
2062 3891 2181 3946 aliis
2217 3889 2453 3960 ejusdem
2496 3891 2693 3947 Gelasii
2731 3890 3070 3956 tractatibus,
3110 3908 3334 3962 quorum
3367 3896 3504 3950 alter

1924 3965 2172 4032 superius
2196 3962 2423 4015 habetur
2448 3976 2496 4016 c.
2528 3964 2618 4028 47,
2654 3965 2791 4018 alter
2817 3974 2953 4032 vero
2987 3976 3018 4016 e
3071 3963 3286 4018 laudato
3319 3967 3506 4022 codice

1923 4030 2216 4088 Veronensi
2247 4033 2423 4087 editus
2453 4034 2549 4086 luit
2576 4049 2604 4086 a
2627 4033 2878 4098 Scipione
2906 4030 3134 4100 Maﬂ'eio,
3159 4043 3198 4089 t.
3233 4033 3274 4088 V
3297 4037 3502 4092 Concil.

1923 4103 2055 4158 Ven.
2093 4105 2362 4174 edit.col:
2404 4102 2524 4166 185,
2566 4118 2686 4158 cum
2729 4106 2881 4160 titulo
2915 4122 2930 4160 :
2963 4102 3244 4174 Exemplar
3291 4108 3506 4174 rationis

1922 4174 2194 4228 reddenda:
2218 4173 2278 4226 Β.
2323 4171 2518 4228 Gelasii
2562 4190 2714 4242 parte
2754 4176 2819 4230 de
2869 4171 3508 4231 evitanda’communione

1925 4245 2096 4318 Acacii
2117 4246 2268 4318 inissa
2289 4245 2356 4296 ad
2385 4244 3299 4318 Orientalesepiscopos.Quesnell_us
3322 4258 3376 4302 ut
3393 4251 3508 4316 epi-

1924 4316 2114 4370 stolam
2146 4315 2298 4369 initio
2324 4317 2565 4386 mutilam
2600 4315 2876 4381 indicaret,
2912 4320 3122 4372 titulum
3153 4315 3272 4371 huic
3300 4321 3498 4386 capiti,

1925 4400 2082 4458 quem
2104 4388 2156 4458 in
2180 4386 2327 4458 nullo
2345 4385 2530 4442 codice
2554 4386 2876 4458 invenimus,
2897 4390 2975 4444 sic
3002 4387 3253 4455 praeﬁxit:
3290 4384 3504 4458 Ex’epié-

1925 4457 2056 4510 stola
2107 4455 2297 4510 Gelasii
2326 4473 2493 4525 paper.
2541 4455 2693 4508 lintio
2731 4458 2950 4522 reddita,
2987 4458 3119 4510 unde
3157 4455 3506 4525 superius,“

1928 4478 2056 4510 "0U!
2107 4478 2294 4510 υειαειι
2326 4478 2493 4525 papa’.
2541 4478 2693 4508 ιυιιιο
2731 4478 2950 4522 reaaua,
2987 4478 3119 4510 ttnac
3157 4478 3215 4510 su
3239 4478 3409 4521 )CHUS,
3437 4478 3505 4514 αα

1928 4528 2191 4596 episropos
2228 4527 2480 4599 Orientis;
2503 4537 2555 4599 ct
2580 4531 2801 4580 iterum:
2838 4528 2919 4582 Ea:
2946 4525 3159 4597 epistola
3190 4478 3383 4582 delasii
3411 4547 3506 4599 pa-

1927 4614 2008 4667 pa?
2035 4605 2102 4651 ad
2135 4597 2421 4650 Orientales
2449 4598 2732 4665 episcopos,
2763 4610 2876 4667 post
2907 4600 3032 4654 alia.

1998 4680 2020 4703 υ
2046 4669 2293 4737 intelligit
2319 4668 2534 4740 l’ctrum
2562 4667 2860 4740 Fullonem,
2894 4683 3052 4738 quem
3077 4668 3129 4723 in
3150 4669 3503 4740 praecedenti-

1922 4738 2041 4805 bus,
2073 4739 2372 4812 quminitio
2399 4738 2611 4803 desunt,
2654 4738 2818 4794 fuisse
2855 4738 3188 4796 nominatum
3231 4741 3502 4812 haudth

1920 4825 2076 4879 quam
2107 4809 2443 4877 ambigimus.

1998 4879 2015 4917 ί
2047 4879 2385 4947 Sirtnundus,
2417 4890 2757 4946 removerunt,
2781 4891 3018 4936 cumtum
3047 4882 3300 4936 evidenter
3329 4883 3506 4935 adver-

1921 4960 2102 5006 terent.
2140 4951 2332 5006 Veron.
2365 4966 2574 5020 quoque
2596 4950 2764 5006 Codex
2790 4950 2947 5008 habet
2975 4953 3310 5005 adverterent.

1995 5031 2019 5067 8
2065 5022 2224 5077 Sirm.
2268 5022 2415 5075 addit
2464 5037 2672 5085 eorum;
2710 5037 2774 5076 ac
2811 5023 2954 5091 dein,
2995 5023 3160 5091 qualis
3199 5021 3500 5075 Antiochia’.

1929 5092 2045 5147 Vat.
2081 5095 2146 5148 Is.
2180 5093 2284 5147 650
2305 5101 2359 5146 et
2378 5091 2552 5156 Mcrl.,
2582 5093 2636 5145 in
2664 5094 2954 5148 Antiochia.

1996 5164 2022 5201 ’λ
2055 5163 2162 5231 AL,
2196 5164 2531 5234 contigerint;
2553 5173 2609 5234 et
2636 5176 2840 5232 postea,
2870 5165 3178 5234 ignorarent.

2005 5235 2017 5270 ί
2051 5230 2240 5296 Oxon.,
2275 5230 2561 5303 manifesta.
2590 5230 2720 5288 Dein
2754 5250 2849 5304 quo
2878 5230 3002 5286 s'atis
3032 5230 3342 5304 scripsimus
3379 5245 3502 5287 cum

1929 5305 2086 5360 Vind.
2118 5315 2173 5361 et
2201 5307 2341 5375 vulg.
2372 5305 2537 5360 Cunc.
2572 5305 2723 5371 Apud
2751 5306 2976 5372 Quesn.,
3005 5303 3141 5370 quod
3177 5304 3324 5354 satis.

2000 5377 2013 5425 i
2059 5375 2171 5429 Vat.
2203 5375 2270 5431 Is.
2296 5385 2349 5430 et
2378 5375 2554 5441 Merl.,
2585 5387 3076 5441 excusationemque.

1999 5456 2020 5482 κ
2049 5447 2272 5513 Quesn.,
2305 5447 2558 5511 concludi,
2603 5456 2650 5500 et
2686 5447 3045 5498 convincuntur
3076 5459 3177 5496 non
3220 5444 3336 5496 nisi.
3363 5445 3507 5503 Prae.

1928 5516 2147 5572 tulimus
2178 5529 2387 5572 nostros
2426 5518 2582 5570 codd.
2613 5531 2689 5579 ac
2728 5515 2938 5569 Tbuan.
2979 5513 3294 5583 quibuscum
3343 5519 3505 5576 etiam

1930 5590 2088 5643 Sirm.
2118 5588 2402 5641 consentit.
2424 5589 2540 5642 Mox
2572 5588 2751 5641 Oxon.
2775 5585 2918 5640 delet
2945 5586 3218 5639 residuam.

2005 5659 2021 5696 ι
2050 5659 2202 5726 Apud
2228 5658 2451 5726 Quesn.,
2486 5659 2759 5724 mendose,
2784 5656 3077 5711 consultati.
3130 5725 3135 5726 ί
3545 5713 3548 5716 ,

2000 5740 2036 5765 ηι
2066 5725 2268 5795 Quesn.
2303 5744 2420 5783 cum
2454 5729 2570 5782 solo
2612 5742 2714 5782 ms.
2753 5727 2958 5794 Oxon.,
2998 5725 3088 5780 rei.
3122 5725 3250 5782 Dein
3285 5727 3396 5783 Vat.
3432 5729 3500 5786 ls.

1927 5811 1981 5856 ct
2009 5801 2182 5866 Merl.,
2201 5799 2471 5864 unicuique
2493 5800 2702 5854 venisset
2717 5816 2733 5866 ,°
2753 5814 2814 5856 ac
2837 5806 2956 5869 post
2983 5811 3144 5867 pauca
3174 5812 3291 5854 cum
3314 5799 3502 5867 Sirm.,

1925 5873 2058 5928 scitis
2085 5875 2306 5934 antistes.
