3996 6344
563 389 674 472 ὀδε
1041 413 1072 460 .’
1128 413 1161 462 τ

1485 409 1824 466 APPENDIX
1863 411 1955 466 AD
1992 411 2048 466 S.
2090 410 2331 468 LEONIS
2369 412 2583 470 MAGNI
2622 413 2870 470 OPERA.
2930 485 2950 502 .

3703 422 3791 480 856

563 539 622 585 et
647 525 898 584 secunda
921 525 1066 584 sedis
1090 525 1376 582 antistites.
1407 523 1460 578 In
1487 522 1738 578 bisnulla
1768 539 1946 578 rerum
1973 523 2132 578 vesti-
2163 525 2214 584 Α
2239 533 2391 578 catur
2436 524 2682 595 objectis.
2726 525 2853 580 Post
2891 524 3282 581 confessionem
3323 540 3485 596 porro
3516 525 3788 588 litterarum

561 621 707 693 gatio
733 619 1089 687 quaerebatur,
1115 619 1259 674 nulla
1291 617 1527 672 facienda
1557 625 1583 653 ει
1608 617 1827 671 concilia
1856 617 2133 683 jactaban-

561 723 680 778 tur;
717 713 1141 782 subrogabantur
1177 710 1432 774 haeretici,
1476 725 1634 764 nemo
1678 709 1969 763 resultabnt
1996 727 2008 761 :
2038 709 2132 763 sed

560 807 705 862 velut
743 814 884 861 muta
933 819 1122 874 pecora
1155 805 1205 858 in
1255 805 1557 871 captionem
1603 802 1758 856 ducta
1796 801 2019 856 subditis
2042 819 2136 854 vn-

557 897 847 952 Iuntatibus
869 897 1141 966 perfidiam
1171 895 1532 951 sectabantur.
1559 893 1675 948 Non
1703 895 1894 948 mirum
1917 894 2131 963 quidem

556 989 602 1044 si
632 1004 772 1044 nunc
814 1003 907 1042 eos
935 986 1226 1042 defendere
1268 986 1575 1048 moliantur.
1615 1001 1839 1053 quorum
1871 983 2132 1040 indiscus-

555 1097 668 1136 sam
699 1082 856 1137 caecis
887 1079 1154 1135 mentibus
1180 1080 1350 1136 secuti
1381 1087 1505 1134 sunt
1530 1075 1558 1116 δ
1590 1077 1844 1132 vilitatem
1871 1094 1884 1130 :
1917 1078 2008 1132 sed
2034 1077 2131 1131 mi-

555 1189 735 1228 ramur
761 1189 858 1228 cur
877 1187 970 1226 eos
999 1189 1106 1227 non
1139 1172 1339 1242 pudeat
1365 1171 1417 1225 in
1447 1173 1670 1226 istorum
1695 1170 2036 1224 damnatione
2062 1169 2130 1226 de

553 1266 764 1337 synodo
792 1281 896 1320 non
928 1265 1064 1320 facta
1100 1264 1331 1328 causari,
1363 1279 1485 1318 cum
1529 1263 1702 1318 sciant
1741 1271 1819 1317 tot
1846 1271 2129 1332 tantosque

552 1355 834 1426 pontiﬁces
865 1356 1007 1410 nulla
1037 1354 1243 1427 synodo
1273 1354 1438 1408 fuisse
1467 1352 1736 1422 depulsos.
1765 1363 1788 1390 α
1816 1351 1870 1406 In
1901 1353 2126 1409 istorum

553 1447 814 1516 cjectioue
839 1446 907 1500 de
929 1462 1035 1500 non
1069 1446 1202 1500 inito
1229 1443 1456 1500 concilio
1479 1451 1897 1512 conqueruntur,
1929 1457 2127 1513 cogno-

550 1549 703 1594 scant
730 1553 790 1593 se
815 1553 912 1593 cur
939 1553 1046 1592 non
1091 1548 1142 1592 et
1168 1537 1268 1590 hoc
1309 1536 1361 1590 in
1385 1535 1610 1591 aliorum
1642 1534 1906 1604 ejectione
1933 1533 2126 1604 qutcsi-

548 1633 725 1686 verint
760 1629 1038 1685 accusari:
1069 1625 1095 1665 ά
1118 1629 1162 1684 si
1200 1642 1330 1684 vero
1369 1626 1423 1682 in
1469 1635 1786 1682 caeterorum
1833 1625 2126 1692 rejectione

545 1722 768 1780 concilia
793 1720 1092 1777 necessaria
1117 1735 1222 1774 non
1253 1719 1489 1784 fuerunt,
1515 1733 1612 1773 nec
1643 1719 1694 1772 in
1729 1717 1844 1772 istis
1875 1733 2124 1773 necessa-

545 1814 624 1869 ria
657 1812 819 1867 fuisse
844 1819 1191 1882 cognoscant.
1220 1809 1300 1864 An
1331 1809 1383 1864 in
1405 1807 1792 1887 catholicorum
1821 1809 2124 1878 dejectione

2240 624 2426 670 tenore
2454 616 2840 685 depromptam,
2873 632 2968 671 cur
2997 616 3334 686 adjudicium
3366 629 3648 674 vocaretur
3671 624 3792 678 Aca-

2237 710 2371 775 cius,
2403 712 2492 780 qui
2517 725 2576 766 se
2598 709 2876 766 confessus
2905 719 2984 765 est
3007 709 3188 778 Petro,
3225 709 3240 748 ί
3279 727 3438 780 quem
3478 711 3639 781 petita
3666 714 3791 770 sedis

2236 802 2544 870 apostolicae
2577 803 2933 872 praeceptione
2964 803 3265 869 damnarat,
3307 804 3678 860 communione
3715 823 3791 864 so-

2235 895 2438 960 ciasse;
2470 909 2569 950 nec
2589 894 2639 950 ei
2668 895 2814 950 credi
2851 894 2959 962 jam
2990 903 3226 951 externa:
3269 897 3660 951 communionis
3682 898 3792 955 elle-

2233 995 2340 1052 cto,
2371 986 2452 1040 vel
2485 1001 2579 1052 pro
2605 1001 2720 1050 sua,
2764 985 2846 1041 vel
2877 1002 2974 1056 pro
3005 986 3241 1053 illorum,
3275 987 3356 1042 vel
3404 1002 3502 1055 pro
3535 987 3672 1043 Petri
3714 992 3791 1047 de-

2232 1076 2472 1133 fensione
2492 1077 2601 1148 jam
2628 1086 2832 1146 posset,
2875 1077 2961 1133 cui
2992 1092 3051 1133 se
3080 1078 3228 1147 prius
3253 1078 3545 1134 miscuerat
3591 1079 3791 1138 nefando

2230 1169 2520 1236 consortio,
2557 1168 2572 1220 i
2611 1169 2917 1240 feceratque
2955 1183 3142 1226 secum
3167 1171 3285 1240 ejus
3312 1184 3531 1225 causam
3582 1171 3690 1227 sine
3711 1174 3792 1228 du-

2229 1259 2493 1315 bitatione
2519 1260 2897 1314 communem?
2938 1259 3048 1326 cui,
3098 1259 3505 1316 examinatione
3539 1262 3790 1330 prtemissa

2228 1360 2281 1405 et
2314 1351 2570 1421 legitima,
2596 1351 2639 1404 si
2664 1349 2735 1404 ita
2765 1358 2930 1416 esset,
2963 1349 3278 1420 purgatione
3305 1361 3583 1420 suscepto,
3617 1353 3790 1420 regula.

2227 1441 2358 1497 riter
2388 1442 2724 1498 misceretur.
2758 1441 2866 1498 Sed
2905 1455 3027 1496 cum
3071 1440 3263 1497 eodem
3312 1441 3551 1497 nondum
3585 1441 3789 1512 legitime

2227 1525 2469 1590 discusso
2499 1544 2656 1605 atque
2683 1542 2908 1605 purgato
2935 1532 3317 1590 communione
3353 1533 3619 1598 sociatus,
3655 1550 3786 1604 quam

2225 1625 2403 1682 adhuc
2427 1641 2519 1682 reo
2551 1641 2610 1682 se
2639 1625 2874 1693 miscuit,
2905 1636 3010 1681 tam
3054 1641 3154 1698 pro
3178 1641 3244 1682 eo
3278 1625 3532 1696 loquendi
3568 1625 3786 1681 ﬁduciam

2227 1733 2331 1772 non
2365 1716 2572 1773 habuit.
2603 1715 2734 1772 Nam
2767 1731 2890 1773 cum
2920 1717 3148 1773 Aeacius
3177 1716 3325 1773 nullo
3354 1717 3644 1789 privilegio
3665 1717 3787 1774 fulci-

2225 1818 2464 1874 retur,ut
2487 1809 2554 1863 dc
2580 1808 2815 1864 secunda
2843 1808 2971 1865 sede
2991 1817 3175 1877 posset
3190 1807 3636 1879 ferrejudicium;
3655 1813 3678 1848 κ
3703 1824 3786 1864 non

545 1923 650 1961 non
677 1906 772 1961 fuit
800 1921 936 1976 opus
955 1905 1179 1974 synodo,
1203 1911 1257 1959 ct
1279 1903 1376 1958 fuit
1396 1917 1718 1972 magnopere
1743 1903 2115 1974 congreganda
2146 1897 2194 1957 B
2223 1904 2396 1972 potuit
2413 1902 2535 1971 jure
2561 1917 2882 1972 quemquam
2913 1903 3168 1958 damnare
3211 1919 3226 1956 :
3258 1901 3422 1958 simili
3476 1903 3662 1969 modo,
3706 1902 3786 1960 nisi

543 1997 598 2054 in
633 1995 1058 2066 praevaricatoris
1085 1993 1431 2050 damnatione
1453 1993 1725 2048 confessi?

612 2091 741 2146 Car.
771 2090 857 2146 III.
883 2118 953 2133 —
973 2089 1108 2158 Quid
1135 2089 1294 2160 igitur
1321 2097 1507 2154 restat,
1537 2070 1638 2142 nisi
1666 2086 1919 2142 utdicant
1945 2101 2117 2143 utere-

541 2185 678 2240 ticos
697 2200 802 2239 non
832 2183 1031 2238 fuisse?
1062 2181 1176 2238 Non
1223 2196 1351 2252 ergo
1392 2182 1459 2236 de
1505 2181 1711 2253 synodo
1737 2191 1758 2217 θ
1783 2195 2117 2250 conqueran-

537 2287 649 2346 tur,
679 2279 771 2348 qui
815 2291 876 2333 se
916 2276 1090 2348 palam
1131 2274 1527 2331 communionis
1565 2282 1800 2329 externa:
1835 2273 2119 2341 perhibent

536 2377 851 2427 sectatores.
889 2367 1000 2424 Cur
1039 2381 1167 2437 ergo
1206 2366 1286 2421 eis
1333 2363 1571 2437 synodus
1617 2363 1916 2419 necessaria
1954 2364 2118 2418 fuisse

536 2461 802 2524 videatur,
819 2461 905 2529 qui
936 2474 995 2512 se
1015 2457 1178 2528 364
1195 2465 1380 2512 contra
1397 2454 1888 2510 Chalcedonensem
1907 2454 2118 2510 venisse

533 2561 886 2622 cognoscunt,
917 2563 1021 2620 qua
1048 2547 1410 2618 Eutychianus
1431 2561 1582 2602 error
1608 2543 1628 2583 ¹
1654 2559 1775 2601 cum
1804 2545 1913 2601 suis
1939 2557 2119 2600 aucto.

532 2641 685 2698 ribus
706 2640 973 2712 generalis
998 2639 1255 2695 Ecclesia:
1278 2653 1407 2693 voce
1426 2637 1710 2693 damnatus
1737 2640 1858 2694 est?
1887 2637 1996 2694 Nec
2019 2639 2118 2692 du-

533 2731 705 2799 bium,
738 2731 902 2802 quod,
929 2740 954 2778 8
984 2731 1120 2786 sicut
1150 2730 1202 2785 in
1232 2744 1550 2800 unaquaque
1597 2729 1788 2785 bmresi
1838 2729 2000 2800 (quod
2033 2731 2114 2785 in-

531 2824 864 2881 cessabiliter
895 2822 1244 2894 repetendum
1274 2831 1376 2886 est,
1401 2822 1522 2892 quia
1550 2821 1764 2876 ﬁrmum
1791 2835 1912 2877 esse
1938 2819 2116 2876 nullus

529 2917 750 2986 atnbigit
793 2913 1154 2984 Christianus)
1193 2927 1383 2969 omnes
1423 2912 1740 2982 complices,
1792 2919 2111 2978 sectatores,

527 3007 1012 3064 communicatores
1040 3006 1307 3062 damnata:
1333 3003 1499 3059 semel
1518 3002 1802 3074 pravitatis
1825 3002 1941 3072 pari
1967 3012 2114 3059 sorte

525 3089 837 3156 censentur.
875 3097 1104 3168 Ideoque
1144 3097 1216 3152 sit
1256 3108 1592 3164 consequens
1642 3101 1699 3148 ut
1748 3094 1885 3148 sicut
1935 3092 2114 3147 Timo-

528 3193 684 3248 theus
714 3202 874 3262 atque
898 3194 1082 3245 l’etrus
1113 3189 1296 3244 talium
1323 3196 1614 3242 sectatores
1642 3185 1936 3240 secundum
1961 3194 2111 3239 teno-

2221 1995 2406 2064 prima:
2428 1996 2570 2050 sedis
2582 1994 2741 2067 365
2756 1996 3071 2050 auctoritate
3086 2005 3356 2064 percepta,
3377 2007 3478 2050 nec
3498 1994 3783 2051 examiuam

2218 2087 2271 2142 di
2301 2085 2443 2142 Petri
2473 2087 2560 2154 jus
2583 2087 2787 2152 habuit,
2821 2101 2918 2142 nec
2942 2085 3442 2156 recipiendipenitus
3465 2093 3783 2156 potestatem.

2289 2177 2417 2233 Car.
2452 2177 2540 2232 IV.
2563 2207 2632 2218 —-
2659 2174 2674 2213 ¹
2702 2177 2818 2242 Quo
2858 2176 3174 2248 regulariter
3199 2177 3493 2232 constituto
3509 2219 3524 2243 ,
3547 2193 3649 2234 nec
3671 2178 3782 2249 apud

2223 2284 2322 2326 nos
2362 2270 2519 2325 Petro
2565 2269 2830 2326 ullatenus
2859 2268 3104 2324 absoluto
3135 2307 3152 2338 ,
3181 2284 3342 2338 quem
3371 2269 3663 2326 damnasse
3703 2285 3781 2326 nos

2219 2363 2484 2429 novimus,
2512 2364 2848 2418 examinasse
2879 2363 2966 2418 vel
2991 2362 3285 2419 absolvisse
3315 2362 3614 2430 nescimus,
3644 2372 3782 2422 restat

2220 2464 2280 2511 ut
2305 2456 2430 2510 illud
2459 2455 2618 2512 etiam
2640 2455 3090 2523 demonstremus,
3118 2456 3364 2512 eumdem
3392 2457 3614 2513 Petrum
3645 2473 3779 2528 quem

2221 2564 2281 2606 se
2297 2559 2574 2620 purgatum
2591 2548 2964 2606 communione
2976 2551 3244 2620 recepisse
3259 2550 3547 2620 praetendit
3561 2553 3780 2615 Aeacius,

2225 2659 2496 2714 nunquam
2529 2645 2598 2698 ab
2628 2643 2890 2700 lizereticte
2919 2643 3314 2699 communionis
3337 2646 3652 2716 contagione
3684 2659 3780 2700 ces-

2221 2749 2372 2790 sasse
2400 2743 2439 2771 ιιι
2467 2753 2478 2786 :
2503 2748 2567 2789 ac
2595 2748 2699 2790 non
2729 2733 2902 2789 solum
2929 2732 3045 2804 ipso
3075 2743 3339 2804 tempore,
3371 2751 3480 2806 quo
3508 2737 3779 2792 cotnmuni«

2221 2829 2362 2882 cavit
2389 2827 2615 2882 Aeacius
2638 2870 2656 2894 ,
2685 2828 2777 2884 sed
2801 2828 2960 2883 etiam
2988 2838 3109 2899 post
3134 2830 3569 2886 communionem
3598 2847 3776 2902 praeva~

2218 2917 2466 2974 ricatoris
2486 2919 2663 2974 Acacii
2689 2933 2903 2987 semper
2923 2918 3341 2974 Alexandrinum
3369 2921 3586 2977 Petrum
3607 2922 3654 2976 in
3686 2922 3775 2976 Ine-

2215 3010 2507 3066 reticorum
2539 3009 2764 3079 collegio
2787 3011 3124 3078 perdurasse.
3157 3008 3332 3081 Atque
3354 3011 3426 3064 ita
3455 3019 3512 3067 et
3537 3027 3627 3081 per
3653 3011 3775 3067 hunc

2214 3100 2467 3157 Acacium
2501 3101 2718 3171 perﬁda:
2739 3101 3128 3156 communionis
3153 3103 3457 3172 suscepisse
3477 3104 3774 3174 contagium,

2219 3201 2275 3247 et
2303 3207 2398 3262 per
2433 3193 2677 3247 eamdem
2710 3191 2812 3245 illis
2843 3191 3133 3257 haereticis,
3160 3192 3353 3261 quibus
3373 3201 3403 3230 ιι
3435 3193 3624 3249 Petrus
3646 3208 3771 3248 com-

524 3300 642 3344 rem
671 3285 813 3341 illius
841 3284 1050 3357 synodi,
1077 3284 1220 3338 nulla
1244 3283 1447 3338 recenti
1479 3283 1612 3336 facta
1645 3281 1956 3350 pontiﬁcum
1981 3295 2106 3333 con-
2135 3281 2182 3346 C
2213 3283 2536 3347 municabat,
2563 3281 2749 3338 eadem
2768 3290 2918 3352 peste
2941 3283 3311 3352 conjunctum.
3332 3285 3434 3350 Qui
3454 3283 3771 3353 praasumpsit

524 3378 834 3450 gregatione
862 3374 1098 3431 damnati
1141 3381 1304 3430 sunt:
1339 3375 1418 3429 sic
1449 3373 1611 3428 etiam
1662 3371 1752 3442 qui
1784 3372 1941 3426 Petro
1964 3385 2111 3424 com-

525 3469 820 3527 municavit
848 3468 1096 3531 Acacius,
1123 3476 1180 3521 ut
1198 3465 1440 3522 criminis
1468 3465 1758 3536 particeps,
1785 3465 1855 3518 ita
1886 3478 2108 3518 consors

523 3565 594 3620 sit
623 3563 795 3620 factus
818 3572 872 3618 et
900 3576 1092 3632 pmnaa.
1117 3561 1255 3627 Quid
1291 3559 1452 3629 igitur
1473 3557 1783 3627 ambagibus
1814 3569 1863 3610 et
1897 3557 2108 3610 nebulis

520 3656 624 3712 ista
673 3663 991 3725 praetexunt,
1033 3664 1086 3708 ut
1131 3651 1512 3721 impudentiam
1560 3665 1712 3703 suam
1767 3658 2106 3717 mentemque

520 3760 772 3802 vesanam
824 3745 1071 3798 inanibus
1101 3743 1279 3813 potius
1331 3741 1522 3795 fabulis
1550 3740 1574 3776 ιι
1605 3741 1781 3794 celare
1815 3739 2101 3804 Ictbaliter,

519 3856 680 3910 quam
735 3838 1012 3908 prodendo
1052 3834 1444 3891 medicinaliter
1489 3848 1681 3886 sanare
1742 3831 2107 3886 contendant?

518 3930 660 3990 Nihil
689 3931 834 3985 enim
866 3929 1024 3983 nobis
1051 3940 1338 3982 commune
1365 3939 1488 3978 cum
1538 3922 1842 3976 hominibus
1870 3937 2110 3977 commu—

519 4020 696 4076 nionis
725 4029 982 4074 externae.
1009 4017 1133 4072 Ideo
1164 4027 1314 4071 certe
1345 4026 1570 4070 vocatur
1597 4013 1662 4067 ad
1687 4014 1944 4083 judicium
1961 4029 2108 4083 quie-

518 4126 729 4173 cunaue
756 4123 1008 4181 persona,
1039 4119 1098 4164 ut
1127 4119 1219 4164 aut
1247 4108 1477 4164 fateatur
1501 4107 1733 4178 objecta,
1758 4119 1849 4162 aut
1879 4107 2106 4162 convin-

590 4261 616 4289 "
645 4249 819 4306 Oxon.
850 4264 974 4315 ms.,
1007 4245 1369 4302 conciliabula.

587 4321 616 4361 ιι
645 4323 716 4375 Ita
745 4320 903 4376 codd.
932 4312 1357 4384 Vind.,Tbuan.,
1378 4312 1554 4373 Veron
1585 4357 1603 4382 ,
1630 4316 1751 4371 Vat.
1781 4318 1918 4372 Is.et
1938 4317 2090 4372 Meri.

519 4392 858 4461 Quesnellus,
883 4392 1213 4444 voluntatem.
1248 4389 1435 4452 Sirm.,
1465 4389 1753 4442 utilitatem.
1789 4389 1917 4444 Dein
1944 4389 2090 4443 solus

519 4464 721 4534 Quesn.
751 4463 895 4518 addit
922 4463 1074 4534 etiam
1097 4470 1221 4534 ante
1242 4476 1355 4534 cunt
1377 4461 1557 4534 sciant.

593 4545 615 4572 ο
643 4533 804 4588 Sirm.
826 4548 946 4586 cum
986 4533 1097 4585 Vat.
1133 4531 1200 4584 Is.
1225 4542 1277 4586 et
1299 4530 1520 4584 Ilerliuo
1539 4529 1688 4583 addit
1717 4529 1796 4583 Si.
1831 4527 1955 4583 Mox
1978 4543 2093 4582 om-

521 4620 617 4659 nes
647 4603 810 4656 nostri
847 4603 1005 4656 codd.
1042 4611 1096 4655 et
1139 4602 1306 4670 vulg.,
1351 4601 1653 4672 rejectione;
1695 4601 1843 4672 solus
1866 4600 2090 4672 Quesn.,

2216 3390 2323 3431 non
2354 3383 2572 3430 servato
2599 3374 2788 3430 ordine
2819 3374 3034 3428 Petrum
3068 3374 3363 3445 suscipere,
3396 3391 3496 3432 nec
3521 3391 3635 3432 eum
3657 3391 3770 3431 exa-

2216 3469 2472 3523 minatum
2502 3507 2516 3531 ,
2546 3481 2644 3520 nec
2683 3473 2960 3536 purgatum
2990 3467 3331 3536 cognoscitur
3373 3467 3636 3538 recepisse
3665 3485 3677 3519 :
3723 3473 3770 3521 et

2213 3559 2336 3614 ideo
2364 3569 2558 3627 praeter
2586 3557 2730 3612 sedis
2750 3558 3058 3626 apostolicae
3084 3559 3328 3613 notitiam
3372 3575 3481 3615 non
3507 3561 3765 3630 legitimam

2211 3650 2312 3704 sibi
2331 3650 2447 3718 ejus
2475 3648 2834 3716 ieceptionem
2871 3664 3132 3718 usurpare
3161 3650 3421 3716 voluisse,
3443 3663 3502 3706 ut
3520 3651 3765 3706 examina-

2213 3743 2414 3796 tionem
2443 3736 2872 3810 etpurgationetit
2893 3740 3010 3810 ejus
3044 3750 3224 3810 posset
3257 3757 3354 3810 pro
3379 3756 3478 3797 sua
3513 3743 3761 3798 voluntate

2215 3842 2240 3870 ο
2258 3833 2462 3897 metiri;
2489 3843 2644 3900 atque
2661 3845 2782 3886 eum
2805 3846 2902 3886 nec
2919 3835 3277 3887 examinatum
3304 3849 3404 3888 nec
3420 3836 3633 3888 omnino
3651 3847 3759 3902 pur-

2212 3933 2390 3993 gatum
2412 3923 2694 3993 reciperet.
2728 3923 2896 3990 Quem
2928 3924 2972 3977 si
3024 3937 3210 3979 revera
3245 3926 3408 3982 vellet
3430 3929 3758 3982 examinatum

2212 4025 2600 4083 purgatumque
2621 4013 2878 4083 recipere,
2897 4013 3140 4069 ordinem
3173 4016 3227 4070 in
3255 4016 3374 4086 ejus
3399 4017 3756 4073 examinatione

2215 4116 2243 4156 ι)
2262 4114 2320 4160 et
2339 4106 2650 4174 receptione
2676 4105 2852 4174 potius
2866 4105 3206 4175 custodisset,
3225 4119 3254 4159 (ι
3269 4109 3361 4164 sed
3385 4119 3446 4164 ut
3460 4111 3620 4181 magis
3639 4107 3752 4163 vide-

2202 4246 2284 4320 lus
2310 4246 2535 4320 Quesn.,
2566 4263 2658 4301 nec
2685 4249 2818 4301 enim
2855 4249 2902 4302 ei
2933 4252 3049 4320 jam
3079 4249 3250 4312 credi;
3279 4263 3343 4304 ac
3391 4251 3613 4306 subinde
3636 4250 3750 4305 delet

2199 4317 2399 4388 velipro
2419 4319 2644 4384 illorum,
2673 4334 2733 4372 ac
2751 4321 2864 4388 jam
2883 4317 3007 4374 ante
3029 4330 3213 4388 posset.

2281 4386 2571 4461 i’rQuesn"
2604 4386 2893 4461 feceratque
2918 4386 3276 4460 ejus—causam.
3304 4389 3530 4459 Veron.,
3559 4391 3668 4446 Vat.
3695 4391 3746 4444 Is.

2201 4467 2248 4534 et
2276 4459 2438 4534 Sirm.
2454 4463 2576 4534 cum
2605 4475 2703 4513 tns.
2721 4459 2962 4534 Thuan.,
2977 4467 3260 4534 feceratque
3283 4478 3336 4514 se
3350 4479 3465 4516 cum
3482 4466 3586 4534 ejus
3603 4477 3746 4534 causa.

2203 4529 2390 4582 Melior
2416 4529 2525 4583 visa
2551 4542 2632 4584 est
2655 4532 2839 4598 optimi
2866 4531 2986 4585 cod.
3031 4529 3190 4588 Vind.
3238 4533 3418 4586 lectio.
3471 4529 3591 4588 l)'.ein
3633 4533 3743 4585 idem

2201 4598 2361 4672 Vind.
2385 4616 2503 4672 cum
2537 4600 2757 4667 Veron.,
2787 4619 2888 4672 qua
2923 4605 3314 4656 examinatione.
3357 4601 3487 4658 Post
3528 4602 3743 4658 nonnulla

521 4675 816 4747 dejectione.
847 4673 1169 4747 Dein__babet
1190 4666 1660 4747 cognoscant__ergo
1689 4687 1772 4736 se;
1803 4669 2098 4724 delevimus
2121 4666 2176 4728 D
2200 4671 2360 4747 codd.
2389 4671 2617 4747 Veron.,
2648 4666 2770 4747 Vat.
2800 4666 2906 4747 'ls.,
2945 4673 3108 4747 Sirm.
3139 4683 3194 4727 et
3230 4673 3410 4741 κει-1.,
3446 4686 3547 4728 tam
3572 4689 3654 4745 pro
3676 4688 3744 4727 eo-

521 4741 638 4814 ergo
669 4759 788 4797 cum
813 4758 940 4796 mss.
973 4742 1157 4808 Vind.,
1190 4741 1385 4796 Veron.
1419 4750 1474 4795 et
1502 4741 1664 4794 Sirm.

591 4813 616 4853 δ
649 4813 934 4882 Sequentia
981 4812 1137 4880 hujus
1176 4812 1367 4879 capitis
1407 4812 1677 4866 desiderat
1721 4809 1842 4882 cod.
1887 4811 2094 4866 Thuan.

519 4887 711 4943 Postea
741 4881 935 4954 synodo
961 4885 1110 4935 deest
1137 4882 1276 4949 apud
1303 4883 1464 4936 Sirm.
1489 4893 1541 4936 et
1569 4883 1619 4935 in
1655 4897 1753 4954 ms.
1793 4881 1950 4954 Vind.

594 4967 617 4995 ο
650 4953 876 5024 Queru.,
901 4961 1383 5024 conqueruntur,ret
1414 4963 1543 5021 post
1565 4968 1594 5006 a
1623 4953 1840 5006 videtur.
1874 4953 2096 5008 Nostros

518 5028 676 5082 codd.
715 5025 872 5079 Vind.
917 5033 972 5079 et
1020 5023 1142 5078 Ver.
1175 5023 1469 5090 sequimur,
1511 5039 1608 5076 nec
1651 5038 1754 5076 non
1800 5024 1961 5078 Sirm.
2005 5025 2097 5093 qui

517 5116 640 5154 mox
673 5098 830 5151 habet
856 5097 986 5149 enim
1027 5109 1121 5160 pro
1150 5109 1289 5161 ergo,
1324 5103 1374 5163 et
1405 5093 1526 5147 dein
1555 5108 1675 5146 cum
1706 5108 1833 5148 mss.
1871 5093 2090 5163 Veron.,

518 5169 638 5226 Vat.
688 5169 758 5224 Is.
801 5177 857 5222 et
902 5165 1080 5233 Merl.,
1117 5176 1292 5219 contra
1341 5161 1800 5218 Chalcedonensem
1841 5161 2093 5234 synodum

517 5256 708 5294 ventre.

594 5310 612 5350 ί
655 5311 842 5373 Sirm.,
893 5325 1012 5362 cum
1058 5306 1348 5362 auctoribus
1391 5307 1619 5379 generali
1661 5305 1908 5360 Ecclesia:
1953 5323 2090 5369 voce.

516 5379 714 5446 Oxum,
743 5379 1006 5433 uocabulo.

590 5462 614 5498 κ
638 5450 958 5505 Pnrticulam
984 5449 1111 5503 sicut
1144 5464 1207 5504 ex
1237 5447 1454 5518 nostris_
1471 5447 1626 5502 codd.
1656 5455 1709 5501 et
1747 5447 1906 5502 Sirm.
1937 5457 2097 5518 atque

519 5522 669 5578 Merl.
695 5521 1006 5588 adiecimus.
1032 5519 1163 5574 Dein
1194 5519 1354 5575 Sirm.
1379 5536 1392 5570 ε
1426 5515 1651 5587 Ideoque
1680 5519 1738 5585 ﬁt
1767 5515 2091 5589 consequens.

592 5591 696 5628 hQi

597 5592 616 5628 ὴ
685 5593 696 5604 .

597 5661 612 5699 ί
643 5592 1157 5730 ’ὸέξίῖνῖιιιεηι
1190 5659 1406 5728 repetita
1443 5659 1780 5730 praceptione
1801 5659 2095 5730 damnave-

518 5742 598 5786 rat
623 5733 764 5787 sedes
783 5729 1080 5800 apostolica.
1111 5731 1284 5794 Mcrl.,
1312 5745 1458 5800 quem
1490 5729 1628 5794 petiit
1662 5747 1693 5781 a
1722 5729 1852 5782 sedis
1878 5738 2088 5795 aposto-

520 5805 633 5857 lica:
682 5805 1011 5870 praceptione
1049 5802 1301 5864 damnari,
1347 5817 1399 5853 se
1455 5801 1804 5853 communione
1853 5800 2090 5854 sociasse.

519 5871 762 5934 Concinit
789 5871 907 5927 Vat.
940 5873 1030 5940 Is.,
1063 5882 1116 5928 et
1142 5871 1250 5928 fere
1275 5871 1417 5927 idem
1449 5873 1500 5925 in
1534 5885 1633 5925 ius.
1667 5870 1823 5926 Vind.
1860 5872 1980 5926 Mox
2009 5885 2094 5927 so-

2203 4741 2315 4794 dem
2347 4741 2651 4812 nojtltabuit
2683 4743 2917 4812 loquendi
2941 4743 3204 4812 ﬁduciam.

2275 4814 2298 4848 κ
2325 4811 2490 4886 Codd.
2519 4812 2729 4886 V_e_ron._
2744 4811 2796 4867 et
2821 4811 3003 4886 Vind.,
3023 4815 3302 4884 judicium,
3327 4817 3492 4882 potuit
3508 4815 3741 4886 juredcttl-

2201 4897 2344 4957 nare,
2367 4884 2526 4957 male.
2565 4883 2680 4937 Vat.
2712 4884 2779 4937 Is.
2812 4896 2865 4957 et
2895 4883 3044 4939 Meri.
3076 4887 3433 4940 emendarunt
3476 4883 3626 4953 potuit
3647 4889 3742 4957 jttrt

2201 4953 2458 5026 damnari.
2491 4956 2688 5018 0mm,
2719 4955 2884 5023 potuit
2907 4957 3030 5026 jure
3051 4973 3082 5009 α
3109 4958 3276 5024 prima
3321 4958 3574 5011 damnari.
3605 4953 3738 5023 Queso

2201 5023 2630 5148 nellgtectionem
2653 5039 2683 5078 a
2715 5026 2866 5080 nobis
2893 5023 3161 5095 receptam
3193 5027 3461 5083 Sirmondi
3491 5030 3645 5083 codex
3665 5039 3740 5094 ap-

2203 5109 2298 5148 nro
2340 5107 2412 5148 at.

2203 5107 2412 5162 probat.

2277 5161 2307 5239 1_
2327 5166 2460 5220 Cod.
2492 5165 2676 5239 Vind.,
2713 5167 2862 5239 Quod
2891 5167 3218 5239 regulariter.
3249 5167 3370 5222 Vat.
3419 5170 3486 5225 Is.
3512 5179 3565 5226 et
3589 5167 3741 5230 Merl.,

2205 5234 2342 5302 Quia
2366 5237 2668 5308 regulariter
2698 5238 2918 5292 constitit
2942 5234 2974 5292 ε’
2989 5247 3272 5307 utrumque
3303 5241 3478 5295 minus
3507 5252 3656 5296 recte.

2274 5316 2311 5343 ιη
2343 5307 2540 5375 Quesn.
2556 5323 2675 5363 cum
2699 5311 2897 5378 aliquot
2917 5310 3112 5364 nostris
3134 5310 3318 5378 codd.,
3353 5329 3558 5365 necnon
3579 5311 3739 5366 solari.

2202 5375 2563 5448 Przetulimus,
2593 5396 2654 5432 ac
2682 5375 2994 5445 non'solum,
3017 5395 3137 5434 cum
3169 5375 3332 5437 Sirm.
3360 5385 3554 5437 codice.

2274 5457 2303 5484 ιι
2330 5450 2402 5504 Ita
2426 5451 2590 5503 nostri
2618 5452 2773 5504 codd.
2799 5461 2850 5505 et
2870 5449 3031 5504 Sirm.
3057 5451 3374 5516 Quesnellus
3406 5455 3559 5517 male,
3585 5451 3736 5503 Pelro.

2205 5520 2335 5575 Dein
2367 5520 2504 5575 idem
2532 5520 2699 5591 stilus,
2726 5537 2828 5574 non
2853 5523 3064 5591 praelato
3089 5523 3288 5578 ordine.
3319 5525 3528 5588 Postea,
3552 5538 3638 5591 pro
3658 5535 3733 5572 no-

2204 5592 2388 5654 titiam,
2421 5591 2540 5644 Vat.
2564 5590 2634 5647 Is.
2665 5600 2719 5644 et
2740 5590 2911 5656 Merl.,
2945 5591 3239 5646 licentiam.-

2276 5669 2301 5696 °
2335 5662 2496 5717 Sirm.
2523 5703 2537 5726 ,
2561 5661 2779 5714 mentiri.

2270 5743 2295 5780 τ’
2321 5733 2477 5787 Solus
2502 5732 2729 5800 Quesn.,
2756 5741 2802 5786 et
2831 5734 3130 5804 purgatione

2269 5813 2293 5850 (1
2323 5804 2508 5867 Sirm.,
2536 5820 2596 5856 ne
2626 5805 2877 5876 videretur
2924 5806 3086 5876 magis
3105 5848 3119 5871 ,
3150 5821 3301 5875 quant
3328 5805 3556 5876 ueraciter
3592 5805 3726 5876 poem

2188 5877 2309 5945 jure
2350 5891 2586 5943 purgare.
2645 5875 2765 5928 Haec
2796 5874 2894 5927 tria
2928 5870 3113 5930 ultima
3140 5870 3298 5932 verba
3351 5875 3552 5945 praefert
3595 5870 3724 5925 etiam
