3996 6344
254 299 360 373 657

710 305 939 365 CODEX
976 306 1300 365 CANONUM
1339 307 1622 366 ECCLES.
1663 305 1752 363 Ετ
1790 306 2368 371 CONSTITUTORUM
2410 311 2470 371 S.
2512 307 2708 374 SEDIS
2745 317 3074 377 APOSTOL.

3413 320 3518 380 658

254 425 425 486 retur,
458 431 618 488 quam
642 420 907 474 veraciter
934 428 1101 486 esset,
1126 422 1246 490 jure
1269 420 1500 492 purgari.
1532 419 1682 476 Sicut
1707 435 1836 491 ergo
1865 425 1916 485 Α
1939 423 2256 493 regulariter
2287 442 2392 484 non
2425 439 2729 501 receptam,
2757 441 2865 487 tam
2903 431 3145 504 legaliter
3174 448 3281 491 non
3307 429 3532 494 constat

255 518 383 566 ante
413 525 520 565 non
545 511 693 580 prius
720 511 1013 581 damnavit,
1040 529 1197 584 quam
1225 525 1277 570 et
1305 515 1547 577 referret,
1566 528 1619 570 et
1650 529 1828 586 posce-

251 611 360 667 ret,
391 602 688 672 apostolica
716 612 978 673 potestate
1007 604 1399 672 damnandum;
1431 608 1507 661 sic
1535 615 1589 662 et
1617 607 1670 662 in
1701 607 1838 662 rcci-

252 695 454 764 piendo
475 696 692 751 modum
717 711 933 752 servare
959 698 1250 764 debuisset,
1289 709 1342 753 ut
1366 701 1675 770 priusquam
1707 715 1764 756 sc
1788 700 1836 756 ei

250 789 632 867 communione
649 799 674 828 ι
692 791 960 858 misceret,
980 809 1074 862 per
1089 794 1272 851 sedem
1289 794 1634 864 apostolicam
1654 809 1841 864 posce-

249 890 337 935 ret
362 881 659 936 examinari
692 896 837 948 eum,
872 894 924 938 et
955 884 1187 956 legitima
1219 888 1425 944 ratione
1455 888 1689 959 purgari,
1714 902 1834 943 eum

249 987 357 1028 nec
396 973 777 1040 examinandi,
823 991 922 1032 nec
961 979 1252 1048 recipiendi
1283 995 1407 1036 eum
1462 980 1681 1036 haberet
1720 980 1836 1047 ipse

249 1063 589 1135 pontiﬁcium
614 1081 630 1131 ;
658 1075 713 1122 et
741 1082 848 1122 non
869 1069 971 1124 nisi
990 1086 1084 1140 per
1107 1071 1251 1126 illius
1277 1072 1426 1128 sedis
1459 1075 1832 1126 auctoritatem

249 1171 687 1230 consensumque
716 1159 818 1216 hoc
855 1172 1039 1231 posset
1059 1163 1282 1234 implere
1303 1163 1354 1233 ι’,
1378 1166 1498 1220 sine
1525 1165 1677 1234 cujus
1705 1178 1832 1218 auc-

248 1249 473 1304 toritate
502 1265 624 1306 eum
668 1265 775 1305 non
817 1260 1063 1322 potuerat
1090 1253 1206 1324 ipse
1237 1257 1533 1323 damnare,
1580 1265 1635 1309 et
1680 1253 1835 1323 cujus

244 1341 536 1412 principali
561 1342 836 1414 diligentia
859 1387 875 1412 ,
906 1355 962 1402 et
989 1347 1183 1403 discuti
1215 1349 1384 1418 potuit
1412 1393 1428 1419 ,
1460 1357 1515 1404 et
1545 1345 1756 1418 purgari
1780 1359 1836 1404 et

244 1433 318 1490 nd
363 1436 803 1493 communionem
847 1440 1249 1510 convenienter,
1268 1442 1504 1499 admitti.
1529 1445 1659 1500 Cum
1690 1445 1832 1502 enim

243 1539 465 1585 constet
493 1545 708 1603 semper
739 1541 762 1571 ε
789 1546 818 1585 a
857 1532 988 1589 sede
1023 1535 1314 1604 apostolica
1337 1535 1499 1606 366
1527 1537 1832 1605 hujusmodi

241 1635 511 1693 personas
532 1635 626 1681 aut
652 1626 923 1681 discnssas
954 1627 1040 1683 vel
1079 1643 1200 1683 esse
1229 1640 1478 1699 purgatas
1496 1670 1512 1694 ,
1539 1639 1632 1684 aut
1660 1633 1737 1685 sic
1765 1631 1833 1686 ab

236 1717 366 1771 aliis
388 1717 584 1788 quibus
613 1719 950 1789 competebat
977 1721 1244 1791 episc0pis
1264 1722 1558 1790 absolutas,
1574 1730 1630 1777 ut
1653 1733 1832 1778 tamen

1939 530 2059 572 esse
2080 527 2379 588 purgatam,
2410 519 2437 557 ιι
2463 531 2516 578 et
2544 523 2666 580 ideo
2697 541 2802 580 non
2823 525 2944 595 jure
2968 537 3273 598 purgatam,
3299 531 3421 600 quia
3440 530 3518 588 le-

1937 607 2129 678 galiter
2142 623 2250 664 non
2271 623 2540 682 receptam
2552 657 2568 672 .
2594 616 2708 672 Mea
2724 618 2867 673 enim
2890 619 2944 674 in
2967 619 3114 675 illum
3131 630 3382 678 manente
3393 637 3518 680 sen-

1940 700 2102 755 tentia
2121 746 2135 771 ,
2168 712 2220 758 te
2255 704 2372 760 sine
2403 721 2489 762 me
2519 709 2871 778 pontificium,
2911 722 2969 766 ut
2988 728 3162 770 meam
3190 717 3514 772 sententiam

1937 794 2259 861 resolveres,
2283 813 2387 854 non
2412 798 2664 870 habente,
2691 819 2795 875 qua
2823 815 3086 875 potestate
3121 808 3211 864 vel
3246 810 3518 866 discussus

1935 895 2036 950 est,
2079 888 2163 944 vel
2193 903 2296 958 qua
2331 892 2648 949 auctoritate
2680 905 2927 968 receptus
2946 899 3238 956 asseritur?
3265 901 3406 959 Ecce
3436 903 3519 958 in-

1934 978 2090 1034 terim
2123 980 2175 1035 in
2212 981 2294 1037 his
2333 997 2492 1040 causa
2521 996 2700 1042 vestra
2729 997 2880 1045 nutat
2905 1000 2960 1047 et
2995 991 3211 1060 labitur,
3239 1003 3297 1050 et
3329 995 3376 1050 si
3401 997 3516 1055 haec

1942 1067 2089 1125 isola
2122 1074 2230 1128 sint
2249 1115 2263 1140 ,
2289 1083 2508 1145 prorsus
2533 1084 2642 1133 tota
2669 1079 2964 1138 subruitur.

2006 1165 2165 1236 367
2195 1167 2420 1224 CsinVl.
2451 1199 2521 1213 -—
2549 1173 2564 1222 l
2595 1173 2700 1228 Sed
2716 1173 3150 1245 adjicituradhnc
3177 1179 3340 1246 aliud,
3370 1181 3514 1252 quod

1933 1253 2001 1309 ad
2025 1256 2294 1314 cumulum
2325 1270 2520 1316 vestra:
2546 1263 2900 1320 convictionis
2925 1267 3162 1324 accedat.
3201 1270 3338 1336 Quid
3368 1272 3513 1328 enim

1934 1347 1978 1401 si
2007 1345 2292 1416 doceatur,
2321 1367 2426 1406 non
2456 1355 2630 1408 solum
2649 1355 2956 1426 priusquam
2985 1357 3034 1412 in
3049 1358 3164 1428 ejus
3189 1363 3516 1418 communio-

1934 1452 2056 1492 nem
2087 1442 2360 1508 veniretis,
2385 1459 2560 1514 neque
2587 1447 2956 1503 tantummodo
2981 1463 3104 1504 cum
3139 1449 3204 1504 ad
3226 1451 3343 1520 ejus
3361 1467 3515 1509 com-

1935 1533 2243 1588 munionem
2269 1536 2621 1602 venistis,sed
2637 1538 2799 1593 etiam
2828 1548 3037 1606 postea,
3066 1541 3119 1596 in
3137 1541 3514 1602 hereticorum

1935 1620 2282 1702 nihilominus
2298 1642 2420 1682 eum
2433 1630 2810 1686 communione
2823 1632 3086 1688 durasse?
3103 1633 3293 1690 Nonne
3313 1645 3404 1692 aut
3423 1652 3517 1706 per

1936 1710 2088 1768 illum
2120 1717 2261 1785 apud
2287 1733 2384 1773 vos
2412 1725 2718 1776 communio
2747 1713 3098 1792 perveniebat
3129 1725 3400 1794 haeretica,
3427 1738 3518 1785 aut

237 1810 518 1866 absolutio
534 1827 718 1867 earum
742 1827 806 1867 ex
828 1812 973 1868 sedis
994 1814 1304 1883 apostolica;
1325 1815 1679 1871 consensione
1702 1831 1833 1886 pen.
1859 1797 1909 1858 Β
1938 1805 1992 1859 in
2046 1805 2350 1864 liaereticam
2390 1813 2827 1869 communionem
2867 1829 2963 1870 νος»
3020 1815 3140 1886 ejus
3191 1821 3518 1876 commercio

237 1902 430 1969 deret;
461 1903 550 1958 ubi
575 1912 862 1976 utrumque
882 1905 1070 1970 defuit,
1103 1921 1202 1963 nec
1233 1906 1621 1964 discussionem
1655 1909 1831 1978 legiti-

233 2011 411 2060 suam,
437 2011 538 2051 nec
567 1997 940 2068 purgationem
969 1998 1202 2060 ﬁrmam.
1228 2014 1290 2054 ac
1315 2015 1410 2070 per
1438 2000 1539 2056 hoc
1561 2003 1829 2072 receptio-

233 2101 367 2143 nem
419 2087 588 2145 fuisse
627 2099 836 2147 constat
886 2090 1200 2146 indebitam.
1234 2091 1290 2148 Si
1332 2105 1386 2148 tu
1409 2092 1435 2129 ει
1467 2095 1670 2165 absque
1713 2110 1833 2151 mea

233 2180 631 2236 communione
658 2181 877 2236 Petrum
921 2183 1174 2251 judicain
1205 2199 1326 2240 esse
1350 2185 1696 2255 catholicum,
1721 2203 1834 2244 me-

235 2285 348 2340 que
387 2270 670 2340 despecto,
701 2280 792 2327 tuo
822 2288 942 2328 eum
959 2273 1082 2344 jure
1103 2276 1384 2344 recepisti;
1418 2277 1544 2346 quid
1567 2279 1831 2347 causaris,

231 2365 280 2420 si
323 2380 431 2435 ego
474 2366 624 2421 illum
664 2381 696 2421 a
737 2367 1117 2424 communione
1146 2383 1296 2436 mea,
1325 2385 1486 2438 quam
1526 2378 1583 2425 tu
1613 2371 1830 2428 voluisti

232 2467 673 2530 scontemptam,
689 2467 940 2531 tanquam
968 2461 1171 2533 absque
1197 2471 1285 2517 tua
1310 2464 1496 2518 notitia
1517 2465 1600 2520 vel
1621 2467 1831 2523 consul-

229 2554 444 2608 tatione
497 2553 830 2623 repulerim?
860 2553 950 2610 Vis
997 2556 1379 2625 acquiescere?
1421 2573 1571 2613 meus
1595 2573 1676 2615 es.
1711 2557 1830 2614 Non

229 2644 315 2699 vis
340 2644 726 2715 acquiescere?
763 2659 870 2700 non
897 2659 958 2701 es
987 2661 1170 2701 meus:
1201 2646 1304 2715 Qui
1341 2647 1477 2702 enim
1502 2664 1698 2702 mecum
1723 2666 1830 2704 non

229 2745 328 2805 est,
363 2746 550 2790 contra
575 2753 652 2791 me
676 2747 782 2803 est;
830 2747 879 2794 et
917 2739 1005 2809 qui
1032 2754 1234 2794 meeum
1262 2755 1364 2795 non
1383 2739 1604 2814 colligit,
1632 2743 1830 2816 spargit

229 2831 438 2904 (Matii.
468 2850 568 2891 xu.
597 2835 716 2906 30).
1194 2875 1200 2882 -

301 2925 440 2982 Car.
465 2925 617 2982 V.—
630 2927 825 2995 Quaero
842 2926 941 2984 abs
968 2936 1054 2984 te:
1076 2925 1293 2984 Petrum
1324 2927 1640 2986 haereticum
1663 2929 1829 2988 fuisse

229 3027 424 3090 putas,
445 3035 516 3074 an
533 3019 880 3086 catholicum,
900 3037 970 3075 an
989 3021 1058 3077 ab
1084 3021 1275 3077 haeresi
1303 3030 1488 3092 postea
1517 3020 1535 3061 ί
1564 3039 1685 3080 esse
1708 3035 1829 3080 cor-

231 3122 450 3170 rectum
469 3116 493 3165 ἲ
517 3113 575 3169 Si
598 3113 908 3170 bmreticum
935 3155 950 3179 ,
979 3115 1281 3170 nullatenus
1309 3114 1486 3170 eidem
1527 3119 1828 3174 communi-

1936 1898 2283 1955 transibatis?
2311 1901 2508 1959 Docete
2548 1905 2706 1974 igitur
2748 1905 2964 1962 Petrum
2999 1908 3422 1966 Alexandrinum
3449 1914 3517 1967 ab

1936 1988 2256 2046 Antiocheni
2301 1992 2448 2050 Petri
2487 2009 2718 2066 unquam
2763 2001 3140 2057 communione
3185 2001 3431 2068 desisse,
3463 2014 3516 2061 et

1935 2095 2042 2136 non
2076 2098 2243 2154 usque
2273 2085 2340 2141 ad
2361 2087 2502 2142 diem
2523 2085 2572 2154 ιι,
2600 2103 2721 2144 cum
2754 2091 3120 2148 Antiochenus
3145 2094 3516 2149 l’etrusinhae

1936 2172 2056 2231 luce
2087 2189 2332 2234 versatus
2356 2181 2808 2248 est,individuum
2845 2186 3086 2256 utrisque
3111 2187 3276 2243 fuisse
3295 2204 3513 2245 consor-

1936 2271 2088 2324 tium.
2124 2269 2205 2324 An
2235 2271 2428 2326 dicturi
2457 2274 2587 2328 estis
2613 2282 2670 2330 et
2689 2276 3086 2332 Antiuclienum
3109 2277 3324 2333 Petrum
3349 2279 3515 2334 fuisse

1935 2366 2269 2418 correctum?
2300 2361 2318 2401 ι
2359 2380 2456 2420 cur
2495 2381 2664 2438 usque
2694 2369 2747 2422 in
2773 2369 2932 2424 linem
2967 2385 3028 2425 se
3066 2385 3172 2425 non
3207 2374 3513 2427 communi-

1934 2467 2088 2509 casse
2103 2455 2434 2525 gloriabatur
2461 2458 2724 2514 Acacius?
2751 2459 2856 2516 Sed
2879 2461 3005 2532 quid
3020 2462 3238 2532 proluit,
3269 2462 3412 2533 quod
3437 2462 3512 2518 illi

1932 2559 2031 2615 per
2057 2549 2290 2616 seipsum
2312 2553 2709 2609 communicare
2732 2569 2838 2608 non
2865 2555 3054 2622 voluit,
3075 2570 3196 2611 cum
3221 2556 3396 2612 eidem
3421 2572 3515 2627 per

1934 2637 2356 2696 Alexandrinum
2387 2640 2602 2698 Petrum
2627 2645 2744 2701 sine
2774 2646 2884 2700 ulla
2915 2661 2976 2702 se
2999 2649 3399 2709 communicare
3420 2664 3512 2717 pu~

1934 2735 2074 2783 taret
2095 2729 2326 2787 invidia?
2363 2732 2502 2803 Quid
2538 2733 2762 2791 facimus
2791 2737 2859 2792 de
2881 2745 2958 2793 tot
2987 2739 3257 2809 tantisque
3283 2740 3513 2796 civitati.

1933 2822 2054 2890 bus,
2106 2839 2170 2879 ex
2220 2827 2416 2896 quibus
2445 2829 2695 2884 catholici
2733 2830 3014 2900 pontiﬁces
3045 2841 3169 2888 sunt
3199 2833 3434 2904 repulsi?
3455 2835 3514 2892 Si

1933 2914 2179 2971 catholici
2219 2918 2490 2989 subrogati
2516 2929 2671 2989 sunt,
2713 2935 2811 2976 cur
2829 2923 3082 2978 catholici
3122 2937 3245 2979 sunt
3285 2926 3514 2994 rejecti?

1933 3006 2040 3063 Sed
2063 3007 2337 3066 evidenter
2355 3023 2577 3082 apparet
2598 3013 2720 3083 quia
2735 3029 2856 3070 cum
2882 3015 3131 3072 catholici
3152 3026 3278 3072 sunt
3299 3018 3512 3086 rejecti,

1935 3117 2044 3156 non
2059 3102 2307 3159 catholici
2332 3104 2844 3179 fueruntsubrogati.
2859 3108 3093 3166 Restatul
3111 3125 3243 3182 ergo
3259 3112 3512 3168 utcatho-

232 3218 364 3262 care
391 3205 662 3272 debuisti,
704 3170 986 3277 eidemque
1015 3206 1460 3262 communicando
1499 3207 1740 3265 haeretici
1776 3221 1828 3267 te
1857 3170 1904 3235 Ο
1935 3196 2052 3253 licis
2077 3197 2310 3254 haeretici
2343 3200 2650 3273 quicunque
2679 3204 3053 3260 successerint.
3077 3203 3186 3260 Cur
3207 3207 3286 3261 eis
3311 3215 3513 3264 temere

236 3297 583 3370 manifestum
605 3307 688 3354 est
719 3297 915 3354 factum
935 3298 1102 3354 fuisse
1116 3299 1456 3370 participem,
1482 3309 1536 3356 et
1561 3303 1678 3370 ejus
1696 3319 1828 3358 con-

237 3403 528 3462 sequenter
549 3408 614 3448 ex
636 3392 830 3464 synodi
853 3400 1038 3448 tenore
1051 3393 1296 3449 veniente
1313 3394 1659 3452 damnatione
1689 3413 1823 3454 con-

231 3483 447 3555 stringi.
474 3483 528 3540 Si
551 3483 897 3549 catholicum,
923 3484 1096 3554 palam
1129 3487 1291 3539 totius
1320 3485 1587 3556 dogmatis
1627 3502 1687 3542 es
1731 3488 1826 3545 de-

228 3576 442 3643 fensor,
475 3578 617 3647 quod
648 3578 968 3633 catholicum
997 3592 1118 3632 esse
1148 3579 1462 3647 pronuntias
1496 3597 1508 3631 :
1535 3593 1598 3634 ac
1628 3579 1824 3635 nihilo.

226 3673 415 3726 minus
443 3671 586 3726 illius
615 3687 798 3727 errore
825 3672 1063 3726 censeris
1080 3713 1094 3735 .
1117 3672 1162 3726 si
1196 3671 1508 3727 haeretieum
1541 3673 1706 3730 fuisse
1729 3674 1822 3731 de-

224 3763 410 3829 ﬁnias,
424 3762 522 3817 sed
546 3775 727 3832 postea
757 3764 1058 3819 correxisse
1080 3763 1400 3833 prmtendas,
1419 3764 1576 3835 eique
1595 3777 1823 3838 purgato

223 3863 276 3910 te
321 3855 758 3909 communicasse
799 3856 1136 3924 pronunties.
1168 3855 1385 3910 Interim
1424 3856 1476 3910 in
1507 3857 1663 3922 cuius
1693 3873 1788 3927 per

221 3961 364 4002 sona
413 3962 504 4002 me
557 3947 930 4017 negligendum
969 3961 1089 4002 esse
1127 3947 1440 4012 credidisti,
1471 3948 1681 4002 causari
1714 3966 1819 4006 non

221 4053 388 4112 potes
413 4041 627 4112 quodin
646 4043 744 4097 hac
771 4042 961 4097 eadem
983 4052 1035 4098 te
1065 4042 1179 4112 ejus
1208 4058 1435 4112 persona
1467 4045 1818 4114 neglexerim.

220 4135 439 4191 Deinde
466 4149 588 4190 cum
606 4136 724 4190 sine
750 4150 835 4190 me
860 4135 948 4205 jus
973 4150 1078 4189 non
1099 4135 1351 4190 habueris
1368 4135 1455 4190 vel
1484 4137 1820 4205 absolvendi,

219 4228 306 4284 vel
336 4226 639 4296 recipiendi
683 4227 984 4297 hujusmodi
1022 4230 1123 4283 rite
1171 4244 1454 4298 personam
1488 4239 1537 4296 ε,
1572 4247 1669 4287 nec
1698 4249 1824 4302 pur-

219 4333 407 4392 gatam
432 4321 706 4392 legaliter,
743 4337 840 4378 nec
871 4322 1184 4391 regulariter
1218 4332 1430 4377 constat
1468 4339 1625 4390 esse;
1665 4343 1824 4396 quam

1929 3293 2399 3358 communicastis?
2419 3294 2526 3348 Cur
2549 3311 2656 3349 non
2685 3307 2742 3350 ut
2765 3296 2864 3352 ista
2888 3312 3025 3353 nova
3046 3297 3210 3354 facies
3235 3316 3436 3365 rerum,
3457 3311 3514 3358 et

1932 3398 2074 3442 tanta
2103 3389 2360 3458 tragoedia
2400 3390 2468 3445 de
2503 3390 2812 3458 pontiﬁcum
2846 3393 3190 3450 successione
3218 3395 3511 3451 viventium

1929 3481 2136 3551 synodo
2162 3482 2541 3545 discuteretur,
2566 3483 2791 3554 egistis?
2813 3483 2896 3538 An
2923 3483 2991 3539 de
3005 3498 3111 3538 uno
3123 3484 3270 3541 dolet
3290 3486 3512 3558 Acacio,

1929 3575 2070 3644 quod
2092 3574 2308 3644 speciali
2332 3575 2538 3644 synodo
2560 3591 2668 3630 non
2707 3575 2866 3631 fuerit
2895 3577 3200 3633 confutatus
3222 3593 3372 3643 ;cum
3391 3595 3513 3648 pro-

1931 3668 2105 3739 prium
2136 3668 2340 3722 crimen
2371 3667 2481 3722 suis
2516 3667 2708 3722 litteris
2738 3667 2851 3737 ipse
2876 3668 3140 3724 deteserit
3163 3711 3180 3735 ,
3211 3685 3310 3726 nec
3337 3669 3511 3730 audiri

1931 3763 2176 3819 debuerit
2199 3762 2307 3831 jam
2339 3771 2531 3831 sponte
2558 3762 2835 3816 confessus
2854 3770 2939 3828 ;et
2965 3761 3030 3817 de
3064 3761 3223 3818 tantis
3248 3763 3510 3832 pontifici-

1929 3855 2030 3911 bus
2046 3853 2326 3908 catholicis
2350 3869 2457 3907 non
2470 3853 2616 3908 dolet
2636 3854 2754 3909 sine
2785 3853 2888 3909 ulla
2901 3853 3237 3909 discussione
3249 3855 3510 3911 seclusis?

1929 3948 2029 4016 Qui
2056 3950 2236 4016 utique
2265 3947 2310 4001 si
2331 3946 2622 4001 catholicos
2651 3956 2874 4001 nossent
2900 3961 2992 4001 eos
3019 3961 3246 4017 quorum
3269 3962 3509 4004 commu-

1929 4043 2142 4096 nionem
2170 4039 2499 4108 vitaverant,
2538 4038 2621 4092 his
2645 4037 2824 4108 potius
2861 4038 3260 4094 communicare
3289 4039 3508 4097 malui-

1925 4147 2065 4203 sent,
2109 4151 2266 4207 quam
2302 4150 2412 4191 non
2463 4133 2922 4191 communicantes
2953 4135 3035 4192 eis
3073 4135 3206 4192 dura
3254 4150 3508 4208 persecu-

1927 4229 2072 4283 tione
2103 4227 2318 4296 depelli.
3195 4238 3200 4242 '
3287 4293 3289 4296 q

1996 4323 2124 4378 Car.
2160 4319 2273 4374 VII.
2315 4349 2383 4359 —-
2415 4319 2552 4375 Ecce
2583 4320 2712 4374 tanti
2763 4319 3012 4376 catholici
3050 4321 3360 4377 sacerdotes
3403 4321 3505 4377 hoc

219 4460 724 4517 Thuaneuscodex.
748 4460 1416 4530 Lectioquamretinuimus,
1442 4460 1614 4530 inquit
1638 4462 1808 4530 Ques-
1836 4464 1888 4524 Ι)
1989 4470 2013 4508 8
2046 4461 2246 4527 Quesn.
2269 4457 2418 4510 addit
2444 4457 2587 4530 quia.
2614 4455 2916 4512 Delevimus
2944 4458 3262 4515 auctoritate
3291 4469 3502 4518 nostro-

218 4535 425 4596 nellus,
441 4531 632 4584 clarior
645 4534 758 4595 erit,
785 4534 826 4584 si
848 4548 939 4602 pro
955 4531 1047 4586 sed
1068 4531 1248 4602 legeris
1260 4533 1460 4586 scilicet
1471 4573 1484 4594 ,
1500 4533 1577 4585 vel
1595 4537 1805 4588 saltem.

289 4613 320 4641 ⁸
349 4603 442 4658 Sic
460 4603 626 4656 nostri
651 4603 808 4656 codd.
832 4614 886 4656 et
913 4603 1055 4669 vulg.
1085 4603 1244 4656 Solus
1269 4604 1473 4669 Quesn.
1501 4605 1807 4659 miscuisset.

218 4674 346 4730 Ilo:
383 4672 741 4745 ms.7Veron.,
769 4682 991 4745 posceret
1017 4683 1063 4727 et
1089 4674 1371 4727 examinari
1401 4689 1548 4737 eum;
1575 4689 1638 4729 ac
1659 4676 1806 4744 dein,

218 4756 310 4801 aut
344 4744 650 4810 reeipiendi.
671 4814 697 4815 η
771 4744 794 4815 ⁷-
1341 4813 1350 4815 _
1375 4802 1388 4815 ,

290 4816 322 4855 δ
361 4815 563 4870 Veron.
595 4813 818 4868 etVind.
844 4815 1045 4868 addunt
1072 4824 1140 4868 et.
1168 4815 1300 4870 Dein
1325 4813 1524 4881 Quesn.
1555 4825 1601 4869 et
1621 4817 1809 4871 discuti

219 4889 415 4958 potuit,
444 4894 491 4938 et
517 4885 778 4958 damnari,
800 4887 879 4958 vel
899 4889 1124 4958 purgari.
1153 4885 1324 4940 Voces
1355 4887 1588 4958 damnari
1616 4888 1693 4940 vel
1713 4887 1806 4943 de-

220 4956 337 5012 lent
374 4973 496 5008 cum
525 4957 720 5010 nostris
748 4957 906 5010 codd.
932 4956 1019 5010 alii
1047 4957 1208 5010 etiam
1239 4956 1447 5011 excusi.

293 5040 319 5067 ε
359 5026 546 5088 Viud.,
577 5038 664 5079 aut
692 5027 825 5080 sedis
865 5029 1192 5091 apostolicw;
1224 5028 1415 5080 melius
1443 5028 1580 5094 apud
1613 5027 1802 5096 Sirm.,

220 5110 310 5153 aut
363 5097 498 5152 sedis
543 5099 836 5168 apostolica:
879 5099 1198 5151 auctoritate.
1247 5097 1374 5152 Dein
1404 5101 1548 5152 solus
1575 5100 1801 5166 Quesn.,

221 5173 486 5224 discussus
513 5178 562 5223 et
592 5184 699 5223 esse
732 5178 998 5239 purgatas.

287 5239 320 5278 ά
357 5240 448 5297 Sic
461 5254 582 5294 cum
600 5239 761 5295 Sirm.
785 5253 974 5294 omnes
995 5239 1160 5293 nostri
1186 5239 1342 5293 codd.
1364 5255 1424 5292 ac
1445 5241 1604 5294 etiam
1627 5240 1805 5296 'l‘liua-

221 5327 362 5369 neus
379 5309 778 5380 Quesnelli.qui
813 5319 985 5366 tamen
1017 5311 1246 5378 prmtulit
1272 5325 1392 5364 cum
1413 5311 1587 5364 Oxon.
1621 5311 1808 5379 absque

224 5383 561 5438 consensione
587 5397 722 5436 mea.
752 5381 876 5452 Haec
919 5396 1015 5452 per
1043 5383 1397 5450 apostrophen
1436 5382 1501 5434 ad
1549 5383 1804 5437 Acacium

221 5455 474 5511 licetvita
488 5452 721 5507 functum
743 5451 1064 5518 diriguntur.
1094 5453 1187 5506 l-lic
1212 5462 1388 5507 autem
1401 5452 1650 5507 Gelasius
1673 5469 1802 5519 mea,

222 5542 303 5580 me
330 5533 388 5580 et
407 5540 500 5595 ego
523 5538 587 5578 eo
607 5537 775 5595 sensu
792 5525 1020 5595 accepit,
1039 5538 1198 5593 quem
1226 5521 1278 5577 in
1309 5531 1535 5578 tractatu
1553 5525 1807 5594 exposui-

223 5595 346 5652 mus
376 5592 527 5665 parte
551 5609 610 5659 tt,
636 5609 686 5651 c.
721 5593 810 5660 ll,
843 5592 944 5664 ςιι

298 5677 324 5736 ἐ
356 5668 811 5736 0x0n.,tanquam
839 5673 1185 5736 contemptum
1222 5665 1428 5734 absque.

300 5735 322 5776 ι
355 5734 686 5792 lnseruimus
735 5751 840 5790 esse
885 5751 1006 5791 eum
1035 5734 1236 5805 Veron.
1283 5747 1339 5793 et
1367 5738 1555 5805 Sirm.,
1578 5743 1634 5794 et
1674 5735 1801 5794 dein

223 5809 424 5879 factum
447 5822 570 5864 cum
593 5807 781 5863 iisdem
805 5805 963 5863 codd.
991 5813 1046 5862 et
1072 5803 1232 5861 Vind.

1921 4548 2038 4587 rum
2068 4530 2224 4584 codd.
2260 4544 2388 4581 mss.
2419 4535 2476 4581 et
2505 4527 2792 4582 editurum.

1991 4601 2016 4638 ιι
2049 4602 2248 4656 Novem
2281 4613 2439 4652 voces
2469 4606 2755 4665 sequentes
2785 4614 2813 4651 a
2847 4598 3135 4664 Quesnello
3157 4602 3404 4666 omissas,
3433 4616 3502 4658 ex

1917 4675 2170 4727 omnibus
2196 4669 2395 4724 nostris
2424 4668 2582 4724 codd.
2617 4679 2669 4722 et
2705 4671 2823 4722 aliis
2849 4670 3009 4724 editis
3030 4675 3422 4727 revocavimus.

1996 4743 2010 4781 ί
2047 4743 2121 4797 lta
2145 4740 2302 4794 codd.
2323 4738 2522 4796 Veron.
2548 4749 2603 4795 et
2623 4739 2830 4794 'l‘huan.
2851 4741 3193 4810 Quesnellus,
3223 4745 3333 4798 sola
3350 4753 3495 4800 sunt.

1913 4814 2106 4877 Sirm.,
2125 4814 2234 4866 sola
2261 4811 2378 4881 fuit.

1988 4890 2001 4935 l
2041 4886 2226 4942 Sirm..
2257 4882 2343 4934 sed
2373 4891 2448 4936 est
2465 4882 2651 4936 adhuc.
2683 4881 3058 4938 Codd.Veron.
3082 4883 3382 4948 etTliuan.,
3406 4884 3499 4940 sed

1915 4958 2128 5010 adducit
2147 4953 2466 5008 adhucNat.
2494 4953 2562 5008 Is.
2581 4969 2700 5006 cum
2719 4954 2894 5018 Merl.,
2927 4955 3017 5006 sed
3038 4953 3277 5007 adducite
3306 4955 3496 5010 adhuc.

1990 5028 2009 5063 ιε
2031 5029 2230 5093 Quesn.
2249 5026 2435 5079 inserit
2453 5025 2649 5087 mortis;
2663 5024 2868 5080 delenti
2889 5024 3246 5089 odd.Veron.,
3262 5023 3498 5087 Thuan..

1915 5098 2074 5152 Vind.
2115 5112 2176 5150 ac
2205 5095 2366 5151 Sirm.
2399 5095 2528 5150 Dein
2559 5112 2624 5150 ex
2657 5098 2740 5150 liis
2764 5139 2778 5161 ,
2803 5110 2866 5149 ac
2894 5095 3054 5150 etiam
3083 5109 3150 5148 ex
3185 5094 3302 5148 Vat.
3337 5096 3404 5149 ls.
3437 5105 3496 5151 et

1914 5169 2069 5223 ΜΘΗ.
2093 5167 2450 5231 expuuximm
2474 5182 2597 5230 non,
2621 5183 2778 5235 quam
2801 5166 3138 5235 negationem
3165 5165 3306 5219 idem
3322 5165 3494 5232 Ques-

1915 5240 2087 5294 nellus
2110 5241 2282 5292 minus
2317 5246 2461 5291 recte
2489 5237 2694 5290 addidit
2715 5249 2838 5290 ante
2869 5238 3028 5305 fuisse
3049 5237 3381 5305 consortium.

1994 5309 2008 5348 ι
2044 5311 2132 5365 Sic
2159 5309 2316 5363 codd.
2341 5326 2352 5372 ι
2374 5309 2756 5370 raestantiorcs,
2787 5304 2969 5368 Vind.,
2993 5305 3198 5359 'Iliuan.
3222 5304 3490 5361 ethron.

1915 5381 2258 5448 Quesuellus,
2287 5393 2408 5433 cum
2441 5379 2560 5432 Vat.
2578 5374 2784 5434 lsid.'et
2808 5379 2978 5441 Merl.,
3003 5393 3095 5428 cur
3123 5392 3242 5446 ergo
3265 5378 3312 5429 ei
3337 5394 3494 5446 usque

1914 5453 1968 5506 in
1991 5453 2144 5522 ﬁnem
2167 5467 2265 5505 non
2296 5449 2714 5505 communicasse.
2746 5449 2935 5516 Sirm.,
2965 5448 3048 5501 cui
3071 5463 3228 5518 usque
3254 5448 3307 5502 in
3335 5448 3490 5517 ﬁnem

1909 5541 1964 5579 88
1993 5540 2094 5576 non
2123 5537 2539 5575 communicasse.

1982 5604 2022 5631 ω
2047 5595 2174 5649 Mss.
2197 5591 2397 5646 Veron.
2430 5602 2486 5645 et
2521 5591 2680 5660 Sirm.
2710 5589 2892 5647 delent
2929 5604 3073 5660 ergo.
3106 5586 3296 5644 Delent
3324 5588 3490 5647 etiam

1909 5664 2028 5719 Vat.
2055 5665 2122 5718 Is.
2148 5674 2201 5719 et
2227 5662 2373 5718 Merl.
2397 5661 2490 5716 sed
2516 5659 3081 5730 aliterprosequuutur
3101 5663 3212 5715 sic:
3235 5671 3290 5713 ut
3315 5663 3490 5717 catho-

1906 5735 1990 5790 lici
2012 5752 2112 5790 non
2133 5735 2257 5800 sint,
2287 5733 2377 5789 sed
2402 5731 2950 5804 haretici,quicunque
2978 5739 3343 5792 successerunt.
