3996 6344
581 327 703 386 659.

1495 323 1840 382 APPENDIX
1876 321 1968 380 AD
2006 319 2066 380 S.
2107 318 2349 378 LEONIS
2386 319 2602 378 MAGNI
2637 319 2886 378 OPERA.‘
3695 325 3776 386 660

582 437 702 511 ipso
742 454 801 496 se
840 439 1078 501 indicant
1107 439 1232 510 quid
1265 436 1560 509 apostolica
1589 437 1746 494 sedes
1776 434 2046 492 censuerit
2072 448 2160 490 co-
2189 432 2541 514 AvEcclesiae,
2563 448 2666 488 non
2685 448 2834 488 suam
2857 444 3172 502 prteponere
3204 431 3777 512 potestatem;episcopis

582 533 851 605 gnovisse,
874 539 1288 599 constanterque
1311 528 1573 599 probasse
1603 527 1974 591 retinendum;
2002 533 2026 560 ⁸
2053 539 2159 594 quo

583 625 1016 682 communionem
1059 620 1381 679 catholicam
1413 631 1751 676 reservantes
1776 660 1791 684 ,
1827 627 1882 674 et
1929 630 2021 673 eos
2071 615 2159 685 qui

582 716 890 788 apostolica:
917 715 1034 772 sedi
1063 713 1526 770 communicarent
1545 713 1756 782 elegere
1769 718 2046 766 consortes
2068 725 2082 774 ;
2107 716 2162 763 et

581 809 908 880 illosquibus
933 807 1091 866 sedes
1118 807 1416 878 apostolica
1444 805 1472 846 ι)
1492 805 1714 862 minime
1734 806 1898 876 368
1917 817 2159 859 commu-

583 905 786 960 nicaret
803 941 820 969 ,
841 907 1011 972 usque
1031 901 1099 956 ad
1117 899 1506 970 persecutionis
1529 901 1776 953 incursus
1802 911 1911 953 non
1942 904 2162 950 tenuere

579 1001 874 1052 consortes.
928 992 1085 1049 Certe
1124 1007 1245 1062 quae
1294 989 1452 1046 sedes
1492 988 1785 1060 apostolica
1817 987 2155 1054 decreverat,

579 1085 938 1142 Orientalibus
969 1084 1234 1154 episcopis
1262 1097 1372 1139 non
1403 1082 1701 1137 innotuisse
1727 1080 1979 1148 jactatur.
2011 1074 2164 1132 Unde

578 1193 708 1248 ergo
736 1187 814 1235 tot
846 1178 1085 1247 tantique
1119 1175 1401 1248 pontifices
1423 1189 1585 1230 unum
1622 1173 2004 1242 idemquecum
2039 1183 2163 1238 apo-

577 1270 767 1328 stolica
790 1269 918 1326 sede
938 1268 1253 1333 sentientes,
1279 1281 1508 1335 eamque
1531 1265 1822 1334 probantes
1843 1268 1964 1330 apta
1988 1273 2163 1315 sacro-

579 1372 780 1420 sanctae
799 1362 1044 1432 religioni
1065 1376 1298 1431 veraque
1320 1361 1585 1422 sanxisse,
1606 1373 1725 1428 qua:
1742 1370 1850 1410 non
1867 1355 2039 1412 solum
2060 1354 2163 1411 sibi

577 1455 849 1526 sequenda
872 1453 1254 1523 judicaverint,
1282 1452 1377 1508 sed
1417 1451 1579 1506 etiam
1607 1464 1776 1520 usque
1805 1448 1871 1502 ad
1912 1461 2165 1516 persecu-

581 1548 783 1604 tionem
818 1555 838 1583 °
866 1544 1091 1600 viriliter
1111 1543 1380 1600 exerenda
1403 1544 1425 1594 ‘t
1457 1541 1597 1598 Ecce
1627 1541 1888 1606 habuistis
1909 1541 1998 1611 qui
2037 1553 2164 1608 apo-

579 1636 782 1693 stolicas
809 1634 1214 1692 constitutionis
1242 1642 1295 1689 et
1328 1633 1571 1688 notitiam
1594 1632 1746 1688 vobis
1772 1633 2166 1702 ingererent,et

579 1727 844 1792 retinendi
875 1726 1235 1782 constantiam
1258 1725 1650 1782 ministrarent.
1682 1724 1738 1781 Si
1765 1723 2055 1794 apostolica
2078 1736 2165 1778 se-

2263 533 2424 594 caput
2451 525 2682 580 subdere
2712 525 3007 594 principum
3039 519 3256 578 solitum
3276 563 3294 591 ,
3320 539 3419 580 non
3439 525 3502 582 de
3528 542 3683 585 eorem
3707 543 3776 588 ca-

2265 617 2462 686 pitibus
2482 616 2726 686 judicare
2759 633 2772 670 :
2809 615 2999 687 quibus
3038 613 3294 670 Ecclesiae
3329 618 3575 685 conciliis,
3605 638 3692 691 qua
3709 639 3776 696 sy-

2265 713 2406 764 nodo
2439 711 2793 780 pellerentur;
2825 709 2949 778 quid
2980 708 3213 776 denique
3241 699 3397 781 369
3416 713 3775 783 commisissent,

2265 810 2324 856 ut
2343 803 2458 857 sine
2477 802 2582 856 ulla
2619 800 2954 857 discussione
2983 816 3187 863 rerum,
3222 809 3300 855 tot
3322 799 3652 858 Ecclesiarum
3674 811 3778 874 pria-

2265 894 2408 950 sules
2437 911 2532 963 pro
2561 895 2792 950 humano
2817 894 2990 962 libitu,
3022 904 3077 948 et
3103 893 3375 950 saecularis
3394 898 3647 965 potestatis
3668 899 3779 957 arbi-

2269 987 2370 1042 trio
2400 988 2765 1057 pellerentur;
2790 986 3089 1053 inauditos,
3120 985 3473 1054 indiscussos,
3503 989 3779 1050 inconvictos

2268 1096 2374 1135 non
2413 1080 2608 1136 debere
2657 1080 2918 1151 percelli,
2952 1081 3179 1134 maxime
3231 1094 3351 1134 cum
3390 1097 3536 1135 novo:
3573 1095 3720 1138 causze
3741 1095 3780 1140 et

2267 1185 2401 1226 nova
2417 1187 2594 1226 rerum
2611 1159 2772 1227 facies
2795 1178 3097 1241 appareret,
3129 1178 3186 1226 nt
3209 1179 3449 1226 rectores
3466 1171 3543 1226 isti
3559 1171 3776 1242 plebiuml

2267 1263 2562 1332 repentinis
2601 1261 2993 1318 incursionibus
3022 1264 3118 1330 pro
3147 1261 3428 1316 mundana:
3468 1265 3692 1332 potentis
3716 1280 3781 1320 vo-

2267 1355 2470 1410 luntate
2493 1353 2658 1409 sacris
2679 1353 3023 1424 dignitatibus
3037 1355 3404 1422 privarentur;
3429 1370 3493 1409 ex
3519 1355 3642 1410 nulla
3663 1369 3782 1414 causa

2268 1448 2435 1505 veteri
2466 1488 2478 1511 ,
2506 1463 2574 1503 ex
2605 1447 2749 1502 nullo
2793 1445 3017 1517 collegio
3055 1455 3267 1514 reatus,
3310 1463 3408 1504 nec
3437 1450 3784 1518 participatione

2269 1538 2556 1609 cujuslibet
2595 1539 2796 1595 erroris
2821 1539 2930 1609 jam
2960 1546 3080 1593 ante
3113 1533 3356 1594 damnati
3389 1541 3551 1594 teneri
3584 1555 3664 1596 eos
3687 1555 3782 1596 con.

2270 1631 2515 1702 tincique
2537 1640 2844 1701 consortes,
2888 1639 2944 1686 ut
2991 1633 3240 1700 tanquam
3264 1637 3328 1687 e’x
3364 1633 3615 1700 prmterita
3639 1633 3784 1688 deﬁni-

2271 1725 2414 1780 tione
2437 1723 2805 1794 judicarentur
2830 1723 3074 1779 obstricti
3106 1741 3118 1777 :
3153 1731 3206 1778 et
3231 1722 3356 1779 ideo
3381 1725 3501 1795 quia
3531 1725 3670 1781 nullis
3695 1733 3784 1782 ante

580 1818 675 1874 des
696 1819 952 1885 misisset,
979 1820 1068 1874 vix
1090 1817 1229 1876 duos
1244 1827 1335 1874 aut
1357 1827 1465 1874 tres
1485 1816 1718 1889 dirigere
1741 1825 2008 1887 potuerat.
2032 1817 2168 1872 Ecce
2196 1813 2247 1881 Β
2274 1815 2701 1889 prmcedentibus
2727 1815 2901 1872 causis
2925 1825 2950 1864 κ
2975 1824 3219 1872 recentes
3246 1825 3450 1885 essent,
3474 1833 3564 1873 cur
3582 1819 3784 1888 ejicerea-

581 1921 657 1971 tot
688 1912 974 1981 pontifices
1010 1911 1321 1983 apostolicae
1356 1911 1502 1967 sedis
1525 1913 1662 1967 scita
1692 1919 1984 1977 sectantes,
2015 1912 2166 1981 inge-
2199 1928 2214 1943 ·

579 2015 706 2060 runt
750 2004 902 2060 vobis
936 2005 1214 2071 notitiam,
1243 2012 1297 2061 et
1334 2005 1576 2074 prtebent
1619 2005 1895 2061 servandae
1929 2004 2164 2061 veritatis

580 2098 852 2168 exempla.
883 2097 984 2165 Qui
1006 2107 1194 2153 contra
1222 2105 1399 2152 tantos
1425 2097 1696 2153 clausistis
1723 2097 1932 2164 oculos,
1965 2095 2163 2152 ibidem

577 2188 920 2254 constitutos,
951 2187 1221 2258 quomodo
1243 2188 1381 2244 duos
1415 2189 1499 2245 vel
1527 2197 1637 2244 tres
1674 2187 1862 2244 audire
1893 2188 2164 2258 possetis?

578 2282 690 2338 Hoc
714 2281 830 2352 ipso
851 2280 1145 2338 sinedubio
1171 2283 1524 2353 cognovistis,
1569 2283 1689 2346 illos
1719 2281 2026 2352 apostolica:
2047 2281 2163 2337 sedi

577 2377 810 2445 placere,
851 2389 958 2444 qtlo
996 2390 1092 2432 vos
1125 2374 1414 2445 displicere
1445 2374 1730 2430 videbatis.
1761 2375 1860 2429 Aut
1888 2374 2008 2431 illos
2035 2389 2164 2445 ergo

577 2465 894 2531 sectamini,
943 2479 1038 2536 per
1083 2480 1217 2536 quos
1252 2466 1637 2536 intelligebatis
1670 2465 1816 2522 sedis
1853 2465 2163 2541 apostolicae

576 2559 938 2626 voluntatem,
976 2568 1068 2614 aut
1099 2558 1231 2613 nihil
1256 2567 1338 2614 est
1374 2559 1516 2629 quod
1555 2558 1622 2614 de
1652 2557 1950 2630 ignorantia
1984 2558 2161 2614 velitis

574 2651 898 2708 obtendere:
921 2667 1042 2706 cum
1074 2649 1098 2686 ἀ
1125 2649 1336 2706 indiciis
1361 2653 1522 2706 tantis
1550 2661 1601 2707 et
1632 2651 1826 2707 talibus
1851 2652 2158 2721 abutentes,

574 2745 717 2800 sedis
747 2742 1057 2814 apostolicae
1086 2745 1406 2810 constituta,
1437 2746 1601 2800 tantis
1633 2746 1955 2802 testimoniis
1975 2746 2161 2816 praedi-

573 2838 839 2903 cantibus,
873 2851 1134 2907 respuere
1163 2838 1340 2907 potius
1364 2853 1522 2908 quam
1546 2841 1784 2909 recipere
1811 2839 2095 2896 maluistis.

646 2932 772 2986 CAP.
800 2930 1020 2986 Vlll.—
1045 2931 1292 3003 Nunquid
1321 2945 1510 2988 omnes
1541 2933 1653 3000 isti,
1677 2949 1814 3005 quos
1837 2936 2158 2991 memorav'i-

574 3037 694 3082 mus
721 3025 991 3096 episcopi,
1028 3027 1341 3096 imperatori
1374 3026 1453 3097 (1)
1483 3027 1691 3084 mentiti
1713 3029 1871 3084 sunt?
1908 3029 2158 3100 Nunquid

572 3132 764 3175 omnes
803 3119 1143 3186 imperatoris
1173 3133 1368 3174 nomen
1393 3119 1459 3176 e'x
1482 3119 1750 3191 diptychis
1789 3121 2158 3178 abstulerunt?

2272 1919 2381 1979 tur,
2407 1911 2653 1967 incursus
2676 1910 2762 1981 qui
2787 1909 2862 1964 illi
2888 1917 3087 1979 essent,
3115 1909 3312 1968 debere
3342 1912 3633 1977 monstrari,
3661 1917 3704 1967 et
3726 1925 3784 1967 ec.

2271 2001 2588 2058 clesiastieis
2614 2001 2818 2074 legibus
2843 2041 2856 2068 ,
2888 2011 2945 2058 ut
2986 2017 3234 2076 semper,
3283 2003 3530 2075 oportere
3576 2013 3784 2060 constare.

2269 2094 2470 2152 Saltem
2502 2094 2586 2150 vel
2612 2110 2707 2166 pro
2721 2101 2898 2151 vestro
2927 2096 3045 2152 loco
3069 2094 3285 2153 illorum
3315 2099 3586 2154 duceretis
3607 2097 3786 2153 miseriis

2268 2185 2678 2255 consulendum,
2699 2187 3046 2244 formidantes
3077 2189 3130 2244 in
3159 2189 3306 2245 vobis
3339 2190 3480 2261 quod
3508 2193 3556 2244 in
3576 2189 3679 2245 aliis
3702 2203 3786 2244 cer-

2269 2280 2467 2336 neretis
2488 2289 2683 2352 praeter
2707 2280 2871 2336 ullum
2889 2296 3092 2339 morem
3108 2283 3377 2340 violenter
3397 2283 3615 2340 admitti.
3641 2283 3689 2339 Si
3710 2283 3786 2339 cri-

2267 2374 2411 2428 mine
2437 2373 2670 2445 respersi
2703 2382 2856 2429 erant
2879 2373 3084 2446 aliquo,
3117 2371 3485 2433 ecclesiastica
3517 2375 3786 2433 debuitexa-

2267 2464 2562 2521 minatione
2583 2467 2855 2536 cognosci.

2339 2559 2464 2614 CAP.
2493 2556 2580 2612 IX.
2607 2588 2677 2600 -—
2700 2558 2879 2616 Taceo
2911 2557 2937 2596 ιι
2969 2567 3024 2616 et
3066 2561 3130 2616 ad
3174 2560 3366 2618 sedem
3413 2561 3722 2632 apostolicam
3746 2574 3789 2614 ex

2266 2665 2414 2706 more
2437 2649 2658 2720 deferri,
2692 2666 2759 2707 ue
2783 2661 2966 2707 nostra
2999 2651 3274 2724 privilegia
3320 2667 3516 2710 curare
3552 2653 3789 2709 videamur.

2264 2741 2405 2799 Satis
2426 2740 2493 2796 sit
2518 2740 2827 2812 ostendere,
2845 2742 2972 2813 quid
2995 2743 3288 2800 secundum
3318 2747 3534 2816 regulas
3554 2755 3601 2800 et
3627 2743 3790 2798 Patrum

2265 2847 2497 2895 canones
2528 2839 2704 2896 facere
2727 2837 2998 2896 deberetis
3031 2856 3045 2894 τ
3076 2842 3354 2911 prazcipue
3382 2848 3504 2897 cum
3541 2841 3678 2896 etiam
3698 2839 3791 2908 ipsa

2253 2931 2411 3008 [leges
2433 2931 2680 3002 publicae,
2713 2931 3092 2988 ecclesiasticis
3121 2933 3326 3003 regulis
3363 2934 3718 3003 obsequentes,
3738 2937 3792 2983 ta-

2264 3021 2343 3080 les
2365 3038 2620 3094 personas
2652 3039 2757 3079 non
2780 3023 2880 3079 nisi
2913 3023 2980 3078 ab
3007 3025 3278 3094 episcopis
3300 3021 3793 3094 sanxerintjudicari.

2263 3115 2325 3172 Si
2344 3131 2475 3171 vero
2494 3114 2562 3170 de
2589 3114 2825 3187 qualibet
2849 3116 3042 3172 haeresi
3069 3115 3276 3172 fuerant
3297 3103 3692 3186 impetitiftanto
3708 3125 3791 3168 ma-

575 3185 1250 3279 Cumigitui'pellerentur,
1279 3220 1332 3266 et
1354 3211 1490 3268 vivis
1515 3185 1858 3282 pontiﬁcibus
1880 3213 2160 3270 catholicis
2187 3185 2236 3252 ο
2265 3210 2346 3282 gis
2367 3225 2459 3266 eos
2483 3185 2776 3265 decuitista
2807 3224 3153 3280 cognoscere,
3188 3211 3274 3280 qui
3308 3219 3374 3265 et
3392 3185 3671 3266 secundum
3701 3203 3792 3260 reli-

574 3313 921 3356 successores
949 3299 1189 3356 haeretici
1216 3311 1552 3370 crearentur,
1578 3313 1629 3361 et
1659 3305 1853 3362 nonde
1885 3305 2157 3363 inferiori-

567 3394 676 3460 bus
702 3395 1002 3467 quibusque
1042 3397 1380 3466 civitatibus,
1432 3399 1527 3455 sed
1558 3401 1720 3457 etiam
1758 3398 2157 3470 metropolitani

569 3490 887 3559 pontifices,
923 3491 981 3546 in
1009 3491 1272 3549 catholica
1311 3493 1509 3564 iugiter
1547 3494 1923 3551 communione
1961 3493 2160 3550 duran-

558 3589 686 3651 tes,
715 3593 736 3620 ε
770 3599 866 3640 cur
897 3585 1061 3656 igitur
1087 3586 1356 3661 compassi
1397 3604 1502 3646 non
1546 3589 1678 3646 estis
1709 3590 1869 3644 tantis
1906 3587 2156 3643 fratribus

569 3677 807 3734 veStris?
835 3693 930 3734 cur
955 3695 1062 3736 non
1095 3681 1302 3738 adiistis
1338 3681 1757 3750 imperatorem?
1795 3697 1891 3736 cur
1921 3696 2024 3735 non
2058 3679 2156 3734 Ec-

569 3767 748 3824 clesiae
769 3772 987 3825 causam
1016 3778 1071 3825 et
1095 3771 1382 3828 sacerdotii
1413 3771 1772 3827 miserabilem
1801 3770 2153 3825 decoloratio-

569 3873 695 3915 nem
735 3859 1059 3914 continuatis
1086 3862 1307 3917 vocibus
1336 3860 1656 3925 deﬂevistis;
1695 3861 1988 3930 allegantes
2019 3876 2157 3913 nun-

569 3964 732 4019 quam
775 3949 844 4006 de
883 3949 1231 4007 Pontilicibus
1262 3952 1340 4023 (2)
1381 3951 1481 4007 nisi
1523 3951 1815 4006 Ecclesium
1844 3951 2153 4020 judicasse;

569 4054 680 4097 non
717 4054 838 4096 esse
871 4040 1222 4096 humanarum
1251 4042 1428 4112 legum
1461 4042 1530 4097 de
1553 4042 1745 4097 talibus
1779 4041 1918 4097 ferre
1940 4051 2154 4099 senteno

571 4133 701 4186 tiam
724 4130 929 4202 absque
953 4131 1207 4188 Ecclesia;
1235 4133 1602 4202 principaliter
1641 4133 1946 4188 constitutis
1981 4137 2155 4202 ponti-

571 4222 787 4288 ficibus;
819 4223 1040 4294 obsequi
1069 4223 1247 4280 solere
1280 4224 1553 4294 principes
1575 4223 1896 4280 christianos
1921 4223 2155 4280 decretis

696 4363 857 4435 Strm.
883 4403 896 4426 ,
922 4364 1077 4435 quod.
1112 4361 1231 4419 Vat.
1259 4365 1324 4418 Is.
1357 4379 1477 4420 cum
1509 4364 1684 4432 Meri,
1717 4370 1820 4435 qui.

2266 3303 2439 3375 gionis
2468 3310 2712 3357 tenorem
2745 3309 2965 3373 possent
3011 3303 3108 3357 ista
3140 3301 3419 3358 discutere
3443 3345 3458 3370 ,
3497 3312 3547 3357 et
3593 3300 3794 3354 haberent

2265 3394 2572 3465 pristinum,
2605 3408 2670 3449 ex
2698 3408 2802 3464 quo
2831 3401 2913 3448 est
2941 3393 3230 3448 christiana
3262 3393 3492 3463 religio,
3524 3389 3792 3462 pontiﬁcium

2262 3483 2554 3559 iudicandi.
2591 3487 2696 3540 Aut
2723 3484 2974 3541 catholici
3001 3485 3143 3541 enim
3173 3494 3358 3552 erant,
3392 3496 3483 3541 aut
3507 3479 3794 3547 hereticima

2263 3578 2457 3649 quibus
2483 3577 2570 3632 illa
2604 3573 2831 3633 ludibria
2878 3577 3078 3648 passim
3116 3577 3448 3648 gerebantur
3483 3575 3536 3632 ἐι
3570 3573 3790 3630 latrocinia

2263 3668 2580 3725 detestanda
2617 3665 2630 3705 ί
2681 3668 2990 3724 saeviebant.
3023 3669 3080 3726 Si
3112 3668 3378 3735 haeretici,
3414 3671 3582 3740 prodi,
3613 3665 3786 3726 discuti.

2265 3755 2426 3832 370
2449 3768 2504 3816 et
2535 3759 2771 3831 legitime
2800 3761 3042 3816 convinci
3069 3761 3239 3818 modis
3267 3763 3516 3819 omnibus
3534 3761 3789 3819 debuerunt,

2267 3862 2320 3908 et
2352 3853 2433 3909 vel
2455 3852 2565 3908 suis
2588 3852 3038 3923 confessionibus,
3072 3855 3154 3911 vel
3196 3857 3426 3912 aliorum
3473 3856 3670 3910 vocibus
3693 3865 3788 3906 conv

2262 3944 2445 4000 futari.
2477 3943 2652 4003 Taceo
2673 3948 2793 4018 quia
2818 3949 2883 4002 ad
2901 3962 2999 4004 nos
3023 3947 3197 4004 fuerat
3219 3959 3444 4020 paterna
3469 3944 3790 4004 consuetudine

2265 4039 2631 4106 referendum,
2659 4047 2969 4112 tantumque
2999 4055 3342 4110 commoneo,
3380 4044 3506 4114 quid
3538 4043 3639 4097 fieri
3659 4037 3792 4094 eccle‘

2263 4133 2621 4201 siasticojure
2643 4145 2984 4190 convenerat.
3009 4135 3065 4191 Si
3107 4151 3236 4190 vero
3264 4136 3518 4192 catholici
3552 4131 3792 4205 probaban-

2263 4234 2372 4291 tur,
2406 4239 2500 4281 vos
2523 4225 2611 4296 qui
2636 4227 2686 4280 in
2713 4241 2899 4282 eorum
2932 4239 3035 4282 non
3077 4226 3251 4283 solum
3280 4228 3590 4298 depulsione
3619 4227 3629 4274 ἱ
3662 4233 3790 4279 cessa-

2260 4366 2576 4438 ticiputione,
2603 4367 2725 4422 cod.
2746 4367 2969 4430 Verou.,
2994 4370 3327 4438 participatio
3343 4387 3363 4435 ;
3405 4371 3587 4426 melius
3620 4365 3787 4421 Thuau.

640 4433 667 4472 ι’
699 4434 862 4490 Sirm.
885 4443 939 4489 et
959 4433 1194 4501 Tltuan.,
1215 4433 1738 4508 decreveratintinime
1758 4452 2152 4508 communicare.
2184 4436 2240 4500 ι
2266 4446 2320 4492 et
2345 4433 2530 4508 Sirm.;
2557 4439 2852 4508 participio.

567 4503 716 4568 Mox,
770 4519 865 4573 pro
908 4521 1007 4558 non
1051 4514 1269 4571 tenuere,
1321 4507 1477 4562 codd.
1512 4503 1644 4562 Ver.
1668 4519 1725 4562 et
1751 4507 1870 4562 Vat.
1928 4508 1997 4571 ls,
2030 4521 2151 4562 cum

569 4575 721 4630 Meri.
753 4615 766 4640 ,
796 4583 994 4630 tenuere
1017 4618 1031 4641 ,
1062 4575 1238 4632 deleta
1269 4579 1569 4648 negatione.
1603 4578 1792 4634 Melius
1839 4579 1890 4632 iu
1940 4578 2102 4634 Sirm.
2132 4621 2146 4642 ,

567 4659 798 4700 renuere.

643 4725 665 4754 ο
686 4712 894 4788 Quesn.
928 4715 1069 4770 delet
1101 4731 1288 4773 vocem
1319 4717 1564 4783 viriliter,
1593 4733 1751 4788 quam
1786 4718 1980 4774 habent
2025 4737 2145 4777 cum

567 4783 721 4842 Meri.
744 4793 800 4841 et
819 4785 978 4840 Sirm.
1001 4802 1187 4843 omnes
1211 4789 1376 4843 nostri
1399 4789 1555 4844 codd.
1592 4783 1708 4844 Mox
1740 4793 1988 4846 emenda
2009 4796 2145 4846 scri-

500 4922 502 4925 l
565 4856 772 4928 psimus
799 4871 930 4928 cum
952 4856 1110 4911 Vind.
1144 4859 1337 4919 Veron.
1374 4868 1428 4914 et
1456 4860 1618 4914 Sirm.
1644 4861 1811 4916 Codd.
1844 4861 1966 4916 Isid.
2001 4880 2147 4917 exsc-

566 4926 759 4982 rranda
798 4926 1106 4996 prreferunt.
1148 4929 1348 4996 Quesn.
1380 4944 1499 4985 cum
1532 4930 1752 4986 Merlino
1799 4932 1956 4987 habet
1998 4949 2142 4988 exer-

564 5000 761 5071 cendo;
783 4997 930 5053 solus
950 5013 1077 5054 vero
1099 4999 1254 5071 addit
1286 5012 1644 5071 cognoverunt.
1675 5001 1806 5056 Ecce
1830 5002 2071 5058 habuisti.

637 5065 664 5104 ἀ
695 5069 895 5139 Quesn.
927 5084 1048 5123 cum
1095 5070 1245 5125 Meri.
1279 5113 1292 5135 ,
1325 5065 1546 5136 iudiciis.
1593 5071 1712 5127 Vat.
1747 5073 1814 5128 is.
1845 5114 1859 5139 ,
1900 5074 2138 5132 induciis.

564 5136 755 5195 Melius
779 5137 937 5194 Vind.
973 5149 1026 5195 et
1050 5139 1213 5196 Sirm.
1235 5181 1250 5205 ,
1279 5142 1503 5195 iudiciis.

637 5219 662 5247 ο
694 5209 798 5283 Sic_
827 5224 959 5265 mss.
991 5209 1148 5264 Vind.
1193 5221 1248 5267 et
1278 5211 1402 5266 Ver.
1454 5211 1773 5283 Exemplum
1803 5215 1964 5271 Sirm.
1997 5217 2143 5272 delet

559 5280 743 5423 tiqitturl.J
767 5280 1131 5366 Quesn.,\cur,
1184 5284 1431 5353 inquam,
1480 5280 1732 5355 compussi
1772 5302 1872 5341 non
1913 5287 2030 5342 estis
2071 5298 2146 5342 tot

589 5368 644 5406 ra
670 5369 712 5405 rt
751 5369 828 5406 us.
1311 5404 1324 5418 ,

589 5355 828 5406 'ratribus.
999 5355 1008 5366 ‘
1311 5404 1324 5418 ,

637 5421 658 5461 ι
684 5423 872 5499 Quas,
899 5437 995 5492 pro
1027 5423 1249 5499 vocibus
1272 5426 1552 5499 repentinis
1582 5427 1981 5499 incursionibus,
2009 5444 2144 5499 quas

560 5494 905 5570 ex_om_uibus
931 5495 1127 5570 nostris
1152 5493 1308 5570 codd.
1335 5493 1617 5570 acetiam
1668 5498 1874 5553 'l‘huan.
1920 5493 2142 5570 aliisque

561 5564 788 5634 vulgatis
819 5565 1164 5631 rcstituimus,
1193 5567 1467 5622 substituit
1495 5568 1702 5624 Christi.
1731 5571 1869 5633 Mox,
1897 5586 1991 5633 pro
2017 5564 2144 5642 pur-

633 5696 710 5784 i1?
739 5696 860 5784 ἕξεις
895 5699 1081 5784 sev-.8
1105 5701 1241 5754 ιίιυιί
1275 5701 1656 5784 υνφοςμεηεὶεε

633 5767 710 5822 ιιι
739 5767 992 5845 υἱιῑηθϐ,
1024 5770 1074 5823 Ν
1080 5767 1302 5831 unquam
1333 5774 1395 5826 de
1421 5774 1778 5844 Pontiﬁcibm.

2337 4517 2360 4554 8
2385 4505 2572 4571 Sirm.,
2599 4505 2802 4564 retenti.
2835 4507 2954 4562 Mox
2988 4509 3066 4562 illi
3106 4508 3414 4564 addidimus
3455 4526 3569 4564 cum
3599 4505 3792 4562 omnibus

2264 4578 2463 4632 nostris
2490 4593 2618 4632 mss.
2652 4582 2976 4647 exeusisque
2999 4579 3297 4635 codicibus.

2337 4647 2359 4684 ι·
2391 4649 2590 4713 Quesn.
2623 4649 2769 4703 addit
2799 4650 2953 4719 quod,
2985 4653 3160 4704 minus
3188 4661 3356 4706 recte.
3395 4653 3520 4707 llein
3549 4650 3790 4710 adiecimus

2262 4720 2517 4788 pra’cipue
2545 4734 2664 4774 cum
2697 4735 2822 4773 mss.
2865 4720 3043 4785 Vind.,
3080 4720 3194 4774 Vat.
3224 4723 3313 4786 ls.,
3348 4722 3510 4777 Sirm.
3545 4733 3595 4777 et
3617 4719 3741 4776 Meri.

2340 4790 2353 4826 ί
2385 4791 2472 4846 Sic
2505 4790 2664 4843 iidem
2699 4790 2854 4848 codd.
2908 4791 3058 4857 Apud
3098 4792 3331 4858 Qut-sn”
3377 4795 3661 4848 seruiebant.
3691 4787 3790 4843 Dein

2261 4859 2462 4914 Vemn.
2498 4875 2618 4914 cum
2651 4861 2840 4924 Sirtn.,
2875 4861 3151 4915 debuerunt
3183 4862 3258 4915 rel
3289 4865 3417 4917 suis.

2336 4930 2348 4980 i
2389 4930 2555 4984 Codd.
2583 4931 2817 4995 Thuan.,
2845 4932 2962 4986 Vat.
2997 4932 3060 4985 ls.
3089 4943 3140 4986 et
3171 4933 3356 4995 Sirm.,
3394 4935 3621 4988 cessistis.
3650 4929 3792 4985 Melius

2262 5001 2355 5056 alii
2387 5017 2507 5056 cum
2539 5002 2766 5067 Quesn.,
2798 5004 3054 5067 cessastis,
3087 5004 3135 5056 id
3186 5016 3267 5059 eSt
3300 5005 3456 5058 otiosi
3487 5006 3660 5058 fuistis.
3694 4999 3792 5054 Dein

2259 5073 2403 5127 idem
2431 5073 2658 5138 Quesn.,
2688 5076 2774 5125 sed
2797 5075 2947 5125 etiam
2973 5072 3238 5128 haereticos
3264 5075 3594 5143 subrogastis,
3620 5082 3661 5127 et
3684 5084 3792 5143 roru-

2259 5143 2522 5218 municare
2546 5144 2824 5218 delegistis,
2854 5144 3211 5218 indubitanter:
3239 5139 3695 5218 {acetisjliajrcticis
3719 5139 3792 5218 Sc-

2257 5215 2366 5266 cuti
2397 5228 2581 5266 sumus
2613 5229 2741 5267 mss.
2769 5213 2990 5279 Verou.,
3045 5214 3162 5268 Vat.
3195 5216 3262 5270 Is.
3297 5225 3354 5270 et
3398 5216 3544 5270 illerl.
3589 5213 3790 5270 Concinit

2257 5285 2418 5337 etiam
2453 5284 2639 5354 Sirm.,
2671 5285 2770 5339 nisi
2799 5285 2939 5354 quod
2972 5301 3066 5352 pro
3095 5287 3340 5340 hazreticis
3391 5287 3636 5342 mendose
3670 5281 3791 5354 habet

2259 5355 2503 5410 haeretici.
2530 5353 2672 5426 Ideni
2701 5352 2912 5425 quoque
2943 5356 3103 5411 habet
3129 5372 3228 5411 IIIS.
3253 5355 3434 5423 Vind.,
3461 5359 3511 5412 in
3542 5371 3636 5426 quo
3656 5352 3792 5426 solum

2256 5437 2512 5497 corrupte
2551 5424 2760 5497 legitur
2807 5424 3118 5497 subrogastis
3163 5442 3257 5493 pro
3309 5424 3610 5496 subrogatis.
3653 5424 3789 5497 Oxon-

2253 5495 2438 5548 liahet.
2472 5495 2559 5548 sed
2579 5497 2726 5549 etiam
2757 5491 3041 5567 subregulis
3070 5491 3712 5567 coninmuicarefTlman_.,
3731 5491 3791 5542 ἰκ-

2257 5568 2548 5619 dubitanter
2578 5567 2845 5638 Interdicis.
2876 5561 3016 5629 Mox,
3048 5584 3143 5637 pro
3183 5561 3790 5638 succedentibusquehwte-

2259 5638 2396 5700 tiris,
2425 5651 2555 5691 mss.
2591 5637 2786 5690 Veron.
2816 5649 2870 5690 et
2896 5639 3108 5692 Thuan.
3160 5639 3358 5694 habent
3413 5648 3605 5694 tantum
3648 5643 3790 5688 succe-

2257 5708 2514 5760 dentibus.
2549 5707 2702 5762 Viud.
2729 5707 2872 5763 delet
2897 5708 3163 5764 haereticis.
3196 5707 3356 5766 Sirm.
3408 5709 3560 5764 habet
3595 5702 3790 5761 seceden-

2258 5779 2411 5846 tibus,
2443 5777 2562 5834 sine
2591 5778 2861 5834 hwreticis.
