3996 6344
595 388 702 446 863

1517 380 1857 438 ΑΡΡΕΝΒΙΧ
1898 381 1985 435 AD
2027 381 2083 438 S.
2128 378 2370 435 LEONIS
2409 375 2623 434 MAGNI
2660 373 2911 432 OPERA.

3664 384 3742 444 664

595 500 843 557 tiocheno
873 498 1032 555 Petro
1057 482 1439 558 indifferenter,
1471 493 1546 557 hi,
1591 494 1679 563 qui
1720 492 1998 548 catholicis
2036 506 2162 549 suc-
2191 492 2242 551 Α
2268 486 2521 544 munione
2539 487 2832 558 permixtus
2851 484 3278 540 communicabat
3298 486 3524 555 Aeacius;
3545 491 3743 560 plurimos

594 597 891 656 cesserant,
911 585 1286 643 communione
1315 583 1561 653 permixti
1587 592 1733 648 sunt,
1762 594 1815 639 et
1842 583 2167 638 successori.

594 683 695 738 bus
720 681 993 751 utriusque
1030 677 1177 733 Petri
1206 675 1469 747 hodieque
1523 675 1836 731 miscentur.
1893 675 1984 730 His
2030 674 2168 731 adde

594 774 750 831 etiam
779 772 925 837 illos,
976 769 1067 840 qui
1116 768 1243 824 licet
1286 768 1565 825 catholicis
1611 782 1715 823 non
1771 767 2166 834 successerint,

592 875 619 904 ι
643 876 818 921 tamen
848 862 975 919 dum
1006 862 1251 919 catholici
1287 861 1564 930 pontifices
1592 860 1936 927 haberentur,
1985 860 2168 914 talium

591 973 650 1012 se
674 955 1036 1012 communioni
1052 954 1364 1025 junxerunt.
1396 952 1522 1007 Haec
1544 962 1628 1008 est
1651 952 1739 1006 illa
1771 950 2021 1016 mixtura,
2055 950 2167 1007 haec

592 1058 671 1104 est
700 1047 793 1103 illa
823 1047 1097 1111 confusio,
1127 1062 1226 1117 qua
1258 1062 1353 1117 per
1384 1046 1654 1101 Orientem
1697 1053 1863 1099 totum
1902 1044 2040 1099 inter
2074 1059 2168 1098 ca-

591 1137 839 1195 tholicam
867 1140 1280 1208 haereticamque
1303 1137 1734 1195 communionem
1754 1136 1898 1189 nulla
1917 1136 2170 1190 discretio

592 1239 689 1287 est.
724 1230 911 1295 Immo,
944 1232 1033 1301 qui
1059 1228 1088 1268 ι’
1114 1230 1345 1285 discerni
1376 1232 1684 1295 tentaverit,
1728 1228 1902 1297 potius
1944 1226 2170 1282 habetur

591 1318 897 1387 haereticus,
926 1320 1297 1389 persecutione
1324 1319 1651 1388 percellitur,
1698 1317 1901 1374 exsiliis
1937 1325 1993 1372 et
2034 1317 2172 1373 affli-

590 1414 767 1469 ctione
796 1414 1109 1469 mnlctatur.
1146 1412 1333 1469 Restat
1366 1428 1495 1480 ergo
1543 1421 1600 1465 ut
1646 1412 1699 1465 in
1741 1410 1840 1464 hac
1867 1411 2171 1466 colluvione

592 1511 929 1572 cunctorum,
962 1504 1101 1557 sicut
1130 1502 1371 1572 quisquis
1400 1500 1468 1555 ab
1504 1500 1690 1556 eadem
1733 1509 2008 1571 separatus
2046 1512 2128 1556 est
2152 1540 2168 1567 ,

591 1595 818 1649 sincerae
840 1595 1257 1663 communionis,
1285 1601 1342 1647 et
1365 1593 1485 1647 ideo
1512 1592 1811 1648 catholicus
1854 1593 2172 1661 comproba-

592 1694 711 1752 tur;
735 1686 804 1740 ita
832 1686 1071 1756 quisquis
1100 1686 1241 1741 illius
1261 1685 1883 1740 detestandieommercii
1905 1688 2172 1755 particeps

592 1778 911 1845 invenietur,
940 1788 1195 1849 quantum
1220 1796 1250 1833 a
1277 1780 1484 1834 sincera
1526 1778 1936 1842 communione.
1968 1788 2171 1833 tantum

2269 581 2602 636 diversarum
2630 578 2846 634 urbium
2876 576 3135 647 praesules
3163 589 3430 647 possumus
3453 580 3747 644 demonstrare

2268 674 2460 744 quibus
2494 688 2618 730 eum
2657 670 2998 728 Antiocheno
3025 670 3187 728 Petro
3214 674 3671 734 commnnieantibus
3691 683 3750 736 ni-

2270 766 2555 823 hilominus
2592 765 3023 823 commnnicabat
3063 764 3313 832 Aeacius,
3351 774 3403 823 et
3435 781 3520 838 per
3553 768 3651 825 illos
3673 775 3753 828 An-

2269 859 2519 914 tiocheno
2554 860 2948 929 consequenter
2991 857 3411 914 communicabat
3431 870 3480 916 et
3505 860 3650 918 Petro.
3675 863 3751 922 Sed

2271 949 2387 1004 haec
2415 950 2551 1019 apud
2583 951 2797 1005 Graecos
2824 949 2996 1006 facilis
3023 957 3079 1007 et
3117 948 3441 1021 inculpabilis
3466 962 3648 1023 putatur
3668 970 3756 1013 esse

2271 1041 2575 1109 permixtio,
2597 1040 2738 1110 apud
2756 1055 2892 1112 quos
2918 1041 3059 1097 nulla
3080 1048 3164 1096 est
3182 1042 3291 1097 veri
3318 1040 3523 1113 falsique
3539 1042 3753 1110 discretio;

2270 1142 2468 1188 etcum
2495 1133 2743 1189 omnibus
2772 1132 3019 1203 reprobis
3048 1132 3236 1188 volunt
3261 1146 3380 1189 esse
3405 1148 3697 1199 communes,
3719 1136 3757 1189 in

2271 1225 2413 1280 nulla
2444 1233 2807 1282 monstrantur
2833 1225 3100 1295 probitate
3131 1233 3395 1281 constare.
3425 1224 3514 1281 Hic
3535 1226 3759 1281 autetnillc
3798 1298 3801 1303 ⁴

2272 1325 2355 1372 est
2391 1316 2578 1373 Petrus
2608 1315 2994 1381 Antiochenus,
3030 1331 3190 1386 quem
3223 1330 3326 1372 nec
3353 1329 3442 1386 per
3470 1315 3762 1385 pmnitentiam

2272 1409 2340 1463 ad
2362 1408 2677 1464 catholicam
2701 1410 3129 1465 communionem
3153 1408 3318 1479 recipi
3343 1412 3490 1463 etiam
3509 1423 3535 1462 a
3554 1408 3660 1464 sede
3672 1423 3764 1477 apo.

2273 1501 2457 1556 stoliea
2488 1501 2730 1571 poposcit
2753 1502 3001 1558 Aeacius.
3034 1501 3112 1558 Ac
3139 1516 3235 1571 per
3273 1501 3373 1557 hoc
3404 1502 3425 1539 τ
3449 1500 3565 1571 quid
3590 1516 3766 1571 querun-

2275 1603 2360 1649 tur
2382 1610 2413 1649 a
2445 1595 2598 1651 nobis
2626 1595 2877 1652 Acacium
2908 1596 3072 1652 fuisse
3094 1595 3424 1662 damnatum,
3447 1610 3555 1651 cum
3578 1593 3658 1649 hac
3680 1608 3764 1662 prs-

2279 1683 2509 1740 fessione
2538 1686 2838 1757 praemissa,
2870 1698 2922 1742 et
2952 1702 3047 1758 per
3074 1686 3347 1742 anfractus
3365 1683 3768 1741 AntiocheniPelri

2277 1786 2303 1824 8
2331 1787 2545 1847 recepta
2579 1778 2961 1835 communione
2978 1818 2996 1845 ,
3032 1793 3093 1835 se
3118 1768 3375 1834 doceatur
3402 1778 3509 1847 ipse
3530 1776 3765 1832 damnasse.

591 1882 622 1922 a
648 1868 909 1924 catholica
937 1878 1098 1939 atque
1120 1870 1410 1939 apostolica
1430 1870 1499 1923 sit
1523 1878 1785 1924 remotus.
1812 1868 1920 1924 Nec
1942 1880 2173 1941 praeten-
2199 1863 2250 1926 B
2278 1867 2378 1924 Ubi
2420 1877 2599 1923 tamen
2631 1884 2740 1925 non
2767 1869 2941 1925 solum
2972 1883 3096 1926 rens
3140 1877 3354 1925 tenetur
3393 1867 3612 1933 Aeacius,
3645 1865 3717 1922 sed
3734 1874 3770 1920 et

591 1961 682 2016 dat
702 1963 977 2032 quisquam
1004 1963 1146 2033 quod
1173 1963 1334 2018 alicui
1364 1961 1589 2018 forsitan
1630 1960 1947 2017 evidentiori
1992 1973 2015 2001 ο
2060 1979 2164 2019 non

590 2056 1016 2112 communicasse
1044 2054 1129 2112 vel
1154 2056 1551 2111 communicare
1599 2054 1846 2110 videatur
1891 2053 2166 2111 haeretica.

590 2143 727 2212 Quid
747 2147 889 2202 enim
912 2147 1081 2216 juvat,
1114 2146 1160 2200 si
1182 2146 1259 2202 illi
1286 2163 1391 2202 non
1417 2146 1800 2213 communicet,
1816 2155 1871 2202 et
1887 2146 1970 2201 his
1989 2154 2166 2202 tamen

588 2241 963 2298 communione
977 2240 1253 2312 jungatur,
1280 2241 1370 2312 qui
1394 2241 1463 2297 ab
1490 2240 1633 2296 illius
1655 2256 1761 2296 non
1787 2248 1911 2296 sunt
1928 2255 2168 2296 commu-

587 2330 749 2387 nione
772 2331 1005 2388 diversi?
1033 2330 1185 2401 Quod
1212 2333 1256 2387 si
1304 2348 1490 2388 eorum
1530 2332 1661 2386 nulli
1711 2331 2127 2388 communicavit
2148 2371 2166 2399 ,

588 2424 672 2477 vel
697 2426 918 2499 omnino
946 2438 1053 2479 non
1076 2424 1439 2489 communicat
1459 2469 1472 2491 ,
1510 2423 1595 2480 hic
1626 2424 1731 2479 erit
1771 2424 1863 2480 ille
1901 2424 2126 2480 sincerae
2147 2467 2163 2494 ,

588 2502 893 2582 catholicae,
920 2515 1338 2585 apostolicaaqtte
1362 2516 1754 2572 communionis
1778 2525 1834 2571 et
1862 2515 1980 2572 fidei
2002 2517 2169 2572 :alio-

587 2607 715 2675 quin
746 2606 892 2662 nullo
918 2606 1079 2662 modo
1126 2607 1320 2677 poterit
1363 2606 1669 2663 indiscreta;
1704 2607 1846 2663 illius
1893 2606 2166 2663 mixtionis

586 2696 910 2753 insincerum
947 2699 1117 2753 vitare
1148 2698 1472 2766 contagium.
1518 2698 1630 2754 Hoc
1675 2698 1835 2754 modo
1873 2700 2033 2754 etiam
2075 2698 2166 2755 ille

587 2787 667 2842 vir
695 2789 866 2844 bonus
894 2788 1119 2845 Aeacius
1145 2790 1483 2845 Antiocheno
1526 2788 1716 2857 Petro,
1749 2791 1833 2845 cui
1875 2805 1935 2846 se
1981 2791 2159 2859 palam

586 2894 692 2935 non
714 2880 1113 2936 communicare
1136 2882 1375 2951 iactabat
1396 2923 1410 2946 ,
1446 2898 1539 2950 per
1571 2882 1707 2936 alios
1754 2886 1872 2938 sine
1914 2881 2164 2953 ambiguo

584 2972 745 3043 373
771 2973 1195 3029 communicasse
1220 2973 1503 3043 detegitur.
1550 2973 1734 3042 Neque
1769 2978 1911 3029 cnim
1940 2973 2009 3029 ab
2047 2988 2165 3029 om-

584 3062 729 3118 nium
756 3065 844 3135 qui
875 3063 1211 3122 Antiocheno
1257 3063 1417 3120 Petro
1452 3065 1945 3131 communicabant,
1994 3070 2163 3120 semet

583 3155 806 3211 Aeacius
826 3157 1205 3211 communione
1231 3158 1527 3225 suspendit.
1545 3159 1619 3211 Ac
1642 3171 1737 3226 per
1766 3156 1869 3210 hoc
1895 3156 2019 3226 quid
2045 3171 2164 3225 pro-

2271 1975 2456 2015 omnes
2484 1961 2766 2030 pontifices
2793 1960 3026 2017 Orientis
3051 1961 3140 2032 qui
3166 1961 3284 2032 pari
3313 1959 3466 2016 modo
3486 1960 3534 2015 in
3555 1958 3651 2014 haec
3669 1957 3768 2013 reei-

2271 2050 2399 2107 dere
2426 2051 2695 2121 contagia,
2730 2051 3031 2123 meritoque
3059 2051 3219 2107 simili
3247 2049 3610 2107 damnationetl
3635 2057 3770 2104 terten-

2270 2152 2358 2198 tur
2395 2143 2655 2209 obstricti,
2698 2158 2797 2199 nec
2838 2143 2962 2200 inde
3003 2153 3227 2215 possunt
3274 2143 3532 2200 ullatenus
3569 2141 3766 2211 expediri,

2269 2236 2396 2301 nisi,
2437 2235 2563 2291 dum
2598 2245 2908 2305 supersunt,
2944 2251 2976 2291 a
3017 2237 3212 2293 talibus
3240 2234 3564 2292 abstinendo.
3599 2234 3685 2289 Nec
3706 2243 3773 2285 nos

2269 2338 2483 2398 oportet
2521 2326 2577 2383 in
2618 2327 2814 2383 talibus
2854 2328 3035 2383 causis
3080 2327 3184 2383 nisi
3224 2328 3332 2384 illis
3370 2325 3578 2383 credere
3615 2323 3687 2391 qui
3714 2330 3775 2375 aut

2270 2418 2490 2475 omnino
2513 2420 2690 2476 sciunt
2714 2434 2773 2476 se
2793 2420 2864 2476 ab
2890 2419 3050 2491 hujus
3073 2418 3315 2490 perfidia:
3341 2419 3552 2476 nexibus
3572 2413 3703 2488 37‘
3720 2413 3775 2467 di-

2270 2509 2399 2566 vino
2419 2510 2681 2568 beneficio
2708 2525 2927 2568 servare
2953 2511 3239 2578 discretos,
3272 2523 3362 2567 aut
3396 2510 3477 2570 his
3506 2512 3585 2579 qui
3612 2522 3637 2561 a
3662 2505 3776 2576 perﬁ-

2266 2600 2459 2657 dorum
2482 2604 2753 2659 consortio
2773 2614 3132 2661 recesserunt.
3147 2603 3284 2660 Nam
3302 2605 3355 2659 in
3379 2602 3668 2674 perfidorum
3685 2612 3776 2651 eun-

2268 2696 2413 2766 tagio
2438 2697 2739 2753 constitutis
2766 2712 2925 2768 quam
2954 2696 3111 2753 fidem
3140 2711 3244 2768 pro
3270 2698 3492 2753 sincerae
3514 2690 3779 2751 communio-

2267 2788 2354 2843 nis
2392 2787 2764 2845 testitieatione
2806 2803 3093 2859 possumus
3130 2788 3435 2855 adhibere,
3466 2786 3481 2825 ί
3508 2786 3589 2857 qui
3627 2785 3668 2839 in
3703 2797 3777 2836 non

2269 2878 2480 2937 sincera
2520 2883 2900 2938 communione
2941 2890 3067 2938 sunt
3097 2882 3303 2953 positi?
3333 2882 3437 2938 Nec
3465 2894 3633 2936 eorum
3667 2875 3776 2930 testi-

2265 2974 2461 3029 moniis
2496 2974 2593 3031 niti
2638 2990 2736 3047 pro
2772 2976 2996 3032 veritate
3033 2977 3373 3046 poterimus,
3413 2975 3498 3046 qni
3537 2974 3780 3041 impugnare

2268 3064 2283 3117 l
2324 3065 2566 3123 nituntur
2593 3066 2912 3124 falsitatibus
2945 3068 3252 3124 veritatem.
3283 3068 3468 3124 Restat
3510 3075 3560 3120 ut
3594 3078 3680 3120 non
3703 3060 3771 3114 nisi

2264 3155 2371 3212 illis
2407 3158 2628 3216 credere
2654 3159 2948 3216 debeamus
2976 3160 3066 3232 qui
3101 3161 3169 3215 ab
3199 3161 3352 3216 omni
3382 3159 3667 3232 contagione
3688 3158 3775 3206 sunt

585 3243 701 3312 fuit,
733 3247 874 3316 quod
899 3247 1067 3302 videri
1090 3247 1300 3302 volebat
1336 3247 1410 3302 illi
1440 3248 1614 3317 palam
1658 3264 1763 3302 non
1802 3248 2167 3303 eommuniea-
2192 3233 2239 3299 C
2270 3247 2444 3305 liberi.

585 3352 665 3405 re,
697 3340 782 3397 cui
813 3355 909 3410 per
945 3356 1072 3396 suos
1115 3340 1405 3411 eomplices
1446 3341 1727 3397 subcisivae
1770 3341 2162 3397 communionis

583 3433 915 3487 nectebatur.
962 3433 1325 3489 Alexandrino
1367 3432 1523 3487 Petro
1569 3433 1982 3488 communicavit
2025 3432 2164 3488 Aca-

580 3522 716 3585 eius,
748 3522 843 3578 sed
868 3524 1040 3579 donec
1061 3524 1262 3579 advixit
1292 3523 1652 3580 Antiochenus
1684 3524 1867 3579 Petrus
1888 3565 1906 3591 ,
1935 3524 2026 3594 qui
2056 3523 2162 3579 uti-

581 3628 686 3684 que
716 3623 835 3684 post
860 3616 1182 3672 Acacianum
1226 3630 1346 3672 cum
1390 3617 1548 3671 Petro
1587 3616 1949 3671 Alexandrino
1987 3616 2161 3672 ftedus

584 3705 776 3761 initum
819 3707 1101 3763 defunctus
1125 3708 1444 3775 ostenditur,
1500 3723 1768 3779 nunquam
1820 3710 2160 3766 Antiocheno

580 3794 743 3854 Petro
767 3801 1156 3857 Alexandrinus
1185 3801 1375 3857 Petrus
1397 3803 1791 3857 communicare
1817 3803 2027 3858 desivit.

651 3890 779 3946 Car.
822 3890 934 3947 XII.
968 3892 1208 3958 —Quod
1248 3892 1636 3948 catholicarum
1677 3894 1914 3959 continet
1968 3894 2157 3950 relatio

579 3980 917 4036 sacerdotum
944 3991 1368 4054 eteteroruttique
1396 3983 1448 4037 in
1477 3983 1742 4038 catholica
1769 3980 1798 4019 ἀ
1827 3982 1931 4038 fide
1955 3982 2155 4039 duran-

579 4072 734 4137 tium.
766 4086 866 4128 nec
898 4074 1275 4129 conscientiam
1304 4083 1482 4147 potest
1509 4075 1675 4133 latere
1706 4076 1868 4132 totius
1894 4076 2150 4134 Orientis.

578 4161 649 4218 Et
669 4173 724 4218 ut
746 4174 948 4221 taceam
971 4166 1112 4236 quod
1136 4179 1230 4237 per
1257 4167 1429 4237 ipsum
1454 4167 1725 4224 Zenonem
1748 4170 2147 4239 imperatorem,

576 4257 665 4326 qui
696 4257 878 4327 utique
906 4259 1241 4314 Antiocheno
1271 4258 1450 4325 Petro,
1479 4276 1636 4331 quem
1671 4261 2064 4327 introduxerat,
2095 4273 2151 4316 et

573 4350 724 4419 cujus
753 4352 1110 4408 sacerdotium
1136 4354 1598 4424 comprobaverat,
1632 4356 1748 4411 sine
1768 4356 1929 4411 dubio
1956 4365 1979 4392 ο
2003 4369 2152 4411 com-

643 4494 670 4557 fl
699 4484 863 4557 Sirm.
893 4503 1011 4542 cum
1046 4488 1200 4545 Vind.
1228 4498 1281 4544 et
1304 4487 1526 4557 Veron.,
1550 4492 1638 4545 sed
1667 4492 1809 4546 dum.

640 4553 670 4592 1³
701 4556 898 4633 Queen.
928 4574 1050 4612 cum
1083 4560 1198 4613 solo
1227 4575 1330 4633 nis.
1362 4553 1561 4627 Oxon.”
1585 4564 1886 4627 discernere,
1912 4573 1965 4619 et
1992 4564 2150 4633 paulo

570 4628 923 4752 postspellitur
946 4644 1044 4697 pro
1070 4630 1379 4702 percellitur.

642 4708 665 4736 θ
737 4714 856 4752 ll'Ill.
893 4699 1087 4752 Veron.
1120 4714 1173 4752 et
1200 4702 1379 4752 Thuan

642 4708 665 4770 εξ
694 4699 856 4770 Sirm.
893 4699 1087 4754 Veron.
1120 4714 1173 4752 Pl
1200 4702 1435 4770 Thunn.,
1461 4720 1562 4759 non
1591 4705 2035 4760 ccmmunicasset.

637 4764 665 4804 ἀ
705 4768 865 4839 Sirm.
897 4770 1041 4824 delet
1068 4772 1187 4839 ﬁde.

638 4848 663 4876 ε
705 4838 775 4921 lla
790 4842 963 4924 nostri
991 4838 1149 4896 codd.
1168 4858 1289 4924 cum
1313 4843 1473 4899 Sirm.
1503 4855 1557 4900 et
1577 4846 1726 4901 Meri.
1746 4846 1896 4916 Apud
1911 4847 2138 4915 Quesn.,

563 4920 865 4967 commixtus
887 4926 1004 4965 Sine
1030 4920 1402 4969 communione.

640 4982 658 5021 ῐ
699 4981 823 5057 _Vat.
852 4981 1000 5057 lsid.,
1024 4989 1083 5057 et
1104 4983 1267 5038 Sirm.
1302 4986 1551 5057 omittunt
1580 4987 1725 5057 quid.

632 5064 656 5100 κ
698 5051 774 5105 Ita
820 5052 979 5105 codd.
1025 5051 1231 5107 Thuan.
1283 5066 1335 5108 et
1377 5051 1731 5110 Veronfcum
1772 5056 1887 5113 Vat.
1921 5058 2046 5113 Isid.
2086 5069 2143 5114 et

561 5124 773 5198 Merlin.
803 5122 946 5176 Idem
975 5135 1057 5198 est
1086 5124 1137 5176 in
1168 5123 1291 5198 cod.
1332 5125 1518 5192 Sirm.,
1552 5127 1651 5182 nisi
1682 5129 1823 5196 qttnd
1850 5140 2006 5184 antea
2039 5143 2139 5198 pro

555 5212 647 5264 per
676 5195 941 5261 anfractus
974 5194 1132 5247 habet
1159 5210 1248 5276 per
1274 5197 1506 5278 infectos.
1535 5194 1764 5265 Quesn.,
1804 5216 1861 5278 se
1890 5194 2135 5253 doceatur

551 5284 610 5316 eo
634 5274 835 5339 recepto
874 5281 905 5315 a
937 5266 1287 5339 communione
1326 5266 1431 5337 ipse
1468 5269 1758 5325 damnasse.
1802 5270 1929 5324 Post
1965 5285 2134 5339 pauca

554 5352 655 5405 ius.
689 5333 875 5405 Sirm.,
906 5335 1168 5405 pontiﬁces
1194 5333 1541 5392 Orientales...
1574 5340 1625 5391 in
1656 5343 1761 5392 hate
1790 5333 2035 5395 cecideie.

623 5403 651 5440 λι
693 5404 850 5482 Vind.
875 5403 930 5458 et
963 5404 1181 5482 Vrron_.,
1200 5417 1480 5482 _teneantur
1499 5410 1745 5477 obstricti,
1760 5425 1849 5465 nec
1868 5412 1986 5466 inde
2004 5429 2128 5482 pos-

551 5476 672 5546 sint.
698 5474 858 5546 Sirm.
893 5490 1105 5546 quoque
1130 5477 1288 5532 habet
1319 5481 1533 5546 possint.

629 5544 646 5582 ί
688 5544 1326 5621 Sirm.,jqui‘insincera'
1354 5552 1711 5621 communione
1752 5561 1870 5605 sunt
1917 5554 2127 5621 polluti.

549 5612 784 5695 Tltuan"
812 5617 899 5688 qui
919 5612 1184 5695 sincera...
1214 5621 1385 5689 positi.
1413 5618 1599 5676 Melius
1630 5612 1946 5693 Veron.,qtli
1966 5625 2020 5678 in
2038 5627 2125 5680 inv

548 5688 788 5767 sincera"
800 5726 813 5740 .
846 5688 1020 5757 positi.

623 5755 641 5835 i_
686 5754 870 5835 Sirm.,
908 5774 1013 5812 non
1053 5769 1308 5818 verentur.
1356 5763 1474 5819 Mox
1506 5764 1734 5832 Qucsn.,
1776 5765 1949 5819 Restat
1984 5782 2125 5835 ergo.

546 5823 855 5889 Delevimus
901 5845 1019 5899 ergo
1060 5846 1181 5889 cuin
1225 5823 1683 5899 priestantioribus
1722 5823 1882 5893 codd.
1937 5823 2155 5905 Vind”;

1924 5964 1969 5977 ’λι

2791 3341 3183 3401 CAPITULUM
3221 3344 3339 3402 LII.

2269 3452 2296 3493 ι
2312 3453 2547 3533 Epistola
2563 3456 2833 3511 Athanasii
2843 3457 3068 3529 episcopi
3077 3458 3146 3533 ad
3165 3456 3459 3533 Epictetum
3471 3453 3780 3533 Corinthiorum

2276 3562 2279 3567 ς
2340 3528 2650 3600 episwpum,
2691 3528 2880 3600 contra
2902 3543 2984 3600 eos
3016 3528 3118 3600 qui
3145 3528 3209 3583 de
3247 3529 3460 3584 Domini
3494 3528 3782 3582 incarnath

2337 3599 2520 3670 spiritu
2540 3598 2865 3670 blasphemia:
2888 3598 3089 3655 diversa
3113 3609 3412 3657 senserunt.

2273 3708 2291 3750 ι
2329 3713 2661 3769 ΑτιιΑΜειυε
2687 3713 3034 3769 dilectissimo
3058 3717 3203 3771 fratri
3233 3727 3290 3771 et
3316 3714 3528 3771 amabili
3556 3721 3777 3770 consacer-

2545 3784 2657 3839 d0ti
2682 3784 2949 3841 EPITECTO
2968 3785 3022 3842 in
3050 3786 3278 3842 Domino
3303 3788 3555 3844 salutem.

2330 3900 2460 3955 Car.
2493 3900 2619 3956 I.--
2633 3901 2745 3971 Ego
2771 3901 2987 3972 quidem
3010 3903 3265 3973 putabam
3291 3918 3455 3960 omne
3481 3897 3778 3968 vaniloquiunt

2261 3993 2628 4047 universorum
2659 3992 2747 4062 qui
2785 3991 2982 4063 ubique
3010 4001 3136 4048 sunt
3172 3992 3554 4051 haereticorum
3589 3997 3783 4045 cessasse

2259 4096 2324 4138 ex
2352 4098 2414 4138 ea
2440 4097 2559 4153 quae
2579 4082 2713 4138 facta
2737 4092 2823 4138 est
2848 4082 2903 4137 in
2927 4081 3140 4139 Nicaeua
3155 4083 3391 4156 synodo.
3413 4083 3538 4163 Quae
3553 4077 3677 4136 enim
3694 4083 3723 4110 ω
3740 4072 3781 4126 in

2258 4188 2321 4228 ea
2350 4188 2378 4226 a
2410 4172 2658 4230 Patribus
2681 4173 2974 4230 secundum
3007 4182 3224 4231 sanctas
3256 4174 3565 4245 Scripturas
3587 4163 3782 4238 exposita

2261 4265 2395 4320 fides
2415 4272 2517 4331 est,
2547 4264 2817 4321 sufficiens
2853 4274 2938 4322 est
2971 4264 3038 4319 ad
3065 4280 3281 4322 omnem
3313 4262 3707 4322 destructionem
3728 4263 3785 4307 to-

2261 4356 2369 4411 tius
2393 4356 2682 4427 impietatis
2702 4364 2730 4392 ιι
2759 4367 2815 4412 et
2842 4355 2910 4412 ad
2937 4356 3408 4414 confirmationem
3432 4355 3533 4427 piat
3551 4352 3600 4408 in
3619 4345 3785 4418 Christo

2259 4492 2458 4547 Veron.
2491 4500 2546 4545 et
2570 4491 2731 4546 Sirm.

2327 4561 2353 4600 ¹ι
2394 4563 2542 4618 Hanc
2580 4562 2735 4631 hujus
2778 4562 3023 4632 epistolae
3058 4563 3367 4622 versionem
3405 4569 3597 4633 praeter
3621 4552 3786 4634 codices

2256 4634 2414 4703 hujus
2444 4624 2797 4692 collectionis,
2816 4624 3130 4689 invenimus
3159 4635 3323 4690 etiam
3357 4624 3786 4693 in'exemplarilll“

2169 4699 2228 4762 1)
2252 4699 2585 4761 additionum
2608 4703 2912 4759 lsidorianzn
2939 4705 3295 4771 collectionis,
3330 4707 3476 4760 inter
3500 4714 3611 4771 quae
3636 4704 3783 4771 con"!-

2252 4777 2411 4831 limus
2436 4790 2535 4829 ms.
2573 4774 2690 4828 Vat.
2722 4774 2880 4830 1540.
2902 4774 3015 4830 Hac
3036 4768 3289 4831 versione
3314 4790 3448 4831 usus
3468 4768 3617 4827 ests.
3643 4768 3785 4821 Leoill

2251 4846 2573 4901 testimoniis
2600 4846 2855 4913 subjectis
2884 4846 3125 4915 epistola:
3159 4845 3366 4919 I65_ad
3390 4846 3621 4919 Leonem

2248 4926 2412 4981 stum,
2437 4931 2661 4982 eamque
2688 4902 2789 4988 una
2812 4902 2933 4970 cuni
2955 4917 3230 4988 sequentis
3250 4916 3565 4988 Cyrillianze
3582 4902 3782 4988 epistola“.

2248 4989 2692 5066 interpretatione
2722 4987 2789 5041 ab
2830 4988 2947 5066 ipso
2979 4985 3048 5041 εξ
3070 4987 3270 5066 Cyrillo
3299 4985 3370 5041 ad
3402 4985 3604 5066 .Sixotum
3634 4986 3785 5066 pagi":

2247 5053 2466 5114 missam
2508 5058 2566 5112 S.
2606 5053 2933 5112 Leonem'in
2974 5053 3278 5126 aposiolieis
3312 5054 3534 5112 scriniis
3563 5053 3784 5126 κεκηδετῖ

2247 5128 2574 5199 eonjecimns
2604 5136 2714 5183 not.
2737 5128 2771 5183 5
2795 5129 2846 5182 in
2875 5143 2962 5199 ep.
2984 5125 3115 5199 1'09,
3136 5128 3187 5182 in
3215 5142 3320 5198 qua
3352 5128 3526 5199 ipsam
3557 5125 3788 5199 Amabat}

2251 5190 2528 5282 epistolam
2547 5198 2743 5282 laudat,
2757 5206 2816 5282 et
2830 5190 3787 5282 ad}tilianum_CoenseE§utyehianis

2247 5266 2618 5380 opponendam
2643 5268 2843 5353 dirigit.
2870 5268 3000 5351 Vide
3028 5279 3158 5324 tom.
3190 5269 3204 5324 I
3231 5270 3338 5324 eol.
3366 5266 3525 5348 ΗΠ.

2389 5343 2534 5397 Hane
2552 5341 2719 5394 solam
2740 5350 3287 5412 titscrtpttonem,rnon
3312 5354 3445 5412 vero
3464 5334 3671 5412 titulum
3688 5337 3790 5412 ρξε’

2244 5412 2550 5483 cedentem,
2585 5412 2804 5480 praefert
2836 5402 3009 5483 codex
3047 5402 3229 5483 Vind"
3258 5410 3355 5483 qui
3389 5409 3548 5483 habet
3582 5402 3785 5483 Epictitf:

2244 5486 2381 5566 sicut
2406 5493 2459 5539 ct
2483 5476 2621 5566 alios
2638 5482 2805 5566 codex
2826 5482 3151 5564 {esuitarum
3180 5476 3429 5536 laudatus
3458 5479 3509 5535 in
3535 5476 3787 5531 novissimil

2244 5555 2479 5611 editione
2504 5553 2564 5608 S.
2594 5553 2889 5607 Athanasii.

2315 5633 2353 5660 ω
2392 5626 2617 5692 Quesn.,
2667 5639 2797 5677 nica.
2848 5620 3247 5679 Correctionem
3292 5616 3649 5691 suppeditavit
3685 5604 3782 5663 cod-

2166 5728 2167 5735 ι
2248 5696 2389 5760 Vat.,
2415 5709 2641 5765 quocum
2673 5693 2909 5748 concinit
2932 5694 3153 5750 Graecus
3184 5702 3386 5749 textus.

2314 5775 2343 5802 ¹³
2384 5762 2540 5821 Vind.
2572 5778 2698 5832 ms.,
2727 5766 2795 5818 ad
2823 5766 3253 5841 conﬁrmationem
3279 5774 3459 5819 autem
3484 5762 3602 5833 ρίαν.
