3996 6344
292 399 393 454 665

728 409 952 466 CODEX
992 411 1319 470 CANONUM
1358 412 1631 472 ECCI.ES.
1679 416 1763 471 ET
1800 414 2370 479 CONSTITUTORUM
2414 424 2470 478 S.
2512 421 2704 481 SEDIS
2742 424 3052 483 APOSTOL

3431 435 3536 489 660

286 513 535 616 ﬁdel._.Et
564 528 781 616 propter
946 532 1003 577 et
1028 538 1169 616 nunc
1196 541 1408 597 quoque
1438 529 1669 583 diversis
1700 528 1854 584 factis
1879 529 1931 590 Α
1956 528 2076 585 dam
2104 534 2296 589 iterum
2324 546 2631 593 cructarunt
2662 539 2990 611 impietatem
3022 542 3255 599 similem
3290 546 3529 616 supradi-

280 605 503 677 synodis
546 618 652 664 tam
694 610 748 666 in
789 610 959 667 Gallia
984 621 1041 668 et
1073 615 1323 685 Hispania
1365 632 1523 689 quam
1564 618 1618 674 in
1663 634 1852 689 magna

278 695 476 764 Roma,
502 715 693 757 omnes
718 704 806 773 qui
828 716 1195 763 convenerunt
1216 717 1242 746 ι
1268 723 1363 765 eos
1382 709 1475 781 qui
1494 710 1670 767 adhuc
1688 714 1854 770 latent

275 800 333 848 et
358 792 597 849 sentiunt
622 795 810 852 eadem
832 813 954 868 qua:
980 800 1142 857 Arius
1164 804 1353 871 sensit,
1380 806 1701 864 Auxentium
1731 808 1853 865 dico

272 882 748 957 Ilediolancnsem,
771 898 827 946 et
853 890 1146 960 Ursatium,
1167 904 1223 951 et
1256 896 1552 966 Valentem,
1575 908 1629 956 et
1658 900 1850 957 Gaium

270 977 341 1034 de
363 979 675 1048 Pannoniis,
690 984 1033 1052 unanimiter,
1058 996 1239 1058 utpote
1260 988 1328 1045 ab
1348 992 1456 1047 uno
1476 992 1667 1062 spiritu
1697 996 1847 1062 moti,

268 1073 811 1141 anathematizarunt,
840 1088 896 1134 et
923 1082 1256 1151 scripserunt
1279 1084 1474 1155 ubique
1509 1096 1725 1158 propter
1753 1087 1849 1144 hos

267 1163 428 1232 tales,
441 1167 534 1236 qui
549 1169 738 1239 synodi
752 1170 854 1226 sibi
868 1186 1062 1229 nomen
1080 1176 1674 1246 ascripserunt,nullam
1687 1196 1848 1252 syno-

262 1255 398 1311 dum
423 1257 477 1312 in
500 1260 762 1315 catholica
794 1262 955 1334 375
977 1263 1215 1322 Ecclesia
1235 1270 1522 1338 nominari,
1553 1271 1652 1325 nisi
1674 1273 1843 1329 solam

259 1362 389 1418 quae
414 1348 468 1405 in
510 1349 689 1406 Nicaea
715 1353 853 1409 facta
886 1364 990 1425 est,
1022 1371 1143 1426 qua:
1170 1360 1264 1425 est?
1292 1368 1551 1430 tropaeum
1585 1363 1844 1420 adversus

255 1456 457 1498 omnes
487 1443 1027 1518 haereses,prmcipue
1049 1451 1305 1507 adversus
1332 1455 1609 1523 Arianam,
1628 1466 1845 1529 propter

252 1548 424 1604 quam
452 1536 687 1594 maxime
708 1549 832 1595 tunc
856 1542 1094 1611 synodus
1110 1557 1429 1616 congregata
1448 1548 1843 1617 est.Quornodo

251 1641 395 1697 ergo
422 1639 544 1699 post
581 1639 783 1688 tantam
812 1636 1075 1705 synodum
1113 1637 1374 1696 dubitare.
1406 1650 1499 1697 aut
1544 1645 1695 1714 queri
1743 1645 1841 1701 ali-

248 1722 448 1791 quanti
476 1726 779 1782 conantnr?
814 1728 869 1783 Si
899 1727 967 1785 de
992 1730 1204 1787 Arianis
1233 1743 1379 1803 sunt,
1409 1736 1542 1792 nihil
1574 1738 1765 1794 mirum
1791 1740 1838 1797 si

246 1824 381 1879 qua:
399 1822 588 1870 contra
616 1830 678 1871 se
702 1818 899 1887 scripta
929 1831 1057 1877 sunt
1079 1834 1373 1881 accusant:
1403 1828 1543 1883 sicut
1567 1837 1622 1885 et
1642 1830 1835 1902 Pagani

244 1903 543 1962 audientes
567 1908 711 1964 idola
728 1912 954 1984 gentium
974 1927 1095 1970 esse
1116 1926 1386 1989 argentum
1407 1930 1455 1976 et
1478 1940 1663 1977 aurum
1684 1941 1839 1996 Opera

242 2010 507 2053 mm
532 1998 793 2057 Itantinum
813 2002 930 2077 (Ps.
953 2020 1105 2075 cxttt,
1132 2008 1214 2079 4),
1245 2010 1457 2066 stultam
1484 2022 1735 2083 putarunt
1758 2017 1840 2072 di-

242 2087 397 2144 vinas
420 2092 601 2149 crucis
624 2095 943 2153 doctrinam.
972 2096 1001 2137 ιι
1034 2100 1097 2156 lli
1135 2116 1264 2157 vero
1289 2106 1380 2175 qui
1411 2115 1663 2176 putantur
1692 2120 1839 2167 recte

240 2181 481 2239 credere
526 2187 820 2243 secundum
862 2193 1043 2247 omnia
1081 2208 1202 2265 quas
1234 2194 1376 2251 dicta
1414 2208 1538 2254 sunt
1581 2215 1608 2253 a
1636 2201 1837 2259 sanctis

241 2273 529 2343 Patrihus,
572 2279 768 2350 aliquid
805 2293 1023 2355 propter
1051 2287 1449 2357 inquisitionem
1493 2300 1700 2349 mutare
1736 2309 1836 2349 vo-

239 2368 451 2433 lmtes,
481 2369 615 2426 nihil
641 2371 781 2430 aliud
812 2375 1032 2441 faciunt,
1064 2378 1169 2434 nisi
1212 2382 1505 2437 secundum
1534 2383 1676 2453 quod
1703 2384 1837 2440 scri-

237 2478 401 2541 ptum
429 2475 515 2524 est
538 2465 560 2536 (
584 2464 784 2527 Hahae.
815 2486 875 2539 ιι,
916 2470 1038 2541 15),
1071 2473 1372 2542 proximum
1403 2474 1616 2545 quidem
1647 2485 1837 2546 putant

236 2561 619 2631 insipientem,
642 2572 941 2633 repugnant
967 2572 1147 2621 autem
1183 2566 1250 2621 ad
1277 2566 1475 2622 nullam
1506 2568 1790 2625 utilitatem
1816 2587 1831 2637 ;

236 2650 340 2708 sed
373 2660 437 2707 nt
464 2653 740 2723 simplices
765 2662 970 2710 tantum
990 2665 1257 2712 evertant.

305 2744 451 2801 Car.
482 2743 751 2803 ll.—iizc
776 2746 848 2803 ita
871 2748 1070 2815 scribo,
1098 2748 1249 2805 lectis
1270 2764 1389 2821 qua:
1413 2750 1553 2822 apud
1581 2752 1835 2809 sanctita-

233 2850 352 2898 tem
386 2849 537 2895 tuam
558 2849 674 2894 acta
699 2850 823 2915 sunt
849 2841 1036 2912 gestis,
1059 2856 1181 2913 quae
1213 2857 1312 2899 nec
1341 2844 1502 2899 scribi
1532 2845 1717 2914 utique
1737 2845 1832 2901 de-

233 2933 507 2999 buerunt,
536 2942 595 2988 ut
620 2946 720 2989 nec
749 2936 1006 2990 memoria
1043 2936 1221 3007 aliqua
1256 2950 1443 2992 eorum
1472 2937 1524 2991 in
1555 2948 1830 3007 posterum

233 3026 424 3085 ﬁeret:
466 3028 603 3096 Quis
643 3027 785 3084 enim
832 3029 1033 3086 audivit
1074 3032 1197 3086 talia
1252 3032 1529 3102 unquam?
1575 3041 1667 3087 aut
1710 3036 1832 3105 quis

234 3118 466 3177 docuit?
494 3130 585 3176 aut
610 3120 731 3192 quis
754 3121 978 3178 didicit?
999 3121 1081 3177 Ea:
1109 3124 1241 3180 Sion
1268 3126 1401 3180 enim
1426 3125 1630 3196 prodiet
1656 3126 1758 3197 lex,
1781 3137 1833 3183 et

234 3214 453 3269 verbum
479 3212 688 3269 Domini
713 3230 775 3270 ea:
795 3213 1084 3271 Jerusalem
1114 3216 1293 3289 (Isaia
1315 3233 1372 3286 ιι,
1404 3220 1481 3291 5).
1506 3220 1631 3276 llaec
1651 3231 1828 3277 autem

1965 626 2091 691 εἰς,
2128 626 2148 664 τ
2176 635 2233 681 ιιι
2267 628 2445 686 dicant
2478 650 2491 688 :
2532 647 2637 688 non
2680 636 2946 692 novellum
2989 651 3109 693 esse
3144 652 3339 709 corpus
3374 639 3534 698 Verbi

1956 716 2198 785 Deitatis,
2232 720 2323 775 sed
2348 725 2842 794 consempiternum
2874 726 2975 798 ipsi
3002 742 3097 799 per
3134 732 3312 786 omnia
3344 730 3530 797 fuisse,

1952 805 2208 877 quoniam
2245 820 2313 862 ex
2348 809 2642 866 substantia
2688 814 2963 882 sapientia:
3002 816 3281 870 constitit?
3322 827 3347 863 ις
3383 817 3530 885 Quo-

1954 899 2114 955 modo
2150 909 2328 956 autem
2370 899 2402 939 ¹ι
2446 913 2500 957 ει
2546 902 2793 962 dubitare
2838 907 2952 962 ausi
2994 920 3119 964 sunt
3157 909 3244 979 qui
3284 908 3532 965 dicuntur

1951 989 2261 1058 Christiani,
2294 993 2339 1047 si
2368 994 2457 1062 qui
2483 1008 2551 1050 ex
2579 996 2739 1052 Maria
2772 1001 3035 1068 processit
3062 1000 3337 1066 Dominus,
3366 1001 3531 1072 376

1952 1083 2089 1138 illius
2113 1083 2329 1153 quidem
2360 1085 2655 1141 substantia
2693 1099 2746 1144 et
2776 1099 2963 1144 natura
2995 1090 3084 1146 Dei
3114 1101 3234 1147 est:
3264 1092 3403 1162 quod
3435 1106 3530 1146 au-

1951 1182 2059 1231 tem
2081 1176 2375 1231 secundum
2402 1192 2646 1245 carnem,
2673 1194 2738 1235 ex
2762 1181 2967 1237 semine
2995 1181 3161 1239 David
3188 1194 3269 1239 est
3291 1192 3347 1238 et
3367 1198 3529 1241 carne

1947 1277 2146 1324 sancta:
2176 1268 2394 1324 Mariae?
2430 1273 2452 1295 ⁹

2016 1359 2147 1415 Ωιι».
2190 1360 2278 1416 ill.
2302 1362 2526 1431 —Quid
2570 1371 2749 1420 autem
2789 1363 2860 1420 ita
2892 1368 3161 1422 temerarii
3205 1369 3436 1437 fuerunt,
3468 1377 3528 1426 ut

1945 1452 2189 1509 dicerent
2215 1470 2381 1511 carne
2412 1470 2625 1526 passum
2654 1456 2963 1514 Christum?
2996 1468 3051 1516 et
3075 1462 3391 1517 cruciﬁxum
3420 1478 3526 1520 non

1945 1560 2067 1601 esse
2096 1546 2400 1615 Dominum,
2438 1559 2491 1603 et
2531 1548 2884 1616 Salvatorem,
2916 1562 2971 1607 et
3001 1551 3169 1608 Deum
3205 1552 3394 1609 Filium
3428 1555 3527 1610 Pa-

1944 1639 2079 1694 tris?
2127 1639 2219 1696 Vel
2266 1642 2533 1712 quomodo
2570 1642 2858 1700 Christiani
2898 1646 3087 1701 volunt
3125 1647 3388 1704 nominari
3437 1648 3526 1717 qui

1941 1730 2127 1789 dicunt
2155 1734 2209 1789 in
2238 1733 2509 1791 hominem
2537 1744 2803 1804 sanctum,
2833 1738 2973 1793 sicut
3002 1740 3053 1794 in
3087 1755 3251 1794 unum
3292 1739 3527 1810 prophe-

1941 1834 2136 1893 tarum,
2168 1826 2457 1885 advenisse
2495 1828 2754 1895 Verbum,
2796 1840 2853 1886 et
2889 1847 2996 1887 non
3042 1832 3214 1902 ipsum
3254 1832 3525 1888 hominem

1868 1906 1918 1970 B
1944 1920 2137 1975 factum
2162 1935 2281 1976 esse
2307 1931 2607 1978 sumentem
2629 1938 2845 1979 carnem
2868 1939 2933 1979 ex
2956 1924 3153 1991 Maria;
3182 1926 3275 1981 sed
3298 1925 3526 1981 alterum

1942 2026 2064 2068 esse
2094 2010 2390 2081 Christum,
2418 2023 2474 2070 et
2508 2015 2736 2071 alterum
2766 2015 2861 2071 Dei
2891 2014 3125 2072 Verbum
3157 2026 3281 2072 ante
3308 2016 3526 2072 ilariatn

1940 2114 1995 2160 et
2035 2116 2161 2161 ante
2193 2106 2391 2162 saecula
2432 2106 2629 2162 Filium
2672 2106 2882 2162 Patris?
2922 2107 3028 2162 Aut
3066 2108 3336 2178 quomodo
3369 2105 3527 2162 Chri-

1939 2198 2098 2253 stiani
2125 2213 2245 2254 esse
2276 2207 2496 2267 possunt
2527 2200 2617 2270 qui
2643 2199 2829 2254 dicunt
2856 2200 3026 2267 alium
3066 2214 3186 2255 esse
3216 2199 3432 2265 Filium,
3469 2206 3527 2255 ει

1938 2288 2101 2343 alium
2140 2288 2234 2345 Dei
2282 2289 2556 2345 Verbum?
2596 2289 2721 2346 Haec
2765 2290 2978 2346 fuerunt
3015 2291 3068 2346 in
3105 2290 3270 2362 gestis
3311 2291 3527 2347 diverse

1936 2380 2152 2450 quidem
2181 2382 2343 2449 dicta,
2376 2398 2533 2438 unam
2572 2393 2750 2440 autem
2788 2394 3021 2439 mentem
3058 2394 3113 2439 et
3142 2384 3386 2440 eamdem
3418 2383 3523 2440 itn-

1939 2473 2191 2544 pietatem
2224 2475 2471 2531 habentia
2505 2474 2549 2531 ί.
2578 2476 2800 2547 Propter
2818 2477 2932 2531 haec
2951 2477 3295 2547 disputabant
3315 2488 3368 2533 et
3388 2493 3525 2534 con-

1938 2567 2228 2624 tendebant
2256 2568 2395 2625 inter
2426 2585 2486 2626 se
2512 2570 2766 2637 inviccm,
2788 2571 2877 2641 qui
2903 2570 3203 2641 gloriantur
3230 2572 3285 2627 in
3310 2572 3524 2627 confes-

1934 2661 2090 2718 sione
2124 2662 2341 2718 Patrum
2383 2678 2501 2734 qua:
2542 2664 2594 2719 in
2640 2663 2821 2719 Nicaea
2869 2664 3008 2720 facta
3046 2674 3150 2721 est.
3198 2666 3308 2737 Ego
3347 2674 3525 2722 autem

1934 2753 2230 2811 admiratus
2258 2771 2377 2812 sum
2399 2766 2639 2813 sanctam
2660 2759 2977 2829 religionem
3003 2769 3146 2816 tuam
3168 2761 3245 2816 sic
3266 2760 3526 2817 tolerasse

1933 2854 1989 2901 et
2008 2862 2113 2901 non
2133 2849 2531 2917 compescuisse
2550 2863 2645 2904 eos
2667 2850 2789 2904 talia
2804 2849 3066 2917 dicentes,
3082 2867 3181 2908 nec
3203 2851 3359 2908 fidem
3386 2854 3526 2921 piam

1934 2938 2245 3009 exposuisse
2269 2943 2368 3009 eis,
2394 2949 2451 2996 ut
2478 2941 2560 2996 vel
2590 2941 2868 2997 audientes
2895 2944 3261 3014 quiescerent,
3289 2944 3375 2999 vel
3397 2958 3525 2999 con-

1934 3033 2281 3102 tradicentes,
2328 3042 2393 3089 uti
2432 3033 2671 3091 haeretici
2718 3036 3131 3091 aestimarentur.
3175 3036 3304 3104 Quae
3342 3045 3524 3092 autem

1933 3124 2185 3194 praedicta
2216 3133 2363 3193 sunt,
2402 3140 2578 3197 neque
2604 3126 2766 3195 dicta,
2810 3137 2983 3199 neque
3019 3127 3199 3183 audita
3231 3137 3356 3183 sunt
3381 3126 3523 3197 apud

1931 3217 2280 3284 Christianos,
2314 3218 2409 3274 sed
2435 3218 2607 3275 aliena
2634 3218 2942 3275 omnimodo
2968 3218 2984 3271 ἱ
3023 3220 3092 3275 ab
3112 3218 3404 3291 apostolica
3426 3218 3525 3273 do-

237 3310 390 3366 unde
407 3311 952 3381 processerunt?quis
974 3280 1210 3367 infernus
1230 3327 1291 3369 ea
1311 3280 1823 3371 cruciavitmmou-
1856 3280 1904 3348 θ
1933 3313 2124 3367 ctrina.
2159 3280 2446 3383 Propterea
2489 3312 2649 3382 igitur
2674 3313 2835 3368 etiam
2866 3326 2967 3385 ego
2993 3327 3115 3384 quae
3140 3280 3209 3366 ab
3240 3312 3347 3367 illis
3375 3310 3519 3367 dicta

242 3404 367 3458 sion
396 3402 577 3459 dicere
599 3416 796 3472 corpus
825 3417 891 3459 ex
914 3402 1076 3458 Maria
1106 3402 1281 3460 Verbo
1305 3405 1557 3473 Deitatis;
1588 3415 1679 3461 aut
1703 3409 1825 3478 quia

246 3495 487 3553 Verbum
518 3498 573 3553 in
599 3512 817 3554 carnem
840 3507 895 3554 et
915 3512 1060 3563 ossa,
1094 3507 1148 3555 et
1171 3499 1413 3570 capillos,
1434 3507 1490 3555 et
1514 3516 1674 3556 omne
1700 3515 1826 3557 cor-

236 3603 345 3661 pus
389 3591 705 3647 translatum
747 3599 801 3646 ει
829 3600 1089 3646 mutatum
1137 3598 1221 3647 est
1263 3591 1331 3647 de
1369 3591 1581 3662 propria
1614 3599 1822 3648 natura.

231 3682 375 3751 Quis
402 3692 585 3738 autem
620 3682 822 3738 audivit
848 3684 901 3738 in
926 3683 1163 3739 Ecclesia
1190 3683 1411 3738 omnino
1434 3699 1463 3738 a
1486 3683 1823 3750 Christianis,

230 3773 385 3847 quod
428 3774 596 3845 ﬁgura
641 3783 695 3830 et
723 3790 828 3831 non
859 3785 1047 3830 natura
1089 3790 1285 3845 corpus
1313 3775 1529 3832 indutus
1562 3785 1644 3833 est
1670 3773 1827 3831 Chri-

228 3878 353 3923 stus
373 3868 400 3920 ‘l
428 3882 522 3922 aut
545 3868 665 3939 quis
692 3868 745 3923 in
772 3878 971 3923 tantam
995 3868 1325 3939 impietatem
1353 3869 1604 3940 delapsus
1636 3878 1736 3936 est,
1766 3878 1827 3926 ut

227 3960 387 4016 dicat
431 3960 590 4015 simul
630 3972 683 4015 et
722 3961 937 4028 sentiat,
983 3962 1124 4031 quod
1176 3960 1354 4017 Deitas
1398 3960 1511 4031 ipsa
1550 3961 1825 4017 omousios

227 4053 389 4109 Patri
417 4053 735 4108 circumcisa
757 4063 859 4122 est,
883 4064 936 4110 et
956 4053 1267 4125 imperfecta
1295 4063 1319 4092 ⁸
1341 4068 1405 4109 ex
1430 4052 1666 4124 perfecto
1687 4054 1825 4109 facta

225 4157 355 4205 est:
391 4153 449 4201 et
479 4145 619 4214 quod
662 4145 715 4201 in
750 4146 893 4215 ligno
928 4143 1242 4201 crucifixum
1269 4154 1351 4200 est
1380 4159 1485 4200 non
1515 4144 1675 4200 fuerit
1702 4159 1825 4200 cor-

226 4256 357 4313 pus,
389 4240 484 4295 scd
510 4240 623 4309 ipsa
649 4239 879 4295 creatrix
901 4240 1197 4295 substantia
1216 4239 1241 4294 ?
1260 4239 1382 4309 quis
1399 4250 1577 4294 autem
1600 4238 1824 4295 audiens

224 4352 340 4391 non
378 4348 449 4388 ex
483 4332 668 4396 Maria,
692 4332 784 4388 sed
811 4348 877 4389 ex
902 4333 1115 4403 propria
1137 4332 1431 4387 substantia
1456 4331 1699 4388 effecisse
1721 4331 1823 4387 sibi

221 4437 439 4498 Carpus
481 4424 731 4495 passibiie
771 4423 1035 4491 Verbum;
1078 4434 1170 4480 aut
1210 4424 1422 4495 qualem
1461 4422 1824 4480 Christianum

222 4520 517 4579 existimet
546 4519 661 4573 haec
688 4517 993 4575 dicentem?
1035 4518 1165 4587 Quis
1191 4528 1368 4573 autem
1400 4519 1537 4573 hanc
1566 4518 1821 4574 nefariam

1933 3412 2076 3469 sunt,
2108 3402 2305 3473 scripta
2330 3419 2425 3473 pro
2449 3411 2501 3459 te
2530 3404 2583 3459 in
2613 3405 2841 3475 epistola
2872 3403 2996 3470 feci,
3023 3416 3081 3459 ut
3101 3405 3273 3460 solum
3299 3402 3524 3458 audiens

1930 3495 2117 3551 videas
2145 3495 2197 3549 in
2228 3494 2357 3565 ipsis
2389 3510 2605 3565 pravam
2645 3495 3043 3551 confessionem
3073 3503 3130 3551 et
3166 3496 3521 3565 impietatem.

1930 3587 2185 3654 Quamvis
2213 3596 2490 3657 Oportet-et
2510 3585 2536 3625 ¹ί
2561 3587 2802 3657 pluribus
2824 3601 3082 3643 accusare
3114 3596 3168 3643 et
3197 3586 3521 3642 convincere

1928 3677 2208 3734 stultitiam
2238 3693 2425 3735 eorum
2467 3680 2557 3751 qui
2595 3679 2697 3736 ista
2741 3689 3064 3746 senserunt;
3091 3678 3184 3735 sed
3215 3680 3406 3735 melius
3434 3687 3519 3736 est

1930 3770 2206 3841 hucusque
2242 3773 2363 3827 eise
2391 3772 2699 3843 epistolam,
2736 3781 2793 3828 et
2821 3771 2953 3828 nihil
2995 3772 3221 3842 amplius
3257 3769 3515 3827 scribere.

1927 3863 2060 3932 Qua!
2088 3862 2230 3920 enim
2264 3864 2335 3919 ita
2367 3865 2648 3921 manifeste
2677 3874 3046 3920 monstrantur
3084 3878 3268 3934 prava,
3298 3860 3518 3920 tractari

1927 3956 2130 4011 diutius
2150 3964 2207 4012 et
2229 3958 2556 4027 perscrutari
2581 3972 2688 4013 non
2715 3964 2950 4028 oportet,
2975 3970 3043 4012 ne
3064 3953 3515 4011 contendentibus

1929 4058 2183 4121 tanquam
2213 4049 2374 4105 dubia
2402 4058 2680 4121 putentur.

1996 4144 2127 4199 Car.
2156 4140 2247 4197 ιγ.
2273 4157 2341 4184 -ι-
2363 4142 2471 4199 Sed
2498 4139 2601 4198 hoc
2629 4142 2805 4197 solum
2848 4140 3191 4211 respondisse
3213 4139 3281 4196 ad
3312 4141 3428 4194 haec
3463 4144 3519 4194 et

1927 4235 2128 4292 dixisse
2148 4236 2378 4292 sufficiat
2404 4253 2415 4289 :
2441 4234 2585 4306 quod
2608 4250 2715 4290 non
2746 4242 2873 4289 sunt
2901 4234 3001 4289 ista
3028 4232 3306 4289 catholica:
3334 4229 3519 4287 Eccle~

1926 4330 2040 4395 size,
2066 4343 2165 4386 nec
2190 4328 2381 4385 Patres
2412 4330 2511 4384 ista
2539 4337 2841 4385 senserunt.
2867 4322 2937 4383 At
2958 4342 3026 4383 ne
3047 4329 3099 4382 in
3128 4334 3298 4382 totum
3329 4341 3395 4381 ex
3421 4340 3518 4380 no-

1926 4434 2039 4480 stro
2073 4423 2287 4480 silentio
2326 4424 2665 4480 occasionem
2705 4420 3068 4493 impudentem
3108 4420 3210 4476 sibi
3252 4418 3518 4476 malorunt

1927 4515 2236 4571 inventores
2264 4514 2565 4585 acquirant,
2596 4512 2797 4568 bonum
2839 4522 2921 4567 est
2952 4521 3009 4567 ut
3046 4526 3115 4567 ex
3144 4508 3341 4567 divinis
3370 4509 3517 4567 Scri-

222 4614 363 4670 fecit
402 4611 755 4682 impietatem,
785 4619 842 4666 ut
869 4612 919 4666 in
950 4607 1255 4680 huiusmodi
1279 4610 1638 4680 cognitionem
1670 4610 1823 4665 veni—
1850 4656 1907 4720 Β
1935 4609 2106 4679 pturis
2132 4624 2295 4679 pauca
2330 4621 2836 4663 cotnmemoremus.
2870 4605 3118 4661 Forsitan
3161 4603 3246 4660 vel
3280 4604 3359 4660 sic
3387 4620 3516 4661 eru-

298 4719 301 4720 ν
422 4716 434 4720 -
489 4704 511 4720 λ
556 4707 567 4720 .
728 4704 759 4720 .-
894 4713 905 4720 .
1145 4704 1157 4716 .
1230 4719 1237 4720 ,
1288 4718 1309 4720 _
1354 4702 1365 4720 .
2268 4701 2531 4720 _7.---__.
2584 4715 2604 4720 _
2664 4698 2893 4720 HJ..-
2928 4698 3339 4720 “_..-..____..____
3382 4698 3490 4720 ηε,

221 4719 334 4777 ret,
383 4716 439 4762 et
487 4704 513 4742 ά
556 4707 670 4761 haec
710 4704 911 4761 diceret
950 4721 961 4755 :
996 4704 1248 4775 quoniam
1279 4702 1367 4772 qui
1402 4702 1532 4757 dicit
1559 4718 1625 4757 ex
1656 4702 1823 4759 Maria
1850 4698 1905 4720 ⁴’
1934 4703 2216 4759 bescentes
2259 4701 2536 4772 quiescent
2580 4715 2611 4754 a
2661 4698 2896 4755 sordidis
2922 4698 3343 4770 cogitationibus
3380 4698 3515 4755 suis.

220 4816 358 4857 esse
388 4798 722 4854 Dominicum
746 4812 961 4868 corpus,
977 4813 1081 4853 non
1097 4796 1210 4867 jam
1233 4795 1567 4861 Trinitatem,
1583 4793 1678 4852 sed
1702 4809 1823 4865 qua-

222 4894 549 4952 ternitatem
578 4890 630 4944 in
662 4890 868 4945 Deitate
895 4888 1084 4953 sentit;
1112 4896 1329 4957 propter
1353 4901 1447 4942 eos
1471 4885 1564 4957 qui
1592 4887 1672 4942 sic
1699 4900 1824 4943 sen-

224 4989 400 5049 lium,
422 4995 446 5022 ε
469 4992 527 5039 ιιι
549 4985 615 5040 de
643 4982 938 5038 substantia
960 4981 1235 5037 Trinitatis
1256 4980 1436 5036 dicant
1460 4995 1582 5035 esse
1604 4994 1818 5035 carnem

220 5094 336 5149 qua
370 5075 595 5132 indutus
622 5084 705 5131 cst
724 5089 791 5131 cx
820 5072 983 5130 Maria
1010 5071 1297 5130 Salvator?
1321 5071 1471 5130 Unde
1492 5062 1671 5129 autem
1701 5072 1821 5146 qui-

306 5258 334 5286 ι
379 5248 457 5303 ita
485 5248 607 5302 cod.
633 5247 869 5313 Thuan.,
886 5246 1042 5302 Vind.
1060 5256 1114 5302 et
1132 5244 1609 5311 Vat.,concinente
1633 5244 1825 5301 ϐικεο

226 5331 414 5375 textu.
450 5322 608 5375 Solus
634 5319 837 5385 Quesn.
870 5332 988 5373 cum
1016 5317 1217 5383 Oxon.,
1242 5330 1414 5370 omnes
1443 5318 1550 5384 qui.

304 5392 334 5431 δ
380 5391 546 5446 iidem
584 5390 740 5443 cndd.
770 5404 1071 5459 perperam,
1114 5390 1306 5443 Eorum
1342 5390 1427 5455 qui
1454 5394 1741 5457 putantur;
1769 5396 1826 5444 et

225 5475 427 5533 postea
462 5461 723 5524 Patribtts,
749 5461 835 5531 qui
858 5471 1084 5531 propter.

310 5544 337 5573 ε
386 5533 459 5587 Ita
501 5532 661 5587 iidem
699 5532 913 5587 codices
952 5541 1084 5587 tres.

224 5608 493 5676 oerfecta.

303 5675 338 5713 d
384 5676 503 5730 Vat.
536 5674 683 5732 delet
708 5676 835 5730 base.

307 5755 339 5785 ⁸
378 5746 617 5813 Thuan.,
644 5758 701 5802 ut
730 5747 1046 5802 substantiaz.

310 5816 334 5857 ¹
376 5817 458 5873 ita
490 5818 699 5876 'l‘lman.
733 5828 787 5875 et
818 5818 933 5875 Vat.
975 5816 1163 5886 Vind.,
1193 5824 1240 5873 et
1266 5818 1472 5884 dicant;
1509 5816 1737 5884 Quesn.,
1766 5816 1819 5868 et

221 5893 434 5951 dicunt.

1124 5532 1324 5600 Quesn.
1369 5545 1490 5585 cum
1530 5529 1729 5597 Oxon.,
1759 5546 1824 5586 ea:

1938 4792 1956 4834 ι
1991 4794 2145 4851 Unde
2179 4802 2265 4849 est
2306 4792 2461 4849 vobis
2491 4791 2691 4862 dicere,
2732 4807 2766 4846 ο
2791 4791 2883 4863 qui
2910 4791 3048 4847 tales
3090 4794 3242 4859 estis,
3282 4792 3514 4847 consub-

1931 4889 2180 4947 stantiale
2216 4902 2339 4945 esse
2380 4901 2577 4957 corpus
2616 4886 2809 4942 Deitati
2854 4884 3057 4942 Verbi?
3109 4885 3189 4941 Ex
3232 4883 3335 4940 hoc
3371 4883 3513 4939 enint

1931 4984 2131 5041 bonum
2172 4981 2344 5039 fuerat
2378 4981 2654 5047 inchoare,
2689 4988 2749 5036 ut
2784 4979 2887 5036 hoc
2916 4979 3087 5051 fragili
3117 4978 3511 5043 demonstrato,

1932 5087 1987 5135 et
2009 5077 2186 5134 omnia
2210 5074 2315 5131 alia
2345 5072 2466 5129 talia
2494 5073 3012 5131 demonstrarentur.
3045 5072 3126 5128 Ex
3163 5069 3360 5126 divinis
3387 5081 3513 5139 ergo

2006 5255 2032 5294 ε
2073 5244 2204 5316 Haec
2243 5239 2850 5316 usque_ad_asteriscum
2880 5236 3186 5316 referuntur
3216 5249 3283 5291 ex
3322 5232 3507 5316 eadem

1933 5316 2031 5389 ista
2071 5305 2386 5389 versione'a
2413 5312 2469 5389 S_.
2500 5310 2679 5366 Leone
2704 5317 2895 5389 nostro
2920 5308 2989 5363 ad
3032 5306 3233 5389 calcem
3268 5305 3511 5389 epistola)

1934 5386 2037 5442 165
2063 5387 2128 5440 ad
2160 5385 2392 5439 Leonem
2422 5382 2743 5448 Augustum,
2785 5390 2839 5435 et
2880 5381 2934 5433 in
2964 5377 3151 5448 eodem
3181 5377 3511 5448 testimonio.

1933 5473 2051 5513 rum
2076 5457 2309 5519 delectu,
2332 5456 2419 5524 qui
2445 5446 2676 5524 habetur
2696 5466 2855 5517 supra
2888 5464 3006 5524 cap.
3023 5446 3082 5502 4i
3111 5446 3269 5516 hujus
3286 5446 3508 5524 codicis.

2002 5525 2030 5565 ιι
2066 5526 2143 5581 lta
2166 5526 2265 5580 hoc
2290 5518 2407 5580 loco
2434 5523 2618 5586 codd.,
2646 5532 2694 5575 et
2724 5534 2819 5589 pro
2847 5518 3000 5574 etiam
3026 5519 3343 5588 sumpto.At
3371 5519 3508 5588 apud

1928 5598 2189 5661 Leonem,
2219 5607 2272 5651 et
2301 5610 2461 5664 supra
2489 5610 2539 5648 c.
2568 5592 2659 5657 41,
2693 5590 2769 5664 vel
2793 5591 3047 5664 dubitare.

2007 5668 2023 5707 ί
2067 5668 2238 5724 Codd.
2277 5661 2432 5720 Vind.
2464 5674 2517 5719 et
2555 5664 2673 5718 Vat.
2703 5661 2907 5716 addunt
2934 5671 3184 5717 ruentem.

2002 5740 2018 5814 ᾗ
2068 5739 2267 5814 Vind,
2276 5737 2577 5814 apostolica
2594 5732 2866 5814 doctrinm.
3023 5783 3040 5814 θ

1999 5808 2027 5849 ι
2066 5808 2199 5864 Cod.
2227 5802 2461 5866 'l‘huan..
2494 5821 2523 5857 a
2551 5802 2782 5872 pluribus
2801 5802 3037 5857 accusari
3060 5812 3108 5858 et
3127 5803 3383 5859 convinci.

2005 5877 2023 5917 ι
2072 5879 2227 5935 Vind.
2263 5892 2388 5937 ms.,
2423 5874 2570 5929 Unde
2599 5875 2737 5930 vobis
2766 5874 2957 5941 dicere,
2983 5876 3071 5945 qui
3096 5874 3242 5932 tales.
