3996 6344
504 347 605 422 667
636 331 652 347 ’

1409 367 1750 425 APPENDIX
1791 369 1884 426 AD
1921 369 1980 426 S.
2021 365 2264 425 LEONIS
2301 368 2513 426 MAGNI
2549 366 2797 454 ΟΡΕβΔ.

485 485 782 560 Scripturis
805 506 908 546 non
934 498 1107 560 potest
1127 488 1373 545 inveniri.
1402 489 1568 544 Deum
1589 504 1732 544 enim
1755 489 1808 544 in
1833 488 2066 558 humano
2092 489 2148 551 Α
2241 486 2368 544 Car.
2401 489 2487 542 Vl.
2519 519 2584 530 -—
2610 487 2824 542 Gabriel
2851 492 3028 539 autem
3070 491 3296 539 mittitur
3336 495 3399 536 aa
3439 495 3611 552 Ipsam
3639 496 3737 537 non

485 593 712 652 corpore
755 583 918 638 fuisse
945 583 1158 648 dicunt;
1200 582 1293 636 sed
1333 581 1517 642 Patres
1549 584 1602 637 in
1644 583 1818 642 Nicaea
1844 599 2067 652 congre-

485 675 618 744 gati,
660 692 765 731 non
806 691 1022 744 corpus,
1060 674 1152 729 sed
1197 675 1370 744 ipsum
1409 675 1605 730 Filium
1649 669 2066 732 dixerunt-con-

485 765 893 820 substantialem
934 765 1098 830 Patri,
1141 775 1196 821 et
1229 766 1388 837 377
1432 767 1572 822 hunc
1608 767 1824 837 quidem
1847 783 1913 824 ex
1943 769 2070 825 sub-

488 858 680 912 stantia
712 857 917 921 Patris;
952 873 1147 924 corpus
1178 869 1356 913 autem
1393 875 1457 912 ex
1492 859 1654 914 Maria
1691 875 1811 916 esse
1835 860 2066 915 confessi

486 955 614 1002 sunt
641 956 666 983 τι
691 947 883 1002 iterum
916 948 1208 1003 secundum
1238 949 1564 1018 Scripturas.
1589 950 1646 1006 Si
1680 950 1840 1019 igitur
1865 951 2071 1021 negatis

489 1035 752 1108 synodum
785 1038 1078 1104 Niczeuam,
1109 1049 1167 1094 ut
1203 1040 1438 1096 llml'eliCi
1467 1041 1565 1095 ista
1598 1041 1880 1104 inducitis;
1903 1051 1998 1095 aut
2025 1041 2070 1097 si

488 1128 647 1184 vultis
672 1129 724 1184 (il
749 1130 998 1186 iPatrum
1033 1145 1174 1196 esse,
1203 1132 1365 1187 nolite
1392 1133 1592 1188 sentire
1623 1144 1818 1202 praeter
1839 1134 1927 1188 illa
1951 1149 2073 1204 qua:

494 1219 595 1288 ipsi
639 1222 994 1290 scripserunt.
1035 1223 1244 1277 Etenim
1275 1238 1341 1278 ex
1373 1223 1474 1277 hoc
1511 1224 1844 1293 iniquitatem
1872 1239 1969 1279 vos
1998 1226 2075 1278 vi-

491 1310 621 1369 dere
648 1312 792 1380 licet,
831 1315 876 1368 si
917 1315 1374 1370 consubstantiale
1403 1316 1472 1370 sit
1506 1315 1735 1370 Verbum
1767 1319 1976 1385 corpori
2007 1316 2075 1371 de

491 1413 632 1462 terra
665 1408 878 1464 habenti
919 1417 1186 1477 naturam,
1229 1409 1685 1465 consubstantiale
1726 1410 2077 1465 autem~Ver-

490 1498 617 1554 bum
661 1501 802 1556 Patri
838 1502 1134 1558 secundum
1175 1502 1567 1559 confession-em
1608 1503 1845 1570 Patrum,
1885 1518 2076 1559 omou-

491 1590 609 1645 sion
626 1590 650 1629 δ
676 1591 778 1646 erit
807 1602 861 1647 et
890 1592 1004 1662 ipse
1027 1593 1185 1650 Pater
1204 1593 1420 1664 corpori
1441 1595 1582 1665 quod
1604 1610 1672 1651 ex
1708 1603 1849 1650 terra
1875 1593 2078 1650 factum

494 1687 596 1736 est.
628 1681 695 1734 Et
725 1681 854 1751 quid
883 1683 1148 1739 accusatis
1168 1683 1341 1740 adhuc
1369 1685 1596 1740 Arianos
1617 1686 1859 1742 dicentes
1885 1685 2078 1740 Filium

497 1787 621 1828 esse
644 1782 910 1842 creatum,
937 1791 1060 1832 cum
1084 1775 1272 1832 dicatis
1301 1777 1401 1847 ipsi
1429 1777 1589 1833 etiam
1613 1778 1824 1833 Patrem
1849 1778 2082 1832 consub-

2172 580 2476 634 transitorie
2513 580 2809 648 virginem,
2852 576 2946 632 sed
2987 577 3056 630 ad
3099 575 3342 647 virginem
3389 576 3740 644 desponsatam

2170 674 2313 728 uiro:
2345 671 2445 727 ιιιι
2477 686 2676 742 sponso
2709 670 3019 728 ostenderet
3057 670 3276 725 Mariam
3315 681 3440 723 vere
3480 668 3739 722 hominem

2171 764 2360 821 fuisse.
2398 767 2463 819 Et
2486 773 2667 835 partus
2692 763 2937 820 meminit
2957 762 3252 831 Scriptura.
3287 770 3342 817 et
3383 761 3544 815 dicit:
3576 759 3741 814 Inrat-

2172 858 2240 911 uit
2268 873 2484 926 puerum
2523 855 2673 925 (Luc.
2703 872 2771 921 ιι,
2799 853 2879 923 τ).
2912 854 2980 909 Et
3016 870 3029 907 :
3064 853 3222 908 Beata
3245 861 3366 908 sunt
3397 853 3558 906 ubera
3588 860 3616 899 ι
3641 868 3745 923 quc

2174 950 2310 1006 ausit
2344 948 2494 1022 (Luc.
2533 965 2606 1015 st,
2629 947 2743 1018 27).
2779 948 2846 1002 Et
2875 947 3115 1002 oblatum
3142 954 3226 1001 est
3247 943 3604 1006 sacriﬁcium;
3625 959 3743 1011 quo-

2176 1039 2318 1095 niam
2344 1039 2434 1109 qui
2459 1048 2613 1094 natus
2633 1048 2718 1094 est
2755 1039 2964 1107 aperuit
2987 1037 3197 1091 vulvam
3219 1035 3371 1105 (Luc.
3401 1050 3468 1098 ιι,
3488 1035 3608 1096 25).
3634 1035 3746 1088 ﬂare

2177 1140 2356 1185 autem
2387 1133 2564 1187 omnia
2621 1131 2968 1200 parturientis
2996 1131 3216 1200 virginis
3245 1139 3398 1184 erant
3451 1128 3666 1182 indicis.
3695 1130 3747 1183 Iit

2180 1223 2393 1279 Gabriel
2441 1226 2742 1280 certissime
2785 1223 3179 1294 evangeiizavit
3223 1224 3366 1300 ipsi,
3418 1220 3610 1276 dicens
3653 1233 3747 1274 non

2181 1317 2520 1371 transitorie:
2555 1318 2704 1381 Quod
2723 1329 2958 1370 nascetur
2990 1331 3056 1370 ea;
3085 1326 3133 1369 te
3162 1315 3315 1385 (Luc.
3347 1329 3388 1380 ι,
3417 1313 3543 1385 55);
3575 1325 3628 1368 ut
3657 1327 3748 1370 non

2181 1407 2249 1459 de
2277 1407 2404 1460 foris
2435 1406 2708 1461 inductum
2739 1405 2791 1461 ei
2821 1421 3020 1475 corpus
3051 1414 3352 1474 putaretur,
3397 1404 3498 1459 sed
3525 1420 3594 1459 es
3619 1413 3682 1470 te,
3703 1414 3751 1460 nl

2180 1512 2247 1554 ex
2283 1499 2394 1566 ipsa
2437 1498 2771 1564 naturaliter,
2801 1498 2944 1566 quod
2983 1508 3166 1552 nawm
3196 1507 3300 1566 est,
3333 1511 3455 1552 esse
3485 1495 3751 1552 manifeste

2181 1591 2465 1657 credatur;
2494 1601 2546 1647 et
2570 1591 2596 1628 ιι
2624 1593 2724 1646 hoc
2750 1602 2940 1647 natura
2961 1593 3385 1657 dmonstrante,
3413 1594 3546 1662 quia
3573 1592 3753 1658 impos-

2182 1683 2342 1739 sibile
2365 1693 2451 1740 est
2499 1685 2760 1752 virginem
2809 1683 2892 1738 lac
2934 1684 3197 1753 proferre,
3225 1693 3278 1737 et
3308 1683 3646 1752 impossibile
3685 1693 3753 1755 est

2185 1775 2324 1831 lacte
2351 1775 2544 1831 nutriri
2569 1789 2788 1844 corpus,
2817 1784 2872 1830 et
2891 1775 3082 1844 pannis
3103 1775 3302 1830 involvi
3330 1790 3438 1828 non
3465 1783 3599 1828 ante
3618 1781 3754 1827 natu-

494 1865 798 1920 stantialem
829 1881 948 1926 esse
977 1868 1282 1926 creaturis?
1310 1869 1376 1924 Et
1402 1869 1468 1924 ad
1500 1870 1828 1940 impietatem
1856 1870 2080 1925 alteram
2107 1861 2160 1925 Β
2187 1870 2372 1924 raliter
2401 1876 2605 1924 natum.
2639 1868 2750 1924 Hoc
2775 1876 2858 1922 est
2884 1868 3026 1937 quod
3075 1868 3449 1921 circumcisum
3474 1877 3564 1920 est
3588 1875 3754 1920 octava

497 1965 860 2026 transeuntes,
884 1958 1060 2016 dicitis
1083 1961 1133 2015 in
1161 1975 1400 2026 carnem,
1431 1970 1485 2016 et
1505 1977 1649 2026 ossa,
1681 1972 1734 2016 et
1761 1962 2002 2030 capillos,
2027 1969 2083 2015 ct

496 2062 708 2114 nervos,
757 2059 811 2105 et
857 2050 910 2105 in
953 2059 1120 2106 totum
1160 2067 1355 2124 corpus
1396 2068 1712 2108 conversum
1752 2053 1986 2108 Verbum
2027 2063 2084 2107 et

497 2151 757 2195 mutatum
781 2158 810 2196 a
841 2157 935 2198 sua
969 2151 1177 2198 natura.
1207 2154 1227 2182 ε
1260 2144 1564 2214 Aliquando
1591 2144 1734 2199 enim
1760 2144 1936 2200 dicitis
1964 2145 2080 2199 evi-

496 2231 687 2294 denter
699 2250 767 2291 ex
781 2243 920 2291 terra
943 2250 1066 2290 eum
1090 2237 1285 2292 iactum
1304 2252 1443 2293 esse.
1465 2235 1542 2292 Ex
1561 2247 1702 2292 terra
1719 2238 1859 2292 enim
1880 2237 2080 2292 ossium

495 2337 547 2385 et
578 2328 742 2384 totius
762 2329 1006 2399 corporis
1027 2339 1222 2384 natura
1251 2339 1353 2383 est.

565 2415 692 2473 CAP.
727 2417 788 2475 V.
821 2449 890 2460 —
911 2419 1041 2487 Quae
1076 2419 1234 2490 igitur
1265 2421 1379 2476 haec
1409 2429 1552 2474 tanta
1580 2420 1870 2488 dementia,
1906 2427 1964 2475 ut
1991 2419 2084 2474 ad-

496 2521 711 2567 versum
743 2525 839 2566 vos
866 2511 1013 2582 ipsos
1041 2522 1397 2582 repugnantes
1425 2513 1540 2567 sitis
1563 2514 1584 2566 't
1605 2514 1897 2567 Omousion
1940 2513 2086 2567 enim

497 2601 738 2658 dicentes
770 2601 1000 2659 Verbum
1028 2604 1263 2673 corpori,
1289 2603 1432 2658 aliud
1455 2603 1738 2660 adversum
1761 2604 1904 2660 aliud
1922 2604 2087 2674 signi-

500 2693 701 2762 ﬁcatis;
753 2696 892 2767 quod
933 2707 1110 2754 autem
1160 2698 1213 2754 in
1260 2713 1477 2753 carnem
1515 2713 1836 2753 conversum
1883 2698 2084 2765 dicitis,

499 2788 669 2859 ipsius
694 2789 852 2844 Verbi
876 2791 1223 2846 mutationem
1245 2787 1460 2862 ﬁngitis.
1485 2791 1548 2846 Et
1570 2794 1688 2861 quis
1702 2807 1796 2846 vos
1811 2791 1922 2860 jam
1950 2792 2088 2845 ultra

504 2879 711 2940 toleret.
739 2882 783 2935 si
813 2883 896 2936 vel
930 2881 1042 2936 sola
1091 2883 1193 2939 ista
1222 2883 1451 2940 dicatis?
1481 2883 1613 2937 Nam
1646 2883 1712 2938 ad
1759 2885 2086 2952 impietatem

503 2986 662 3044 supra
693 2989 879 3029 omnes
908 2975 1140 3032 lucreses
1163 2975 1491 3032 declinastis.
1520 2976 1577 3031 Si
1623 2978 1765 3031 enim
1803 2977 2086 3033 omousion

505 3076 587 3124 est
609 3067 840 3122 Verbum
867 3070 1100 3138 corpori,
1130 3068 1397 3140 superﬂua
1438 3079 1521 3126 est
1552 3071 1728 3125 Mariae
1757 3085 2088 3127 commemo-

507 3159 667 3224 ratio,
693 3167 746 3214 et
775 3174 878 3214 non
912 3163 1236 3229 necessaria,
1268 3177 1390 3216 cum
1441 3163 1700 3232 potuisset
1733 3171 1786 3216 ct
1829 3170 1952 3217 ante
1979 3163 2089 3217 Ma-

2185 1962 2309 2028 die;
2343 1963 2447 2017 hoc
2477 1964 2695 2018 Simeon
2741 1963 2792 2016 in
2840 1961 3087 2016 manibus
3115 1961 3382 2028 suscepit;
3431 1958 3542 2014 hoc
3581 1959 3754 2013 factum

2132 2052 2142 2091 '-
2174 2063 2268 2110 -est
2300 2054 2499 2120 infans,
2546 2064 2600 2109 et
2643 2053 2820 2110 crevit
2849 2066 3020 2122 usque
3049 2050 3067 2089 ί
3101 2051 3167 2106 ad
3199 2051 3456 2106 u'edecim
3487 2065 3677 2112 annos,
3712 2057 3754 2104 et

2185 2147 2254 2201 ad
2284 2149 2614 2217 trigesimum
2642 2159 2841 2201 anum
2869 2146 3036 2202 venit.
3070 2144 3256 2214 Neque
3283 2143 3449 2210 enim,
3482 2145 3628 2196 sicut
3653 2141 3756 2209 quia

2186 2239 2309 2296 dam
2333 2239 2580 2294 arbitrati
2627 2248 2775 2305 sunt,
2819 2237 3122 2292 substantia
3152 2236 3320 2306 ipsius
3358 2235 3514 2290 Verbi
3547 2243 3754 2298 ιιισιτιιι,

2187 2329 2500 2388 circumcisa
2529 2340 2631 2394 est,
2661 2344 2782 2399 qua
2808 2337 2923 2384 erat
2971 2328 3317 2384 immutabilis
3343 2335 3398 2381 et
3445 2327 3756 2382 inconverti-

2189 2423 2338 2489 bilis,
2364 2422 2576 2478 dicente
2596 2422 2813 2492 quidem
2841 2422 2957 2492 ipso
2981 2421 3259 2478 Salvatore
3284 2437 3297 2474 :
3334 2421 3513 2475 Videte
3535 2422 3655 2489 quia
3681 2435 3757 2489 ego

2189 2533 2325 2583 sum,
2344 2525 2400 2575 ,ει
2426 2533 2526 2570 non
2558 2515 3192 2582 summutatuuﬂuiach.
3217 2531 3294 2578 ιιι,
3325 2516 3402 2580 6).
3427 2512 3602 2568 Paulo
3615 2513 3757 2568 etiam

2190 2609 2462 2664 scribente
2489 2629 2500 2662 :
2528 2607 2680 2663 Jesus
2712 2608 2941 2664 Christus
2968 2608 3100 2674 heri,
3120 2618 3168 2662 et
3197 2607 3368 2672 hodie,
3397 2610 3510 2676 ipse
3529 2615 3578 2659 et
3608 2609 3656 2658 in
3675 2619 3758 2658 sc-

2193 2703 2310 2756 cula
2336 2700 2521 2772 (Hebr.
2557 2717 2672 2768 snt,
2705 2702 2780 2766 8).
2816 2701 2921 2756 Sed
2949 2701 3265 2754 circumcise
3306 2700 3547 2768 corpori,
3579 2709 3627 2753 et
3657 2710 3756 2766 por-

2194 2800 2326 2860 tato,
2353 2804 2408 2848 et
2435 2793 2802 2857 manducanti,
2834 2803 2888 2847 et
2914 2793 3196 2857 laboranti,
3223 2803 3285 2846 et
3314 2794 3366 2844 i-n
3406 2795 3553 2862 tigno
3597 2791 3758 2854 allisa,

2193 2897 2247 2942 et
2264 2901 2422 2956 passo
2447 2894 2581 2950 erat,
2610 2887 2623 2937 t'
2665 2887 2990 2957 impassibile
3013 2888 3383 2954 incorporeum
3407 2886 3503 2940 Dei
3528 2886 3758 2940 Verbum.

2195 2976 2309 3032 Hoc
2335 2987 2453 3034 erat
2480 2978 2532 3033 in
2565 2979 2815 3047 sepulcro
2865 2981 3118 3047 positum,
3169 2979 3524 3047 qIIaadoipse
3571 2979 3762 3046 quidem

2195 3071 2434 3139 perrexit
2461 3071 2739 3140 praedicare
2761 3071 2838 3124 Itis
2868 3072 2957 3141 qui
3004 3071 3056 3124 in
3088 3069 3320 3124 custodia
3359 3079 3505 3150 erant
3527 3069 3765 3140 spiritibus

2197 3162 2243 3232 (ι
2274 3161 2388 3218 Pet.
2420 3179 2491 3230 In,
2529 3162 2648 3232 i9);
2673 3163 2811 3218 sicut
2835 3162 2969 3218 dixit
3002 3163 3218 3236 Petrus;
3244 3162 3384 3230 quod
3413 3163 3580 3231 magis
3603 3171 3762 3215 aeteae

508 3248 642 3306 riam
692 3251 1076 3319 sempiternum
1117 3267 1312 3333 corpus
1339 3255 1590 3319 existere,
1641 3256 1780 3310 sicut
1806 3264 1891 3310 est
1919 3257 2090 3325 ipsum
2119 3239 2176 3307 θ’
2196 3253 2278 3310 dit
2306 3257 2597 3312 amentiam
2629 3253 2941 3318 dicentium,
2993 3253 3222 3308 Verbum
3253 3253 3306 3307 in
3335 3263 3553 3308 carnem
3577 3262 3629 3308 et
3658 3266 3765 3307 ossa

512 3341 770 3398 Verbum.
796 3342 850 3399 Si
881 3345 1038 3414 igitur
1062 3346 1359 3404 secundum
1393 3363 1485 3403 vos
1523 3351 1802 3404 omousion
1858 3357 1940 3403 est
1972 3363 2094 3402 cor-

513 3435 652 3504 pori,
675 3435 801 3506 quid
830 3452 1050 3496 necesse
1075 3449 1189 3495 erat
1215 3439 1474 3497 adventus
1496 3439 1678 3503 Verbi,
1699 3437 1723 3476 ἀ
1747 3449 1804 3496 ut
1824 3449 1914 3496 aut
1941 3455 2102 3496 suum

515 3531 798 3583 otnousion
834 3529 1100 3597 indueret,
1153 3540 1247 3588 aut
1275 3542 1537 3588 nmtatum
1565 3532 1633 3588 de
1661 3534 1879 3603 propria
1909 3543 2098 3589 natura

515 3635 712 3692 corpus
743 3622 927 3680 ﬁci-et?
959 3639 1064 3680 non
1092 3624 1235 3680 enim
1273 3626 1452 3681 Deitas
1479 3627 1708 3695 seipsam
1740 3627 1998 3696 suscepit,
2043 3635 2102 3680 ut

516 3713 676 3768 etiam
704 3729 857 3768 suum
903 3717 1186 3777 omousion
1241 3717 1516 3781 indueret;
1570 3717 1664 3771 sed
1714 3732 1810 3771 nec
1859 3719 2103 3786 peccavit

517 3797 774 3867 Verbum,
803 3805 944 3874 quod
968 3808 1194 3862 aliorum
1226 3815 1440 3876 peccata
1465 3807 1726 3875 liberavrt,
1756 3817 1811 3860 ut
1841 3817 2100 3862 mutatum

517 3887 571 3946 in
606 3907 822 3950 carnem
845 3898 1191 3966 semetipsum
1225 3907 1246 3935 θ
1273 3913 1368 3968 pro
1395 3899 1573 3967 seipse
1600 3897 1834 3965 oifcrret,
1859 3909 1914 3954 et
1942 3901 2112 3955 sacri-

518 3983 694 4038 licium
720 3985 956 4054 seipsum
980 3987 1193 4043 libaret.
1219 3989 1322 4043 Sed
1349 4005 1453 4045 non
1480 3998 1563 4044 est
1585 3987 1651 4042 ita
1677 4011 1687 4044 :
1713 3991 1868 4045 alnit.
1893 3992 2108 4048 Abrahaa

521 4091 686 4129 semen
716 4078 1054 4146 apprehendit
1084 4079 1272 4148 (Hebr.
1307 4098 1364 4146 ιι,
1399 4083 1512 4153 ili),
1539 4085 1678 4138 sicut
1700 4084 1841 4138 dixit
1870 4086 2104 4155 Aposto-

521 4165 604 4222 lus
636 4169 770 4224 unde
801 4168 974 4225 debuit
1019 4173 1266 4243 fratribus
1314 4175 1608 4242 assimilari,
1649 4185 1703 4230 et
1747 4177 1920 4232 simile
1952 4177 2106 4234 nobis

521 4272 716 4330 corpus
770 4274 1069 4319 assumere.
1127 4261 1421 4334 Propterea
1476 4281 1605 4338 ergo
1651 4268 1950 4324 necessaria
1981 4285 2109 4325 vere

447 4349 454 4360 ‘
522 4348 705 4419 Maria,
737 4361 795 4406 ut
823 4366 887 4408 ex
918 4351 1029 4422 ipsa
1064 4353 1162 4409 hoc
1189 4367 1506 4424 assumeret,
1540 4369 1593 4414 ct
1632 4370 1686 4414 ut
1707 4375 1860 4416 suum
1885 4375 1980 4430 pro
2009 4377 2107 4416 no-

524 4439 606 4496 bis
633 4457 823 4511 corpus
849 4441 1086 4502 offerret.
1115 4444 1276 4520 378
1300 4448 1365 4504 Et
1394 4449 1529 4508 hanc
1549 4452 1708 4508 Isaias
1730 4455 2106 4520 prephetizans
2133 4439 2188 4502 D

527 4533 774 4598 ostendit,
797 4535 1011 4592 dicens:
1043 4537 1174 4594 Ecce
1215 4538 1366 4611 Virgo
1397 4539 1578 4611 (Isaia:
1608 4558 1700 4600 vn.
1735 4544 1826 4604 Η)

545 4717 548 4721 -
605 4699 629 4726 ι
658 4690 972 4751 Addidimus
1009 4695 1190 4750 iterum
1225 4709 1343 4751 cum
1397 4698 1595 4752 nostris
1632 4699 1795 4754 codd.
1853 4699 2010 4757 Vind.
2065 4709 2119 4760 et

536 4761 678 4828 Van,
709 4765 1026 4822 concinente
1051 4767 1239 4823 (ἓτεροο
1268 4770 1434 4825 πάλιν.

606 4831 631 4870 δ
667 4832 782 4888 Vat.
807 4837 953 4891 addit
991 4855 1046 4891 er

537 4901 841 4976 strisAcodd.
873 4921 934 4963 ac
959 4901 1170 4964 Thoen.
1199 4901 1357 4964 etiam
1382 4901 1671 4976 Quesnelii.

611 4985 632 5013 ε
663 4974 753 5052 Sic
807 4980 1158 5052 nostrigcodd.
1198 4993 1319 5035 cum
1350 4974 1558 5036 Thmui.
1615 4982 1958 5052 Quesnellus,
2005 4982 2116 5040 Ali-

540 5047 743 5116 quando
764 5058 931 5104 autem
950 5050 1125 5104 dicitis
1145 5067 1208 5104 ea:
1236 5059 1395 5105 terra.

607 5113 632 5152 J
659 5117 974 5175 Addidimus
1005 5130 1057 5176 ut
1084 5135 1204 5176 cum
1249 5136 1350 5176 ms.
1384 5122 1524 5187 Vat.,
1568 5124 1885 5182 concinente
1932 5125 2119 5182 Grteco

541 5195 711 5244 textu.

614 5257 890 5334 fQuesn.,
914 5263 974 5334 in
1011 5261 1197 5334 seipso.
1231 5257 1640 5320 Emendavimus
1675 5282 1779 5334 ope
1814 5278 2120 5324 nostrorum

542 5329 809 5408 codicum,
836 5332 1030 5408 quibus
1057 5329 1274 5408 Cra-cus
1302 5344 1476 5408 textus
1504 5329 1843 5408 sull‘ragatur.
1878 5341 1994 5394 Mox
2023 5356 2120 5408 pro

544 5401 720 5477 liba-ret
753 5400 868 5456 Vat.
901 5405 1058 5477 habet
1091 5405 1343 5461 liberaret.
1375 5403 1630 5477 Congruit
1664 5400 1908 5464 Graecum
1940 5400 2125 5466 exem-

549 5472 716 5547 plum,
747 5489 810 5526 ex
844 5489 949 5544 quo
980 5473 1191 5530 Latine:
1221 5489 1265 5529 et
1294 5472 1516 5547 seipsam
1544 5479 1833 5533 redimeret.

618 5541 634 5578 τ
669 5541 893 5611 Quesn.,
923 5563 1160 5616 sponsus,
1195 5541 1380 5602 minus
1399 5560 1562 5604 recte.
1605 5550 1792 5604 Melius
1824 5551 1990 5604 nostri
2030 5565 2123 5606 co-

547 5612 691 5736 dice;
739 5612 959 5738 sponso,
999 5619 1048 5672 id
1077 5629 1181 5684 est,
1220 5635 1284 5672 ea:
1311 5636 1515 5688 sponso,
1551 5630 1606 5674 ut
1637 5621 1717 5676 vis
1744 5619 1914 5675 Graeci
1949 5629 2122 5676 textus

554 5698 660 5738 Dl‘ﬂ‘.
687 5699 746 5738 er
775 5726 786 5738 .
1323 5713 1355 5737 ι

554 5698 786 5751 prmtert.
1323 5713 1355 5737 ι

619 5763 644 5828 ᾳ
676 5755 748 5828 Ita
769 5756 949 5824 Viud.,
981 5759 1166 5828 Graeco
1197 5753 1424 5816 favente.
1458 5763 1681 5828 Quesn.,
1710 5762 1913 5816 suristi.

620 5820 650 5861 ⁸³
694 5820 1090 5897 Quesn.,bazc.
1133 5820 1574 5891 Emendation'em
1624 5820 1902 5902 praebuere
1955 5833 2128 5896 nostri

1049 4855 1131 4907 go.
1185 4839 1302 4894 Mox
1333 4840 1522 4909 factum
1548 4840 1841 4909 adiecimus
1870 4858 1990 4899 cum
2024 4861 2120 4899 no-

2201 3358 2488 3408 mutatum.
2541 3347 2696 3415 Quod
2721 3349 2769 3402 si
2802 3349 2872 3402 ita
2917 3358 3059 3413 erat,
3107 3363 3214 3402 non
3261 3357 3376 3402 erat
3428 3346 3765 3402 necessarium

2204 3443 2509 3512 sepulcrum
2540 3458 2552 3492 :
2581 3441 2753 3509 ipsum
2797 3441 2940 3494 enim
2981 3444 3074 3509 per
3094 3453 3154 3494 se
3194 3439 3327 3494 isset
3361 3451 3556 3508 corpus
3595 3433 3766 3504 pradi-

2204 3553 2328 3594 care
2356 3538 2409 3592 in
2439 3537 2652 3590 inferno
2682 3535 2980 3604 spiritibus.
3012 3533 3164 3588 Nunc
3201 3542 3382 3588 autem
3414 3533 3530 3601 ipse
3557 3527 3762 3600 perrexit

2208 3629 2526 3700 praedicare,
2549 3627 2746 3696 corpus
2771 3641 2899 3682 vero
2930 3625 3229 3681 involutum
3277 3623 3457 3694 posuit
3497 3619 3674 3687 Joseplt
3713 3617 3757 3671 iu

2206 3720 2469 3790 Golgotha
2511 3717 2689 3789 (Joan.
2724 3735 2836 3781 sui,
2869 3717 2961 3788 58)
2981 3734 2994 3781 ;
3017 3726 3073 3772 et
3104 3725 3377 3772 ostensum
3406 3724 3489 3769 est
3515 3711 3760 3772 omnibus,

2209 3813 2332 3884 quia
2363 3827 2468 3865 non
2491 3824 2684 3880 corpus
2707 3818 2823 3864 erat
2852 3809 3103 3875 Verbum,
3129 3807 3224 3863 sed
3252 3821 3449 3876 corpus
3475 3815 3583 3860 erat
3608 3801 3764 3856 Verbi.

2214 3907 2282 3962 Et
2321 3905 2422 3960 hoc
2464 3907 2703 3974 palpavit
2748 3903 2985 3957 Thomas
3011 3901 3191 3974 (Joan.
3225 3901 3343 3968 xx),
3389 3907 3656 3968 postquam
3697 3906 3766 3946 re~

2213 3997 2516 4052 surrexisse
2557 3996 2689 4050 vidit
2715 4010 2745 4049 ιι
2769 3994 3018 4061 mortuis,
3047 4003 3100 4048 ct
3130 3992 3259 4046 vidit
3288 3992 3337 4045 in
3369 4006 3436 4045 eo
3477 3992 3654 4058 ﬁguras
3678 3985 3766 4040 cla-

2217 4103 2578 4160 vorum,quos
2605 4089 2826 4158 pertulit
2849 4089 3020 4156 ipsum
3055 4085 3286 4141 Verbum
3336 4086 3387 4138 in
3430 4098 3528 4137 suo
3553 4093 3767 4148 corpore,

2215 4183 2339 4240 dum
2373 4181 2774 4252 crucifigeretur
2806 4180 2851 4234 ιι.
2883 4179 3045 4251 379
3068 4178 3133 4232 Et
3159 4193 3278 4232 cum
3315 4184 3493 4246 posset
3519 4171 3770 4243 prohibere

2217 4288 2320 4329 non
2363 4273 2657 4344 prohibuit,
2689 4272 2784 4327 sed
2814 4275 2975 4326 ctiam
3005 4271 3220 4340 propria
3254 4283 3347 4322 sua
3398 4266 3638 4325 faciebat,
3668 4273 3766 4329 qua:

2219 4377 2371 4422 erant
2395 4366 2614 4438 propria
2645 4367 2912 4434 corporis,
2957 4363 3188 4418 Verbum
3242 4363 3594 4428 incorporale.
3636 4353 3766 4408 Deni-

2213 4475 2314 4529 que
2354 4475 2496 4514 cazso
2524 4472 2752 4526 corpore
2773 4472 2801 4510 a
2832 4457 3101 4521 ministro,
3158 4452 3172 4490 ¹
3211 4455 3356 4509 sicut
3384 4455 3554 4522 ipsum
3587 4448 3761 4519 patiens

2215 4552 2451 4609 dicebat:
2485 4551 2620 4617 Quid
2648 4564 2727 4604 me
2754 4550 2911 4603 caedis
2943 4545 3120 4621 (Joan.
3157 4561 3307 4612 XVIII,
3350 4544 3482 4617 23)?
3510 4553 3560 4599 et
3593 4543 3762 4609 impas-

2225 4705 2454 4761 codices.

2303 4775 2316 4813 ί
2351 4776 2512 4830 Vetus
2539 4776 2803 4845 interpres
2824 4775 3068 4832 Grmcum
3093 4776 3334 4831 cod-irem
3361 4775 3547 4829 habuit
3576 4769 3769 4826 similem

2225 4848 2576 4916 Segueriano,
2627 4849 2680 4901 in
2725 4848 2963 4902 editione
3014 4848 3289 4902 Athanasii
3334 4845 3571 4907 laudato,
3610 4845 3654 4895 in
3688 4851 3770 4906 quo

2224 4919 2482 4995 scriptum
2511 4920 2683 4995 fuerat
2711 4919 3189 4995 τιςριᾳκαιδεκαςτής,
3240 4918 3511 4995 tredecim;
3545 4929 3642 4995 non
3669 4922 3772 4995 vero

2225 4987 2558 5052 δωδεκαετὴς,
2607 4986 2876 5043 duodecim
2907 5006 3193 5053 annorum,
3225 4997 3282 5043 ut
3331 4987 3422 5042 alii
3468 4986 3618 5042 codd.
3669 4994 3773 5049 ρτπε·

2229 5061 2404 5114 fernnt
2427 5073 2549 5112 cum
2590 5059 2722 5114 Luc.
2758 5075 2814 5124 ιι,
2844 5059 2934 5115 49..
3245 5109 3248 5113 ,

2303 5130 2316 5180 ι
2357 5130 2584 5196 Quesn.,
2614 5131 2928 5201 impossibile
2965 5147 3074 5186 esse
3100 5131 3475 5193 incorporeum.
3514 5125 3774 5181 Deletimlli

2227 5218 2334 5256 esse
2363 5217 2485 5255 cum
2509 5215 2613 5254 ms.
2652 5202 2795 5265 Vat.,
2827 5217 2888 5256 ac
2911 5211 3172 5270 'prazterea
3214 5201 3372 5253 unius
3399 5202 3591 5270 litterae
3633 5201 3775 5248 mula-

2228 5273 2372 5326 tione
2398 5270 2800 5344 emendavimus
2821 5268 3132 5343 impossibile
3153 5271 3401 5340 exigente
3424 5268 3607 5344 Graeco
3634 5273 3775 5344 ιεξιιξ,

2227 5352 2392 5412 atque
2419 5352 2695 5396 contextu.
2728 5343 2856 5398 Dein
2887 5333 2954 5397 ex
2997 5353 3221 5412 utroque
3244 5333 3453 5396 'nostro
3485 5339 3599 5394 cod.
3646 5333 3776 5388 Vind.

2228 5423 2284 5468 et
2313 5409 2436 5465 Vat.
2466 5413 2762 5481 adjcc‘nnus
2791 5414 3013 5482 quidem.

2301 5482 2322 5519 ¹ί
2352 5477 2585 5552 Uterque
2605 5485 2725 5537 cod.
2751 5477 2897 5538 addit
2917 5485 3168 5552 aspiciens
3191 5498 3288 5551 pro
3307 5497 3372 5535 eo
3388 5482 3528 5550 quod
3548 5496 3610 5535 cx
3621 5477 3778 5532 Graeco

2231 5555 2456 5609 habetur
2481 5557 2602 5607 dum
2630 5554 2746 5609 illos
2771 5556 2973 5624 corpori
3001 5572 3093 5608 suo
3133 5555 3254 5606 vidit
3276 5555 3430 5624 σφίγξ.
3458 5552 3640 5606 Postea
3677 5556 3780 5601 ante

2241 5624 2857 5700 Verbumuterque‘cod.
2891 5625 3329 5700 addittanquam.
3371 5695 3382 5700 Α
3471 5697 3480 5700 _

2313 5694 2327 5732 ι
2383 5694 2500 5748 Vat.
2536 5687 2661 5760 nisi,
2692 5698 2764 5748 sic
2789 5697 2894 5764 ipse
2937 5687 3172 5764 patiens,
3198 5710 3261 5749 ac
3299 5695 3420 5748 dein
3464 5687 3775 5764 impossibilia.

2235 5767 2445 5844 Thoen.
2469 5782 2682 5844 qumque
2712 5765 2869 5844 habet
2888 5768 3014 5837 ipse,
3047 5766 3474 5844 et‘impassibilis.
3498 5763 3774 5844 δρᾶ-ἐρεμιρ

2237 5846 2293 5894 et
2320 5828 2630 5904 impasiibiie
2667 5828 2952 5907 legendum
2983 5828 3050 5897 ex
3092 5828 3302 5907 Graeco,
3331 5852 3451 5897 cum
3494 5834 3558 5894 ad
3591 5828 3773 5890 l’rrbsnt
