3996 6344
627 383 855 444 CODEX
891 383 1216 442 CANONUM
1254 383 1534 444 EGCL‘ES.
1574 382 1664 441 ΕΤ
1699 380 2282 442 CONSTITUTORUM
2322 379 2382 439 S.
2422 377 2621 438 SE‘BIS
2659 360 2989 438 APOSTOL‘.

3335 360 3449 441 870

189 505 343 562 siblle
365 503 673 561 naturaliter
700 504 951 560 dicebat:
984 503 1207 559 Dorsuo:
1226 518 1393 558 meum
1415 501 1533 558 dedi
1559 500 1628 556 ad
1650 514 1762 555 νιτ-
1788 501 1849 562 Λ
1869 506 2048 556 autem
2074 513 2106 553 a
2137 498 2343 554 Joanne
2371 498 2571 555 dictum
2598 506 2681 554 est
2713 516 2726 551 :
2767 498 2987 553 Verbum
3007 511 3127 551 caro
3149 496 3343 568 factum
3370 502 3448 553 est

188 597 324 662 bere,
353 605 401 651 et
421 596 604 667 faciem
623 612 787 650 mem
807 612 909 651 non
928 596 1086 650 averti
1112 612 1146 649 a
1167 594 1467 665 confusione
1492 599 1763 664 sputoruat

188 688 320 761 (tu.
344 706 398 755 t.,
426 688 505 759 6).
550 688 682 756 Qua:
717 688 862 745 enim
884 688 1192 745 humanitas
1238 686 1537 757 patiebatur
1581 684 1763 751 Verbi,

187 780 301 838 hac
322 781 631 838 inhabitans
660 780 897 838 Verbum
922 781 989 837 ad
1019 796 1080 837 se
1107 779 1403 845 relercbat,
1426 786 1485 834 ut
1508 792 1608 835 nos
1642 774 1765 832 Dei-

186 876 307 932 tatis
332 875 495 933 Verbi
514 875 801 947 participes
826 888 947 931 esse
976 888 1273 944 possemus.
1302 874 1373 929 Et
1391 882 1509 928 erat
1529 871 1761 927 admira-

187 969 288 1026 bile
308 985 324 1035 ;
348 968 476 1039 quia
502 969 615 1038 ipse
632 976 753 1025 erat
775 966 1011 1038 patiens.
1039 976 1097 1024 et
1122 981 1230 1023 non
1264 964 1478 1036 patiens
1513 982 1524 1017 :
1554 963 1762 1035 patiens

186 1059 424 1132 quidem,
453 1059 703 1130 quoniam
734 1059 1011 1129 proprium
1049 1057 1168 1129 ejus
1196 1071 1395 1127 corpus
1437 1054 1760 1126 patiebatur,

178 1159 236 1237 et
255 1151 310 1207 is
338 1150 465 1220 ipso
483 1160 510 1189 ι
526 1150 618 1222 qui
644 1150 947 1221 patiebatur
967 1159 1118 1218 erat;
1143 1165 1251 1207 non
1274 1150 1504 1220 patiens,
1519 1154 1764 1217 prapter-

183 1260 243 1303 ea
286 1246 416 1318 quia
452 1256 644 1303 natura
689 1247 830 1303 Deus
874 1260 1100 1304 manens
1128 1246 1361 1302 Verbum
1398 1256 1482 1303 est
1511 1245 1762 1316 impossi-

183 1339 303 1396 bile.
333 1339 406 1395 Et
442 1340 568 1410 ipse
597 1340 818 1411 «idem
878 1339 1232 1410 incorporalis
1277 1347 1395 1394 erat
1442 1340 1495 1395 in
1532 1352 1762 1406 corpore

182 1429 445 1501 possibili,
479 1445 677 1501 corpus
721 1440 900 1488 autem
946 1431 1178 1488 habebat
1225 1430 1278 1485 in
1310 1444 1369 1485 se
1398 1430 1633 1489 Verbum
1654 1430 1764 1484 im»

182 1520 457 1592 passibus,
488 1522 1136 1579 destrueasinlirmitates
1164 1520 1332 1591 ipsius
1368 1520 1630 1591 corporis.
1663 1520 1761 1575 Fa-

182 1615 347 1671 ciebat
373 1624 559 1671 utea
591 1616 714 1682 hoc,
755 1624 811 1673 et
834 1615 1001 1672 debat
1022 1616 1117 1683 ita,
1149 1625 1207 1670 ut
1231 1623 1415 1672 nostra
1446 1615 1563 1685 ipse
1590 1616 1763 1670 susci-

180 1708 342 1782 piens.
378 1719 442 1767 et
463 1709 700 1767 oll‘erens
744 1710 799 1767 in
828 1710 1172 1775 sacriﬁcium,
1214 1708 1542 1775 destrueret,
1569 1717 1623 1763 et
1649 1708 1761 1763 suis

178 1800 279 1871 iam
303 1815 413 1857 nos
441 1803 693 1871 operiens
717 1800 922 1859 taceret
946 1801 1263 1871 Apostolum
1288 1800 1467 1856 dicere
1501 1817 1512 1853 :
1548 1798 1760 1869 Oportet

1870 589 2251 663 (Joan.t,14),
2297 590 2435 646 hanc
2466 586 2625 647 habet
2670 589 3111 661 intelligentiam,
3144 596 3169 627 ε
3197 586 3336 645 slcut
3374 588 3449 646 si-

1865 686 2167 742 militudine
2214 685 2315 739 hoc
2361 686 2559 756 poterit
2612 685 2870 749 inveniri;
2902 682 3160 753 scriptum
3193 689 3276 739 est
3302 681 3447 739 enim

1862 794 1895 834 a
1920 778 2115 835 Paulo:
2140 777 2371 835 Christus
2393 794 2488 847 pro
2509 777 2652 833 nobis
2672 777 2840 849 {actus
2856 786 2928 833 est
2950 776 3276 833 maledictum
3301 773 3443 848 (Gal.

1865 885 1946 938 ιιι,
1982 869 2078 940 15)
2106 888 2117 924 :
2141 879 2197 927 et
2220 868 2669 939 quemadmodum
2692 885 2799 925 non
2833 868 2935 925 hoc
2959 869 3136 939 ipsum
3165 868 3337 940 l‘actus
3363 872 3449 925 est

1864 938 2339 1032 maledictum,sed
2357 960 2480 1030 quia
2497 975 2592 1029 pro
2608 956 2761 1015 nobis
2773 938 3063 1029 assumpsit
3083 938 3445 1028 maledictum,

1864 1053 2066 1110 dictum
2095 1062 2178 1110 est
2198 1049 2541 1109 maledictum
2559 1050 2754 1107 factum
2775 1066 2924 1119 esse;
2947 1054 3025 1109 sic
3046 1058 3101 1108 et
3120 1064 3249 1108 caro
3278 1050 3450 1108 tactus

1866 1156 1969 1210 est.
2001 1161 2109 1202 non
2129 1152 2364 1201 mutatus
2385 1144 2437 1200 in
2467 1159 2684 1200 carnem
2709 1162 2726 1213 ;
2759 1142 2852 1200 sed
2870 1146 2993 1216 quia
3025 1158 3123 1214 pro
3147 1143 3305 1201 nobis
3330 1154 3453 1199 car-

1865 1254 1990 1297 nem
2041 1238 2350 1308 assumpsit,
2397 1246 2452 1295 et
2493 1236 2662 1292 tactus
2718 1246 2801 1294 est
2840 1235 3023 1291 homo.
3072 1234 3224 1304 Quod
3270 1244 3447 1294 autem

1865 1332 2036 1388 dixit:
2078 1328 2294 1387 Verbum
2328 1348 2450 1386 caro
2482 1335 2671 1400 factum
2701 1339 2773 1385 est
2825 1327 3005 1400 (Joan.
3037 1347 3075 1397 ι,
3111 1326 3223 1402 Η),
3273 1329 3449 1386 simile

1866 1436 1950 1484 est
1977 1426 2170 1483 iterum
2188 1427 2366 1482 dicere
2397 1444 2409 1480 :
2445 1424 2615 1479 Homo
2651 1429 2820 1495 [actus
2842 1434 2917 1479 est
2943 1440 2973 1480 ει
2992 1423 3284 1507 secundum
3306 1422 3448 1495 quod

1866 1521 2066 1577 dictum
2087 1529 2181 1588 est
2212 1521 2264 1575 in
2296 1518 2411 1575 Joel
2452 1536 2466 1578 :
2501 1514 2787 1587 E/fundam
2815 1518 2880 1573 de
2928 1523 3114 1587 spiritu
3158 1520 3269 1573 tneo
3298 1533 3449 1588 super

1866 1629 2066 1667 omnem
2086 1583 2298 1667 .carnem
2328 1610 2490 1683 (.Ioet.
2509 1583 2709 1679 ",28);
2738 1627 2844 1667 non
2875 1583 3018 1667 enim
3051 1624 3220 1679 usque
3247 1609 3313 1666 ad
3336 1583 3449 1666 ani;-

1864 1707 2024 1760 tnalia
2053 1714 2171 1759 erat
2191 1704 2500 1773 promissio,
2530 1700 2621 1758 sed
2652 1703 2706 1759 in
2733 1701 3037 1758 hominibus
3082 1710 3188 1769 est,
3230 1709 3449 1772 propter

1864 1811 1999 1868 quos
2028 1800 2189 1852 etiam
2212 1797 2327 1862 ipse
2357 1795 2615 1852 Dominus
2645 1794 2808 1850 homo
2831 1799 3000 1850 lactus
3038 1801 3141 1848 est.

180 1892 513 1964 ωηενρήιῶ
532 1894 624 1949 hoc
644 1894 859 1949 induere
874 1893 1342 1964 incorruptionem:
1366 1900 1411 1945 et
1430 1891 1643 1946 mortale
1665 1889 1757 1945 hoc

1935 1887 2209 1947 (ΞΑΡΝΙΙΙ.
2241 1918 2310 1929 -
2337 1884 2448 1944 Hoc
2479 1899 2657 1942 autem
2686 1886 2836 1943 dicto
2868 1882 3005 1945 hanc
3030 1883 3264 1944 habente
3294 1885 3441 1942 intel-

178 1985 379 2040 Μαῖα
406 1985 847 2041 immortalitatem
870 1985 919 2054 (l
949 1984 1070 2041 Cor.
1094 2000 1181 2049 xv,
1214 1983 1326 2054 ὃὸ).

234 2079 367 2136 Car.
402 2078 518 2135 VII.
554 2111 623 2121 --
670 2079 825 2137 Absit
872 2086 1074 2147 autem,
1123 2086 1183 2134 ut
1232 2078 1460 2149 ﬁgurate
1491 2079 1592 2133 ista
1622 2078 1759 2133 tacta

175 2170 294 2235 sint,
322 2170 475 2227 sicut
501 2169 719 2241 quidam
746 2168 776 2211 δ
800 2171 997 2227 iterum
1014 2170 1259 2227 arbitrati
1299 2162 1583 2235 ωηιςέθά
1610 2184 1756 2235 vere,

177 2259 390 2318 homine
410 2262 555 2318 tacto
569 2262 857 2327 salvatore.
880 2261 1048 2318 totius
1068 2260 1302 2319 hominis
1323 2260 1458 2318 tacta
1480 2271 1567 2318 est
1587 2262 1755 2323 salus.

178 2352 230 2408 Si
252 2352 405 2409 enim
436 2351 657 2423 θείη-πω
689 2353 923 2411 Verbum
950 2363 1068 2409 erat
1103 2354 1158 2409 in
1201 2367 1430 2421 corpore
1461 2351 1756 2411 secundum

176 2443 314 2511 illos;
342 2446 502 2516 quod
531 2455 712 2503 autem
742 2446 965 2519 ﬁgurate
988 2446 1205 2510 dicitur.
1237 2445 1521 2516 phantasia
1536 2454 1649 2513 est;
1680 2447 1760 2502 in-

177 2537 427 2593 venietur
465 2537 719 2606 opinione
764 2546 820 2595 et
848 2539 995 2595 salus
1024 2537 1303 2593 hominum
1334 2546 1390 2594 et
1434 2536 1760 2594 resurrectio

178 2621 307 2680 dicta
335 2623 641 2680 secundum
690 2623 1064 2695 impiissimum
1088 2624 1463 2681 Manicheum.
1514 2624 1624 2681 Sed
1651 2638 1759 2680 non

175 2728 264 2784 per
287 2714 633 2784 phantasiam
661 2726 747 2773 est
766 2716 913 2774 salus
939 2725 1126 2773 nostra
1162 2731 1263 2773 nec
1284 2717 1530 2789 corporis
1556 2716 1755 2786 solum,

174 2805 259 2863 sed
315 2806 492 2862 totius
545 2806 797 2875 hominis,
844 2808 1037 2865 anima:
1071 2817 1128 2864 et
1157 2808 1403 2879 corporis
1444 2824 1573 2866 vere
1611 2809 1759 2866 salus

173 2896 303 2953 laeta
343 2906 445 2955 est
488 2898 540 2954 in
582 2898 698 2968 ipso
728 2900 925 2957 Verbo.
975 2900 1275 2955 Hmnanum
1319 2910 1341 2939 ε
1378 2910 1496 2957 erat
1536 2915 1756 2970 corpus,

174 3004 295 3049 rere
314 2994 643 3049 naturaliter
666 3006 732 3049 ex
754 2993 917 3048 Maria
945 2990 1240 3049 secundum
1270 2992 1578 3062 Scripturas
1618 2991 1758 3048 divi-

173 3099 283 3152 sas,
307 3094 369 3143 et
401 3100 591 3144 verum
618 3096 734 3142 erat
754 3100 952 3157 corpus
977 3085 1288 3142 Salvatorls.
1341 3085 1536 3141 Verum
1577 3095 1755 3141 autem

175 3188 302 3244 erat,
330 3181 467 3250 quia
494 3179 671 3235 simile
706 3188 827 3236 emt
866 3186 1087 3242 nostro;
1134 3193 1288 3236 soror
1325 3179 1524 3235 etenim
1574 3186 1756 3234 nostra

1864 1979 2159 2050 ligentiam,
2194 1979 2433 2050 profecto
2462 1977 2861 2051 reprehendant
2891 1993 2949 2033 se
2972 1992 3161 2033 omnes
3185 1974 3274 2047 qui
3302 1985 3449 2047 puta-

1864 2082 1990 2129 runt
2015 2083 2142 2129 ante
2190 2070 2407 2127 Mariam
2449 2086 2571 2128 esse
2597 2085 2815 2126 carnem
2846 2086 2964 2141 qua;
2999 2086 3063 2125 ex
3104 2071 3217 2142 ipsa
3260 2076 3370 2135 est;
3397 2079 3448 2126 et

1862 2174 1988 2222 ante
2009 2164 2148 2221 hanc
2170 2165 2405 2237 aliquam
2438 2162 2688 2220 habuisse
2716 2166 2948 2219 animam
2981 2162 3268 2220 humanam
3310 2166 3446 2220 Ver-

1831 2321 1834 2324 ,
1862 2255 2010 2324 bum,
2031 2268 2088 2314 et
2114 2258 2167 2314 in
2216 2259 2331 2328 ipso
2356 2266 2481 2312 ante
2507 2256 2794 2312 adventum
2835 2264 3049 2326 semper
3080 2254 3262 2312 fuisse.
3300 2254 3446 2311 Desi-

1862 2359 1995 2407 nant
2021 2362 2199 2409 antem
2229 2361 2285 2409 et
2315 2349 2389 2405 illi
2419 2349 2512 2420 qui
2539 2348 2791 2409 dixerunt
2834 2362 3086 2419 capacem
3123 2349 3312 2405 mortis
3341 2364 3446 2404 non

1863 2456 1984 2498 esse
2012 2441 2369 2508 carnem.sed
2408 2438 2425 2478 τ
2465 2456 2587 2496 eam
2613 2438 2933 2496 immortalis
2962 2454 3086 2496 esse
3134 2450 3356 2495 naturae.
3391 2438 3447 2495 Si

1863 2532 2007 2589 enim
2040 2548 2144 2589 non
2169 2542 2251 2589 est
2280 2540 2543 2599 mortuus,
2576 2530 2845 2601 quomodo
2874 2526 3072 2595 Paulus
3113 2532 3327 2587 tradidit
3349 2530 3445 2587 Cn-
3546 2566 3549 2571 ι

1863 2625 2100 2691 rinthiis,
2124 2624 2265 2697 quod
2296 2632 2352 2681 et
2394 2623 2510 2695 ipse
2557 2624 2766 2695 accepit
2810 2644 2822 2679 :
2868 2622 3016 2690 Quod
3045 2614 3274 2679 Christus
3310 2641 3445 2678 mora

1865 2728 1984 2774 tuus
2049 2728 2122 2773 est
2167 2735 2261 2788 pro
2312 2718 2531 2785 peccatis
2568 2718 2758 2771 nostris
2810 2717 3088 2772 secundum
3150 2716 3446 2787 Scripturus

1864 2808 1910 2880 (l
1934 2810 2055 2866 Cor.
2102 2825 2189 2874 xv,
2220 2810 2312 2875 5)?
2342 2810 2449 2864 Aut
2476 2808 2749 2880 quomodo
2777 2808 2997 2863 omnino
3054 2807 3365 2872 resurrexit,
3400 2806 3446 2862 si

1863 2918 1972 2959 non
2020 2912 2102 2959 est
2144 2902 2420 2958 mortuus?
2469 2898 2803 2957 Erubescant
2845 2908 3023 2955 autem
3088 2898 3318 2954 maxime
3355 2898 3444 2969 qui

1862 2995 2082 3053 omnino
2116 3006 2139 3042 ε
2170 2996 2240 3050 ita
2284 2995 2617 3065 cogitarunt,
2660 3007 2817 3063 posse
2866 2993 2981 3048 ﬁeri
3035 3008 3133 3062 pro
3189 2990 3446 3046 Trinitatu

1862 3086 2301 3158 quaternitatem,
2331 3086 2376 3141 si
2405 3085 2616 3141 dicatur
2637 3100 2765 3141 esse
2797 3100 2864 3139 ex
2902 3083 3064 3139 Maria
3096 3097 3309 3150 corpus.
3360 3080 3446 3135 Di-

1864 3192 1993 3241 cunt
2020 3182 2163 3239 enim
2185 3200 2199 3235 :
2218 3180 2274 3238 Si
2298 3179 2538 3236 dicamus
2558 3176 3011 3235 consubstantiale
3025 3190 3219 3247 corpus
3248 3172 3444 3241 Verbo,

176 3270 270 3329 fuit
295 3274 490 3340 laris,
520 3274 773 3344 quoniam
808 3288 873 3329 ex
906 3272 1078 3331 Adam
1109 3286 1299 3329 omnes
1335 3286 1550 3339 sumus;
1572 3282 1629 3329 et
1657 3272 1759 3329 hoc
1786 3252 1835 3318 (ἶ
1865 3284 2049 3333 manet
2076 3274 2331 3338 Trinitas.
2362 3271 2495 3327 nihil
2536 3280 2850 3328 extraneum
2879 3270 2933 3326 in
2969 3268 3139 3341 ipsam
3190 3264 3446 3324 afferente

179 3380 446 3438 nunquam
500 3366 695 3437 aliquis
731 3366 1031 3433 dubitavit,
1084 3364 1328 3424 recolens
1373 3380 1493 3437 qua:
1541 3364 1758 3436 scripsit

182 3457 365 3519 Lucas.
407 3461 698 3527 Postquam
740 3460 883 3516 enim
930 3460 1228 3517 resurrexit
1252 3473 1283 3513 a
1332 3459 1580 3525 mortuis,
1610 3457 1757 3515 mstit-

177 3550 442 3606 mantibus
469 3550 785 3615 quibusdam
814 3564 918 3605 non
950 3550 1003 3605 in
1033 3564 1262 3616 corpore
1289 3564 1357 3604 ex
1384 3549 1545 3605 Maria
1572 3540 1756 3607 ~videri

174 3638 483 3710 Dominum,
522 3643 619 3697 sed
672 3657 769 3713 pro
802 3643 924 3712 ipso
977 3642 1226 3711 spiritum
1268 3641 1459 3710 videri,
1505 3640 1751 3697 dicebat:

179 3733 357 3791 Videte
378 3752 565 3790 manus
582 3751 724 3790 meas
745 3744 790 3790 et
817 3735 991 3806 pedes,
1021 3745 1068 3790 et
1090 3736 1301 3807 vestigia
1331 3734 1612 3799 clarorum,
1631 3734 1755 3805 quia

172 3841 257 3897 ego
280 3830 393 3897 ipse
415 3843 548 3885 sum.
576 3824 794 3897 Palpate
822 3836 870 3881 et
911 3825 1098 3888 videte,
1136 3827 1259 3895 quia
1301 3827 1513 3896 spiritus
1549 3841 1754 3880 carnem

170 3929 212 3970 et
237 3933 355 3971 ossa
386 3933 490 3971 non
535 3916 702 3981 habet,
731 3919 863 3972 sicut
890 3933 966 3970 nte
992 3916 1171 3972 videtis
1208 3914 1394 3970 habere
1417 3915 1569 3989 (Luc.
1604 3929 1753 3979 xxw,

171 4006 289 4080 59);
322 4020 383 4066 et
407 4012 525 4066 haec
550 4010 736 4067 dicens
762 4008 999 4066 ostendit
1027 4010 1108 4065 eis
1126 4022 1316 4063 manus
1337 4022 1461 4063 suas
1489 4015 1542 4064 et
1565 4005 1751 4076 pedes.

170 4102 249 4159 Ex
274 4104 478 4174 quibus
526 4102 791 4159 confutari
840 4111 1067 4173 possunt
1119 4102 1314 4157 iterum
1362 4098 1453 4170 qui
1482 4100 1597 4153 ausi
1628 4105 1756 4152 sunt

170 4193 370 4261 dicere,
394 4194 563 4266 380
582 4195 635 4251 in
662 4208 879 4250 carnem
910 4203 967 4249 et
995 4206 1116 4248 ossa
1140 4200 1404 4247 mutatum
1429 4204 1549 4247 esse
1577 4189 1755 4244 Domi-

168 4302 318 4345 num.
347 4288 463 4345 Non
490 4289 631 4345 enim
657 4288 824 4344 dixit:
870 4287 1018 4344 Sicut
1048 4302 1126 4340 me
1146 4285 1327 4340 uidetis
1356 4298 1559 4338 carnem
1581 4298 1686 4337 esse
1707 4289 1752 4336 et

171 4396 306 4447 ossa,
341 4382 437 4436 sed
461 4379 676 4435 habere:
710 4389 769 4435 ut
798 4394 905 4435 non
945 4379 1118 4449 ipsum
1149 4376 1379 4432 Verhutn
1404 4375 1455 4431 in
1480 4373 1595 4433 haec
1637 4389 1752 4429 mu-

168 4480 338 4528 tatum
362 4486 484 4529 esse
510 4472 783 4538 credatur,
814 4469 909 4527 sed
938 4470 1111 4538 ipsum
1128 4469 1181 4524 in
1213 4469 1319 4536 his,
1348 4476 1406 4524 et
1450 4475 1577 4525 ante
1608 4481 1755 4523 mor-

169 4569 298 4630 tem,
348 4573 404 4619 et
444 4560 467 4600 ἀ
520 4571 640 4634 post
683 4550 1136 4619 resurrectionem
1186 4574 1309 4617 esse
1349 4559 1616 4616 credatur.
1660 4558 1753 4614 llis

1862 3364 2076 3429 Verbo;
2107 3366 2151 3421 si
2179 3379 2306 3420 vero
2328 3361 2618 3421 humanum
2644 3358 2886 3418 dicamus
2921 3375 3115 3433 corpus
3144 3355 3171 3396 ί·
3200 3372 3445 3415 necessa-

1858 3457 1942 3515 rio
1957 3458 2192 3514 existens
2218 3467 2533 3513 extraneum
2556 3454 2850 3511 secundum
2873 3454 3227 3511 substantiam
3249 3468 3445 3523 corpo-

1859 3550 1958 3618 ris,
1988 3559 2044 3607 et
2072 3550 2141 3606 sit
2169 3550 2223 3604 in
2255 3550 2369 3617 ipso
2409 3545 2645 3603 Verbum
2681 3563 2695 3612 ;
2726 3546 2830 3603 erit
2880 3561 2977 3617 pro
3024 3544 3286 3601 Trinitate
3315 3558 3444 3614 qua-

1859 3642 2087 3701 ternitas
2115 3651 2332 3713 promer
2375 3641 2619 3709 corporis
2663 3634 3040 3710 adiectionem.
3084 3626 3213 3693 litae
3263 3636 3337 3693 ita
3366 3636 3443 3692 di-

1859 3742 2042 3791 centes
2054 3748 2157 3788 non
2172 3732 2332 3804 πει
2356 3731 2680 3802 intelligunt,
2695 3727 3143 3801 quemadmodum
3161 3728 3217 3784 in
3236 3727 3443 3800 seipsos

1859 3824 2121 3880 incidunt.
2153 3822 2284 3877 Nam
2314 3820 2417 3879 etsi
2445 3838 2550 3877 non
2583 3837 2649 3878 ex
2680 3821 2841 3877 Maria
2873 3820 3058 3877 dicunt
3095 3836 3319 3892 corpus,
3349 3818 3443 3876 sed

1858 3914 2319 3972 consubstantiale
2341 3915 2441 3985 ipsi
2465 3910 2681 3979 Verbo;
2716 3912 3082 3983 nihilominus,
3108 3910 3245 3985 quod
3278 3913 3444 3969 simu.

1858 4007 2067 4073 larunt,
2115 4021 2183 4062 ne
2235 4007 2372 4061 torte
2421 4015 2477 4061 ut
2520 4005 2791 4077 sapientes
2837 4013 3087 4076 putentur
3146 4002 3442 4060 secundum

1857 4114 2015 4156 suum
2060 4098 2414 4164 intellectum,
2458 4096 2813 4153 ostendentur
2839 4096 3080 4154 dicentes
3107 4096 3441 4167 quaternila-

1859 4203 1965 4249 tem
1994 4206 2030 4249 ':
2080 4192 2220 4247 sicut
2250 4192 2389 4247 enim
2420 4184 2584 4246 Filius
2612 4188 2906 4249 secundum
2943 4191 3130 4245 Patres
3159 4186 3441 4245 omonsion

1857 4292 1941 4339 est
1977 4283 2141 4351 Patri,
2174 4292 2227 4338 et
2259 4297 2365 4337 non
2391 4291 2474 4337 est
2510 4282 2623 4351 ipse
2654 4278 2842 4346 Pater,
2873 4276 2967 4333 sed
3002 4276 3191 4343 Filius,
3236 4276 3301 4330 ad
3344 4274 3440 4331 Pa-

1856 4387 1994 4433 trem
2017 4375 2210 4433 dicitur
2236 4375 2517 4430 omousion
2541 4393 2553 4428 :
2581 4372 2659 4428 sic
2689 4378 2743 4427 et
2764 4368 3217 4426 consubstantialc
3247 4382 3440 4439 corpus

1856 4466 2019 4524 Verbi
2062 4483 2168 4521 non
2211 4474 2295 4520 est
2323 4464 2497 4536 ipsum
2546 4458 2802 4528 Verbum,
2848 4460 2941 4517 sed
2983 4456 3127 4515 aliud
3171 4474 3200 4515 a
3240 4458 3439 4514 Verbo.

1856 4556 1990 4612 Cum
2022 4554 2201 4612 autem
2229 4552 2373 4609 aliud
2403 4554 2497 4619 sit,
2530 4552 2635 4609 erit
2661 4551 2957 4609 secundum
2987 4553 3151 4621 ipsos,
3204 4551 3439 4622 ipsorum

167 4671 295 4728 ergo
317 4658 389 4710 ita
414 4655 780 4725 probationem
812 4655 1154 4719 habentibus,
1174 4652 1502 4723 superﬂuunt
1533 4659 1617 4709 est
1637 4651 1750 4719 jam
1777 4642 1835 4708 Β
1859 4649 2095 4713 trinitas,
2144 4647 2492 4718 quaternitas.
2558 4642 2674 4699 Non
2707 4644 2847 4700 enirn
2889 4659 3012 4699 vera
3057 4654 3110 4699 et
3140 4641 3439 4711 Specialiler

168 4747 271 4802 alia
305 4755 560 4812 tractare,
591 4751 648 4802 et
684 4747 907 4802 scrutari
937 4745 1136 4814 aliquid
1166 4745 1235 4801 de
1264 4745 1381 4816 ipso
1404 4759 1629 4814 corpore
1648 4784 1663 4809 ,
1693 4745 1746 4800 in

167 4852 275 4908 quo
299 4846 419 4894 erat
448 4836 682 4893 Verbum
722 4836 1236 4893 inconsubstantlale
1285 4836 1529 4903 Deitatis,
1574 4847 1628 4893 et
1676 4852 1746 4894 ex

168 4928 337 4984 Maria
374 4945 498 4987 vere
528 4929 826 5001 progenita,
857 4939 913 4988 et
942 4930 1059 5000 ipso
1097 4928 1273 4985 Verbo
1320 4912 1674 4999 nequaquam.
1695 4929 1747 4984 in

165 5033 387 5077 carnem
418 5030 474 5078 et
518 5036 639 5079 ossa
683 5030 888 5080 mutato
968 5021 1067 5080 sed
1125 5035 1342 5079 carnem
1389 5020 1550 5078 facta.
1594 5021 1748 5090 Quod

169 5219 501 5286 referantur;
543 5219 632 5275 ubi
665 5226 843 5290 tamen
873 5221 1011 5274 sicut
1029 5236 1171 5290 A070:
1208 5206 1750 5290 masculiniugeneris
1814 5272 1833 5284 _

1809 5281 1831 5305 ἶ
1860 5285 1996 5342 Dein
2029 5284 2209 5349 Vittd.,
2240 5283 2304 5338 Et
2331 5283 2452 5353 quia
2478 5281 2717 5335 Christus
2747 5288 2978 5353 mortuus
3000 5284 3089 5353 est.

169 5298 277 5417 est,
307 5292 380 5347 ita
403 5294 557 5354 αὐτὸς
587 5300 641 5347 et
668 5286 936 5361 ἄψαυστὸς
963 5286 1152 5346 eodem
1178 5303 1380 5358 genere
1404 5287 1747 5345 scribendum

193 5372 293 5416 uit.

193 5372 371 5487 ul'thtt
394 5432 565 5488 nostri
603 5429 763 5488 codd.
790 5429 948 5501 Apud
977 5429 1208 5499 0mm»
1235 5431 1388 5499 ¹Ῑ¹¹⁰ἀ⁶

169 5546 181 5553 .
244 5500 274 5539 ιι
299 5500 416 5557 Vat.
448 5503 591 5557 delet
609 5504 816 5556 iterum.

252 5582 276 5642 ξ
309 5572 459 5628 Vind.
482 5573 681 5627 omittit
709 5580 814 5627 erat
835 5588 1040 5642 corpus.

247 5639 277 5680 δ
294 5643 369 5697 tta
394 5645 502 5698 duo
524 5644 691 5698 nostri
718 5642 873 5701 codd.
907 5633 973 5697 ac
992 5642 1200 5697 Thuau.
1226 5642 1521 5709 Quesnelli,
1552 5655 1744 5709 appro-
1766 5633 1795 5650 ⁸

175 5713 337 5769 hante
358 5714 551 5770 Gnaeo
582 5712 852 5783 exeinplo.
885 5713 1035 5784 Apud
1054 5713 1229 5784 illum,
1260 5721 1375 5783 post
1405 5723 1641 5784 mortem.

254 5794 278 5821 ο
302 5789 522 5853 Quem"
546 5786 591 5839 si
622 5800 712 5853 per
752 5783 1162 5840 similitudinem.
1209 5783 1389 5842 Nostri
1433 5783 1591 5841 codd.
1623 5797 1747 5837 cum

177 5855 365 5915 Gnaeo
391 5855 698 5914 concinnat.

1857 4739 2094 4812 perlecta
2124 4736 2540 4812 atque‘jndivisa
2572 4730 2783 4792 trinitas
2814 4737 3003 4806 recipit
3048 4734 3438 4805 adiectionem;

1857 4832 1952 4891 sed
1984 4833 2097 4889 hac
2123 4847 2243 4904 qum
2270 4842 2372 4918 est,
2403 4847 2522 4922 quae
2551 4830 2618 4888 ab
2648 4828 2756 4886 illis
2775 4838 2860 4888 est
2894 4830 3163 4886 intellecta
3190 4848 3201 4882 :
3235 4840 3289 4885 et
3310 4843 3438 4898 quo-

1858 4928 2018 4984 modo
2055 4926 2229 4981 adhuc
2274 4921 2563 4980 Christiani
2607 4922 2769 4978 alium
2807 4932 2999 4994 praeter
3054 4936 3174 4976 cum
3218 4921 3307 4990 qui
3354 4924 3436 4972 est

1859 5012 1999 5077 Deus
2027 5010 2413 5076 adinveniuntl

1939 5216 1956 5252 ι
1988 5213 2133 5269 Idem
2159 5214 2385 5282 Quesn.,
2416 5216 2586 5267 etiam.
2615 5209 2961 5265 Correximus
3008 5220 3129 5261 cum
3179 5218 3281 5258 ms.
3315 5203 3431 5260 Vat.

1932 5367 1956 5403 ε
1980 5344 2319 5423 Qttesnellus,
2342 5344 2443 5408 ista
2462 5353 2748 5423 cegitaruut
2768 5364 2913 5423 posse
2942 5347 3171 5423 ﬁeripro
3188 5344 3435 5423 Trinitate

1895 5415 2247 5481 uatErnitatem
2269 5415 2662 5487 introduce'ntes,
2692 5422 2755 5474 si.
2769 5415 2776 5418 ⁷
2790 5415 3201 5473 Εηιρηιιθνίηξιιε
3221 5415 3293 5469 ita
3312 5428 3431 5487 cum

1895 5445 2247 5481 uaternuamn
2269 5445 2662 5487 tmroaucemes,
2692 5445 2755 5474 ss.
2790 5445 3201 5473 DIuruuavmzua
3222 5445 3293 5469 nu
3312 5445 3431 5468 mnu

1856 5445 2003 5564 Vat“
2034 5507 2088 5551 et
2135 5496 2237 5549 alia
2281 5492 2709 5564 interpunctione
2760 5489 3000 5564 inducta,
3056 5502 3175 5556 qua:
3202 5485 3437 5540 concinit

1854 5560 2233 5633 cumGraeca,
2278 5560 2572 5620 delev'imus
2603 5560 2979 5614 introducentes
3032 5566 3154 5611 cum
3208 5566 3435 5625 utroque

1854 5650 2042 5694 nostro
2068 5636 2271 5691 codice.

1930 5707 1957 5745 ⁸³
1986 5709 2212 5776 Qucsn.,
2245 5706 2527 5776 necessario
2570 5700 2740 5755 existit
2764 5708 3142 5776 extraneum...
3175 5704 3243 5776 ut
3270 5697 3333 5751 sit
3375 5699 3433 5776 in

1858 5768 2210 5835 imoioma
2239 5770 2448 5831 afﬁnior
2470 5772 2581 5826 visa
2632 5781 2715 5826 est
2762 5770 2924 5825 lectio
2958 5769 3162 5825 codicis
3206 5768 3325 5823 Vat.
3375 5768 3428 5823 In

1908 5850 2045 5915 ind.,
2073 5845 2355 5904 necessario
2384 5844 2689 5901 existente...
2713 5849 2769 5897 ut
2795 5842 2880 5897 sit.
