3996 6344
592 378 679 449 sit
714 362 721 369 ’
1078 386 1081 387 ί
1509 385 1853 444 APPENDIX
1892 389 1982 443 AD
2021 389 2078 445 s.
2122 387 2364 444 LEOle
2405 387 2615 444 MAGNI
2655 384 2901 443 OPERA.
3713 393 3789 452 672

652 505 779 563 CAP.
813 503 905 560 lx.
927 530 996 545 —
1016 501 1208 559 lterum
1234 501 1379 557 enim
1407 511 1461 557 et
1493 503 1544 558 in
1567 502 1670 559 alio
1698 512 2002 560 commento
2032 502 2159 559 licet
2184 506 2237 567 Α
2262 510 2365 571 est,
2399 503 2471 557 ita
2501 511 2555 557 et
2586 500 2638 556 in
2672 517 2834 555 unum
2865 501 3095 570 aliquem
3130 501 3399 556 hominem
3424 517 3487 556 ex
3516 501 3671 557 Maria
3689 504 3789 561 venit

590 612 769 651 eorum
800 595 1156 665 insipientiam
1186 593 1465 663 pervidere
1488 635 1505 662 ,
1552 596 1596 650 si
1646 608 1866 667 propter
1903 595 2044 665 quod
2073 603 2164 651 est
2270 594 2502 649 Verbum
2531 635 2547 659 ,
2599 592 2925 663 superﬁuum
2966 601 3048 648 est
3083 592 3397 663 disputare;
3437 593 3703 649 manifesta
3734 608 3791 653 est

588 700 636 745 et
662 692 854 747 dicitur
884 690 937 745 in
987 689 1276 759 Scripturis
1302 705 1367 746 ex
1399 687 1562 745 Maria
1601 704 1722 745 esse
1767 697 1821 743 et
1866 689 2159 744 humanutn
2266 687 2407 742 enim
2454 687 2722 742 dementia
2753 702 2977 752 eorum,
3029 696 3084 743 et
3133 685 3425 742 indubitata
3476 686 3789 758 reprehensio.

587 770 775 853 corpus
806 781 1123 846 Salvatoris,
1147 791 1329 852 putant
1356 796 1453 852 pro
1484 781 1720 836 trinitate
1745 780 2158 851 quaternitatem
2192 840 2196 843 _
2265 782 2324 839 Si
2351 784 2493 838 enim
2526 784 2595 837 ita
2627 783 2790 846 venit,
2824 797 2989 851 quare
3020 782 3106 837 hic
3146 797 3210 836 ex
3241 782 3466 852 virgine,
3498 797 3605 836 non
3637 782 3793 838 enim

585 873 708 937 dici,
740 876 890 945 quasi
922 875 1057 930 facta
1086 875 1389 944 adiectione
1418 883 1635 945 propter
1674 890 1896 947 corpus;
1936 874 2158 930 multum
2264 873 2508 929 similiter
2536 881 2589 929 et
2636 873 2896 928 muliere?
2935 873 3012 927 sic
3041 871 3185 928 enim
3216 873 3587 943 unusquisque
3630 882 3793 928 sancto-

584 976 766 1023 errant
790 969 1049 1024 facturam
1095 976 1438 1040 cozequantes
1467 968 1696 1035 iactori,
1729 978 1783 1025 et
1826 970 2161 1039 suspicantes
2265 982 2383 1021 rum
2433 975 2588 1021 natus
2639 974 2751 1032 est;
2792 975 2883 1019 aut
2913 980 3084 1036 quare
3114 966 3185 1020 ita
3216 964 3466 1021 veniente
3508 964 3793 1031 Verbo,non

584 1071 741 1132 posse
772 1060 1035 1116 Deitatem
1058 1061 1258 1131 aliquid
1285 1061 1602 1130 adiectionis
1628 1062 1985 1130 accipere:et
2012 1062 2162 1130 igno-
2264 1055 2681 1126 uniuscujusque
2731 1071 2875 1110 mors
2923 1056 3122 1111 dicitur
3169 1070 3266 1121 ι)το
3312 1056 3470 1110 Mitis
3520 1056 3696 1124 facta.
3732 1058 3794 1116 sed

583 1159 702 1206 rant
731 1152 852 1222 quia
896 1168 1002 1208 non
1043 1160 1262 1222 propter
1292 1152 1645 1223 adiectionem
1677 1151 1899 1206 Deitatis
1927 1151 2158 1206 Verbum
2266 1148 2418 1202 istius
2444 1147 2555 1201 sola
2573 1148 2609 1201 ἲ,
2634 1146 2743 1202 Cur
2766 1158 2945 1203 autem
2976 1164 3075 1217 per
3104 1163 3535 1218 unumquemque
3560 1149 3795 1219 propheta-

584 1257 705 1299 caro
755 1242 952 1299 factum
998 1252 1120 1308 est,
1167 1243 1262 1299 sed
1309 1254 1366 1299 ttt
1412 1259 1539 1300 caro
1585 1252 1862 1314 resurgat;
1905 1258 2077 1314 neque
2103 1254 2160 1299 ut
2264 1254 2379 1292 rum
2408 1237 2724 1294 adveniente
2753 1237 2933 1294 Verbo
2983 1236 3001 1277 ί
3047 1238 3243 1295 dicitur
3270 1239 3338 1295 de
3384 1240 3488 1295 ltuc
3511 1240 3636 1294 solo
3669 1242 3797 1309 quies

582 1334 954 1389 melioraretur
985 1333 1215 1391 Verbum
1249 1335 1507 1404 processit
1530 1349 1595 1389 ex
1624 1334 1809 1399 Maria,
1842 1333 1936 1389 sed
1976 1343 2033 1387 ut
2062 1334 2162 1388 bu-
2264 1330 2435 1386 Maria
2458 1341 2607 1386 natus
2633 1332 2903 1398 est,semel
2929 1331 2981 1386 iu
3009 1332 3115 1387 ﬁne
3135 1333 3452 1387 saeculorum
3482 1332 3794 1395 adveniente?

583 1442 800 1481 manum
851 1442 1020 1497 genus
1069 1428 1337 1483 liberaret.
1370 1427 1650 1496 Quomodo
1697 1427 1858 1498 igitur
1889 1436 2075 1497 putant
2103 1435 2161 1483 ut
2265 1426 2372 1478 Aut
2399 1441 2583 1494 quare,
2610 1424 2861 1480 veniente
2889 1439 2976 1491 eo,
3009 1426 3148 1481 sicut
3173 1424 3322 1481 venit
3343 1425 3395 1480 in
3424 1426 3698 1495 prioribus
3718 1441 3797 1481 san-

582 1515 858 1573 liberatutn
901 1533 1098 1587 corpus
1126 1533 1220 1588 per
1248 1518 1480 1574 Verbum
1508 1560 1522 1585 ,
1570 1526 1624 1574 et
1650 1518 1973 1573 viviﬁcatum
2001 1561 2014 1584 ,
2048 1527 2073 1556 'I
2104 1518 2158 1573 in
2263 1516 2383 1580 ctis,
2416 1517 2505 1571 alii
2548 1517 2762 1589 quidem
2793 1534 2985 1574 omnes
3017 1520 3213 1574 mortui
3247 1529 3273 1567 8
3315 1519 3557 1575 nondum
3608 1535 3798 1576 resurre

582 1606 842 1663 Deitatem
896 1607 1072 1664 Verbo
1120 1609 1279 1663 faciat
1320 1609 1711 1679 adjectionem?
1768 1610 1931 1679 Magis
1980 1620 2158 1665 autem
2265 1617 2493 1675 xerunt;
2534 1611 2622 1679 qui
2671 1619 2850 1664 autem
2882 1625 2947 1665 ex
2976 1609 3163 1676 Maria,
3192 1610 3342 1665 solus
3372 1611 3526 1666 tertia
3550 1611 3643 1667 die
3671 1627 3797 1666 resun

581 1698 681 1768 ipsi
713 1701 1028 1758 humanitati
1074 1702 1306 1772 adjectio
1346 1718 1534 1772 magna
1565 1702 1702 1758 facta
1733 1712 1816 1759 est
1861 1718 1929 1759 ex
1954 1701 2154 1769 Verbo,
2262 1701 2437 1754 rexit?
2472 1710 2564 1755 aut
2590 1717 2686 1755 cur
2710 1702 2956 1775 similiter
2985 1703 3103 1759 aliis
3133 1705 3382 1761 veniente
3407 1704 3619 1771 Verbo,
3656 1705 3799 1760 dicitur

587 1790 641 1845 in
684 1794 795 1859 ipsa
833 1795 1208 1851 communione
1248 1804 1302 1852 et
1332 1796 1590 1851 unitione.
1625 1797 1703 1851 Ex
1752 1797 1966 1852 mortali
2011 1798 2155 1853 enim
2261 1792 2407 1848 solus
2450 1807 2514 1847 ex
2546 1792 2706 1848 Maria
2737 1794 3091 1865 Emmanuel,
3144 1809 3374 1866 corpore
3421 1796 3586 1866 pleno
3622 1797 3800 1852 Deitatis

582 1881 921 1943 btactumest
950 1888 1270 1955 immortale,
1301 1896 1356 1944 et
1378 1903 1443 1945 ex
1472 1889 1687 1944 animali
1717 1889 1911 1945 factum
1939 1899 2022 1945 est
2049 1891 2158 1960 spi-
2185 1887 2232 1949 Β
2261 1893 2387 1938 nato
2418 1881 2442 1919 ¹³
2488 1900 2554 1939 ex
2602 1884 2752 1955 ipsaf?
2790 1886 3102 1941 Emmanuel
3143 1888 3288 1941 enim
3334 1890 3719 1957 interpretatur
3745 1906 3801 1943 ne

581 1977 786 2043 rituale,
814 1989 868 2035 et
896 1995 965 2035 ex
997 1990 1135 2036 terra
1162 1980 1384 2048 factum,
1412 1982 1534 2038 cteli
1562 1990 1743 2051 portas
1770 1991 2158 2052 transgressum
2259 1974 2451 2028 hiscum
2479 1973 2639 2031 Deus.
2671 1979 2777 2031 Αιιῑ
2798 1992 2965 2048 quare
2986 2019 3002 2044 .
3049 1979 3093 2033 si
3139 1979 3211 2034 ita
3255 1980 3400 2035 venit
3422 2019 3436 2043 .
3487 1979 3801 2035 manducauit

580 2080 676 2124 est.
710 2070 941 2127 Trinitas
990 2089 1159 2140 vero,
1206 2083 1261 2130 et
1307 2087 1612 2130 assumente
1648 2074 1819 2131 Verbo
1847 2089 2040 2145 corpus
2085 2089 2154 2131 ex
2260 2082 2581 2137 unoquoque
2624 2070 2918 2138 Propheta.
2965 2078 3020 2124 ει
3060 2070 3308 2137 bibent-8.
3358 2080 3413 2127 et
3444 2072 3801 2139 laborante.“

578 2161 760 2231 Maria,
791 2164 995 2222 trinitas
1025 2175 1140 2234 est;
1182 2184 1289 2223 non
1320 2168 1592 2239 accipiens
1636 2167 2020 2239 adiectionem,
2064 2184 2159 2225 ne—
2259 2159 2542 2225 πηοΐίεηιει
2570 2174 2673 2213 ηοη
2705 2159 2903 2215 dieitur
2933 2162 3073 2215 είευι
3097 2160 3216 2231 ipse
3246 2161 3601 2229 manduca“.
3630 2163 3802 2227 bibent.

578 2272 677 2326 que
722 2256 1160 2327 diminutionem;
1201 2260 1295 2315 sed
1340 2275 1556 2330 semper
1596 2261 1830 2331 perfecta
1860 2268 1977 2325 est,
2018 2269 2071 2315 et
2104 2260 2156 2316 in
2260 2249 2510 2305 laborans
2537 2259 2590 2306 et
2616 2252 2879 2317 moriens;
2921 2253 3016 2308 sed
3044 2253 3111 2309 de
3139 2253 3262 2309 SOiO
3305 2255 3393 2325 qui
3432 2270 3501 2309 ex
3528 2254 3694 2310 Maria
3722 2253 3802 2310 est?

577 2346 836 2407 Trinitate
866 2352 1043 2408 Deitas
1074 2368 1177 2407 una
1208 2353 1580 2423 cognoscitur:
1604 2364 1657 2408 et
1686 2354 1823 2409 sicut
1848 2369 1985 2409 unus
2019 2354 2155 2410 Deus

2258 2342 2388 2411 Quae
2413 2344 2554 2397 enim
2603 2344 2907 2413 patiebatur
2956 2344 3057 2400 ltoc
3094 2360 3325 2414 corpus,
3378 2346 3493 2401 litec
3530 2347 3686 2417 quasi
3725 2346 3802 2414 ipso

576 2437 626 2494 ln
657 2440 892 2496 Ecclesia
941 2444 1265 2512 praedicatur
1291 2442 1455 2499 Verbi
1498 2441 1676 2499 Pater.
1727 2445 1803 2499 Ex
1846 2445 1949 2500 hoc
1977 2455 2155 2501 autent
2258 2438 2492 2505 Ρθῑίθηῐθ
2521 2437 2659 2492 die“!
2690 2449 2812 2492 sum
2835 2479 2850 2504 ν
2898 2447 2953 2492 οι
2980 2453 3103 2493 cum
3142 2439 3210 2495 de
3239 2439 3359 2495 aliis
3397 2437 3411 2476 ί
3464 2440 3715 2495 omnibus
3752 2441 3803 2495 di-

575 2528 679 2597 iam
707 2532 1069 2589 conticescant
1097 2540 1151 2589 ct
1174 2534 1263 2604 qui
1292 2533 1578 2604 aliquando
1618 2534 1869 2589 dixerunt
1910 2548 2033 2591 eum
2063 2534 2155 2605 qui
2257 2542 2401 2585 ctum
2454 2533 2524 2585 sit
2560 2532 2731 2586 solum
2754 2571 2769 2596 ,
2819 2532 2925 2586 nati
2973 2541 3097 2587 sunt
3130 2541 3184 2587 et
3209 2532 3406 2597 creati;
3446 2532 3516 2587 de
3544 2548 3612 2587 eo
3639 2534 3724 2603 qui
3761 2548 3803 2587 ex

576 2637 640 2678 ex
670 2624 831 2681 Maria
872 2628 1131 2695 processit
1175 2642 1280 2683 non
1327 2642 1446 2682 esse
1473 2628 1646 2697 ipsum
1674 2626 1947 2682 Christum
1977 2636 2032 2683 et
2053 2628 2158 2683 Do-
2257 2623 2418 2679 Maria
2465 2633 2548 2680 est
2595 2626 2713 2680 solo
2759 2626 2957 2682 dictum
3003 2626 3217 2682 est:Et
3250 2626 3471 2682 Verbum
3498 2644 3621 2683 caro
3646 2631 3803 2700 factum

576 2714 780 2770 minum
823 2717 1012 2773 Deum.
1044 2718 1100 2774 Si
1145 2721 1286 2774 enim
1336 2726 1441 2774 non
1470 2719 1611 2775 Deus
1640 2730 1758 2776 erat
1804 2721 1858 2774 in
1904 2734 2153 2789 corpore,
2256 2727 2330 2771 est
2355 2715 2533 2787 (Joan.
2560 2732 2599 2783 t,
2630 2717 2739 2788 Η).
2770 2718 2845 2773 Ex
2878 2718 3073 2789 quibus
3102 2717 3423 2785 ostenditur,
3457 2719 3582 2789 quia
3610 2720 3677 2774 ad
3701 2721 3804 2774 alios

575 2808 840 2877 quomodo
873 2810 1050 2864 statim
1084 2811 1377 2880 procedens
1407 2826 1472 2866 ex
1501 2810 1664 2867 Maria
1692 2822 1912 2867 vocatur
1936 2810 2153 2866 Emma-
2256 2808 2472 2878 quidem
2504 2824 2691 2865 omnes
2717 2809 2913 2865 factum
2964 2820 3048 2867 est
3074 2810 3293 2866 verbum
3325 2811 3684 2882 prophetandi
3718 2828 3804 2884 gra-

574 2899 710 2967 nuel,
741 2901 879 2971 quod
898 2902 1261 2973 interpretatur
1284 2901 1545 2957 nobiscum
1568 2902 1706 2958 Deus
1733 2902 1946 2975 (Matth.
1972 2903 2157 2974 t,25)?
2258 2900 2359 2967 lia,
2412 2916 2475 2954 ex
2520 2901 2684 2956 Maria
2733 2911 2911 2957 autem
2960 2904 3132 2973 ipsum
3162 2902 3396 2959 Verbum
3448 2905 3503 2959 in
3551 2908 3805 2973 semetipso

574 2995 850 3063 Quomodo
889 3008 1066 3053 autem
1097 3006 1151 3054 et
1178 2998 1375 3054 Paulus
1397 3040 1414 3065 ,
1460 2999 1505 3053 si
1535 2998 1765 3054 Verbum
1800 3014 1904 3054 non
1953 3007 2069 3054 erat
2099 3000 2152 3055 in
2255 3006 2470 3047 Carnem
2500 3007 2776 3049 assumens
2798 3035 2811 3058 .
2860 2997 3123 3064 Processu
3154 2995 3349 3061 homo;
3393 3006 3583 3052 natura
3614 2997 3803 3068 quidem

573 3102 759 3155 carne,
806 3090 873 3145 ad
915 3090 1183 3147 Romanos
1207 3091 1475 3148 scribebat
1519 3108 1533 3146 :
1578 3090 1661 3145 Ea:
1704 3093 1888 3163 quibus
1918 3092 2153 3149 Christus
2255 3095 2310 3140 et
2354 3086 2654 3141 substantia
2686 3086 2918 3143 Verbum
2964 3098 3081 3144 erat
3111 3088 3203 3144 Dei
3233 3129 3248 3153 .
3296 3090 3591 3145 secundum
3619 3104 3807 3146 carnem

572 3183 847 3235 secundum
893 3198 1135 3249 carnem,
1186 3185 1273 3255 qui
1319 3193 1391 3239 est
1434 3201 1585 3255 super
1630 3187 1801 3239 omnia
1861 3185 2150 3243 benedictus

2256 3186 2452 3243 autem.
2482 3179 2641 3251 383
2666 3195 2733 3235 ex
2762 3181 2965 3237 semine
2992 3181 3180 3247 David,
3205 3190 3259 3237 et
3279 3196 3441 3238 carne
3462 3182 3638 3239 Maria:
3666 3182 3807 3238 factus

572 3266 707 3325 Deus
750 3272 803 3325 in
851 3275 1037 3327 swcula
1068 3273 1264 3344 (Rom,
1312 3290 1384 3340 Ix,
1416 3274 1510 3347 7
1541 3274 1914 3331 Conﬁteantur
1951 3292 2079 3347 ergo
2105 3287 2158 3334 et
2188 3260 2235 3324 (δ
2264 3278 2347 3324 est
2376 3272 2557 3339 homo,
2585 3272 2722 3327 sicut
2746 3274 3034 3344 Apostolus
3065 3273 3219 3330 dixit.
3252 3274 3405 3331 Hunc
3437 3276 3593 3333 Pater
3618 3276 3808 3330 demon~

569 3363 653 3430 qui
685 3374 810 3419 ante
840 3367 1103 3436 negabant
1128 3367 1440 3423 cruciﬁxum
1472 3384 1591 3424 esse
1614 3368 1801 3436 Deum,
1835 3384 2045 3425 errasse
2071 3386 2151 3437 se,
2260 3365 2464 3420 strahat
2493 3366 2543 3419 in
2564 3365 2813 3435 Jordane,
2831 3378 2884 3423 et
2904 3367 2957 3422 in
2985 3378 3166 3424 monte
3192 3368 3378 3425 dicens
3404 3387 3417 3422 :
3445 3367 3548 3423 Hic
3571 3378 3640 3423 est
3659 3366 3809 3421 Filius

567 3453 727 3525 382
761 3465 784 3495 ο
809 3456 1216 3527 acquiesceutes
1262 3460 1461 3514 sanctis
1491 3458 1781 3530 scripturis
1829 3470 1884 3516 et
1923 3462 2153 3519 maxime
2257 3472 2399 3511 meus
2428 3459 2659 3525 dilectus,
2686 3460 2738 3513 in
2778 3476 2875 3530 quo
2915 3460 3037 3516 bene
3071 3460 3199 3516 mihi
3228 3462 3241 3513 i
3290 3462 3581 3531 complacui
3615 3460 3808 3533 (Matth.

566 3544 815 3615 Thomas,
848 3550 937 3619 qui
968 3559 1315 3621 posteaquam
1346 3551 1480 3607 vidit
1511 3553 1561 3607 in
1594 3553 1710 3622 ipso
1739 3554 2014 3609 clavorum
2055 3571 2151 3612 ve-
2258 3564 2387 3615 XV".
2419 3552 2497 3621 5)-

566 3637 742 3708 stigia,
775 3641 1094 3696 exclamavit
1131 3640 1158 3679 ά
1201 3658 1215 3697 :
1261 3641 1513 3697 Dominus
1557 3661 1696 3698 meus
1740 3653 1789 3699 et
1834 3645 1973 3700 Deus
2012 3662 2154 3703 meus
2327 3642 2453 3698 Car.
2483 3644 2573 3699 XI.
2598 3645 2839 3701 —Hunc
2868 3644 3051 3703 Ariani
3091 3648 3305 3718 quidem
3347 3655 3686 3718 negaverunt,
3712 3659 3803 3700 nos

564 3726 761 3800 (Joan.
793 3747 884 3799 xx,
916 3730 986 3787 28
1012 3733 1051 3801 ).
1081 3730 1212 3789 Cum
1242 3736 1384 3789 enim
1417 3735 1557 3790 Deus
1596 3744 1652 3791 et
1679 3735 1938 3791 Dominus
1966 3739 2150 3809 gloria:
2257 3734 2282 3774 ιτ
2306 3746 2481 3792 autem
2507 3748 2854 3807 agnoscentes
2874 3740 3310 3796 adoramusmon
3329 3738 3803 3796 dividentesFilium

565 3829 730 3887 esset,
764 3822 930 3878 Filius
960 3835 1077 3878 erat
1108 3826 1161 3881 in
1184 3826 1376 3897 gloria,
1405 3828 1563 3882 afﬁxo
1593 3838 1649 3883 et
1670 3830 2004 3885 exhonorato
2029 3846 2149 3886 cor-
2256 3835 2309 3881 et
2330 3826 2580 3893 Verbum,
2616 3828 2710 3883 sed
2741 3830 2911 3899 ipsum
2942 3830 3175 3885 Verbum
3202 3831 3434 3887 scientes
3466 3846 3583 3887 esse
3613 3830 3799 3891 Filium.

564 3922 727 3981 PUI'O;
786 3928 981 3982 corpus
1041 3931 1169 3970 vero
1239 3916 1537 3986 patiebatur
1594 3919 1719 3974 dum
1780 3933 2151 3990 percuteretur
2255 3933 2350 3990 per
2375 3935 2529 3990 quem
2560 3922 2811 3976 universa
2842 3921 2974 3977 facta
2997 3932 3140 3989 sunt,
3172 3933 3227 3980 et
3252 3939 3350 3979 nos
3380 3924 3589 3980 liberati
3617 3936 3799 3979 sumus.

564 4002 617 4057 in
650 4003 793 4073 ligno
821 4014 874 4061 et
904 4008 1103 4064 ﬂuebat
1140 4010 1209 4065 de
1259 4012 1374 4081 eius
1418 4012 1585 4069 latere
1634 4018 1847 4085 sanguis
1893 4029 1948 4073 et
1989 4033 2143 4088 aqua.
2255 4008 2479 4079 Propter
2522 4013 2661 4081 quod
2730 4012 2977 4068 admirati
3025 4029 3209 4070 sumus
3257 4015 3527 4085 quomodo
3578 4020 3626 4070 tn
3670 4011 3801 4067 robii

563 4092 843 4167 Templum
888 4101 1031 4156 enim
1080 4101 1241 4165 Verbi
1286 4114 1403 4160 erat
1447 4106 1661 4175 plenum
1715 4108 1966 4174 Deiiaiis;
2024 4126 2148 4181 pro-
2251 4103 2471 4157 omnino
2496 4103 2562 4157 de
2595 4102 2754 4159 rebus
2798 4103 3095 4161 manifestis
3125 4106 3259 4162 facta
3288 4108 3564 4163 contentio
3588 4114 3683 4162 est.
3708 4102 3801 4159 Sed

563 4197 745 4258 pterca
776 4190 935 4261 igitur
980 4194 1059 4248 sol
1104 4193 1290 4251 videns
1319 4196 1630 4254 Creatorem
1682 4215 1860 4267 suum,
1894 4202 2141 4271 injuriato

2251 4193 2449 4262 gratias
2478 4192 2587 4248 Deo
2611 4235 2627 4259 ,
2670 4194 2795 4265 quia
2839 4205 3095 4264 quantum
3124 4199 3425 4253 contristati
3464 4212 3646 4253 sumus
3672 4197 3800 4253 lectis

561 4296 805 4352 corpore,
837 4284 1178 4355 tolerantem,
1209 4288 1389 4345 radios
1418 4305 1544 4345 suos
1572 4278 1845 4347 subtraxit
1867 4303 1920 4347 et
1950 4294 2142 4349 obscu-
2250 4285 2414 4355 gestis
2437 4325 2452 4351 ν
2506 4294 2709 4341 lautum
2754 4289 2999 4356 graltl'ali
3044 4305 3228 4346 Sumus
3274 4290 3326 4344 ῖιι
3360 4290 3499 4356 “ne;
3542 4291 3657 4361 quia
3698 4302 3799 4342 ουιη

560 4375 697 4431 ravit
737 4386 957 4432 terram.
990 4378 1163 4449 ipsum
1203 4389 1380 4436 autem
1421 4396 1614 4452 corpus
1661 4382 1863 4438 habens
1893 4393 2137 4440 naturam
2248 4382 2532 4438 concordia
2581 4383 2946 4439 discesserunt
2992 4394 3044 4440 et
3095 4383 3111 4423 ι
3158 4386 3363 4456 paciﬁci
3408 4386 3537 4442 facti
3586 4394 3720 4449 sunt,
3756 4390 3801 4438 et

560 4466 837 4521 mortalem
863 4508 881 4535 ,
913 4468 1053 4524 ultra
1082 4486 1228 4525 suam
1263 4481 1506 4527 naturam
1539 4475 1834 4528 resurrexit
1860 4515 1875 4541 ,
1921 4484 2139 4544 propter
2246 4484 2634 4530 consenserunt
2670 4476 2721 4528 in
2750 4476 3087 4533 confessione
3116 4479 3215 4549 piae
3242 4488 3295 4534 et
3323 4490 3486 4534 reeta:
3525 4478 3664 4534 ﬁdei.
3688 4478 3797 4532 Pro-

560 4554 805 4611 babitans
834 4560 887 4613 in
916 4574 976 4615 se
1002 4560 1233 4616 Verbum
1260 4604 1275 4627 ,
1305 4572 1360 4619 et
1385 4563 1546 4619 desiit
1575 4573 1598 4603 ο
1642 4565 1856 4633 quidem
1888 4566 1954 4621 de
1984 4577 2139 4621 natu-
2248 4581 2425 4638 pterea
2462 4569 2642 4641 igitur,
2676 4578 2730 4624 et
2775 4579 2895 4639 post
2938 4571 3102 4625 multa
3152 4582 3276 4627 ante
3324 4582 3550 4627 tractata
3598 4567 3796 4641 cogitavi

558 4646 658 4701 rati
684 4651 1058 4719 corruptione;
1100 4652 1328 4707 iuduens
1372 4662 1549 4710 autem
1581 4656 1721 4724 quod
1752 4671 1913 4726 supra
1961 4658 2133 4711 homi-
2161 4644 2210 4704 Ι)
2241 4663 2355 4716 hmc
2386 4675 2548 4730 pauca
2592 4659 2827 4714 scribere
2848 4701 2862 4723 ,
2892 4659 3189 4726 aestimans,
3222 4676 3289 4715 ne
3337 4662 3475 4715 forte
3514 4677 3578 4717 ex
3606 4660 3797 4715 tacitur-

555 4751 676 4792 nem
701 4749 804 4806 est,
829 4739 1090 4807 Verbum,
1117 4743 1486 4801 indumentum
1510 4746 1704 4802 factum
1725 4746 1888 4805 Verbi
1926 4749 2124 4806 factum
2238 4753 2404 4808 nitate
2435 4768 2528 4821 pro
2556 4751 2760 4817 laetitia,
2797 4750 3013 4805 tristitia
3056 4738 3369 4806 nasceretur
3418 4751 3503 4805 bis
3543 4752 3626 4819 qui
3655 4760 3795 4804 causa

554 4839 636 4886 εει
666 4832 1052 4904 incorruptum.
2235 4844 2535 4900 concordia:
2596 4842 2748 4896 nobis
2806 4842 3042 4897 lictitiam
3110 4845 3493 4911 praestiterunt.
3552 4843 3796 4912 Deprecor

621 4922 748 4980 CAP.
775 4925 843 4981 Χ.
866 4958 937 4969 -
960 4928 1035 4984 De
1063 4945 1127 4984 eo
1151 4939 1328 4986 autem
1370 4932 1512 5003 quod
1552 4932 1808 4989 falluntur
1837 4942 1894 4991 et
1923 4935 2127 5004 dicunt,
2237 4938 2413 5003 itaque
2443 4942 2567 4989 ante
2595 4935 2773 4988 omnia
2811 4944 2954 4988 tuam
3003 4936 3362 4996 sanctitatem,
3404 4944 3460 4990 et
3492 4936 3673 4990 iterum
3716 4946 3793 4982 au-

550 5017 689 5086 quod
737 5019 874 5076 sicut
916 5022 967 5077 in
1014 5037 1443 5096 unumquemque
1488 5027 1868 5096 prophetarum
1927 5028 2127 5085 factum
2232 5028 2441 5084 dientes
2472 5027 2772 5094 universos,
2815 5036 2876 5080 ut
2925 5027 3039 5081 lucc
3088 5028 3224 5082 bona
3267 5038 3448 5083 mente
3495 5026 3787 5095 suscipiant;

620 5202 745 5275 fSic
760 5203 1246 5261 Vind.conciuente
1261 5206 1886 5275 Gr:nc0.Quesne|lus.in
1907 5207 2118 5261 Deitate.
2306 5204 2326 5244 τ
2351 5203 2482 5260 Cod.
2514 5203 2747 5267 Thuan.,
2776 5220 2875 5275 non
2904 5203 3114 5275 dicitur,
3139 5202 3233 5275 sed
3257 5203 3319 5254 de
3349 5206 3445 5256 hoc
3474 5207 3598 5257 solo.

617 5273 644 5313 ιι
666 5276 1052 5348 Quesn.,facta
1079 5287 1150 5331 est
1178 5272 1587 5343 immortalia—et
1614 5279 1860 5333 similiter
1886 5294 2114 5348 sequen-
2296 5286 2321 5324 8
2346 5277 2433 5333 Sic
2479 5278 2644 5331 nostri
2689 5274 2843 5328 codd.
2898 5281 2950 5328 ct
2987 5272 3161 5327 Graec.
3205 5273 3524 5340 Quesnellus
3544 5315 3558 5335 ,
3602 5287 3690 5325 non
3718 5280 3785 5319 τί·

547 5345 639 5402 tia.
685 5346 767 5401 Ad
814 5345 1055 5404 codicum
1105 5348 1262 5404 ﬁdem
1310 5360 1498 5405 neutro
1538 5364 1733 5419 genere
1761 5345 2120 5405 textum‘exe-
2230 5357 2579 5419 surreaerunt.

545 5419 737 5487 Simus.
1539 5413 1565 5419 ⁷
1662 5474 1663 5477 η
2301 5416 2330 5454 λι
2355 5418 2525 5472 Voces
2551 5434 2614 5471 ea:
2642 5418 2756 5487 ipsa
2785 5431 2811 5467 a
2844 5414 3041 5487 Quesn.
3071 5413 3326 5487 traducta}
3358 5424 3481 5483 post
3506 5415 3649 5480 enim,
3676 5420 3785 5463 cum

618 5498 642 5560 ξ
672 5488 810 5560 Vat.,
839 5489 909 5543 ad
926 5491 1367 5560 (requiescendum.
2230 5488 2431 5560 nostris
2456 5488 2615 5543 codd.
2648 5486 2912 5560 etGraeco
2941 5486 3043 5540 huc
3076 5485 3466 5540 revocavimus.

613 5554 868 5632 d_Quesn.
902 5554 1050 5615 addit
1080 5571 1127 5615 et
1154 5563 1304 5618 dixit.
1339 5560 1643 5618 Delevimus
1669 5576 1790 5616 cum
1821 5578 1922 5618 ms.
1954 5562 2116 5617 Vind.
2309 5558 2325 5632 ἱ
2352 5558 2834 5632 γει-,ῌΙιοηιίπὶὺιιμ
2994 5625 3025 5632 _
3231 5627 3256 5632 _
3627 5624 3637 5632 _
3734 5619 3747 5632 ο

542 5635 597 5682 et
628 5624 818 5685 Graeco
847 5640 1014 5687 textu.
2303 5631 2317 5679 i
2350 5630 2439 5684 Sic
2474 5629 2612 5695 Vat.,
2644 5629 2959 5684 concinente
2987 5625 3195 5681 Graeco.
3220 5627 3448 5694 Quesn.,
3480 5624 3787 5693 complacuit.

615 5707 637 5735 °
661 5698 885 5772 Quesn.,
917 5703 1053 5772 quod
1079 5712 1190 5757 erat
1218 5704 1282 5757 de
1311 5704 1552 5759 naturali.
1586 5702 1956 5771 Expunximus
1981 5705 2119 5771 quod
2296 5699 2324 5772 ξε
2351 5701 2677 5772 Particulam,
2696 5707 2864 5772 autem
2892 5713 2960 5753 ex
2988 5700 3185 5753 nostris
3227 5712 3360 5754 mss.
3391 5695 3723 5755 inseruimus.

541 5776 647 5844 erat
667 5768 980 5844 auctoritate
995 5785 1296 5828 nostrorum
1314 5768 1717 5844 exemplarium.
1737 5773 1916 5844 Codex
1926 5768 2113 5843 Vind.,
2301 5768 2320 5809 ι
2349 5771 2493 5841 Vat.,
2527 5770 2784 5841 paciﬁcati
2809 5778 2945 5825 sunt.

537 5839 624 5910 qui
647 5839 709 5893 de
732 5842 973 5897 naturali.
1005 5844 1324 5914 Scripsimus
1351 5839 1550 5915 quidém
1580 5860 1699 5902 cum
1730 5859 1834 5901 ms.
1863 5843 1981 5901 Vat.
