3996 6344
153 466 251 525 675

597 462 833 520 CODEX
870 460 1201 519 CANONUM
1238 459 1524 517 ECCLES.
1564 457 1653 514 ET
1691 454 2267 514 CONSTITUTORUM
2307 458 2365 514 S.
2406 454 2601 514 SEDlS
2642 453 2971 514 APOSTOL.

3310 441 3422 505 6‘"

156 588 203 636 et
244 578 289 633 si
331 577 461 645 quid
487 577 639 634 deest
667 577 734 632 ad
777 577 1183 632 instructionem
1231 573 1528 644 religionis,
1556 573 1727 629 corri-
1751 588 1807 649 Α
1831 574 1993 645 igitur
2022 588 2249 629 occursu
2290 582 2343 629 et
2372 575 2557 629 notitia
2601 573 2882 630 memorati
2927 570 2957 609 ιι
2999 568 3235 643 religiosi
3284 583 3425 639 νει-ει·

155 681 300 742 gant,
325 680 381 725 et
410 685 497 724 me
516 668 655 725 scire
681 668 907 733 faciant;
930 668 1014 721 sin
1039 682 1188 735 vero,
1213 675 1413 736 utpote
1438 665 1507 720 ab
1527 666 1733 734 ignaro,

157 773 452 819 Isermone
480 778 582 820 nec
610 762 772 833 digne
791 803 807 829 ,
840 777 940 818 nec
968 761 1205 832 perfecte
1233 760 1489 831 scriptum
1516 770 1618 822 est,
1650 774 1739 815 ve-

156 858 294 913 niam
324 857 561 913 tribuant
589 866 789 913 nostras
820 856 874 912 in
906 855 1175 927 loquendo
1203 855 1520 911 Inﬁrmitati.
1557 855 1740 911 Saluta

155 962 373 1008 cunctos
420 951 614 1008 fratres
662 959 895 1008 nostros.
943 950 1021 1007 Te
1082 964 1271 1007 omnes
1315 950 1407 1021 qui
1460 948 1738 1005 nobiscum

156 1053 275 1098 sunt
306 1043 592 1113 plurimum
623 1042 859 1098 salutant
878 1040 928 1097 δ.

572 1154 736 1227 384
765 1152 1158 1210 CAPITULUM
1195 1153 1324 1209 Llll.

157 1278 178 1307 ε
198 1266 444 1334 Epistola
465 1265 650 1337 Cyrilli
668 1266 892 1337 episcOpi
912 1265 1253 1321 Alexandrini
1275 1266 1346 1319 ad
1360 1265 1619 1320 Joannem
1640 1264 1744 1319 An-

218 1338 515 1407 tiocheer
539 1342 854 1407 episcopum,
896 1346 1075 1390 contra
1103 1354 1186 1391 eos
1215 1339 1302 1406 qui
1331 1338 1394 1390 de
1421 1352 1479 1391 eo
1508 1351 1664 1407 praua
1691 1338 1747 1390 in

215 1410 330 1478 ﬁde
351 1408 647 1478 ﬁnierunt;
685 1420 732 1461 et
762 1409 825 1461 de
867 1408 1088 1478 epistola
1113 1410 1403 1463 Armssn
1434 1408 1501 1461 ad
1528 1411 1746 1463 [artere-

216 1496 353 1555 τωι,
386 1490 435 1533 et
463 1479 689 1550 formula
720 1478 865 1548 ﬁdei.

215 1590 356 1648 ΟΑΡ.
386 1590 494 1647 1.-
520 1591 784 1647 Latentur
810 1592 922 1647 cali
945 1602 994 1647 et
1021 1593 1235 1648 exsultet
1260 1602 1394 1646 terra
1420 1592 1592 1663 (Psal.
1623 1606 1746 1655 xcv,

154 1685 281 1754 2f);
327 1684 534 1739 solutus
561 1692 647 1741 est
668 1682 811 1740 enim
840 1683 1050 1739 medius
1081 1684 1259 1754 paries
1299 1683 1444 1754 scpis
1471 1724 1485 1748 ,
1532 1692 1589 1738 et
1633 1696 1749 1738 ces-

1837 668 1927 736 qui
1958 681 2084 723 vere
2114 676 2167 721 et
2196 684 2302 721 non
2329 667 2518 723 leviter
2545 682 2604 723 se
2631 666 2879 723 laborare
2906 665 3144 736 putabat,
3169 666 3329 739 385
3354 668 3437 725 ut.

1840 759 2157 829 persuadeat
2195 759 2348 814 nobis
2391 759 2657 815 Ecclesias
2697 770 2949 830 oportere
2994 758 3317 831 conjungere
3363 766 3419 818 et

1841 853 2077 908 adunare
2106 852 2173 907 ad
2213 866 2417 922 pacem,
2457 861 2510 907 et
2537 867 2720 908 eorum
2745 854 2835 924 qui
2862 852 3014 908 nobis
3042 852 3269 908 adversa
3296 867 3420 909 sen-

1843 947 2000 1011 tiunt,
2025 946 2289 1017 dissipare
2316 946 2558 1012 ridicula,
2577 946 2865 1003 obscurare
2884 958 3065 1004 autem
3085 956 3141 1004 et
3168 948 3421 1005 hebetare

1841 1038 2018 1094 adhuc
2048 1039 2395 1109 malignitatis
2430 1036 2447 1075 ί
2473 1038 2669 1094 diaboli
2698 1040 2991 1095 stimulum.
3017 1039 3224 1096 Invenit
3242 1050 3420 1096 autem

1843 1148 1945 1189 nos
1970 1134 2041 1188 ita
2074 1143 2287 1204 paratos
2320 1132 2333 1183 i
2366 1132 2432 1187 ad
2457 1131 2576 1196 hoc,
2608 1141 2667 1187 ut
2693 1134 2910 1187 omnino
2948 1133 3151 1192 nullum
3184 1135 3421 1191 laborem

1845 1226 2225 1281 sustineamus.
2276 1223 2618 1280 Meminimus
2677 1224 2820 1278 enim
2870 1223 3165 1280 Salvatoris
3215 1226 3422 1292 nostri,

1847 1317 2074 1374 dicentis
2098 1334 2115 1374 :
2141 1317 2327 1371 Pacem
2353 1332 2517 1371 meam
2542 1316 2607 1371 do
2633 1316 2791 1383 vobis,
2826 1332 2999 1386 pacem
3026 1317 3256 1387 relinquo
3286 1320 3425 1372 rubis

1848 1408 2045 1482 (Joan.
2090 1425 2199 1475 xiv,
2225 1410 2295 1464 27
2316 1409 2357 1481 ).
2389 1408 2537 1465 Docti
2561 1408 2706 1465 enim
2731 1423 2916 1463 sumus
2941 1408 3122 1464 dicere
3150 1410 3202 1463 in
3228 1411 3427 1465 oratio-

1849 1502 2006 1558 nibus
2031 1500 2059 1539 ¹ί
2079 1518 2093 1556 :
2114 1502 2329 1557 Domine
2357 1501 2495 1555 Deus
2524 1509 2716 1568 noster,
2746 1517 2921 1573 pacem
2948 1503 3016 1555 da
3044 1502 3221 1567 nobis;
3256 1503 3427 1557 omnia

1850 1596 1985 1651 enim
2012 1594 2280 1649 reddidisti
2307 1594 2451 1649 nobis
2480 1592 2616 1663 (Isa.
2643 1608 2789 1659 xxvi,
2812 1592 2891 1663 3).
2924 1593 2980 1649 Si
3002 1594 3121 1665 quis
3151 1595 3309 1665 igitur
3338 1595 3431 1651 fiat

1851 1690 2120 1760 particeps
2145 1688 2304 1759 hujus
2328 1703 2358 1742 a
2389 1687 2502 1742 Deo
2537 1687 2751 1743 tributa:
2779 1688 2923 1758 pacis
2945 1730 2959 1753 ,
2995 1691 3150 1758 inops
3180 1704 3284 1744 non
3328 1689 3432 1745 erit

153 1780 293 1834 savit
319 1777 451 1833 illud
474 1776 618 1848 quod
647 1774 910 1833 afferebat
942 1774 1235 1843 tristitiam,
1265 1787 1321 1831 et
1349 1776 1514 1831 totius
1542 1776 1752 1831 dissen-
1853 1783 2028 1837 omnis
2076 1781 2225 1836 boni.
2278 1779 2542 1849 Quoniam
2589 1794 2719 1851 ergo
2766 1780 3035 1851 superﬂua
3082 1790 3136 1837 et
3175 1780 3336 1837 nullis
3364 1795 3432 1838 ex

153 1870 326 1927 Sionis
368 1869 577 1925 ευδιεῑδ
629 1876 715 1923 εει
738 1867 823 1923 Via
846 1909 862 1935 ι
912 1869 1152 1924 omnium
1198 1876 1440 1923 ηοεῑῑιιω
1471 1866 1751 1923 salvatore
1853 1876 2027 1930 causis
2057 1874 2414 1930 Ecclesiarum
2441 1873 2704 1929 dissensio
2732 1876 2867 1929 facta
2902 1883 3005 1940 est,
3035 1890 3177 1931 nunc
3201 1874 3435 1932 maxime

154 1963 374 2019 Christo
398 1962 515 2017 suis
556 1961 817 2017 Ecclesiis
844 1975 1029 2030 pacem
1061 1969 1381 2031 praestante;
1424 1970 1750 2031 provocante
1779 1981 1828 2044 Β
1861 1966 1877 2005 1
1921 1968 2129 2038 plenius
2169 1967 2313 2022 docti
2341 1982 2530 2023 sumus
2556 1976 2614 2022 et
2640 1966 2991 2037 cognovimus
3014 2008 3029 2033 ,
3071 1967 3290 2023 domino
3315 1981 3437 2023 meo

154 2057 255 2115 det
286 2058 545 2113 hortante
574 2071 673 2113 nos
710 2056 777 2111 ad
808 2055 910 2112 hoc
948 2057 1124 2127 ipsum
1156 2057 1519 2128 piissimorum
1547 2068 1599 2111 et
1642 2056 1754 2112 Deo
1856 2058 2145 2115 venerabili
2174 2056 2340 2113 Paulo
2378 2058 2632 2127 episcopo
2670 2057 2910 2112 chartam
2952 2057 3106 2113 nobis
3134 2058 3437 2129 proferente

94 2202 99 2210 .
154 2150 655 2207 amantissimornm
686 2150 988 2219 principum
1019 2161 1328 2205 nostrorum
1360 2150 1635 2215 instantia,
1663 2153 1755 2220 qui
1857 2148 2388 2221 irreprehensibilem
2418 2148 2705 2205 habentem
2754 2148 2878 2204 fidei
2922 2149 3345 2215 confessionem;
3385 2159 3437 2208 et

154 2254 372 2315 patrum
401 2258 622 2299 suorum
647 2242 923 2314 religionis
943 2244 1119 2299 aemuli
1140 2243 1461 2313 existentes,
1485 2258 1755 2312 veracem,

154 2338 631 2403 etinconcussam,
674 2349 729 2392 et
757 2344 960 2394 rectam
988 2336 1043 2391 in
1068 2336 1180 2391 suis
1204 2338 1398 2391 animis
1439 2346 1761 2393 conservant

156 2430 361 2496 fidem;
402 2429 676 2500 egregiam
726 2439 904 2484 autem
958 2427 1161 2484 faciunt
1201 2426 1619 2483 sollicitudinem
1662 2441 1759 2496 pro

154 2522 369 2580 sanctis
394 2521 657 2578 Ecclesiis
700 2536 717 2579 :
759 2531 820 2577 ut
863 2520 1277 2577 inenarrabilem
1306 2520 1539 2577 habeant
1565 2520 1762 2590 sempi-

156 2626 371 2674 ternam
417 2616 649 2688 gloriam
670 2657 685 2682 ,
719 2625 775 2672 et
799 2630 954 2671 suum
999 2615 1284 2686 imperium
1314 2614 1532 2686 dignum
1563 2624 1587 2652 °
1617 2613 1763 2670 omni
1800 2653 1803 2656 ‹

156 2708 319 2767 laude
359 2716 711 2765 conservent.
755 2707 962 2774 Quibus
990 2716 1046 2764 et
1072 2710 1187 2777 ipse
1214 2708 1453 2762 omnium
1504 2707 1763 2761 virtutum

160 2800 433 2859 Dominus
462 2801 728 2857 ditissima
755 2816 921 2856 manu
957 2800 1232 2856 distribuit
1260 2803 1416 2865 bona,
1448 2809 1505 2854 et
1544 2805 1766 2868 praestat

159 2896 411 2953 obtinere
442 2895 781 2961 resistentes,
812 2904 868 2951 et
900 2894 1064 2950 donat
1089 2893 1368 2949 victoriam
1394 2893 1629 2948 veritati.
1658 2889 1768 2947 Nec

158 2991 305 3046 enim
356 2989 643 3056 mentitur,
690 2988 878 3044 dicens
920 3004 934 3042 :
986 2986 1113 3041 Vivo
1159 3002 1273 3058 ego,
1320 2985 1446 3039 dicit
1489 2982 1764 3049 Dominus,

158 3085 408 3155 quoniam
433 3099 523 3138 eos
541 3082 629 3153 qui
648 3098 727 3136 me
749 3081 1045 3154 gloriﬁcent
1069 3078 1369 3152 gloriﬁcabo
1394 3078 1547 3151 (Reg.
1572 3092 1633 3143 ll,
1652 3075 1766 3147 '50).

157 3176 499 3232 Adveniente
529 3174 693 3245 igitur
714 3188 855 3228 nunc
882 3171 1262 3228 Alexandriam
1291 3169 1509 3225 domino
1535 3185 1654 3224 meo
1680 3183 1771 3224 ve-

163 3268 396 3325 nerabili
424 3267 593 3323 fratre
632 3266 817 3331 Paulo,
852 3265 1034 3333 laetitia
1066 3264 1251 3334 repleti
1282 3277 1502 3330 sumus,
1534 3268 1587 3317 et
1614 3260 1771 3317 valde

1860 2244 1999 2300 hanc
2023 2246 2191 2315 ipsam
2218 2243 2459 2299 chartam
2482 2241 2782 2298 confectam
2804 2257 2924 2298 esse
2948 2252 2988 2279 ω
3017 2244 3207 2298 astruit
3235 2252 3290 2299 et
3311 2258 3437 2300 con-

1861 2340 2041 2396 flrmat
2085 2356 2116 2395 a
2163 2348 2251 2395 tua
2294 2337 2576 2393 sanctitate
2617 2346 2672 2393 et
2714 2352 2745 2392 a
2793 2336 3187 2393 venerabilibus
3231 2336 3439 2393 illarum

1862 2434 2095 2505 partium
2137 2431 2424 2502 episcopis.
2468 2428 2600 2497 Qua:
2645 2428 2970 2498 conscriptio
3013 2428 3087 2484 ita
3116 2428 3440 2495 continetur,

1864 2536 1919 2583 et
1943 2526 2074 2596 ipsis
2099 2523 2280 2580 verbis
2307 2522 2397 2578 hic
2419 2522 2706 2592 apponitur
2731 2530 2758 2557 υ
2782 2521 2835 2575 in
2861 2519 2961 2576 hac
2986 2521 3209 2591 epistola
3239 2530 3441 2577 nostra.

1936 2620 2068 2675 Car.
2101 2617 2169 2674 ll.
2198 2645 2271 2657 —
2311 2616 2387 2671 De
2416 2624 2572 2686 partu
2601 2623 2781 2670 autem
2810 2612 3005 2669 divinae
3027 2612 3298 2683 genitricis
3326 2613 3443 2669 Vir~

1866 2716 2027 2787 ginis,
2055 2712 2504 2786 quemadmodum
2534 2712 2834 2767 sentiamus
2867 2721 2923 2767 et
2963 2712 3205 2767 dicamus
3235 2713 3303 2769 de
3347 2712 3445 2768 hu-

1870 2809 2141 2865 manitatis
2186 2808 2552 2878 assumptione
2604 2806 2866 2878 unigeniti
2927 2805 3046 2862 Filii
3105 2807 3268 2880 386
3316 2808 3447 2877 Dei,

1872 2912 1897 2939 °
1920 2900 2247 2966 necessario,
2276 2914 2384 2954 non
2414 2908 2620 2970 partem
2654 2897 2888 2968 aliquam
2910 2897 3190 2965 addentes,
3217 2899 3311 2954 sed
3336 2900 3447 2971 ple-

1870 2993 2091 3050 nissima
2119 2990 2482 3047 satisfactione
2509 2998 2564 3045 et
2592 2990 2799 3043 ratione
2833 2988 3053 3058 speciali
3086 3004 3117 3043 a
3163 2990 3444 3061 principio,

1870 3097 1926 3143 et
1949 3087 2016 3142 de
2042 3084 2238 3140 divinis
2267 3082 2557 3153 Scripturis
2593 3093 2648 3137 et
2688 3080 2975 3137 traditione
3010 3089 3317 3138 sanctorum
3348 3082 3448 3139 Pa-

1873 3190 2013 3236 trum
2043 3177 2398 3249 suscipientes
2420 3186 2447 3225 P
2489 3185 2544 3232 et
2584 3174 2728 3231 docti
2759 3175 2997 3232 breviter
3025 3174 3271 3243 dicimus,
3315 3178 3467 3236 nihil

1873 3286 2095 3344 prorsus
2124 3269 2385 3324 addentes
2414 3268 2466 3322 in
2497 3276 2806 3323 sanctorum
2836 3266 3053 3323 Patrum
3081 3278 3348 3326 conventu
3393 3278 3451 3327 et

162 3361 512 3425 necessario,
560 3369 619 3415 ut
657 3367 782 3430 pote
830 3358 925 3413 tali
979 3359 1096 3412 viro
1142 3356 1462 3423 mediatore,
1506 3365 1559 3411 et
1589 3355 1657 3410 de
1688 3354 1770 3410 his
1796 3366 1843 3430 ρ
1874 3362 2082 3436 synodo
2111 3360 2311 3416 Μαεηὶ
2353 3359 2565 3415 concilii
2610 3359 2870 3429 expositae
2889 3368 2946 3415 et
2988 3375 3263 3430 expressa:
3292 3362 3449 3430 fidei;

167 3454 447 3510 laboribus
474 3462 532 3510 et
561 3453 739 3509 causis
765 3466 885 3522 quas
927 3451 1070 3505 vires
1105 3447 1124 3487 τ
1172 3448 1477 3514 excedunt,
1527 3446 1769 3502 animose

162 3547 389 3603 volente
416 3546 691 3616 disputare
716 3563 729 3600 :
753 3553 811 3599 ut
831 3543 1026 3599 diaboli
1048 3542 1226 3597 vincat
1253 3539 1531 3606 invidiam,
1554 3547 1610 3595 et
1636 3554 1768 3593 con-

160 3637 353 3711 iungat
397 3637 605 3705 divisa,
653 3645 708 3692 et
765 3651 886 3708 quas
935 3637 987 3689 in
1036 3634 1214 3690 medio
1242 3635 1454 3688 fuerant
1480 3632 1622 3688 inter
1650 3631 1767 3686 llch

157 3746 383 3802 aspersa
428 3728 681 3786 scandala
714 3773 728 3796 ,
779 3727 1025 3794 auferat,
1054 3736 1110 3782 et
1152 3735 1375 3781 coronet
1399 3725 1685 3781 concordia
1709 3732 1767 3780 et

156 3838 292 3895 pace
321 3822 598 3878 Ecclesiae
622 3862 639 3888 ,
673 3834 792 3891 quas
831 3829 957 3874 sunt
998 3828 1053 3873 et
1084 3817 1225 3887 apud
1254 3831 1373 3882 nos,
1418 3825 1473 3872 et
1499 3816 1637 3885 apud
1666 3828 1764 3870 vos

156 3918 500 3973 constitutas.
532 3912 995 3983 Quemadmodum
1023 3913 1166 3966 enim
1191 3910 1375 3965 divisae
1405 3918 1552 3975 sunt,
1575 3923 1767 3979 super-

156 4012 327 4067 fluum
356 4019 445 4067 est
476 4019 501 4058 κ
526 4010 740 4076 dicere;
783 4018 1035 4079 oportere
1060 4016 1239 4062 autem
1268 4004 1502 4063 arbitror
1527 4020 1590 4061 ea
1619 4004 1762 4075 loqui

154 4116 209 4163 et
238 4107 457 4164 sentire
484 4120 605 4175 qua:
646 4105 842 4161 decent
866 4105 1013 4174 pacis
1060 4114 1321 4172 tempora.
1353 4099 1535 4157 Gavisi
1566 4114 1753 4155 sumus

229 4278 258 4309 ι
281 4272 522 4340 Quesn.,
550 4284 782 4323 sermone
819 4266 985 4320 minus
1014 4274 1134 4335 apto
1161 4262 1406 4340 scriptum
1450 4267 1524 4315 est
1553 4274 1653 4340 nec

155 4360 256 4424 gne
284 4330 334 4407 ξ’
343 4358 439 4395 nec
473 4330 629 4411 apte;
667 4340 863 4393 veniam
889 4380 904 4405 ,
946 4330 1371 4408 repugnantibus
1398 4332 1597 4388 nostris
1620 4330 1770 4385 codi-

154 4416 443 4540 cuiiui-lem
471 4481 621 4539 addit
656 4480 822 4535 Vale:
864 4480 1111 4551 ignorant
1139 4476 1309 4532 nostri
1337 4472 1495 4531 codd.
1526 4486 1582 4529 et
1619 4472 1769 4529 Gra-

152 4572 261 4667 m:
287 4567 502 4682 alii?
521 4626 635 4680 haec
681 4624 840 4693 hujus
868 4622 1109 4692 epistola:
1138 4619 1355 4688 antiqua
1382 4616 1560 4693 versio
1589 4616 1642 4669 in
1673 4614 1764 4693 iis-

1872 3456 2017 3511 sicut
2036 3454 2179 3508 enim
2210 3451 2557 3520 praediximus
2583 3492 2597 3517 ,
2650 3448 2717 3505 ad
2766 3465 2979 3506 omnem
3022 3452 3217 3508 sufficit
3244 3453 3452 3523 pietatis

1871 3548 2173 3610 scientiam,
2201 3555 2255 3601 et
2276 3544 2538 3600 universa:
2569 3542 2836 3599 haeretica:
2877 3554 2932 3599 et
2978 3558 3156 3614 prava:
3194 3544 3453 3602 doctrina

1871 3640 2287 3697 abdicationem.
2320 3637 2556 3693 Dicimus
2585 3645 2764 3692 autem
2795 3650 2901 3691 non
2946 3646 3149 3693 temere
3194 3637 3453 3695 audentes

1870 3733 1938 3789 de
1967 3728 2632 3801 incomprehensibilibus,
2683 3727 2781 3783 sed
2823 3725 3161 3784 confessione
3209 3729 3442 3799 propria

1870 3823 2198 3881 infirmitatis
2227 3820 2575 3877 excludentes
2595 3830 2625 3871 ιι
2645 3834 2740 3875 eos
2778 3820 2869 3890 qui
2897 3818 3096 3875 oboriri
3130 3821 3335 3887 volunt,
3381 3820 3439 3878 in

1869 3915 2065 3987 quibus
2086 3929 2147 3969 ea
2176 3914 2473 3984 cogitamus
2500 3926 2619 3981 qua:
2648 3920 2773 3966 sunt
2807 3911 2942 3966 ultra
2970 3911 3261 3968 hominem.

1944 4017 1965 4044 τ
1995 4004 2312 4074 Conﬁtemur
2338 4005 2495 4076 igitur
2525 4000 2808 4057 Dominum
2843 4012 3072 4058 nostrum
3097 4002 3276 4060 Jesum
3304 4005 3456 4064 Chri-

1864 4108 2000 4156 stum
2025 4095 2224 4152 Filium
2252 4095 2348 4151 Dei
2378 4094 2902 4167 unigenitum,Deum
2920 4098 3198 4167 perfectum
3216 4107 3266 4153 et
3286 4098 3453 4154 homi-

1880 4274 1990 4311 non
2019 4256 2193 4310 leviter
2233 4292 2251 4310 .
2277 4293 2290 4307 .
2319 4291 2334 4306 .
2359 4253 2573 4322 putauit.
2605 4249 2911 4321 Legendum
2934 4264 3057 4305 cum
3088 4249 3231 4321 vulg.
3250 4228 3454 4325 'Conc.,

1874 4330 1963 4400 qui
1989 4328 2122 4400 forte
2146 4342 2246 4400 non
2271 4324 2464 4400 leuiter.

1955 4403 1971 4436 ι
1990 4395 2145 4466 ’νειη
2178 4395 2468 4451 diabolica).

1954 4470 1967 4520 i
2009 4462 2208 4546 Qu_e_sn.
2233 4508 2248 4531 ,
2300 4467 2368 4520 ad
2412 4480 2643 4546 pacem.”
2658 4462 2998 4546 Prmtulimus
3044 4472 3256 4519 nostros
3295 4464 3455 4524 codd.

1880 4535 2382 4611 atque'Tbuaneum
2417 4537 2583 4604 ipsius
2604 4535 2899 4601 Quesnelli.

1959 4611 1983 4649 ¹¹
2011 4610 2147 4665 Cod.
2186 4608 2307 4663 Vat.
2340 4622 2460 4663 cum
2489 4606 2631 4675 vulg.
2661 4606 2828 4659 Conc.
2855 4604 3004 4659 addit
3030 4604 3232 4660 nostris.

152 4676 964 4753 dem—mss:'collectioiiibuSin
981 4693 1173 4762 quibus
1192 4676 1529 4762 praecedens;
1552 4701 1612 4762 ac
1629 4701 1693 4741 ex
1718 4686 1785 4762 iis
1806 4678 1861 4738 D
1963 4680 2316 4762 [Adjecimus
2338 4678 2537 4749 plenius
2562 4692 2685 4732 cum
2716 4690 2845 4731 mss.
2882 4676 3058 4744 Vind.,
3081 4676 3313 4747 Thuan.,
3336 4677 3458 4735 Vat.

153 4772 407 4839 primum
443 4784 474 4823 a
505 4768 718 4839 Crabbo
763 4766 907 4821 edita
956 4757 1093 4839 fuit,
1135 4757 1301 4839 atque
1341 4757 1766 4839 Chalcedonensi

152 4828 379 4896 inserta
418 4850 525 4894 act.
562 4842 613 4895 f.
648 4838 806 4892 Istam
838 4852 967 4891 vero
995 4835 1063 4890 ab
1090 4828 1386 4889 editoribus
1417 4828 1671 4882 Romanis
1699 4828 1765 4882 ad

153 4915 425 4966 (ἱι-ςυευιιι
458 4920 662 4965 textum
695 4918 934 4962 exactam
966 4915 1021 4959 et
1067 4904 1405 4958 emendatam
1440 4900 1765 4969 posteriores

152 4980 543 5037 Concilium":
576 4978 839 5035 editiones
868 4983 1209 5045 receperunt.

228 5053 258 5089 ά
295 5054 475 5106 Voces
500 5061 550 5105 et
581 5056 813 5105 hortante
856 5064 922 5103 ex
970 5038 1167 5101 nostris
1210 5042 1370 5099 codd.
1412 5038 1574 5095 Vind.
1607 5039 1767 5108 hujus

151 5123 532 5188 collectionis,
567 5133 622 5176 et
642 5119 766 5175 Vat.
798 5120 933 5173 1540
962 5117 1295 5171 additionum
1326 5113 1451 5168 lsid.
1499 5111 1767 5188 supplevi-

154 5212 315 5249 mu~.
365 5194 500 5249 Cod.
519 5183 771 5256 'Thuan.,
800 5188 1187 5261 provocantibus
1218 5202 1307 5240 nos
1342 5223 1366 5261 _.
1392 5223 1406 5237 .
1435 5222 1449 5235 .
1482 5183 1770 5261 principum

150 5275 473 5319 nostrorum
516 5265 689 5339 dictis.
718 5254 1101 5339 Masiand.
1145 5259 1298 5313 deest
1336 5254 1577 5308 instantia
1602 5293 1617 5318 ,
1673 5268 1769 5323 pro

151 5354 268 5407 qua
301 5352 442 5390 voce
464 5335 591 5391 cod.
622 5333 743 5389 Vat.
779 5332 942 5386 habet
963 5331 1151 5401 gloria.

238 5418 264 5444 θ
298 5408 627 5462 Addidinuts
652 5404 792 5458 omni
818 5419 939 5455 cum
971 5400 1167 5455 nostris
1195 5398 1351 5455 codd.

240 5477 262 5515 ί
294 5481 504 5546 Quesu.
558 5478 705 5531 addit
752 5483 952 5528 nostras
993 5487 1011 5525 :
1051 5470 1346 5546 deleviinus
1387 5482 1527 5546 cum,
1553 5463 1673 5546 Vill.
1717 5473 1773 5521 et

152 5535 351 5618 vulg:
384 5548 549 5603 Cone.
601 5549 731 5601 Dein
771 5546 1028 5618 ille___an_te
1072 5542 1264 5618 digboli
1316 5537 1536 5618 inseruit
1588 5535 1771 5618 Deus:

152 5606 542 5688 expuunximus
566 5632 687 5674 cum
709 5615 831 5671 cod.
849 5613 1035 5681 Vind.,
1053 5611 1379 5682 suffragante
1397 5609 1558 5663 etiam
1584 5606 1774 5662 Grteco

154 5700 403 5815 ωἲςῃέἶο
453 5760 612 5816 codd.
665 5757 847 5825 Vind.,
899 5756 1108 5811 'l’huan.
1140 5764 1193 5811 et
1222 5752 1382 5808 Crab.
1427 5748 1770 5818 Quesnellus,

154 5850 426 5957 “TW;
440 5877 665 5969 religiosi
682 5901 856 5955 addita
880 5916 942 5955 ex
966 5899 1122 5954 codd.
1143 5897 1358 5969 nostris,
1384 5904 1541 5969 atque
1563 5892 1772 5969 Thuan.

154 5977 487 6047 Quesnelli.
523 5964 645 6030 Mox
673 5972 866 6039 Oxon.,
900 5973 983 6035 qui
1016 5978 1120 6037 [ere
1159 5964 1351 6024 leviter.
1384 5966 1524 6031 Vat.,
1554 5966 1642 6031 qui
1667 5964 1773 6031 fere

1879 4763 1936 4812 et
1966 4754 2127 4808 Crab.

1948 4835 1987 4861 ω
2019 4824 2096 4878 lta
2128 4822 2298 4878 nostri
2322 4820 2481 4875 codd.
2510 4819 2664 4891 Apud
2693 4819 2918 4887 Quesn.,
2966 4827 3219 4874 astruente
3251 4829 3298 4875 et
3339 4836 3461 4874 con-

1875 4897 2131 4966 ﬁrmante.

1946 4977 1973 5004 υ
1999 4968 2096 5021 Ms.
2132 4964 2277 5029 Vat.,
2306 4963 2425 5018 huic
2446 4963 2674 5031 episton
2698 4970 2902 5017 nostris.

1958 5048 1983 5073 ο
2017 5035 2343 5093 Adverbium
2393 5030 2674 5088 necessario
2731 5048 2918 5088 omnes
2974 5032 3143 5089 nostri
3188 5030 3343 5088 codd.
3396 5046 3460 5085 ac

1887 5109 2049 5165 etiam
2084 5108 2299 5162 Thuan.
2328 5115 2382 5160 et
2407 5105 2566 5159 Crab.
2598 5105 3025 5175 suppeditarunt.

1954 5191 1979 5229 r
2007 5180 2240 5242 Tlman.,
2264 5178 2562 5247 sufﬁcienter
2590 5177 2775 5229 edocti.
2910 5220 2911 5223 η

1952 5262 1979 5300 (ι
2006 5249 2154 5312 Vat.,
2183 5240 2266 5303 eos
2289 5240 2559 5320 cogitatus.
2589 5247 2732 5313 Mox,
2757 5261 2855 5318 pro
2876 5244 3083 5307 aboriri,
3102 5241 3242 5313 vulg.
3265 5240 3458 5307 Conc.,

1879 5322 2075 5377 adoriri
2107 5337 2220 5377 nos.

1956 5364 1995 5431 Γ
2245 5390 2381 5445 hanc
2403 5364 2581 5444 notam
2608 5385 2881 5457 appendit.
2917 5384 3069 5438 Hanc
3100 5383 3243 5457 ﬁdei
3265 5382 3464 5457 confes-

1879 5454 2072 5519 sionem
2098 5506 2113 5530 ,
2165 5479 2318 5531 quam
2355 5460 2579 5531 Cyrillus
2626 5454 3114 5531 irrepreltenst'liilem
3142 5455 3195 5531 in
3226 5454 3319 5531 hac
3346 5454 3462 5522 epi-

1879 5536 2013 5591 stola
2041 5525 2424 5603 appellat,_non
2450 5539 2696 5585 recentem
2736 5537 2855 5603 tunc
2900 5525 3079 5603 fuisse,
3103 5526 3189 5578 sed
3226 5527 3462 5603 jamltts-

1879 5623 1978 5678 que
1997 5623 2028 5659 a
2052 5594 2254 5678 concilii
2287 5600 2532 5678 Ephesini
2546 5596 2876 5678 temporibus
2889 5596 3147 5678 conditam
3166 5604 3213 5647 et
3236 5594 3458 5677 puplica:

1886 5664 1993 5731 iam
2033 5696 2066 5731 a
2109 5674 2311 5729 Joanne
2335 5664 2685 5735 'Autiocheno,
2738 5669 2879 5720 docet
2918 5682 3009 5718 nos
3048 5664 3203 5737 hujus
3241 5666 3464 5737 episcopi

1884 5749 2099 5817 epistola
2129 5762 2222 5799 suo
2250 5760 2451 5813 sumque
2470 5741 2651 5817 synodi
2678 5739 2880 5792 nomine
2900 5738 3060 5817 .missa
3097 5736 3165 5816 ad
3188 5736 3464 5817 imperato-

1884 5807 1990 5873 rem
2019 5807 2469 5882 Theodosium'per
2495 5807 2751 5882 Ioannem
2782 5810 3032 5882 comitem,
3075 5808 3161 5876 qni
3179 5810 3333 5879 jussu
3368 5807 3464 5882 im-

1885 5890 2136 5961 peratoris
2184 5888 2245 5939 ab
2278 5879 2486 5961 utraque
2519 5893 2695 5961 parte.
2723 5880 2857 5961 ﬁdei
2884 5879 3247 5961 confessionem
3263 5880 3462 5958 exegit,
3492 5924 3497 5945 ί

1888 5948 2009 6016 dum
2044 5960 2213 6014 adhuc
2247 5948 2469 6025 episcopi
2508 5953 2695 6024 Ephesi
2726 5952 2997 6009 residerent
3028 5948 3165 6007 :Illi
3195 5948 3325 6005 enim
3356 5948 3463 6017 epi—
