3996 6344
175 486 269 545 677

622 479 851 540 CODEX
889 473 1220 536 CANONUM
1262 472 1543 531 ECCLBS.
1588 472 1676 528 ET
1715 469 2296 533 CONSTITUTORUM
2334 474 2391 534 S.
2438 472 2633 534 SEDIS
2669 471 3002 532 APOSTOL.

3345 473 3455 540 678

175 613 420 671 tanquam
455 599 524 654 de
554 596 695 652 caelo
728 594 974 665 deposita
1005 604 1194 649 sancta
1235 589 1354 660 ejus
1400 602 1585 654 carne,
1637 584 1764 640 talia
1792 587 1848 650 Α
1875 594 2168 657 praecepto,
2195 589 2264 645 de
2287 590 2369 647 his
2411 590 2632 646 omnino
2655 589 2855 662 aliquid
2897 591 3042 647 foras
3074 589 3272 663 ejicere
3300 609 3458 654 recu-

169 691 434 756 dicimus;
491 687 587 744 sed
628 685 908 758 sequimur
964 685 1136 755 magis
1181 680 1486 738 mirabilem
1536 676 1762 734 Paulum

169 785 490 845 clamantem
516 788 743 851 aperte:
784 778 996 833 Primus
1027 777 1180 831 homo
1220 775 1284 828 de
1322 782 1457 828 terra
1509 781 1761 835 terrenus,

171 879 427 936 secundus
456 875 612 930 homo
635 873 699 928 de
725 872 853 928 catlo
877 869 1094 926 caelestis
1134 869 1177 940 (l
1213 867 1334 922 Cor.
1368 881 1459 932 xv,
1495 863 1612 934 47).
1657 862 1768 917 Me-

176 971 434 1028 minimus
487 977 668 1023 autem
720 974 776 1020 et
836 964 1014 1034 ipsum
1063 961 1399 1018 Salvatorem
1456 957 1764 1013 dicentem:

173 1063 341 1119 Nemo
371 1059 605 1116 ascendit
637 1059 691 1112 in
731 1055 936 1124 calum,
967 1054 1068 1109 nisi
1113 1053 1200 1124 qui
1239 1049 1498 1106 descendit
1528 1049 1590 1103 de
1620 1046 1764 1112 caelo,

172 1154 346 1210 Filius
374 1150 599 1207 hominis
627 1147 807 1221 (Joau.
842 1162 920 1213 tu,
958 1146 1047 1216 15)
1080 1153 1128 1198 ⁸.
1157 1143 1326 1199 Natus
1378 1148 1462 1198 est
1493 1141 1636 1196 enim
1683 1153 1768 1194 se-

169 1247 406 1302 cundum
435 1255 676 1308 carnem,
709 1240 850 1296 sicut
875 1239 1034 1310 paulo
1062 1244 1189 1293 ante
1217 1234 1462 1306 pradixi,
1491 1233 1560 1290 dc
1581 1241 1768 1288 sancta

167 1337 432 1410 Virgine;
469 1345 526 1393 et
548 1335 804 1407 quoniam
827 1332 918 1402 qui
954 1331 1022 1387 de
1053 1331 1192 1387 caelo
1216 1338 1270 1386 et
1298 1329 1366 1385 de
1396 1328 1767 1400 superioribus

173 1432 411 1498 advenit,
448 1431 589 1488 Deus
621 1427 879 1491 Verbum,
903 1426 1187 1480 exinanivit
1206 1423 1530 1493 semetipsum
1550 1426 1769 1494 formam

173 1526 297 1580 terei
327 1524 588 1595 accipiens
620 1521 849 1593 (Philip.
883 1535 940 1586 ιι,
975 1519 1103 1590 1⁵ης
1153 1517 1451 1588 appellatus
1492 1526 1574 1573 est
1601 1515 1769 1572 Filius

168 1619 428 1688 hominis,
462 1631 686 1675 manens
711 1614 855 1688 quod
893 1624 1030 1682 erat,
1063 1613 1166 1670 hoc
1207 1622 1314 1681 est,
1347 1614 1490 1669 Deus
1545 1614 1766 1682 (immu-

171 1711 354 1767 labilis
403 1711 549 1767 enim
591 1719 648 1766 et
696 1706 1118 1764 inconvertibilis
1168 1715 1249 1762 est
1287 1705 1580 1762 secundum
1616 1713 1770 1761 natu-

171 1806 354 1875 ram);
401 1812 656 1876 tanquam
707 1803 817 1874 jam
869 1817 1008 1858 unus
1058 1799 1363 1856 intellectus
1401 1814 1522 1856 cum
1554 1800 1769 1871 propria

169 1911 358 1965 carne,
400 1897 597 1952 dicitur
615 1895 965 1952 descendisse
986 1893 1054 1950 de
1080 1893 1240 1950 coelo.
1274 1892 1302 1932 δ
1346 1893 1657 1964 Appellatns
1689 1900 1771 1948 est

1876 691 2078 745 santes,
2120 681 2291 738 discat
2317 683 2532 754 quidem
2563 691 2654 738 tua
2683 683 2968 752 sanctitas,
3007 690 3063 740 et
3100 683 3278 742 nullus
3319 688 3457 744 alius

1875 771 1896 811 τ
1919 773 2172 829 societur.
2201 771 2509 831 Posuissem
2539 784 2717 833 autem
2740 777 2901 833 etiam
2926 777 3137 834 illorum
3164 779 3313 849 plura
3341 797 3462 838 ver-

1871 865 1960 930 ba,
1990 865 2183 935 quibus
2211 865 2346 922 meis
2388 866 2543 924 dictis
2574 869 2734 926 ﬁdem
2774 869 3112 940 adhiberem,
3135 871 3180 927 si
3209 887 3314 930 non
3339 889 3464 946 pro-

1871 958 2130 1016 lixitatem
2154 959 2480 1031 scriptorum
2499 977 2778 1020 revererer
2804 980 2817 1018 :
2843 979 2912 1020 ne
2931 979 2995 1020 es
3025 965 3129 1020 hoc
3159 967 3277 1039 ipso
3306 965 3461 1028 ﬁeret

1871 1052 2150 1110 horribile.
2187 1051 2346 1108 Nullo
2369 1064 2547 1110 autem
2575 1056 2736 1112 modo
2784 1057 3016 1130 patimur
3060 1074 3091 1116 a
3145 1061 3462 1132 quibusdam

1871 1145 2082 1200 concuti
2139 1141 2419 1200 difﬁnitam
2477 1144 2674 1216 ﬁdem,
2719 1147 2834 1204 sive
2879 1148 3003 1211 ﬁdei
3054 1150 3383 1222 symbolum,
3431 1169 3458 1207 a

1871 1236 2072 1292 sanctis
2115 1233 2364 1293 Patribus
2414 1237 2616 1294 nostris
2646 1237 2737 1310 qui
2767 1239 2906 1310 apud
2933 1239 3164 1297 Nicaeam
3193 1257 3463 1302 convene-

1871 1334 1997 1383 runt
2037 1327 2147 1382 illis
2180 1327 2532 1398 temporibus,
2569 1342 2670 1385 nec
2697 1330 3027 1404 permittitur
3057 1342 3147 1388 aut
3177 1333 3350 1404 nobis,
3379 1351 3388 1386 :
3413 1343 3468 1392 ut

1871 1420 2008 1486 aliis,
2047 1427 2255 1476 mutare
2293 1419 2506 1492 aliquod
2537 1422 2760 1478 verbum
2806 1438 2870 1482 ex
2901 1422 2986 1479 his
3021 1439 3142 1495 qua:
3194 1425 3266 1481 ibi
3297 1427 3467 1488 couti-

1872 1520 2090 1578 nentur,
2146 1519 2472 1568 autsunam
2516 1513 2776 1585 syllabam
2837 1511 3146 1586 immutare,
3199 1533 3468 1576 memores

1873 1607 1989 1678 ejus
2017 1607 2251 1663 dicentis
2294 1624 2306 1661 :
2345 1606 2429 1664 Ne
2470 1609 2748 1681 transferas
2779 1610 3023 1666 terminos
3071 1621 3309 1680 aeternos,
3343 1627 3470 1684 quos

1874 1708 2150 1771 posuerunt
2179 1707 2347 1771 patres
2369 1701 2444 1755 lui
2476 1699 2656 1774 (Prov.
2691 1715 2820 1774 xxv,
2850 1701 2944 1774 28)
2973 1722 2984 1758 :
3018 1719 3122 1762 non
3145 1715 3297 1768 erant
3325 1707 3468 1768 enim

1874 1793 1973 1862 ipsi
2007 1791 2308 1863 loquentes,
2337 1792 2430 1849 sed
2464 1791 2695 1865 Spiritus
2718 1794 2811 1852 Dei
2840 1806 2893 1852 et
2925 1797 3119 1867 Patris,
3161 1800 3251 1868 qui
3283 1813 3469 1868 procc-

1875 1886 1952 1942 dit
1979 1887 2192 1957 quidem
2223 1902 2288 1943 ex
2317 1887 2456 1960 ipso,
2486 1904 2592 1946 non
2621 1897 2702 1946 est
2728 1899 2906 1948 autem
2937 1892 3144 1950 alienus
3164 1907 3193 1948 a
3218 1893 3355 1950 Filio
3386 1910 3470 1954 se-

169 1992 334 2048 stiarn
363 1990 528 2046 homo
555 1990 624 2046 de
643 1989 784 2045 caelo
807 1988 1100 2059 perfectus,
1124 2002 1244 2043 cum
1274 1995 1417 2042 esset
1444 1986 1603 2042 etiam
1634 1985 1773 2042 idem
1804 1968 1855 2032 Β
1880 1979 2116 2035 eundum
2161 1980 2412 2036 essentia:
2467 1979 2752 2038 rationem.
2783 1982 2855 2040 Εῑ
2880 1983 2947 2056 ad
2996 1984 3100 2040 hoc
3150 2001 3248 2043 nos
3283 2002 3470 2050 eorum

170 2084 221 2140 in
251 2083 472 2140 Deitate
503 2081 796 2153 perfectus,
829 2080 969 2136 idem
995 2080 1112 2151 ipse
1138 2079 1194 2134 in
1219 2077 1407 2136 eadem
1442 2077 1775 2134 humanitate

169 2177 468 2248 perfectus,
520 2182 574 2230 et
605 2184 854 2245 tanquam
886 2172 939 2228 in
970 2186 1332 2248 unapersona
1357 2171 1770 2243 intelligendus;

171 2246 311 2326 usus
337 2269 486 2324 enim
520 2266 783 2322 Dominus
809 2265 968 2322 Jesns
999 2246 1264 2331 Christus,
1315 2264 1416 2320 etsi
1461 2273 1773 2320 naturarum

170 2361 486 2417 dilerentla
513 2373 622 2413 non
659 2357 957 2428 ignoretur,
1007 2357 1076 2412 de
1120 2356 1313 2426 quibus
1361 2355 1772 2411 inenarrabilem

171 2455 476 2510 unitionem
518 2461 691 2507 actam
719 2450 888 2506 fuisse
942 2449 1206 2505 sentimus
1255 2462 1316 2502 ac
1365 2447 1614 2524 dicimus.
1667 2448 1774 2505 Eos

170 2557 351 2602 autem
381 2544 478 2616 qui
497 2543 684 2599 dicunt
708 2543 963 2615 quoniam
992 2550 1502 2612 temperamentum,
1531 2551 1622 2597 aut
1647 2557 1775 2598 eon-

175 2637 339 2703 iusio,
374 2644 472 2690 aut
496 2636 813 2704 conspersio
840 2635 977 2690 facta
1002 2643 1084 2690 est
1114 2634 1205 2690 Dei
1238 2633 1400 2689 Verbi
1431 2634 1495 2688 ad
1533 2648 1772 2702 carnem,

172 2729 439 2801 dignetur
467 2735 556 2781 tua
577 2729 836 2782 sanctitas
879 2724 1176 2782 refrenare.
1207 2724 1455 2780 Forsitan
1483 2725 1624 2780 enim
1658 2739 1776 2781 esse

169 2819 442 2891 quosdam
473 2835 580 2874 non
609 2817 844 2889 ambigo,
876 2818 965 2888 qui
1001 2817 1118 2873 haec
1146 2817 1213 2873 de
1244 2830 1331 2873 me
1357 2816 1627 2887 jactitent,
1657 2827 1772 2872 tau-

171 2929 332 2983 quam
364 2911 676 2984 garrieutes
702 2925 766 2966 ac
794 2909 1058 2966 dicentes.
1106 2908 1218 2979 Ego
1259 2917 1438 2963 autem
1474 2909 1526 2963 in
1571 2917 1776 2963 tantum

171 3007 237 3062 ab
268 3006 359 3063 bis
392 3007 558 3078 longe
587 3019 729 3071 sum,
753 3012 811 3058 ut
839 3003 973 3058 nihil
997 3002 1101 3058 tale
1128 3001 1356 3057 sentiam
1380 3018 1394 3054 :
1421 3015 1590 3072 usque
1618 3000 1775 3070 adeo,

172 3108 228 3154 ut
251 3099 509 3154 insanire
537 3103 720 3168 putem
749 3109 844 3151 eos
872 3099 962 3166 qui
1003 3096 1107 3150 hoc
1132 3093 1202 3150 de
1238 3109 1326 3150 me
1355 3095 1608 3166 suspicati
1631 3103 1775 3162 sunt,

173 3192 315 3262 quod
346 3192 578 3247 omnino
601 3189 911 3245 mutationis
940 3187 1282 3244 adumbratio
1312 3188 1557 3245 accidere
1579 3197 1781 3271 -potest

1879 2084 2188 2129 sanctorum
2237 2074 2327 2144 qui
2377 2075 2628 2147 mysteria
2684 2075 3042 2146 tradiderunt,
3098 2080 3240 2138 dicta
3276 2084 3470 2142 conﬁr-

1880 2174 2062 2232 mant;
2091 2166 2145 2222 iu
2175 2165 2402 2224 Actibus
2431 2168 2574 2224 enim
2623 2169 3005 2240 Apostolorum
3035 2173 3293 2244 scriptum
3341 2184 3468 2232 est:

1893 2257 2151 2314 Venientes
2181 2270 2349 2315 autent
2379 2261 2516 2316 circa
2549 2258 2576 2298 ¹ι
2610 2263 2859 2320 Moesiam
2890 2266 3149 2324 tentabant
3195 2268 3248 2323 in
3289 2267 3469 2341 Bithy-

1881 2352 2019 2405 niam
2050 2353 2146 2422 ire,
2178 2362 2225 2406 et
2246 2370 2348 2408 non
2393 2355 2620 2426 permisit
2649 2372 2733 2412 eos
2768 2357 2998 2429 Spiritus
3047 2357 3173 2416 Jesu
3205 2361 3339 2433 (Act.
3362 2379 3470 2432 XVI,

1882 2444 1958 2516 7).
2004 2444 2204 2500 Scribit
2236 2447 2399 2502 etiam
2447 2455 2503 2503 et
2543 2448 2868 2506 venerabilis
2897 2449 3095 2510 Paulus
3123 2470 3138 2506 :
3173 2453 3274 2521 Qui
3301 2471 3470 2512 amem

1878 2537 1931 2592 in
1963 2553 2116 2592 carne
2128 2546 2268 2603 sunt,
2295 2535 2401 2592 Deo
2431 2537 2634 2610 placere
2665 2556 2766 2595 non
2794 2542 3043 2612 possqu
3065 2560 3150 2601 vos
3173 2555 3346 2604 autem
3372 2563 3473 2602 nou

1879 2631 1998 2686 estis
2017 2631 2070 2685 in
2092 2646 2262 2698 carne,
2285 2632 2375 2686 sed
2411 2631 2465 2686 in
2493 2631 2704 2704 spiritu,
2731 2631 2776 2688 si
2805 2642 2973 2692 tamen
2995 2635 3226 2707 Spiritus
3256 2634 3354 2692 Dei
3382 2638 3472 2694 Ita-

1879 2724 2006 2779 bitat
2056 2726 2108 2779 in
2145 2724 2282 2781 vobis
2309 2740 2328 2779 :
2353 2726 2401 2780 si
2437 2725 2554 2796 quis
2595 2733 2764 2782 autent
2813 2725 3070 2800 Spiritum
3106 2726 3119 2764 ί
3151 2726 3340 2784 Christi
3373 2746 3475 2788 non

1881 2815 2051 2884 habet,
2081 2817 2163 2870 hic
2213 2833 2313 2871 non
2337 2825 2414 2872 est
2461 2817 2575 2888 ejus
2605 2818 2783 2892 (Rom.
2812 2833 2927 2888 vui,
2952 2820 3006 2889 8',
3021 2819 3097 2892 9).
3127 2820 3351 2892 Quando
3376 2837 3474 2879 au-

1883 2917 1987 2966 tem
2011 2908 2226 2979 quidam
2253 2909 2343 2978 qui
2367 2909 2610 2964 consueti
2629 2918 2755 2964 sunt
2780 2924 2900 2981 quae
2924 2916 3071 2967 reeta
3099 2922 3222 2966 sunt
3252 2928 3474 2983 perver-

1883 3009 2021 3066 tere,
2050 3015 2198 3056 meas
2232 3015 2396 3057 voces
2425 3001 2643 3058 deviare
2687 3012 2742 3057 et
2765 3001 3084 3060 abstrahere
3113 3005 3380 3062 aestimant
3407 3007 3474 3064 ad

1884 3093 1938 3149 id
1964 3094 2105 3164 quod
2149 3094 2227 3154 eis
2275 3093 2507 3166 videtur,
2539 3111 2648 3152 non
2694 3099 2921 3154 miretur
2951 3098 3053 3154 hoc
3071 3103 3331 3157 sanctitas
3361 3109 3474 3171 tua,

1883 3189 2062 3248 sciens
2101 3191 2354 3262 quoniam
2378 3190 2472 3262 qui
2516 3198 2644 3249 Sunt
2679 3193 2749 3252 ab
2769 3198 2915 3254 omni
2941 3193 3158 3263 haeresi,
3187 3211 3257 3254 ex
3282 3195 3475 3252 divinis

174 3287 318 3341 circa
362 3283 536 3360 divini
579 3281 747 3338 Verbi
797 3288 1066 3336 naturam.
1122 3279 1302 3335 Manet
1347 3279 1491 3336 enim
1530 3279 1583 3336 id
1635 3277 1780 3351 quod
1840 3359 1849 3360 ί
1885 3283 2176 3354 Scripturis
2205 3283 2406 3342 erroris
2433 3284 2516 3341 sui
2537 3285 2796 3358 colligunt
2822 3300 3045 3356 causas;
3071 3297 3355 3359 eteaqua
3382 3304 3474 3360 per

176 3359 406 3450 semper
437 3385 543 3444 est,
573 3381 630 3431 et
657 3389 765 3430 non
796 3381 1055 3439 mutatur,
1077 3385 1178 3427 nec
1205 3385 1439 3442 unquam
1463 3371 1775 3442 mutabitur,
1808 3359 1855 3426 C
1887 3376 2147 3448 Spiritum
2201 3387 2446 3433 sanctum
2499 3387 2648 3436 recte
2685 3379 2831 3438 dicta
2867 3391 3014 3448 sunt,
3057 3359 3474 3454 malignitatibus

182 3485 285 3526 nec
313 3469 574 3540 suscipiet
613 3468 989 3522 mutationem.
1034 3464 1376 3536 lmpassibile
1405 3466 1548 3530 enim
1581 3467 1646 3520 ad
1679 3465 1778 3521 hoc

176 3564 280 3620 Dei
307 3563 544 3618 Verbum
571 3573 694 3616 esse
727 3559 1049 3616 conﬁtemur
1076 3559 1342 3624 universi;
1381 3567 1403 3598 ο
1437 3558 1648 3613 tametsi
1690 3573 1779 3614 sa-

175 3654 527 3726 pientissime
569 3654 684 3725 ipse
712 3653 1005 3723 disponens
1049 3651 1386 3723 mysterium.
1428 3651 1592 3724 389
1611 3650 1782 3707 Video

173 3748 226 3801 iu
260 3746 488 3816 propria
517 3760 681 3801 carne
720 3744 1002 3815 passiones
1037 3758 1159 3814 qua:
1207 3743 1534 3800 acciderunt.
1582 3744 1780 3799 Eadem

172 3849 228 3896 et
255 3837 703 3909 sapientissimus
731 3836 974 3892 Petrus‘:
1002 3834 1206 3890 Christo
1227 3877 1242 3903 ,
1275 3835 1467 3906 inquit,
1519 3853 1611 3906 pro
1640 3837 1782 3892 nobis

169 3947 333 4002 passo
366 3931 425 3984 in
458 3943 612 3982 carne
633 3928 679 3998 (l
707 3926 852 3982 Petr.
897 3942 971 3994 tv,
1006 3926 1091 3998 l);
1129 3934 1184 3982 et
1212 3942 1318 3982 non
1343 3925 1370 3964 ά
1405 3927 1456 3982 in
1487 3935 1679 3983 natura
1710 3930 1784 3983 in-

170 4021 515 4080 enarrabilis
546 4020 788 4076 Deitatis.
849 4019 918 4075 Ut
948 4020 1090 4074 enim
1133 4019 1247 4090 ipse
1279 4022 1519 4074 omnium
1549 4021 1785 4076 salvator

167 4130 297 4172 esse
331 4112 597 4169 credatur
626 4111 922 4167 secundum
963 4109 1372 4180 dispositionem
1401 4111 1694 4180 propriam,
1730 4112 1784 4166 in

168 4222 254 4275 se,
291 4215 367 4262 ut
405 4205 542 4271 dixi,
578 4203 810 4274 propria:
834 4202 1014 4257 carnis
1043 4211 1261 4258 revocat
1291 4203 1596 4273 passiones;
1628 4205 1787 4275 quale

167 4309 255 4356 est
289 4296 438 4352 illud
468 4294 762 4350 secundum
784 4293 1062 4363 propheta:
1090 4309 1276 4348 vocem
1305 4295 1642 4365 praedictum,
1670 4305 1788 4350 tan-

167 4407 347 4463 quam
386 4405 455 4446 ex
485 4388 603 4459 ipso
635 4387 1034 4456 intelligendum
1083 4405 1095 4439 :
1136 4396 1159 4424 ο
1195 4387 1415 4442 Dorsum
1460 4406 1628 4443 meum
1669 4391 1790 4444 dedi

165 4487 239 4538 ad
267 4481 519 4554 ﬂagella,
568 4488 614 4534 et
661 4478 903 4534 maxillas
929 4496 1068 4534 meas
1099 4480 1166 4532 ad
1197 4481 1442 4546 verbera;
1484 4483 1664 4553 facient
1696 4500 1790 4538 au-

167 4589 279 4633 tem
307 4590 492 4630 meam
514 4589 616 4627 non
647 4572 807 4626 averti
838 4587 871 4626 a
918 4573 1301 4643 eonfusiouibus
1344 4584 1611 4644 sputorum
1653 4575 1789 4646 (Isa.

169 4686 223 4733 ι..
261 4669 360 4738 6).

1886 3471 2082 3527 mentis
2120 3485 2232 3526 sua:
2261 3482 2691 3542 corrumpentes,
2739 3473 2969 3545 propriis
3008 3475 3172 3546 300
3214 3475 3477 3546 capitibus

1885 3565 1998 3620 suis
2036 3563 2174 3636 ignis
2220 3564 2668 3636 inexstinguibilis
2709 3565 3038 3626 exhauriunt
3074 3568 3367 3626 ﬂammam.
3411 3569 3478 3624 Et

1885 3659 2139 3728 quoniam
2167 3658 2518 3729 cognovimus
2543 3657 2688 3729 quod
2714 3668 2770 3716 et
2807 3659 2878 3718 ad
2912 3659 3129 3718 beatum
3171 3659 3475 3732 Epictetum

1887 3751 2170 3822 epistolam
2197 3766 2295 3823 per
2321 3751 2502 3808 omnia
2530 3751 2817 3810 laudabilis
2839 3753 3005 3824 patris
3033 3755 3202 3810 nostri
3233 3753 3477 3809 Athana-

1887 3843 1953 3900 sii
1983 3855 2184 3902 rectam
2213 3845 2376 3903 ﬁdem
2407 3845 2724 3915 habentem,
2756 3850 3100 3910 immolantes
3127 3863 3248 3906 eam
3289 3847 3476 3904 edide-

1887 3937 2013 4004 rint,
2043 3946 2100 3993 et
2124 3937 2250 3994 hinc
2278 3940 2430 4007 quasi
2460 3939 2580 3997 lzedi
2607 3940 2889 4012 plurimos,
2921 3951 3139 4013 propter
3154 3941 3260 3998 hoc
3285 3955 3479 3997 neces-

1889 4029 2088 4084 sarium
2118 4038 2174 4085 et
2195 4029 2325 4085 utile
2353 4031 2715 4092 intelleximus
2736 4042 2792 4090 et
2813 4033 3066 4090 fratribus
3091 4033 3290 4090 nostris
3318 4035 3478 4090 edere

1890 4120 1957 4178 de
1995 4121 2233 4193 antiquis
2259 4123 2681 4194 exemplaribus,
2711 4141 2833 4196 qua:
2881 4126 3022 4197 apud
3049 4141 3152 4182 nos
3172 4137 3303 4183 sunt
3344 4127 3480 4183 bene

1894 4213 2210 4284 erplanata,
2241 4224 2298 4272 et
2322 4217 2518 4274 similia
2553 4226 2660 4274 tuae
2694 4217 3093 4276 venerabilitati
3117 4217 3369 4291 dirigere.

2067 4351 2081 4400 l
2124 4349 2374 4406 Famula
2405 4351 2566 4408 libelli
2594 4351 2716 4420 ﬁdei
2739 4351 2832 4407 sub
2861 4354 3036 4407 eodem
3064 4353 3308 4424 capitulo.

1967 4487 2080 4557 Ego
2101 4485 2202 4544 Ille
2233 4485 2256 4523 ¹ε
2281 4487 2422 4544 hanc
2453 4487 2794 4557 scripturam,
2823 4502 2986 4562 quam
3017 4503 3179 4547 manu
3207 4504 3328 4546 mea
3357 4505 3480 4560 per-

1896 4582 2104 4658 scripsi,
2132 4581 2411 4652 proﬁteor,
2441 4596 2676 4651 sequens
2704 4589 2948 4640 sanetum
2968 4582 3229 4652 judicium
3266 4583 3483 4644 Patrum

1897 4675 2128 4730 Nicaeus:
2187 4675 2377 4746 synodi
2435 4682 2800 4734 trecentorum
2852 4685 2908 4734 et
2964 4678 3154 4734 decem
3207 4689 3348 4747 octo,
3399 4681 3484 4736 vel

243 4759 400 4814 CAP-
431 4755 860 4823 \'--Q“0"iam
894 4757 1073 4811 autem
1103 4765 1412 4813 εθιιοῑοτυηι
1444 4757 1662 4815 Patrum
1689 4761 1786 4817 do-
1814 4752 1869 4816 Ι)
1895 4768 2353 4826 Chalcedonensis
2395 4769 2588 4841 synodi
2631 4769 2943 4828 universale
2985 4774 3298 4838 concilium,
3332 4773 3486 4843 cujus

165 4851 390 4905 rtrinis
418 4849 858 4919 obtemperantes
888 4849 1081 4920 ubique
1120 4865 1324 4917 sumus,
1356 4854 1589 4910 maxime
1611 4866 1788 4914 autem

168 4943 328 5000 beati
372 4952 428 4997 et
461 4956 558 5011 per
587 4942 766 4996 omnia
797 4940 1075 4998 laudabilis
1107 4945 1276 5001 nostri
1307 4949 1476 5017 patris
1507 4951 1789 5014 Athanasii

250 5132 278 5159 α
319 5123 535 5195 Quesn.
564 5119 714 5176 addit
742 5121 832 5193 qui
860 5129 932 5177 est
970 5122 1022 5177 in
1050 5124 1195 5180 caelo.
1225 5125 1420 5184 Delent
1445 5143 1567 5187 cum
1601 5133 1790 5195 Graeco

170 5193 360 5250 iidem
389 5192 550 5249 codd.

251 5267 281 5303 ιν
312 5265 431 5320 Sex
458 5278 623 5320 voces
642 5273 930 5342 sequentes
949 5279 1016 5323 ex
1037 5271 1238 5326 nostris
1258 5269 1415 5326 codd.
1432 5271 1622 5332 ϐιωοο
1643 5285 1793 5338 textu

253 5339 454 5390 iaente
481 5335 800 5390 adiecimus.

169 5346 454 5406 exigente
481 5346 800 5406 adiecimus.

195 5481 211 5492 _
257 5420 298 5491 ε.
321 5407 546 5490 Clarius
661 5405 815 5477 Vulg.
845 5405 1011 5492 Cone.
1033 5425 1099 5491 ex
1129 5410 1350 5492 Graeco:
1375 5417 1573 5492 ωηιψὶ
1591 5422 1799 5492 sapien-

169 5481 398 5563 lissirnc
417 5479 524 5550 ipse
545 5479 817 5561 disponens
843 5481 1134 5561 mysterium
1158 5483 1255 5565 sibi
1275 5500 1362 5538 eas
1387 5479 1665 5568 attribuere'
1680 5509 1797 5562 per-

166 5554 442 5624 spicitur,
469 5567 583 5619 qua?
620 5554 764 5604 carni
786 5554 1043 5622 passiones
1066 5555 1272 5625 proprie
1293 5557 1609 5614 acciderunt.

249 5619 280 5660 δ
322 5620 457 5675 Vat.
481 5620 606 5676 cod.
630 5635 750 5674 cum
781 5621 943 5678 Grai).
977 5623 1121 5679 delet
1141 5625 1214 5679 in.

255 5704 282 5730 ε
314 5662 616 5771 suam:
632 5662 1262 5771 ‘iiiiaT'J'céiITXSia
1299 5699 1527 5771 Qum,

167 5780 399 5827 meum,
432 5765 615 5833 inquit,
637 5763 797 5816 dedit.

257 5836 278 5874 f
324 5834 490 5911 χαις.
524 5838 691 5911 t_:t_i_nc.
737 5851 857 5911 cum
887 5835 1097 5905 Grasse,
1133 5840 1376 5911 ambigat.

256 5917 286 5976 ξς
324 5904 454 5976 Vat.
485 5905 639 5959 addit
657 5907 1008 5976 transferendo
1031 5904 1539 5970 tertniuos'a'terttos.

253 5975 289 6016 ιι
327 5975 422 6030 Ita
461 5985 682 6043 uterque
723 5975 822 6034 ms.
877 5981 1066 6036 codex.
1113 5981 1280 6050 Alias,
1330 5984 1571 6054 Mysiam.
1623 5990 1797 6057 Ques-

1897 4861 2266 4918 dilﬁnitionem
2279 4861 2437 4918 sedes
2455 4862 2748 4931 apostolica
2769 4865 3138 4931 conﬁrmavit,
3161 4865 3303 4935 quod
3327 4866 3486 4920 etiam

1903 4955 2196 5014 beatissimi
2231 4969 2383 5026 papa:
2411 4955 2608 5012 Leonis
2639 4957 2868 5028 epistola
2895 4958 2961 5014 ad
2988 4953 3185 5012 sanctis
3218 4955 3488 5011 memorial}

1901 5137 2096 5195 uellus.

1978 5208 1992 5246 ί
2030 5207 2120 5280 Sic
2166 5208 2334 5266 nostri
2364 5207 2522 5280 codd.
2555 5218 2612 5268 et
2647 5208 2815 5268 Crab.
2847 5228 2968 5270 cum
3018 5213 3228 5268 Graeco.
3265 5211 3490 5280 Quesn.,

1903 5278 2024 5340 Dei.
2057 5279 2202 5354 ldetn
2230 5293 2352 5334 mox
2374 5279 2611 5354 brevius,
2637 5282 2850 5354 quidam
2871 5285 3102 5340 consueti
3130 5293 3267 5338 recta
3289 5278 3493 5354 perver-

1905 5361 2050 5418 tere;
2079 5350 2175 5406 sed
2199 5358 2415 5408 nostros
2430 5350 2659 5410 codices
2675 5352 2930 5410 deserere
2952 5354 3242 5412 noluimus.

1984 5423 1997 5472 i
2041 5421 2382 5477 Burcltardus
2414 5423 2506 5479 lib.
2536 5440 2575 5492 ι,
2603 5439 2654 5481 c.
2682 5420 2809 5490 252,
2859 5423 2999 5481 hanc
3038 5422 3161 5484 ﬁdei
3212 5425 3494 5484 formulam

1908 5493 2126 5565 exhibet
2153 5508 2219 5548 ex
2250 5493 2432 5564 aliquo
2462 5504 2660 5554 nostra:
2685 5495 3020 5565 collectionis
3040 5499 3316 5565 exemplo;
3349 5497 3495 5554 illam

1906 5564 2049 5637 enim
2074 5564 2266 5635 allegat
2302 5583 2314 5618 :
2344 5561 2674 5637 Exiepistola
2717 5561 2898 5637 Cyrilli
2927 5568 2995 5624 ad
3024 5561 3276 5626 Ιοαιιηέηι
3315 5567 3495 5626 Aulio—

1904 5636 2145 5701 cheuum,
2202 5650 2267 5689 eo
2320 5636 2461 5705 quod
2504 5637 2559 5692 in
2611 5636 2810 5692 nostrae
2851 5637 3193 5696 collectiouis
3221 5639 3495 5705 codicibus

1906 5706 2232 5779 pratcedenti
2267 5705 2454 5779 Cyrilli
2487 5707 2732 5776 epistolae
2761 5707 3096 5779 subjiciatur.
3128 5711 3256 5768 Haec
3283 5719 3497 5768 contra-

1906 5778 2043 5833 ctior
2086 5778 2281 5850 legitur
2315 5777 2379 5833 in
2429 5777 2533 5834 ﬁne
2578 5778 2768 5850 capitis
2797 5777 2886 5836 55'.
2919 5781 3115 5839 Conler
3144 5797 3263 5854 quae
3295 5783 3497 5842 ibidem

1906 5849 2301 5904 annotabituus.

1906 5863 2301 5904 αηηοιίιυιιιιιιε.

1980 5920 2003 5957 ιι
2033 5919 2189 5989 Apud
2215 5917 2608 5993 Burchardum,
2637 5923 2733 5977 hac
2763 5924 3031 5996 scriptura.
