  <div class='ocr_page' id='page_1' title='image "/cluster/home/n/w/nwhite01/storage/ocr_20150623/56/hvd.32044015471600/345.png"; bbox 0 0 3996 6344; ppageno 0'>
   <div class='ocr_carea' id='block_1_1' title="bbox 559 426 668 486">
    <p class='ocr_par' dir='ltr' id='par_1_1' title="bbox 559 426 668 486">
     <span class='ocr_line' id='line_1_1' title="bbox 559 426 668 486; baseline -0.046 0"><span class='ocrx_word' id='word_1_1' title='bbox 559 426 668 486; x_wconf 78' lang='grc' dir='ltr'><strong>6Ἰ9</strong></span> 
     </span>
    </p>
   </div>
   <div class='ocr_carea' id='block_1_2' title="bbox 1484 424 2879 487">
    <p class='ocr_par' dir='ltr' id='par_1_2' title="bbox 1484 424 2879 487">
     <span class='ocr_line' id='line_1_2' title="bbox 1484 424 2879 487; baseline 0.004 -7"><span class='ocrx_word' id='word_1_2' title='bbox 1484 425 1827 482; x_wconf 69' lang='grc' dir='ltr'><strong>ΔΡΡΕΝΒΙΧ</strong></span> <span class='ocrx_word' id='word_1_3' title='bbox 1866 425 1959 480; x_wconf 82' lang='lat' dir='ltr'><strong>AD</strong></span> <span class='ocrx_word' id='word_1_4' title='bbox 1999 424 2055 480; x_wconf 92' lang='lat' dir='ltr'><strong>S.</strong></span> <span class='ocrx_word' id='word_1_5' title='bbox 2098 424 2342 481; x_wconf 80' lang='lat' dir='ltr'><strong>LEONIS</strong></span> <span class='ocrx_word' id='word_1_6' title='bbox 2380 426 2592 484; x_wconf 83' lang='lat' dir='ltr'><strong>MAGNI</strong></span> <span class='ocrx_word' id='word_1_7' title='bbox 2629 428 2879 487; x_wconf 82' lang='lat' dir='ltr'><strong>OPERA.</strong></span> 
     </span>
    </p>
   </div>
   <div class='ocr_carea' id='block_1_3' title="bbox 3720 445 3805 501">
    <p class='ocr_par' dir='ltr' id='par_1_3' title="bbox 3720 445 3805 501">
     <span class='ocr_line' id='line_1_3' title="bbox 3720 445 3805 501; baseline 0.024 -2"><span class='ocrx_word' id='word_1_8' title='bbox 3720 445 3805 501; x_wconf 76' lang='lat'><strong>680</strong></span> 
     </span>
    </p>
   </div>
   <div class='ocr_carea' id='block_1_4' title="bbox 559 518 3810 614">
    <p class='ocr_par' dir='ltr' id='par_1_4' title="bbox 559 518 3810 614">
     <span class='ocr_line' id='line_1_4' title="bbox 559 518 3810 614; baseline 0.004 -18"><span class='ocrx_word' id='word_1_9' title='bbox 559 540 871 599; x_wconf 82' lang='lat' dir='ltr'><strong>Flavianum</strong></span> <span class='ocrx_word' id='word_1_10' title='bbox 947 518 1554 609; x_wconf 74' lang='lat' dir='ltr'><strong>Constantinopolitante</strong></span> <span class='ocrx_word' id='word_1_11' title='bbox 1614 539 1761 593; x_wconf 83' lang='lat' dir='ltr'><strong>urbis</strong></span> <span class='ocrx_word' id='word_1_12' title='bbox 1827 539 2137 607; x_wconf 80' lang='lat' dir='ltr'><strong>episcopum</strong></span> <span class='ocrx_word' id='word_1_13' title='bbox 2166 541 2219 602; x_wconf 74' lang='grc' dir='ltr'>Α</span> <span class='ocrx_word' id='word_1_14' title='bbox 2248 538 2389 607; x_wconf 90' lang='lat' dir='ltr'><strong>quod</strong></span> <span class='ocrx_word' id='word_1_15' title='bbox 2423 540 2716 609; x_wconf 88' lang='lat' dir='ltr'><strong>antiquitus</strong></span> <span class='ocrx_word' id='word_1_16' title='bbox 2764 542 2817 596; x_wconf 91' lang='lat' dir='ltr'><strong>in</strong></span> <span class='ocrx_word' id='word_1_17' title='bbox 2860 541 2965 598; x_wconf 91' lang='lat' dir='ltr'><strong>ﬁde</strong></span> <span class='ocrx_word' id='word_1_18' title='bbox 2999 544 3337 614; x_wconf 62' lang='lat' dir='ltr'><strong>praedicatur,</strong></span> <span class='ocrx_word' id='word_1_19' title='bbox 3384 547 3667 607; x_wconf 81' lang='lat' dir='ltr'><strong>immobile</strong></span> <span class='ocrx_word' id='word_1_20' title='bbox 3715 553 3810 614; x_wconf 70' lang='lat' dir='ltr'><strong>hac</strong></span> 
     </span>
    </p>
   </div>
   <div class='ocr_carea' id='block_1_5' title="bbox 561 631 2137 705">
    <p class='ocr_par' dir='ltr' id='par_1_5' title="bbox 561 631 2137 705">
     <span class='ocr_line' id='line_1_5' title="bbox 561 631 2137 705; baseline -0.006 -11"><span class='ocrx_word' id='word_1_21' title='bbox 561 644 805 694; x_wconf 87' lang='lat' dir='ltr'><strong>nostrum</strong></span> <span class='ocrx_word' id='word_1_22' title='bbox 831 635 952 689; x_wconf 84' lang='lat' dir='ltr'><strong>data</strong></span> <span class='ocrx_word' id='word_1_23' title='bbox 983 633 1360 705; x_wconf 72' lang='lat' dir='ltr'><strong>prmdicatione</strong></span> <span class='ocrx_word' id='word_1_24' title='bbox 1398 632 1747 687; x_wconf 54' lang='lat' dir='ltr'><strong>lucidissima!</strong></span> <span class='ocrx_word' id='word_1_25' title='bbox 1775 631 2011 686; x_wconf 74' lang='lat' dir='ltr'><strong>veritatis</strong></span> <span class='ocrx_word' id='word_1_26' title='bbox 2044 647 2137 686; x_wconf 84' lang='lat' dir='ltr'><strong>ex-</strong></span> 
     </span>
    </p>
   </div>
   <div class='ocr_carea' id='block_1_6' title="bbox 567 724 2141 802">
    <p class='ocr_par' dir='ltr' id='par_1_6' title="bbox 567 724 2141 802">
     <span class='ocr_line' id='line_1_6' title="bbox 567 724 2141 802; baseline -0.004 -18"><span class='ocrx_word' id='word_1_27' title='bbox 567 728 765 802; x_wconf 92' lang='lat' dir='ltr'><strong>posuit.</strong></span> <span class='ocrx_word' id='word_1_28' title='bbox 801 726 1075 781; x_wconf 87' lang='lat' dir='ltr'><strong>Conﬁteor</strong></span> <span class='ocrx_word' id='word_1_29' title='bbox 1120 740 1281 779; x_wconf 89' lang='lat' dir='ltr'><strong>unum</strong></span> <span class='ocrx_word' id='word_1_30' title='bbox 1322 724 1679 796; x_wconf 91' lang='lat' dir='ltr'><strong>eumdemque</strong></span> <span class='ocrx_word' id='word_1_31' title='bbox 1714 724 2000 779; x_wconf 84' lang='lat' dir='ltr'><strong>Dominum</strong></span> <span class='ocrx_word' id='word_1_32' title='bbox 2048 738 2141 778; x_wconf 90' lang='lat' dir='ltr'><strong>no-</strong></span> 
     </span>
    </p>
   </div>
   <div class='ocr_carea' id='block_1_7' title="bbox 542 815 2145 889">
    <p class='ocr_par' dir='ltr' id='par_1_7' title="bbox 542 815 2145 889">
     <span class='ocr_line' id='line_1_7' title="bbox 542 815 2145 889; baseline -0.004 -12"><span class='ocrx_word' id='word_1_33' title='bbox 542 816 733 878; x_wconf 85' lang='lat' dir='ltr'><strong>strum</strong></span> <span class='ocrx_word' id='word_1_34' title='bbox 764 818 942 874; x_wconf 83' lang='lat' dir='ltr'><strong>.lesum</strong></span> <span class='ocrx_word' id='word_1_35' title='bbox 970 815 1265 885; x_wconf 74' lang='lat' dir='ltr'><strong>Christum,</strong></span> <span class='ocrx_word' id='word_1_36' title='bbox 1298 818 1623 889; x_wconf 73' lang='lat' dir='ltr'><strong>unigenitum</strong></span> <span class='ocrx_word' id='word_1_37' title='bbox 1654 817 1751 874; x_wconf 87' lang='lat' dir='ltr'><strong>Dei</strong></span> <span class='ocrx_word' id='word_1_38' title='bbox 1776 816 1970 879; x_wconf 87' lang='lat' dir='ltr'><strong>Patris.</strong></span> <span class='ocrx_word' id='word_1_39' title='bbox 1996 831 2145 872; x_wconf 89' lang='lat' dir='ltr'><strong>eum-</strong></span> 
     </span>
    </p>
   </div>
   <div class='ocr_carea' id='block_1_8' title="bbox 567 906 2145 979">
    <p class='ocr_par' dir='ltr' id='par_1_8' title="bbox 567 906 2145 979">
     <span class='ocr_line' id='line_1_8' title="bbox 567 906 2145 979; baseline -0.004 -10"><span class='ocrx_word' id='word_1_40' title='bbox 567 912 690 969; x_wconf 85' lang='lat' dir='ltr'><strong>dem</strong></span> <span class='ocrx_word' id='word_1_41' title='bbox 722 920 748 948; x_wconf 71' lang='grc' dir='ltr'><strong>α</strong></span> <span class='ocrx_word' id='word_1_42' title='bbox 780 909 834 965; x_wconf 91' lang='lat' dir='ltr'><strong>in</strong></span> <span class='ocrx_word' id='word_1_43' title='bbox 864 909 1071 965; x_wconf 87' lang='lat' dir='ltr'><strong>Deitate</strong></span> <span class='ocrx_word' id='word_1_44' title='bbox 1119 908 1432 979; x_wconf 78' lang='lat' dir='ltr'><strong>perfectura,</strong></span> <span class='ocrx_word' id='word_1_45' title='bbox 1463 908 1709 964; x_wconf 89' lang='lat' dir='ltr'><strong>eumdem</strong></span> <span class='ocrx_word' id='word_1_46' title='bbox 1734 908 1789 963; x_wconf 91' lang='lat' dir='ltr'><strong>in</strong></span> <span class='ocrx_word' id='word_1_47' title='bbox 1818 906 2145 964; x_wconf 80' lang='lat' dir='ltr'><strong>humanitate</strong></span> 
     </span>
    </p>
   </div>
   <div class='ocr_carea' id='block_1_9' title="bbox 565 1000 2144 1071">
    <p class='ocr_par' dir='ltr' id='par_1_9' title="bbox 565 1000 2144 1071">
     <span class='ocr_line' id='line_1_9' title="bbox 565 1000 2144 1071; baseline -0.003 -10"><span class='ocrx_word' id='word_1_48' title='bbox 565 1004 732 1061; x_wconf 89' lang='lat' dir='ltr'><strong>Deum</strong></span> <span class='ocrx_word' id='word_1_49' title='bbox 758 1017 907 1071; x_wconf 82' lang='lat' dir='ltr'><strong>vere,</strong></span> <span class='ocrx_word' id='word_1_50' title='bbox 940 1011 993 1056; x_wconf 94' lang='lat' dir='ltr'><strong>et</strong></span> <span class='ocrx_word' id='word_1_51' title='bbox 1020 1000 1290 1057; x_wconf 82' lang='lat' dir='ltr'><strong>hominem</strong></span> <span class='ocrx_word' id='word_1_52' title='bbox 1307 1016 1466 1066; x_wconf 85' lang='lat' dir='ltr'><strong>vere;</strong></span> <span class='ocrx_word' id='word_1_53' title='bbox 1498 1001 1671 1071; x_wconf 91' lang='lat' dir='ltr'><strong>ipsum</strong></span> <span class='ocrx_word' id='word_1_54' title='bbox 1699 1000 2053 1071; x_wconf 90' lang='lat' dir='ltr'><strong>eumdemque</strong></span> <span class='ocrx_word' id='word_1_55' title='bbox 2079 1015 2144 1056; x_wconf 90' lang='lat' dir='ltr'><strong>ex</strong></span> 
     </span>
    </p>
   </div>
   <div class='ocr_carea' id='block_1_10' title="bbox 564 1093 2147 1159">
    <p class='ocr_par' dir='ltr' id='par_1_10' title="bbox 564 1093 2147 1159">
     <span class='ocr_line' id='line_1_10' title="bbox 564 1093 2147 1159; baseline -0.003 -6"><span class='ocrx_word' id='word_1_56' title='bbox 564 1094 737 1153; x_wconf 90' lang='lat' dir='ltr'><strong>anima</strong></span> <span class='ocrx_word' id='word_1_57' title='bbox 758 1093 1013 1151; x_wconf 83' lang='lat' dir='ltr'><strong>rationali</strong></span> <span class='ocrx_word' id='word_1_58' title='bbox 1042 1105 1096 1150; x_wconf 94' lang='lat' dir='ltr'><strong>et</strong></span> <span class='ocrx_word' id='word_1_59' title='bbox 1117 1108 1298 1159; x_wconf 90' lang='lat' dir='ltr'><strong>carne,</strong></span> <span class='ocrx_word' id='word_1_60' title='bbox 1326 1093 1837 1149; x_wconf 83' lang='lat' dir='ltr'><strong>consubstantialem</strong></span> <span class='ocrx_word' id='word_1_61' title='bbox 1875 1093 2019 1147; x_wconf 84' lang='lat' dir='ltr'><strong>Patri</strong></span> <span class='ocrx_word' id='word_1_62' title='bbox 2060 1107 2147 1148; x_wconf 84' lang='lat' dir='ltr'><strong>se-</strong></span> 
     </span>
    </p>
   </div>
   <div class='ocr_carea' id='block_1_11' title="bbox 569 1183 2145 1265">
    <p class='ocr_par' dir='ltr' id='par_1_11' title="bbox 569 1183 2145 1265">
     <span class='ocr_line' id='line_1_11' title="bbox 569 1183 2145 1265; baseline -0.002 -21"><span class='ocrx_word' id='word_1_63' title='bbox 569 1186 801 1245; x_wconf 89' lang='lat' dir='ltr'><strong>cundum</strong></span> <span class='ocrx_word' id='word_1_64' title='bbox 845 1184 1131 1250; x_wconf 86' lang='lat' dir='ltr'><strong>Deitatem,</strong></span> <span class='ocrx_word' id='word_1_65' title='bbox 1177 1184 1685 1241; x_wconf 85' lang='lat' dir='ltr'><strong>consubstantialem</strong></span> <span class='ocrx_word' id='word_1_66' title='bbox 1715 1183 2145 1265; x_wconf 81' lang='lat' dir='ltr'><strong>eutndemnohis</strong></span> 
     </span>
    </p>
   </div>
   <div class='ocr_carea' id='block_1_12' title="bbox 572 1275 2147 1343">
    <p class='ocr_par' dir='ltr' id='par_1_12' title="bbox 572 1275 2147 1343">
     <span class='ocr_line' id='line_1_12' title="bbox 572 1275 2147 1343; baseline -0.001 -9"><span class='ocrx_word' id='word_1_67' title='bbox 572 1277 604 1319; x_wconf 70' lang='grc' dir='ltr'>δ</span> <span class='ocrx_word' id='word_1_68' title='bbox 624 1277 918 1334; x_wconf 89' lang='lat' dir='ltr'><strong>secundum</strong></span> <span class='ocrx_word' id='word_1_69' title='bbox 949 1275 1415 1343; x_wconf 89' lang='lat' dir='ltr'><strong>bumanationem;</strong></span> <span class='ocrx_word' id='word_1_70' title='bbox 1444 1277 1497 1332; x_wconf 94' lang='lat' dir='ltr'><strong>in</strong></span> <span class='ocrx_word' id='word_1_71' title='bbox 1525 1277 1773 1332; x_wconf 89' lang='lat' dir='ltr'><strong>omnibus</strong></span> <span class='ocrx_word' id='word_1_72' title='bbox 1814 1277 1971 1333; x_wconf 92' lang='lat' dir='ltr'><strong>nobis</strong></span> <span class='ocrx_word' id='word_1_73' title='bbox 1998 1276 2147 1332; x_wconf 88' lang='lat' dir='ltr'><strong>simi-</strong></span> 
     </span>
    </p>
   </div>
   <div class='ocr_carea' id='block_1_13' title="bbox 573 1368 2147 1440">
    <p class='ocr_par' dir='ltr' id='par_1_13' title="bbox 573 1368 2147 1440">
     <span class='ocr_line' id='line_1_13' title="bbox 573 1368 2147 1440; baseline -0.003 -12"><span class='ocrx_word' id='word_1_74' title='bbox 573 1371 684 1428; x_wconf 88' lang='lat' dir='ltr'><strong>lem</strong></span> <span class='ocrx_word' id='word_1_75' title='bbox 725 1370 927 1440; x_wconf 86' lang='lat' dir='ltr'><strong>absque</strong></span> <span class='ocrx_word' id='word_1_76' title='bbox 956 1378 1210 1439; x_wconf 87' lang='lat' dir='ltr'><strong>peccato;</strong></span> <span class='ocrx_word' id='word_1_77' title='bbox 1259 1376 1384 1425; x_wconf 86' lang='lat' dir='ltr'><strong>ante</strong></span> <span class='ocrx_word' id='word_1_78' title='bbox 1430 1369 1623 1423; x_wconf 72' lang='lat' dir='ltr'><strong>saecula</strong></span> <span class='ocrx_word' id='word_1_79' title='bbox 1655 1368 1868 1440; x_wconf 87' lang='lat' dir='ltr'><strong>quidem</strong></span> <span class='ocrx_word' id='word_1_80' title='bbox 1896 1368 1963 1423; x_wconf 92' lang='lat' dir='ltr'><strong>de</strong></span> <span class='ocrx_word' id='word_1_81' title='bbox 1990 1368 2147 1424; x_wconf 84' lang='lat' dir='ltr'><strong>Patre</strong></span> 
     </span>
    </p>
   </div>
   <div class='ocr_carea' id='block_1_14' title="bbox 567 1459 2147 1535">
    <p class='ocr_par' dir='ltr' id='par_1_14' title="bbox 567 1459 2147 1535">
     <span class='ocr_line' id='line_1_14' title="bbox 567 1459 2147 1535; baseline -0.003 -16"><span class='ocrx_word' id='word_1_82' title='bbox 567 1464 806 1535; x_wconf 91' lang='lat' dir='ltr'><strong>genitum</strong></span> <span class='ocrx_word' id='word_1_83' title='bbox 834 1460 1124 1518; x_wconf 89' lang='lat' dir='ltr'><strong>secundum</strong></span> <span class='ocrx_word' id='word_1_84' title='bbox 1160 1461 1446 1527; x_wconf 90' lang='lat' dir='ltr'><strong>Deitatem,</strong></span> <span class='ocrx_word' id='word_1_85' title='bbox 1478 1461 1531 1517; x_wconf 87' lang='lat' dir='ltr'><strong>itt</strong></span> <span class='ocrx_word' id='word_1_86' title='bbox 1550 1460 1853 1515; x_wconf 78' lang='lat' dir='ltr'><strong>novissimis</strong></span> <span class='ocrx_word' id='word_1_87' title='bbox 1877 1474 2007 1515; x_wconf 93' lang='lat' dir='ltr'><strong>vero</strong></span> <span class='ocrx_word' id='word_1_88' title='bbox 2029 1459 2147 1514; x_wconf 87' lang='lat' dir='ltr'><strong>die-</strong></span> 
     </span>
    </p>
   </div>
   <div class='ocr_carea' id='block_1_15' title="bbox 569 1551 2146 1624">
    <p class='ocr_par' dir='ltr' id='par_1_15' title="bbox 569 1551 2146 1624">
     <span class='ocr_line' id='line_1_15' title="bbox 569 1551 2146 1624; baseline -0.004 -14"><span class='ocrx_word' id='word_1_89' title='bbox 569 1554 693 1624; x_wconf 84' lang='lat' dir='ltr'><strong>bus,</strong></span> <span class='ocrx_word' id='word_1_90' title='bbox 724 1552 973 1609; x_wconf 89' lang='lat' dir='ltr'><strong>eumdem</strong></span> <span class='ocrx_word' id='word_1_91' title='bbox 1001 1561 1222 1624; x_wconf 84' lang='lat' dir='ltr'><strong>propter</strong></span> <span class='ocrx_word' id='word_1_92' title='bbox 1259 1566 1357 1607; x_wconf 91' lang='lat' dir='ltr'><strong>nos</strong></span> <span class='ocrx_word' id='word_1_93' title='bbox 1388 1560 1443 1607; x_wconf 92' lang='lat' dir='ltr'><strong>et</strong></span> <span class='ocrx_word' id='word_1_94' title='bbox 1479 1561 1697 1624; x_wconf 77' lang='lat' dir='ltr'><strong>propter</strong></span> <span class='ocrx_word' id='word_1_95' title='bbox 1727 1558 1962 1606; x_wconf 89' lang='lat' dir='ltr'><strong>nostram</strong></span> <span class='ocrx_word' id='word_1_96' title='bbox 2005 1551 2146 1605; x_wconf 78' lang='lat' dir='ltr'><strong>Salu-</strong></span> 
     </span>
    </p>
   </div>
   <div class='ocr_carea' id='block_1_16' title="bbox 570 1622 2147 1715">
    <p class='ocr_par' dir='ltr' id='par_1_16' title="bbox 570 1622 2147 1715">
     <span class='ocr_line' id='line_1_16' title="bbox 570 1622 2147 1715; baseline -0.003 -14"><span class='ocrx_word' id='word_1_97' title='bbox 570 1622 678 1701; x_wconf 75' lang='lat' dir='ltr'><strong>tem</strong></span> <span class='ocrx_word' id='word_1_98' title='bbox 709 1645 777 1701; x_wconf 93' lang='lat' dir='ltr'><strong>de</strong></span> <span class='ocrx_word' id='word_1_99' title='bbox 807 1622 1024 1714; x_wconf 77' lang='lat' dir='ltr'><strong>Virgine</strong></span> <span class='ocrx_word' id='word_1_100' title='bbox 1052 1643 1235 1710; x_wconf 76' lang='lat' dir='ltr'><strong>Maria,</strong></span> <span class='ocrx_word' id='word_1_101' title='bbox 1283 1658 1404 1715; x_wconf 69' lang='lat' dir='ltr'><strong>qua:</strong></span> <span class='ocrx_word' id='word_1_102' title='bbox 1452 1622 1699 1699; x_wconf 86' lang='lat' dir='ltr'><strong>eumdem</strong></span> <span class='ocrx_word' id='word_1_103' title='bbox 1744 1643 1909 1698; x_wconf 89' lang='lat' dir='ltr'><strong>Deum</strong></span> <span class='ocrx_word' id='word_1_104' title='bbox 1941 1642 2147 1713; x_wconf 85' lang='lat' dir='ltr'><strong>peperit</strong></span> 
     </span>
    </p>
   </div>
   <div class='ocr_carea' id='block_1_17' title="bbox 571 1732 2146 1804">
    <p class='ocr_par' dir='ltr' id='par_1_17' title="bbox 571 1732 2146 1804">
     <span class='ocr_line' id='line_1_17' title="bbox 571 1732 2146 1804; baseline -0.002 -12"><span class='ocrx_word' id='word_1_105' title='bbox 571 1734 864 1792; x_wconf 85' lang='lat' dir='ltr'><strong>secundum</strong></span> <span class='ocrx_word' id='word_1_106' title='bbox 905 1734 1313 1800; x_wconf 87' lang='lat' dir='ltr'><strong>humanitatem,</strong></span> <span class='ocrx_word' id='word_1_107' title='bbox 1380 1749 1542 1790; x_wconf 90' lang='lat' dir='ltr'><strong>unum</strong></span> <span class='ocrx_word' id='word_1_108' title='bbox 1591 1733 1944 1804; x_wconf 91' lang='lat' dir='ltr'><strong>eumdemque</strong></span> <span class='ocrx_word' id='word_1_109' title='bbox 1990 1732 2146 1789; x_wconf 92' lang='lat' dir='ltr'><strong>Chri-</strong></span> 
     </span>
    </p>
   </div>
   <div class='ocr_carea' id='block_1_18' title="bbox 571 1827 2145 1900">
    <p class='ocr_par' dir='ltr' id='par_1_18' title="bbox 571 1827 2145 1900">
     <span class='ocr_line' id='line_1_18' title="bbox 571 1827 2145 1900; baseline -0.002 -15"><span class='ocrx_word' id='word_1_110' title='bbox 571 1838 736 1894; x_wconf 84' lang='lat' dir='ltr'><strong>stum,</strong></span> <span class='ocrx_word' id='word_1_111' title='bbox 768 1828 959 1884; x_wconf 85' lang='lat' dir='ltr'><strong>Filium</strong></span> <span class='ocrx_word' id='word_1_112' title='bbox 992 1828 1112 1894; x_wconf 87' lang='lat' dir='ltr'><strong>Dei,</strong></span> <span class='ocrx_word' id='word_1_113' title='bbox 1140 1827 1425 1884; x_wconf 88' lang='lat' dir='ltr'><strong>Dominum</strong></span> <span class='ocrx_word' id='word_1_114' title='bbox 1476 1828 1803 1900; x_wconf 78' lang='lat' dir='ltr'><strong>unigenitum</strong></span> <span class='ocrx_word' id='word_1_115' title='bbox 1854 1829 1906 1883; x_wconf 92' lang='lat' dir='ltr'><strong>in</strong></span> <span class='ocrx_word' id='word_1_116' title='bbox 1938 1827 2145 1883; x_wconf 86' lang='lat' dir='ltr'><strong>duabus</strong></span> 
     </span>
    </p>
   </div>
   <div class='ocr_carea' id='block_1_19' title="bbox 2245 629 3813 705">
    <p class='ocr_par' dir='ltr' id='par_1_19' title="bbox 2245 629 3813 705">
     <span class='ocr_line' id='line_1_19' title="bbox 2245 629 3813 705; baseline 0.013 -22"><span class='ocrx_word' id='word_1_117' title='bbox 2245 629 2452 697; x_wconf 86' lang='lat' dir='ltr'><strong>dicens,</strong></span> <span class='ocrx_word' id='word_1_118' title='bbox 2484 641 2608 687; x_wconf 88' lang='lat' dir='ltr'><strong>ante</strong></span> <span class='ocrx_word' id='word_1_119' title='bbox 2634 632 2814 688; x_wconf 87' lang='lat' dir='ltr'><strong>omnia</strong></span> <span class='ocrx_word' id='word_1_120' title='bbox 2847 635 3032 691; x_wconf 89' lang='lat' dir='ltr'><strong>statuit</strong></span> <span class='ocrx_word' id='word_1_121' title='bbox 3061 648 3117 692; x_wconf 91' lang='lat' dir='ltr'><strong>ut</strong></span> <span class='ocrx_word' id='word_1_122' title='bbox 3140 647 3502 698; x_wconf 87' lang='lat' dir='ltr'><strong>trecentorum</strong></span> <span class='ocrx_word' id='word_1_123' title='bbox 3534 643 3723 701; x_wconf 83' lang='lat' dir='ltr'><strong>decem</strong></span> <span class='ocrx_word' id='word_1_124' title='bbox 3766 659 3813 705; x_wconf 80' lang='lat' dir='ltr'><strong>et</strong></span> 
     </span>
    </p>
   </div>
   <div class='ocr_carea' id='block_1_20' title="bbox 2243 723 3810 807">
    <p class='ocr_par' dir='ltr' id='par_1_20' title="bbox 2243 723 3810 807">
     <span class='ocr_line' id='line_1_20' title="bbox 2243 723 3810 807; baseline 0.013 -30"><span class='ocrx_word' id='word_1_125' title='bbox 2243 734 2367 777; x_wconf 90' lang='lat' dir='ltr'><strong>octo</strong></span> <span class='ocrx_word' id='word_1_126' title='bbox 2395 723 2611 780; x_wconf 84' lang='lat' dir='ltr'><strong>Patrum</strong></span> <span class='ocrx_word' id='word_1_127' title='bbox 2663 727 3050 785; x_wconf 87' lang='lat' dir='ltr'><strong>vcnerabilium</strong></span> <span class='ocrx_word' id='word_1_128' title='bbox 3078 730 3213 787; x_wconf 86' lang='lat' dir='ltr'><strong>ﬁdes</strong></span> <span class='ocrx_word' id='word_1_129' title='bbox 3242 732 3443 789; x_wconf 87' lang='lat' dir='ltr'><strong>illibata</strong></span> <span class='ocrx_word' id='word_1_130' title='bbox 3492 751 3810 807; x_wconf 82' lang='lat' dir='ltr'><strong>permaneat.</strong></span> 
     </span>
    </p>
   </div>
   <div class='ocr_carea' id='block_1_21' title="bbox 2247 817 3812 899">
    <p class='ocr_par' dir='ltr' id='par_1_21' title="bbox 2247 817 3812 899">
     <span class='ocr_line' id='line_1_21' title="bbox 2247 817 3812 899; baseline 0.014 -28"><span class='ocrx_word' id='word_1_131' title='bbox 2247 817 2312 871; x_wconf 89' lang='lat' dir='ltr'><strong>Et</strong></span> <span class='ocrx_word' id='word_1_132' title='bbox 2332 828 2553 890; x_wconf 88' lang='lat' dir='ltr'><strong>propter</strong></span> <span class='ocrx_word' id='word_1_133' title='bbox 2596 836 2690 876; x_wconf 91' lang='lat' dir='ltr'><strong>eos</strong></span> <span class='ocrx_word' id='word_1_134' title='bbox 2721 822 2936 891; x_wconf 87' lang='lat' dir='ltr'><strong>quidem</strong></span> <span class='ocrx_word' id='word_1_135' title='bbox 2966 826 3056 895; x_wconf 90' lang='lat' dir='ltr'><strong>qui</strong></span> <span class='ocrx_word' id='word_1_136' title='bbox 3104 842 3226 882; x_wconf 90' lang='lat' dir='ltr'><strong>cum</strong></span> <span class='ocrx_word' id='word_1_137' title='bbox 3256 829 3476 899; x_wconf 88' lang='lat' dir='ltr'><strong>Spiritui</strong></span> <span class='ocrx_word' id='word_1_138' title='bbox 3502 834 3726 892; x_wconf 84' lang='lat' dir='ltr'><strong>obviare</strong></span> <span class='ocrx_word' id='word_1_139' title='bbox 3746 838 3812 893; x_wconf 89' lang='lat' dir='ltr'><strong>ni-</strong></span> 
     </span>
    </p>
   </div>
   <div class='ocr_carea' id='block_1_22' title="bbox 2247 913 3813 994">
    <p class='ocr_par' dir='ltr' id='par_1_22' title="bbox 2247 913 3813 994">
     <span class='ocr_line' id='line_1_22' title="bbox 2247 913 3813 994; baseline 0.015 -33"><span class='ocrx_word' id='word_1_140' title='bbox 2247 917 2470 975; x_wconf 86' lang='lat' dir='ltr'><strong>tuntur,</strong></span> <span class='ocrx_word' id='word_1_141' title='bbox 2528 925 2645 966; x_wconf 90' lang='lat' dir='ltr'><strong>eam</strong></span> <span class='ocrx_word' id='word_1_142' title='bbox 2706 913 3081 984; x_wconf 86' lang='lat' dir='ltr'><strong>traditionem,</strong></span> <span class='ocrx_word' id='word_1_143' title='bbox 3130 933 3289 988; x_wconf 89' lang='lat' dir='ltr'><strong>quam</strong></span> <span class='ocrx_word' id='word_1_144' title='bbox 3347 921 3399 975; x_wconf 92' lang='lat' dir='ltr'><strong>in</strong></span> <span class='ocrx_word' id='word_1_145' title='bbox 3454 926 3813 994; x_wconf 79' lang='lat' dir='ltr'><strong>augustissima</strong></span> 
     </span>
    </p>
   </div>
   <div class='ocr_carea' id='block_1_23' title="bbox 2247 1001 3810 1085">
    <p class='ocr_par' dir='ltr' id='par_1_23' title="bbox 2247 1001 3810 1085">
     <span class='ocr_line' id='line_1_23' title="bbox 2247 1001 3810 1085; baseline 0.013 -29"><span class='ocrx_word' id='word_1_146' title='bbox 2247 1001 2831 1072; x_wconf 81' lang='lat' dir='ltr'><strong>Constantinopolitana</strong></span> <span class='ocrx_word' id='word_1_147' title='bbox 2855 1007 2989 1062; x_wconf 90' lang='lat' dir='ltr'><strong>urbe</strong></span> <span class='ocrx_word' id='word_1_148' title='bbox 3008 1018 3215 1079; x_wconf 90' lang='lat' dir='ltr'><strong>postca,</strong></span> <span class='ocrx_word' id='word_1_149' title='bbox 3249 1017 3589 1085; x_wconf 79' lang='lat' dir='ltr'><strong>congregatis</strong></span> <span class='ocrx_word' id='word_1_150' title='bbox 3612 1032 3810 1077; x_wconf 84' lang='lat' dir='ltr'><strong>centum</strong></span> 
     </span>
    </p>
   </div>
   <div class='ocr_carea' id='block_1_24' title="bbox 2249 1092 3814 1184">
    <p class='ocr_par' dir='ltr' id='par_1_24' title="bbox 2249 1092 3814 1184">
     <span class='ocr_line' id='line_1_24' title="bbox 2249 1092 3814 1184; baseline 0.014 -37"><span class='ocrx_word' id='word_1_151' title='bbox 2249 1099 2305 1147; x_wconf 91' lang='lat' dir='ltr'><strong>et</strong></span> <span class='ocrx_word' id='word_1_152' title='bbox 2324 1092 2708 1164; x_wconf 89' lang='lat' dir='ltr'><strong>quinquaginta</strong></span> <span class='ocrx_word' id='word_1_153' title='bbox 2731 1096 2996 1166; x_wconf 87' lang='lat' dir='ltr'><strong>Patribus,</strong></span> <span class='ocrx_word' id='word_1_154' title='bbox 3025 1100 3092 1156; x_wconf 92' lang='lat' dir='ltr'><strong>de</strong></span> <span class='ocrx_word' id='word_1_155' title='bbox 3120 1102 3416 1161; x_wconf 82' lang='lat' dir='ltr'><strong>substantia</strong></span> <span class='ocrx_word' id='word_1_156' title='bbox 3458 1112 3640 1165; x_wconf 84' lang='lat' dir='ltr'><strong>sancti</strong></span> <span class='ocrx_word' id='word_1_157' title='bbox 3670 1112 3814 1184; x_wconf 83' lang='lat' dir='ltr'><strong>Spiri-</strong></span> 
     </span>
    </p>
   </div>
   <div class='ocr_carea' id='block_1_25' title="bbox 2251 1186 3816 1262">
    <p class='ocr_par' dir='ltr' id='par_1_25' title="bbox 2251 1186 3816 1262">
     <span class='ocr_line' id='line_1_25' title="bbox 2251 1186 3816 1262; baseline 0.016 -25"><span class='ocrx_word' id='word_1_158' title='bbox 2251 1194 2334 1239; x_wconf 88' lang='lat' dir='ltr'><strong>tus</strong></span> <span class='ocrx_word' id='word_1_159' title='bbox 2363 1186 2536 1241; x_wconf 88' lang='lat' dir='ltr'><strong>fuerat</strong></span> <span class='ocrx_word' id='word_1_160' title='bbox 2571 1187 2806 1257; x_wconf 89' lang='lat' dir='ltr'><strong>decreta,</strong></span> <span class='ocrx_word' id='word_1_161' title='bbox 2851 1193 3153 1249; x_wconf 91' lang='lat' dir='ltr'><strong>conﬁrmat.</strong></span> <span class='ocrx_word' id='word_1_162' title='bbox 3188 1195 3334 1253; x_wconf 84' lang='lat' dir='ltr'><strong>Hanc</strong></span> <span class='ocrx_word' id='word_1_163' title='bbox 3378 1202 3583 1258; x_wconf 87' lang='lat' dir='ltr'><strong>etenim</strong></span> <span class='ocrx_word' id='word_1_164' title='bbox 3632 1209 3816 1262; x_wconf 86' lang='lat' dir='ltr'><strong>cunctis</strong></span> 
     </span>
    </p>
   </div>
   <div class='ocr_carea' id='block_1_26' title="bbox 2248 1274 3814 1366">
    <p class='ocr_par' dir='ltr' id='par_1_26' title="bbox 2248 1274 3814 1366">
     <span class='ocr_line' id='line_1_26' title="bbox 2248 1274 3814 1366; baseline 0.016 -38"><span class='ocrx_word' id='word_1_165' title='bbox 2248 1274 2588 1333; x_wconf 86' lang='lat' dir='ltr'><strong>innotescere</strong></span> <span class='ocrx_word' id='word_1_166' title='bbox 2636 1282 2917 1337; x_wconf 91' lang='lat' dir='ltr'><strong>memorati</strong></span> <span class='ocrx_word' id='word_1_167' title='bbox 2967 1282 3230 1353; x_wconf 85' lang='lat' dir='ltr'><strong>fecerunt,</strong></span> <span class='ocrx_word' id='word_1_168' title='bbox 3275 1305 3381 1346; x_wconf 90' lang='lat' dir='ltr'><strong>non</strong></span> <span class='ocrx_word' id='word_1_169' title='bbox 3435 1294 3595 1363; x_wconf 87' lang='lat' dir='ltr'><strong>quasi</strong></span> <span class='ocrx_word' id='word_1_170' title='bbox 3639 1295 3814 1366; x_wconf 81' lang='lat' dir='ltr'><strong>aliquid</strong></span> 
     </span>
    </p>
   </div>
   <div class='ocr_carea' id='block_1_27' title="bbox 2247 1367 3816 1457">
    <p class='ocr_par' dir='ltr' id='par_1_27' title="bbox 2247 1367 3816 1457">
     <span class='ocr_line' id='line_1_27' title="bbox 2247 1367 3816 1457; baseline 0.014 -33"><span class='ocrx_word' id='word_1_171' title='bbox 2247 1367 2457 1425; x_wconf 89' lang='lat' dir='ltr'><strong>deesset</strong></span> <span class='ocrx_word' id='word_1_172' title='bbox 2473 1373 2896 1441; x_wconf 69' lang='lat' dir='ltr'><strong>praecedentibus</strong></span> <span class='ocrx_word' id='word_1_173' title='bbox 2907 1377 3223 1451; x_wconf 86' lang='lat' dir='ltr'><strong>indicentes,</strong></span> <span class='ocrx_word' id='word_1_174' title='bbox 3236 1383 3332 1438; x_wconf 86' lang='lat' dir='ltr'><strong>sed</strong></span> <span class='ocrx_word' id='word_1_175' title='bbox 3345 1383 3412 1440; x_wconf 91' lang='lat' dir='ltr'><strong>de</strong></span> <span class='ocrx_word' id='word_1_176' title='bbox 3425 1384 3637 1457; x_wconf 90' lang='lat' dir='ltr'><strong>Spiritu</strong></span> <span class='ocrx_word' id='word_1_177' title='bbox 3651 1400 3816 1446; x_wconf 83' lang='lat' dir='ltr'><strong>saneto</strong></span> 
     </span>
    </p>
   </div>
   <div class='ocr_carea' id='block_1_28' title="bbox 2249 1463 3816 1549">
    <p class='ocr_par' dir='ltr' id='par_1_28' title="bbox 2249 1463 3816 1549">
     <span class='ocr_line' id='line_1_28' title="bbox 2249 1463 3816 1549; baseline 0.015 -34"><span class='ocrx_word' id='word_1_178' title='bbox 2249 1463 2373 1530; x_wconf 90' lang='lat' dir='ltr'><strong>quid</strong></span> <span class='ocrx_word' id='word_1_179' title='bbox 2405 1464 2505 1531; x_wconf 86' lang='lat' dir='ltr'><strong>ipsi</strong></span> <span class='ocrx_word' id='word_1_180' title='bbox 2530 1466 2813 1535; x_wconf 87' lang='lat' dir='ltr'><strong>sentirent,</strong></span> <span class='ocrx_word' id='word_1_181' title='bbox 2839 1479 3024 1525; x_wconf 91' lang='lat' dir='ltr'><strong>contra</strong></span> <span class='ocrx_word' id='word_1_182' title='bbox 3057 1472 3177 1529; x_wconf 91' lang='lat' dir='ltr'><strong>illos</strong></span> <span class='ocrx_word' id='word_1_183' title='bbox 3203 1475 3294 1544; x_wconf 91' lang='lat' dir='ltr'><strong>qui</strong></span> <span class='ocrx_word' id='word_1_184' title='bbox 3316 1476 3435 1546; x_wconf 85' lang='lat' dir='ltr'><strong>ejus</strong></span> <span class='ocrx_word' id='word_1_185' title='bbox 3460 1482 3726 1549; x_wconf 85' lang='lat' dir='ltr'><strong>potestati</strong></span> <span class='ocrx_word' id='word_1_186' title='bbox 3748 1498 3816 1539; x_wconf 86' lang='lat' dir='ltr'><strong>re-</strong></span> 
     </span>
    </p>
   </div>
   <div class='ocr_carea' id='block_1_29' title="bbox 2250 1554 3817 1637">
    <p class='ocr_par' dir='ltr' id='par_1_29' title="bbox 2250 1554 3817 1637">
     <span class='ocr_line' id='line_1_29' title="bbox 2250 1554 3817 1637; baseline 0.016 -30"><span class='ocrx_word' id='word_1_187' title='bbox 2250 1554 2443 1626; x_wconf 90' lang='lat' dir='ltr'><strong>fragari</strong></span> <span class='ocrx_word' id='word_1_188' title='bbox 2466 1559 2641 1612; x_wconf 86' lang='lat' dir='ltr'><strong>conati</strong></span> <span class='ocrx_word' id='word_1_189' title='bbox 2670 1568 2819 1628; x_wconf 92' lang='lat' dir='ltr'><strong>sunt,</strong></span> <span class='ocrx_word' id='word_1_190' title='bbox 2848 1570 3152 1620; x_wconf 84' lang='lat' dir='ltr'><strong>sanctarum</strong></span> <span class='ocrx_word' id='word_1_191' title='bbox 3164 1565 3571 1637; x_wconf 88' lang='lat' dir='ltr'><strong>Scripturarum</strong></span> <span class='ocrx_word' id='word_1_192' title='bbox 3594 1573 3817 1631; x_wconf 82' lang='lat' dir='ltr'><strong>testimo-</strong></span> 
     </span>
    </p>
   </div>
   <div class='ocr_carea' id='block_1_30' title="bbox 2252 1647 3817 1736">
    <p class='ocr_par' dir='ltr' id='par_1_30' title="bbox 2252 1647 3817 1736">
     <span class='ocr_line' id='line_1_30' title="bbox 2252 1647 3817 1736; baseline 0.015 -35"><span class='ocrx_word' id='word_1_193' title='bbox 2252 1647 2357 1703; x_wconf 86' lang='lat' dir='ltr'><strong>niis</strong></span> <span class='ocrx_word' id='word_1_194' title='bbox 2383 1649 2733 1707; x_wconf 88' lang='lat' dir='ltr'><strong>illustrantes.</strong></span> <span class='ocrx_word' id='word_1_195' title='bbox 2767 1652 2995 1721; x_wconf 82' lang='lat' dir='ltr'><strong>PrOpter</strong></span> <span class='ocrx_word' id='word_1_196' title='bbox 3021 1672 3117 1713; x_wconf 90' lang='lat' dir='ltr'><strong>eos</strong></span> <span class='ocrx_word' id='word_1_197' title='bbox 3141 1667 3321 1717; x_wconf 89' lang='lat' dir='ltr'><strong>autem</strong></span> <span class='ocrx_word' id='word_1_198' title='bbox 3356 1664 3448 1734; x_wconf 90' lang='lat' dir='ltr'><strong>qui</strong></span> <span class='ocrx_word' id='word_1_199' title='bbox 3471 1664 3817 1736; x_wconf 87' lang='lat' dir='ltr'><strong>dispensatio-</strong></span> 
     </span>
    </p>
   </div>
   <div class='ocr_carea' id='block_1_31' title="bbox 2250 1737 3817 1827">
    <p class='ocr_par' dir='ltr' id='par_1_31' title="bbox 2250 1737 3817 1827">
     <span class='ocr_line' id='line_1_31' title="bbox 2250 1737 3817 1827; baseline 0.017 -36"><span class='ocrx_word' id='word_1_200' title='bbox 2250 1737 2334 1792; x_wconf 88' lang='lat' dir='ltr'><strong>nis</strong></span> <span class='ocrx_word' id='word_1_201' title='bbox 2360 1737 2652 1795; x_wconf 73' lang='lat' dir='ltr'><strong>Dominica:</strong></span> <span class='ocrx_word' id='word_1_202' title='bbox 2681 1752 2955 1802; x_wconf 87' lang='lat' dir='ltr'><strong>tentavere</strong></span> <span class='ocrx_word' id='word_1_203' title='bbox 2998 1759 3307 1818; x_wconf 80' lang='lat' dir='ltr'><strong>pervertere</strong></span> <span class='ocrx_word' id='word_1_204' title='bbox 3334 1766 3755 1827; x_wconf 83' lang='lat' dir='ltr'><strong>sacramentum,</strong></span> <span class='ocrx_word' id='word_1_205' title='bbox 3776 1771 3817 1818; x_wconf 85' lang='lat' dir='ltr'><strong>et</strong></span> 
     </span>
    </p>
   </div>
   <div class='ocr_carea' id='block_1_32' title="bbox 2249 1829 3815 1921">
    <p class='ocr_par' dir='ltr' id='par_1_32' title="bbox 2249 1829 3815 1921">
     <span class='ocr_line' id='line_1_32' title="bbox 2249 1829 3815 1921; baseline 0.014 -37"><span class='ocrx_word' id='word_1_206' title='bbox 2249 1829 2410 1901; x_wconf 81' lang='lat'><strong>392</strong></span> <span class='ocrx_word' id='word_1_207' title='bbox 2434 1829 2704 1888; x_wconf 89' lang='lat' dir='ltr'><strong>hominem</strong></span> <span class='ocrx_word' id='word_1_208' title='bbox 2735 1836 2907 1891; x_wconf 86' lang='lat' dir='ltr'><strong>solum</strong></span> <span class='ocrx_word' id='word_1_209' title='bbox 2933 1837 3000 1892; x_wconf 86' lang='lat' dir='ltr'><strong>de</strong></span> <span class='ocrx_word' id='word_1_210' title='bbox 3048 1849 3229 1897; x_wconf 88' lang='lat' dir='ltr'><strong>sancta</strong></span> <span class='ocrx_word' id='word_1_211' title='bbox 3262 1843 3426 1899; x_wconf 68' lang='lat' dir='ltr'><strong>Maria</strong></span> <span class='ocrx_word' id='word_1_212' title='bbox 3457 1846 3686 1919; x_wconf 80' lang='lat' dir='ltr'><strong>Virgine</strong></span> <span class='ocrx_word' id='word_1_213' title='bbox 3715 1866 3815 1921; x_wconf 88' lang='lat' dir='ltr'><strong>pro-</strong></span> 
     </span>
    </p>
   </div>
   <div class='ocr_carea' id='block_1_33' title="bbox 570 1915 3814 2010">
    <p class='ocr_par' dir='ltr' id='par_1_33' title="bbox 570 1915 3814 2010">
     <span class='ocr_line' id='line_1_33' title="bbox 570 1915 3814 2010; baseline 0.006 -32"><span class='ocrx_word' id='word_1_214' title='bbox 570 1922 798 1987; x_wconf 89' lang='lat' dir='ltr'><strong>naturis,</strong></span> <span class='ocrx_word' id='word_1_215' title='bbox 871 1920 1164 1989; x_wconf 89' lang='lat' dir='ltr'><strong>inconfuse,</strong></span> <span class='ocrx_word' id='word_1_216' title='bbox 1216 1920 1717 1986; x_wconf 85' lang='lat' dir='ltr'><strong>inconvertibiliter,</strong></span> <span class='ocrx_word' id='word_1_217' title='bbox 1762 1929 1816 1975; x_wconf 92' lang='lat' dir='ltr'><strong>et</strong></span> <span class='ocrx_word' id='word_1_218' title='bbox 1856 1918 2146 1986; x_wconf 87' lang='lat' dir='ltr'><strong>individue,</strong></span> <span class='ocrx_word' id='word_1_219' title='bbox 2178 1915 2228 1977; x_wconf 89' lang='lat' dir='ltr'><strong>B</strong></span> <span class='ocrx_word' id='word_1_220' title='bbox 2252 1931 2490 1976; x_wconf 89' lang='lat' dir='ltr'><strong>creatum</strong></span> <span class='ocrx_word' id='word_1_221' title='bbox 2519 1938 2641 1980; x_wconf 89' lang='lat' dir='ltr'><strong>esse</strong></span> <span class='ocrx_word' id='word_1_222' title='bbox 2660 1927 2985 1998; x_wconf 90' lang='lat' dir='ltr'><strong>vaniloquils</strong></span> <span class='ocrx_word' id='word_1_223' title='bbox 3006 1933 3116 1987; x_wconf 87' lang='lat' dir='ltr'><strong>suis</strong></span> <span class='ocrx_word' id='word_1_224' title='bbox 3136 1944 3415 1992; x_wconf 87' lang='lat' dir='ltr'><strong>autumant</strong></span> <span class='ocrx_word' id='word_1_225' title='bbox 3438 1915 3814 2010; x_wconf 72' lang='lat' dir='ltr'><strong>imprudenter,</strong></span> 
     </span>
    </p>
   </div>
   <div class='ocr_carea' id='block_1_34' title="bbox 570 2012 2145 2083">
    <p class='ocr_par' dir='ltr' id='par_1_34' title="bbox 570 2012 2145 2083">
     <span class='ocr_line' id='line_1_34' title="bbox 570 2012 2145 2083; baseline -0.003 -13"><span class='ocrx_word' id='word_1_226' title='bbox 570 2021 626 2071; x_wconf 86' lang='lat' dir='ltr'><strong>et</strong></span> <span class='ocrx_word' id='word_1_227' title='bbox 650 2012 1073 2082; x_wconf 83' lang='lat' dir='ltr'><strong>inseparabiliter</strong></span> <span class='ocrx_word' id='word_1_228' title='bbox 1099 2012 1371 2083; x_wconf 90' lang='lat' dir='ltr'><strong>cognitum</strong></span> <span class='ocrx_word' id='word_1_229' title='bbox 1404 2030 1417 2065; x_wconf 89' lang='lat'><strong>:</strong></span> <span class='ocrx_word' id='word_1_230' title='bbox 1450 2026 1788 2082; x_wconf 87' lang='lat' dir='ltr'><strong>nequaquam</strong></span> <span class='ocrx_word' id='word_1_231' title='bbox 1832 2021 2145 2067; x_wconf 89' lang='lat' dir='ltr'><strong>naturarum</strong></span> 
     </span>
    </p>
   </div>
   <div class='ocr_carea' id='block_1_35' title="bbox 571 2101 2146 2173">
    <p class='ocr_par' dir='ltr' id='par_1_35' title="bbox 571 2101 2146 2173">
     <span class='ocr_line' id='line_1_35' title="bbox 571 2101 2146 2173; baseline -0.002 -14"><span class='ocrx_word' id='word_1_232' title='bbox 571 2102 869 2159; x_wconf 84' lang='lat' dir='ltr'><strong>diﬁ&#39;erentia</strong></span> <span class='ocrx_word' id='word_1_233' title='bbox 923 2102 1135 2158; x_wconf 90' lang='lat' dir='ltr'><strong>sublata</strong></span> <span class='ocrx_word' id='word_1_234' title='bbox 1185 2111 1404 2173; x_wconf 90' lang='lat' dir='ltr'><strong>propter</strong></span> <span class='ocrx_word' id='word_1_235' title='bbox 1446 2103 1779 2169; x_wconf 88' lang='lat' dir='ltr'><strong>unitlonem;</strong></span> <span class='ocrx_word' id='word_1_236' title='bbox 1829 2101 1926 2158; x_wconf 90' lang='lat' dir='ltr'><strong>sed</strong></span> <span class='ocrx_word' id='word_1_237' title='bbox 1950 2103 2146 2173; x_wconf 91' lang='lat' dir='ltr'><strong>potitts,</strong></span> 
     </span>
    </p>
   </div>
   <div class='ocr_carea' id='block_1_36' title="bbox 572 2194 2150 2266">
    <p class='ocr_par' dir='ltr' id='par_1_36' title="bbox 572 2194 2150 2266">
     <span class='ocr_line' id='line_1_36' title="bbox 572 2194 2150 2266; baseline -0.001 -13"><span class='ocrx_word' id='word_1_238' title='bbox 572 2195 720 2253; x_wconf 84' lang='lat' dir='ltr'><strong>salva</strong></span> <span class='ocrx_word' id='word_1_239' title='bbox 740 2203 992 2251; x_wconf 85' lang='lat' dir='ltr'><strong>manente</strong></span> <span class='ocrx_word' id='word_1_240' title='bbox 1014 2194 1337 2265; x_wconf 87' lang='lat' dir='ltr'><strong>proprietate</strong></span> <span class='ocrx_word' id='word_1_241' title='bbox 1362 2195 1637 2266; x_wconf 89' lang='lat' dir='ltr'><strong>utriusque</strong></span> <span class='ocrx_word' id='word_1_242' title='bbox 1658 2207 1886 2261; x_wconf 64' lang='lat' dir='ltr'><strong>naturae,</strong></span> <span class='ocrx_word' id='word_1_243' title='bbox 1918 2194 1969 2248; x_wconf 93' lang='lat' dir='ltr'><strong>in</strong></span> <span class='ocrx_word' id='word_1_244' title='bbox 1992 2209 2150 2251; x_wconf 87' lang='lat' dir='ltr'><strong>unam</strong></span> 
     </span>
    </p>
   </div>
   <div class='ocr_carea' id='block_1_37' title="bbox 570 2285 2155 2357">
    <p class='ocr_par' dir='ltr' id='par_1_37' title="bbox 570 2285 2155 2357">
     <span class='ocr_line' id='line_1_37' title="bbox 570 2285 2155 2357; baseline -0.001 -16"><span class='ocrx_word' id='word_1_245' title='bbox 570 2301 680 2341; x_wconf 91' lang='lat' dir='ltr'><strong>non</strong></span> <span class='ocrx_word' id='word_1_246' title='bbox 720 2286 774 2340; x_wconf 93' lang='lat' dir='ltr'><strong>in</strong></span> <span class='ocrx_word' id='word_1_247' title='bbox 814 2285 947 2341; x_wconf 91' lang='lat' dir='ltr'><strong>duas</strong></span> <span class='ocrx_word' id='word_1_248' title='bbox 974 2285 1318 2341; x_wconf 86' lang='lat' dir='ltr'><strong>concurrisse</strong></span> <span class='ocrx_word' id='word_1_249' title='bbox 1353 2301 1645 2357; x_wconf 88' lang='lat' dir='ltr'><strong>personas;</strong></span> <span class='ocrx_word' id='word_1_250' title='bbox 1676 2286 1770 2342; x_wconf 92' lang='lat' dir='ltr'><strong>sed</strong></span> <span class='ocrx_word' id='word_1_251' title='bbox 1799 2301 1961 2341; x_wconf 90' lang='lat' dir='ltr'><strong>unum</strong></span> <span class='ocrx_word' id='word_1_252' title='bbox 2003 2301 2155 2340; x_wconf 91' lang='lat' dir='ltr'><strong>eum-</strong></span> 
     </span>
    </p>
   </div>
   <div class='ocr_carea' id='block_1_38' title="bbox 569 2376 2151 2449">
    <p class='ocr_par' dir='ltr' id='par_1_38' title="bbox 569 2376 2151 2449">
     <span class='ocr_line' id='line_1_38' title="bbox 569 2376 2151 2449; baseline 0.001 -15"><span class='ocrx_word' id='word_1_253' title='bbox 569 2377 801 2449; x_wconf 88' lang='lat' dir='ltr'><strong>demque</strong></span> <span class='ocrx_word' id='word_1_254' title='bbox 833 2388 854 2416; x_wconf 77' lang='grc' dir='ltr'><strong>ε</strong></span> <span class='ocrx_word' id='word_1_255' title='bbox 888 2376 1082 2434; x_wconf 85' lang='lat' dir='ltr'><strong>Filium</strong></span> <span class='ocrx_word' id='word_1_256' title='bbox 1111 2376 1445 2448; x_wconf 83' lang='lat' dir='ltr'><strong>unigenitum</strong></span> <span class='ocrx_word' id='word_1_257' title='bbox 1476 2378 1645 2433; x_wconf 92' lang='lat' dir='ltr'><strong>Deum</strong></span> <span class='ocrx_word' id='word_1_258' title='bbox 1679 2378 1935 2447; x_wconf 82' lang='lat' dir='ltr'><strong>Verbum,</strong></span> <span class='ocrx_word' id='word_1_259' title='bbox 1968 2379 2151 2436; x_wconf 88' lang='lat' dir='ltr'><strong>Domi-</strong></span> 
     </span>
    </p>
   </div>
   <div class='ocr_carea' id='block_1_39' title="bbox 570 2467 2149 2541">
    <p class='ocr_par' dir='ltr' id='par_1_39' title="bbox 570 2467 2149 2541">
     <span class='ocr_line' id='line_1_39' title="bbox 570 2467 2149 2541; baseline 0.001 -15"><span class='ocrx_word' id='word_1_260' title='bbox 570 2485 701 2526; x_wconf 92' lang='lat' dir='ltr'><strong>num</strong></span> <span class='ocrx_word' id='word_1_261' title='bbox 751 2469 933 2525; x_wconf 83' lang='lat' dir='ltr'><strong>Jesum</strong></span> <span class='ocrx_word' id='word_1_262' title='bbox 973 2467 1250 2525; x_wconf 89' lang='lat' dir='ltr'><strong>Christum</strong></span> <span class='ocrx_word' id='word_1_263' title='bbox 1292 2472 1431 2527; x_wconf 90' lang='lat' dir='ltr'><strong>sicut</strong></span> <span class='ocrx_word' id='word_1_264' title='bbox 1460 2471 1588 2526; x_wconf 90' lang='lat' dir='ltr'><strong>olim</strong></span> <span class='ocrx_word' id='word_1_265' title='bbox 1622 2473 1893 2541; x_wconf 64' lang='lat' dir='ltr'><strong>prophetat</strong></span> <span class='ocrx_word' id='word_1_266' title='bbox 1944 2472 2013 2527; x_wconf 90' lang='lat' dir='ltr'><strong>de</strong></span> <span class='ocrx_word' id='word_1_267' title='bbox 2061 2487 2149 2539; x_wconf 90' lang='lat' dir='ltr'><strong>eo,</strong></span> 
     </span>
    </p>
   </div>
   <div class='ocr_carea' id='block_1_40' title="bbox 572 2560 2153 2643">
    <p class='ocr_par' dir='ltr' id='par_1_40' title="bbox 572 2560 2153 2643">
     <span class='ocr_line' id='line_1_40' title="bbox 572 2560 2153 2643; baseline 0.003 -27"><span class='ocrx_word' id='word_1_268' title='bbox 572 2563 658 2617; x_wconf 88' lang='lat' dir='ltr'><strong>vel</strong></span> <span class='ocrx_word' id='word_1_269' title='bbox 688 2561 804 2631; x_wconf 89' lang='lat' dir='ltr'><strong>ipse</strong></span> <span class='ocrx_word' id='word_1_270' title='bbox 844 2576 943 2617; x_wconf 85' lang='lat' dir='ltr'><strong>nos</strong></span> <span class='ocrx_word' id='word_1_271' title='bbox 972 2560 1219 2617; x_wconf 88' lang='lat' dir='ltr'><strong>Christus</strong></span> <span class='ocrx_word' id='word_1_272' title='bbox 1250 2576 1345 2633; x_wconf 91' lang='lat' dir='ltr'><strong>per</strong></span> <span class='ocrx_word' id='word_1_273' title='bbox 1373 2563 1721 2633; x_wconf 84' lang='lat' dir='ltr'><strong>semetipsum</strong></span> <span class='ocrx_word' id='word_1_274' title='bbox 1753 2562 2011 2643; x_wconf 47' lang='lat' dir='ltr'><strong>Dominus</strong></span> <span class='ocrx_word' id='word_1_275' title='bbox 2030 2578 2153 2620; x_wconf 90' lang='lat' dir='ltr'><strong>eru-</strong></span> 
     </span>
    </p>
   </div>
   <div class='ocr_carea' id='block_1_41' title="bbox 574 2650 2149 2725">
    <p class='ocr_par' dir='ltr' id='par_1_41' title="bbox 574 2650 2149 2725">
     <span class='ocr_line' id='line_1_41' title="bbox 574 2650 2149 2725; baseline 0.001 -18"><span class='ocrx_word' id='word_1_276' title='bbox 574 2650 727 2707; x_wconf 89' lang='lat' dir='ltr'><strong>divit.</strong></span> <span class='ocrx_word' id='word_1_277' title='bbox 787 2651 884 2720; x_wconf 87' lang='lat' dir='ltr'><strong>Qui</strong></span> <span class='ocrx_word' id='word_1_278' title='bbox 930 2662 1111 2707; x_wconf 90' lang='lat' dir='ltr'><strong>antem</strong></span> <span class='ocrx_word' id='word_1_279' title='bbox 1173 2651 1247 2707; x_wconf 89' lang='lat' dir='ltr'><strong>ita</strong></span> <span class='ocrx_word' id='word_1_280' title='bbox 1316 2650 1475 2725; x_wconf 80' lang='lat'><strong>391</strong></span> <span class='ocrx_word' id='word_1_281' title='bbox 1539 2669 1647 2708; x_wconf 92' lang='lat' dir='ltr'><strong>non</strong></span> <span class='ocrx_word' id='word_1_282' title='bbox 1696 2654 1954 2724; x_wconf 89' lang='lat' dir='ltr'><strong>sentiunt,</strong></span> <span class='ocrx_word' id='word_1_283' title='bbox 2030 2670 2149 2711; x_wconf 91' lang='lat' dir='ltr'><strong>cum</strong></span> 
     </span>
    </p>
   </div>
   <div class='ocr_carea' id='block_1_42' title="bbox 574 2742 2152 2817">
    <p class='ocr_par' dir='ltr' id='par_1_42' title="bbox 574 2742 2152 2817">
     <span class='ocr_line' id='line_1_42' title="bbox 574 2742 2152 2817; baseline 0.003 -16"><span class='ocrx_word' id='word_1_284' title='bbox 574 2743 822 2801; x_wconf 79' lang='lat' dir='ltr'><strong>Nestorio</strong></span> <span class='ocrx_word' id='word_1_285' title='bbox 851 2753 906 2801; x_wconf 90' lang='lat' dir='ltr'><strong>et</strong></span> <span class='ocrx_word' id='word_1_286' title='bbox 930 2744 1175 2817; x_wconf 82' lang='lat' dir='ltr'><strong>Eutyche</strong></span> <span class='ocrx_word' id='word_1_287' title='bbox 1195 2742 1221 2783; x_wconf 72' lang='grc' dir='ltr'><strong><em>ἀ</em></strong></span> <span class='ocrx_word' id='word_1_288' title='bbox 1248 2746 1329 2801; x_wconf 88' lang='lat' dir='ltr'><strong>vel</strong></span> <span class='ocrx_word' id='word_1_289' title='bbox 1352 2761 1537 2802; x_wconf 91' lang='lat' dir='ltr'><strong>eorum</strong></span> <span class='ocrx_word' id='word_1_290' title='bbox 1567 2747 1925 2804; x_wconf 88' lang='lat' dir='ltr'><strong>sectatoribus</strong></span> <span class='ocrx_word' id='word_1_291' title='bbox 1951 2757 2152 2806; x_wconf 71' lang='lat' dir='ltr'><strong>mterno</strong></span> 
     </span>
    </p>
   </div>
   <div class='ocr_carea' id='block_1_43' title="bbox 572 2838 1617 2911">
    <p class='ocr_par' dir='ltr' id='par_1_43' title="bbox 572 2838 1617 2911">
     <span class='ocr_line' id='line_1_43' title="bbox 572 2838 1617 2911; baseline 0.003 -17"><span class='ocrx_word' id='word_1_292' title='bbox 572 2838 915 2897; x_wconf 83' lang='lat' dir='ltr'><strong>anathemate</strong></span> <span class='ocrx_word' id='word_1_293' title='bbox 938 2838 1130 2911; x_wconf 90' lang='lat' dir='ltr'><strong>dignos</strong></span> <span class='ocrx_word' id='word_1_294' title='bbox 1160 2854 1281 2897; x_wconf 89' lang='lat' dir='ltr'><strong>esse</strong></span> <span class='ocrx_word' id='word_1_295' title='bbox 1308 2842 1617 2911; x_wconf 89' lang='lat' dir='ltr'><strong>pronuntio.</strong></span> 
     </span>
    </p>
   </div>
   <div class='ocr_carea' id='block_1_44' title="bbox 1070 2972 1648 3032">
    <p class='ocr_par' dir='ltr' id='par_1_44' title="bbox 1070 2972 1648 3032">
     <span class='ocr_line' id='line_1_44' title="bbox 1070 2972 1648 3032; baseline 0 -1"><span class='ocrx_word' id='word_1_296' title='bbox 1070 2972 1469 3032; x_wconf 77' lang='lat' dir='ltr'><strong>CAPITULUM</strong></span> <span class='ocrx_word' id='word_1_297' title='bbox 1514 2975 1648 3032; x_wconf 90' lang='lat' dir='ltr'><strong>LIV.</strong></span> 
     </span>
    </p>
   </div>
   <div class='ocr_carea' id='block_1_45' title="bbox 751 3085 1973 3160">
    <p class='ocr_par' dir='ltr' id='par_1_45' title="bbox 751 3085 1973 3160">
     <span class='ocr_line' id='line_1_45' title="bbox 751 3085 1973 3160; baseline 0.003 -18"><span class='ocrx_word' id='word_1_298' title='bbox 751 3095 776 3124; x_wconf 86' lang='grc'>⁶</span> <span class='ocrx_word' id='word_1_299' title='bbox 799 3085 1047 3157; x_wconf 77' lang='lat' dir='ltr'><strong>Deﬁnitio</strong></span> <span class='ocrx_word' id='word_1_300' title='bbox 1088 3098 1279 3143; x_wconf 74' lang='lat' dir='ltr'><strong>sancta:</strong></span> <span class='ocrx_word' id='word_1_301' title='bbox 1314 3089 1498 3160; x_wconf 82' lang='lat' dir='ltr'><strong>synodi</strong></span> <span class='ocrx_word' id='word_1_302' title='bbox 1528 3087 1973 3146; x_wconf 75' lang='lat' dir='ltr'><strong>Chalcedonensis.</strong></span> 
     </span>
    </p>
   </div>
   <div class='ocr_carea' id='block_1_46' title="bbox 645 3198 2152 3277">
    <p class='ocr_par' dir='ltr' id='par_1_46' title="bbox 645 3198 2152 3277">
     <span class='ocr_line' id='line_1_46' title="bbox 645 3198 2152 3277; baseline 0.003 -22"><span class='ocrx_word' id='word_1_303' title='bbox 645 3198 729 3255; x_wconf 82' lang='lat' dir='ltr'><strong>Ad</strong></span> <span class='ocrx_word' id='word_1_304' title='bbox 762 3201 1187 3271; x_wconf 87' lang='lat' dir='ltr'><strong>cognoscendam</strong></span> <span class='ocrx_word' id='word_1_305' title='bbox 1214 3200 1431 3272; x_wconf 91' lang='lat' dir='ltr'><strong>quidem</strong></span> <span class='ocrx_word' id='word_1_306' title='bbox 1466 3202 1994 3274; x_wconf 88' lang='lat' dir='ltr'><strong>conﬁrmandamque</strong></span> <span class='ocrx_word' id='word_1_307' title='bbox 2033 3220 2152 3277; x_wconf 86' lang='lat' dir='ltr'><strong>per-</strong></span> 
     </span>
    </p>
   </div>
   <div class='ocr_carea' id='block_1_47' title="bbox 2253 2016 3815 2103">
    <p class='ocr_par' dir='ltr' id='par_1_47' title="bbox 2253 2016 3815 2103">
     <span class='ocr_line' id='line_1_47' title="bbox 2253 2016 3815 2103; baseline 0.015 -34"><span class='ocrx_word' id='word_1_308' title='bbox 2253 2017 2424 2071; x_wconf 85' lang='lat' dir='ltr'><strong>sancti</strong></span> <span class='ocrx_word' id='word_1_309' title='bbox 2450 2016 2660 2089; x_wconf 85' lang='lat' dir='ltr'><strong>Cyrilli,</strong></span> <span class='ocrx_word' id='word_1_310' title='bbox 2691 2020 2783 2090; x_wconf 89' lang='lat' dir='ltr'><strong>qui</strong></span> <span class='ocrx_word' id='word_1_311' title='bbox 2807 2023 3185 2082; x_wconf 72' lang='lat' dir='ltr'><strong>Alexandrinae</strong></span> <span class='ocrx_word' id='word_1_312' title='bbox 3214 2028 3312 2083; x_wconf 87' lang='lat' dir='ltr'><strong>t‘uit</strong></span> <span class='ocrx_word' id='word_1_313' title='bbox 3340 2040 3525 2100; x_wconf 88' lang='lat' dir='ltr'><strong>pastor</strong></span> <span class='ocrx_word' id='word_1_314' title='bbox 3554 2032 3815 2103; x_wconf 67' lang='lat' dir='ltr'><strong>Ecclesia,</strong></span> 
     </span>
    </p>
   </div>
   <div class='ocr_carea' id='block_1_48' title="bbox 2254 2108 3816 2198">
    <p class='ocr_par' dir='ltr' id='par_1_48' title="bbox 2254 2108 3816 2198">
     <span class='ocr_line' id='line_1_48' title="bbox 2254 2108 3816 2198; baseline 0.017 -38"><span class='ocrx_word' id='word_1_315' title='bbox 2254 2108 2542 2179; x_wconf 79' lang='lat' dir='ltr'><strong>synodalcs</strong></span> <span class='ocrx_word' id='word_1_316' title='bbox 2590 2111 2848 2179; x_wconf 83' lang='lat' dir='ltr'><strong>epistolas</strong></span> <span class='ocrx_word' id='word_1_317' title='bbox 2912 2114 2979 2170; x_wconf 89' lang='lat' dir='ltr'><strong>ad</strong></span> <span class='ocrx_word' id='word_1_318' title='bbox 3032 2116 3341 2176; x_wconf 85' lang='lat' dir='ltr'><strong>Nestorium</strong></span> <span class='ocrx_word' id='word_1_319' title='bbox 3391 2124 3629 2195; x_wconf 87' lang='lat' dir='ltr'><strong>scriptas</strong></span> <span class='ocrx_word' id='word_1_320' title='bbox 3680 2138 3816 2198; x_wconf 81' lang='lat' dir='ltr'><strong>atque</strong></span> 
     </span>
    </p>
   </div>
   <div class='ocr_carea' id='block_1_49' title="bbox 2252 2201 3815 2288">
    <p class='ocr_par' dir='ltr' id='par_1_49' title="bbox 2252 2201 3815 2288">
     <span class='ocr_line' id='line_1_49' title="bbox 2252 2201 3815 2288; baseline 0.014 -32"><span class='ocrx_word' id='word_1_321' title='bbox 2252 2201 2554 2259; x_wconf 89' lang='lat' dir='ltr'><strong>Orientales</strong></span> <span class='ocrx_word' id='word_1_322' title='bbox 2584 2204 2764 2276; x_wconf 88' lang='lat' dir='ltr'><strong>utique</strong></span> <span class='ocrx_word' id='word_1_323' title='bbox 2784 2206 2887 2263; x_wconf 88' lang='lat' dir='ltr'><strong>sibi</strong></span> <span class='ocrx_word' id='word_1_324' title='bbox 2915 2212 3319 2281; x_wconf 89' lang='lat' dir='ltr'><strong>convenientes,</strong></span> <span class='ocrx_word' id='word_1_325' title='bbox 3343 2218 3594 2288; x_wconf 85' lang='lat' dir='ltr'><strong>amplexa</strong></span> <span class='ocrx_word' id='word_1_326' title='bbox 3621 2230 3729 2288; x_wconf 86' lang='lat' dir='ltr'><strong>est,</strong></span> <span class='ocrx_word' id='word_1_327' title='bbox 3764 2223 3815 2277; x_wconf 87' lang='lat' dir='ltr'><strong>ad</strong></span> 
     </span>
    </p>
   </div>
   <div class='ocr_carea' id='block_1_50' title="bbox 2254 2295 3816 2378">
    <p class='ocr_par' dir='ltr' id='par_1_50' title="bbox 2254 2295 3816 2378">
     <span class='ocr_line' id='line_1_50' title="bbox 2254 2295 3816 2378; baseline 0.015 -32"><span class='ocrx_word' id='word_1_328' title='bbox 2254 2295 2587 2362; x_wconf 78' lang='lat' dir='ltr'><strong>arguentium</strong></span> <span class='ocrx_word' id='word_1_329' title='bbox 2632 2297 2848 2367; x_wconf 91' lang='lat' dir='ltr'><strong>quidem</strong></span> <span class='ocrx_word' id='word_1_330' title='bbox 2876 2298 3244 2361; x_wconf 86' lang='lat' dir='ltr'><strong>Nestorianam</strong></span> <span class='ocrx_word' id='word_1_331' title='bbox 3280 2306 3635 2378; x_wconf 86' lang='lat' dir='ltr'><strong>dementiam,</strong></span> <span class='ocrx_word' id='word_1_332' title='bbox 3677 2314 3816 2371; x_wconf 80' lang='lat' dir='ltr'><strong>inter-</strong></span> 
     </span>
    </p>
   </div>
   <div class='ocr_carea' id='block_1_51' title="bbox 2254 2387 3817 2476">
    <p class='ocr_par' dir='ltr' id='par_1_51' title="bbox 2254 2387 3817 2476">
     <span class='ocr_line' id='line_1_51' title="bbox 2254 2387 3817 2476; baseline 0.017 -38"><span class='ocrx_word' id='word_1_333' title='bbox 2254 2387 2608 2456; x_wconf 90' lang='lat' dir='ltr'><strong>pretationem</strong></span> <span class='ocrx_word' id='word_1_334' title='bbox 2658 2404 2790 2445; x_wconf 90' lang='lat' dir='ltr'><strong>vero</strong></span> <span class='ocrx_word' id='word_1_335' title='bbox 2819 2391 3243 2453; x_wconf 87' lang='lat' dir='ltr'><strong>desiderantium</strong></span> <span class='ocrx_word' id='word_1_336' title='bbox 3276 2398 3365 2469; x_wconf 90' lang='lat' dir='ltr'><strong>pio</strong></span> <span class='ocrx_word' id='word_1_337' title='bbox 3404 2402 3524 2459; x_wconf 85' lang='lat' dir='ltr'><strong>zelo</strong></span> <span class='ocrx_word' id='word_1_338' title='bbox 3553 2407 3817 2476; x_wconf 80' lang='lat' dir='ltr'><strong>concipere</strong></span> 
     </span>
    </p>
   </div>
   <div class='ocr_carea' id='block_1_52' title="bbox 2253 2478 3816 2569">
    <p class='ocr_par' dir='ltr' id='par_1_52' title="bbox 2253 2478 3816 2569">
     <span class='ocr_line' id='line_1_52' title="bbox 2253 2478 3816 2569; baseline 0.016 -39"><span class='ocrx_word' id='word_1_339' title='bbox 2253 2478 2591 2535; x_wconf 84' lang='lat' dir='ltr'><strong>saluberrimi</strong></span> <span class='ocrx_word' id='word_1_340' title='bbox 2620 2484 2939 2539; x_wconf 88' lang='lat' dir='ltr'><strong>sacramenti</strong></span> <span class='ocrx_word' id='word_1_341' title='bbox 2993 2487 3335 2545; x_wconf 87' lang='lat' dir='ltr'><strong>sententiam.</strong></span> <span class='ocrx_word' id='word_1_342' title='bbox 3376 2492 3586 2560; x_wconf 86' lang='lat' dir='ltr'><strong>Quibus</strong></span> <span class='ocrx_word' id='word_1_343' title='bbox 3632 2500 3816 2569; x_wconf 83' lang='lat' dir='ltr'><strong>episto-</strong></span> 
     </span>
    </p>
   </div>
   <div class='ocr_carea' id='block_1_53' title="bbox 2253 2568 3813 2657">
    <p class='ocr_par' dir='ltr' id='par_1_53' title="bbox 2253 2568 3813 2657">
     <span class='ocr_line' id='line_1_53' title="bbox 2253 2568 3813 2657; baseline 0.015 -34"><span class='ocrx_word' id='word_1_344' title='bbox 2253 2568 2359 2624; x_wconf 89' lang='lat' dir='ltr'><strong>lam</strong></span> <span class='ocrx_word' id='word_1_345' title='bbox 2392 2586 2603 2643; x_wconf 88' lang='lat' dir='ltr'><strong>quoque</strong></span> <span class='ocrx_word' id='word_1_346' title='bbox 2652 2575 2947 2638; x_wconf 83' lang='lat' dir='ltr'><strong>beatissimi</strong></span> <span class='ocrx_word' id='word_1_347' title='bbox 3004 2579 3262 2638; x_wconf 79' lang='lat' dir='ltr'><strong>Romanae</strong></span> <span class='ocrx_word' id='word_1_348' title='bbox 3304 2585 3627 2657; x_wconf 86' lang='lat' dir='ltr'><strong>antiquioris</strong></span> <span class='ocrx_word' id='word_1_349' title='bbox 3674 2568 3813 2647; x_wconf 81' lang='lat' dir='ltr'><strong>urbis</strong></span> 
     </span>
    </p>
   </div>
   <div class='ocr_carea' id='block_1_54' title="bbox 2252 2663 3819 2746">
    <p class='ocr_par' dir='ltr' id='par_1_54' title="bbox 2252 2663 3819 2746">
     <span class='ocr_line' id='line_1_54' title="bbox 2252 2663 3819 2746; baseline 0.015 -30"><span class='ocrx_word' id='word_1_350' title='bbox 2252 2663 2505 2720; x_wconf 88' lang='lat' dir='ltr'><strong>antistitis</strong></span> <span class='ocrx_word' id='word_1_351' title='bbox 2557 2676 2718 2737; x_wconf 86' lang='lat' dir='ltr'><strong>atque</strong></span> <span class='ocrx_word' id='word_1_352' title='bbox 2766 2666 3083 2727; x_wconf 88' lang='lat' dir='ltr'><strong>venerabilis</strong></span> <span class='ocrx_word' id='word_1_353' title='bbox 3131 2689 3283 2746; x_wconf 66' lang='lat' dir='ltr'><strong>papae</strong></span> <span class='ocrx_word' id='word_1_354' title='bbox 3328 2676 3523 2735; x_wconf 86' lang='lat' dir='ltr'><strong>Leonis</strong></span> <span class='ocrx_word' id='word_1_355' title='bbox 3576 2681 3819 2739; x_wconf 74' lang='lat' dir='ltr'><strong>Flaviano</strong></span> 
     </span>
    </p>
   </div>
   <div class='ocr_carea' id='block_1_55' title="bbox 2250 2760 3817 2845">
    <p class='ocr_par' dir='ltr' id='par_1_55' title="bbox 2250 2760 3817 2845">
     <span class='ocr_line' id='line_1_55' title="bbox 2250 2760 3817 2845; baseline 0.015 -38"><span class='ocrx_word' id='word_1_356' title='bbox 2250 2763 2452 2810; x_wconf 63' lang='lat' dir='ltr'><strong>sanctae</strong></span> <span class='ocrx_word' id='word_1_357' title='bbox 2490 2760 2764 2815; x_wconf 72' lang='lat' dir='ltr'><strong>memoria:</strong></span> <span class='ocrx_word' id='word_1_358' title='bbox 2791 2760 3195 2834; x_wconf 88' lang='lat' dir='ltr'><strong>archiepiscopo</strong></span> <span class='ocrx_word' id='word_1_359' title='bbox 3236 2768 3514 2837; x_wconf 84' lang='lat' dir='ltr'><strong>scriptam,</strong></span> <span class='ocrx_word' id='word_1_360' title='bbox 3561 2772 3630 2828; x_wconf 91' lang='lat' dir='ltr'><strong>ad</strong></span> <span class='ocrx_word' id='word_1_361' title='bbox 3675 2788 3817 2845; x_wconf 83' lang='lat' dir='ltr'><strong>expu-</strong></span> 
     </span>
    </p>
   </div>
   <div class='ocr_carea' id='block_1_56' title="bbox 2250 2845 3817 2936">
    <p class='ocr_par' dir='ltr' id='par_1_56' title="bbox 2250 2845 3817 2936">
     <span class='ocr_line' id='line_1_56' title="bbox 2250 2845 3817 2936; baseline 0.014 -37"><span class='ocrx_word' id='word_1_362' title='bbox 2250 2845 2516 2915; x_wconf 85' lang='lat' dir='ltr'><strong>gnandam</strong></span> <span class='ocrx_word' id='word_1_363' title='bbox 2566 2850 2846 2919; x_wconf 87' lang='lat' dir='ltr'><strong>pravitatis</strong></span> <span class='ocrx_word' id='word_1_364' title='bbox 2877 2852 3226 2926; x_wconf 70' lang='lat' dir='ltr'><strong>Eutychiante</strong></span> <span class='ocrx_word' id='word_1_365' title='bbox 3262 2859 3575 2929; x_wconf 89' lang='lat' dir='ltr'><strong>perﬁdiam,</strong></span> <span class='ocrx_word' id='word_1_366' title='bbox 3612 2873 3674 2919; x_wconf 90' lang='lat' dir='ltr'><strong>ut</strong></span> <span class='ocrx_word' id='word_1_367' title='bbox 3712 2875 3817 2936; x_wconf 87' lang='lat' dir='ltr'><strong>pote</strong></span> 
     </span>
    </p>
   </div>
   <div class='ocr_carea' id='block_1_57' title="bbox 2251 2938 3813 3023">
    <p class='ocr_par' dir='ltr' id='par_1_57' title="bbox 2251 2938 3813 3023">
     <span class='ocr_line' id='line_1_57' title="bbox 2251 2938 3813 3023; baseline 0.013 -32"><span class='ocrx_word' id='word_1_368' title='bbox 2251 2938 2474 2993; x_wconf 80' lang='lat' dir='ltr'><strong>maximi</strong></span> <span class='ocrx_word' id='word_1_369' title='bbox 2525 2938 2666 2996; x_wconf 78' lang='lat' dir='ltr'><strong>Pet&#39;ri</strong></span> <span class='ocrx_word' id='word_1_370' title='bbox 2698 2942 3020 3000; x_wconf 82' lang='lat' dir='ltr'><strong>confessioni</strong></span> <span class='ocrx_word' id='word_1_371' title='bbox 3053 2947 3240 3003; x_wconf 88' lang='lat' dir='ltr'><strong>salutis</strong></span> <span class='ocrx_word' id='word_1_372' title='bbox 3291 2953 3724 3023; x_wconf 85' lang='lat' dir='ltr'><strong>convenientem,</strong></span> <span class='ocrx_word' id='word_1_373' title='bbox 3771 2964 3813 3012; x_wconf 72' lang='lat' dir='ltr'><strong>et</strong></span> 
     </span>
    </p>
   </div>
   <div class='ocr_carea' id='block_1_58' title="bbox 2252 3029 3815 3106">
    <p class='ocr_par' dir='ltr' id='par_1_58' title="bbox 2252 3029 3815 3106">
     <span class='ocr_line' id='line_1_58' title="bbox 2252 3029 3815 3106; baseline 0.014 -25"><span class='ocrx_word' id='word_1_374' title='bbox 2252 3029 2403 3084; x_wconf 89' lang='lat' dir='ltr'><strong>velut</strong></span> <span class='ocrx_word' id='word_1_375' title='bbox 2443 3032 2832 3090; x_wconf 89' lang='lat' dir='ltr'><strong>monimentum</strong></span> <span class='ocrx_word' id='word_1_376' title='bbox 2862 3034 3139 3106; x_wconf 85' lang='lat' dir='ltr'><strong>cujusdam</strong></span> <span class='ocrx_word' id='word_1_377' title='bbox 3169 3048 3358 3097; x_wconf 66' lang='lat' dir='ltr'><strong>statuat</strong></span> <span class='ocrx_word' id='word_1_378' title='bbox 3398 3046 3699 3101; x_wconf 86' lang='lat' dir='ltr'><strong>communis</strong></span> <span class='ocrx_word' id='word_1_379' title='bbox 3739 3062 3815 3104; x_wconf 88' lang='lat' dir='ltr'><strong>ex-</strong></span> 
     </span>
    </p>
   </div>
   <div class='ocr_carea' id='block_1_59' title="bbox 2246 3128 3812 3205">
    <p class='ocr_par' dir='ltr' id='par_1_59' title="bbox 2246 3128 3812 3205">
     <span class='ocr_line' id='line_1_59' title="bbox 2246 3128 3812 3205; baseline 0.011 -29"><span class='ocrx_word' id='word_1_380' title='bbox 2246 3133 2506 3193; x_wconf 85' lang='lat' dir='ltr'><strong>stantem,</strong></span> <span class='ocrx_word' id='word_1_381' title='bbox 2534 3134 2721 3181; x_wconf 89' lang='lat' dir='ltr'><strong>contra</strong></span> <span class='ocrx_word' id='word_1_382' title='bbox 2762 3128 2985 3184; x_wconf 80' lang='lat' dir='ltr'><strong>cubetos</strong></span> <span class='ocrx_word' id='word_1_383' title='bbox 3014 3128 3296 3187; x_wconf 67' lang='lat' dir='ltr'><strong>haereticos</strong></span> <span class='ocrx_word' id='word_1_384' title='bbox 3322 3135 3518 3191; x_wconf 87' lang='lat' dir='ltr'><strong>merito</strong></span> <span class='ocrx_word' id='word_1_385' title='bbox 3543 3139 3812 3205; x_wconf 81' lang='lat' dir='ltr'><strong>copulavit,</strong></span> 
     </span>
    </p>
   </div>
   <div class='ocr_carea' id='block_1_60' title="bbox 2254 3217 3807 3297">
    <p class='ocr_par' dir='ltr' id='par_1_60' title="bbox 2254 3217 3807 3297">
     <span class='ocr_line' id='line_1_60' title="bbox 2254 3217 3807 3297; baseline 0.01 -26"><span class='ocrx_word' id='word_1_386' title='bbox 2254 3225 2312 3271; x_wconf 94' lang='lat' dir='ltr'><strong>ut</strong></span> <span class='ocrx_word' id='word_1_387' title='bbox 2340 3226 2487 3274; x_wconf 87' lang='lat' dir='ltr'><strong>recto</strong></span> <span class='ocrx_word' id='word_1_388' title='bbox 2507 3217 2738 3290; x_wconf 86' lang='lat' dir='ltr'><strong>dogmati</strong></span> <span class='ocrx_word' id='word_1_389' title='bbox 2772 3235 2865 3276; x_wconf 90' lang='lat' dir='ltr'><strong>sua</strong></span> <span class='ocrx_word' id='word_1_390' title='bbox 2898 3221 3126 3278; x_wconf 89' lang='lat' dir='ltr'><strong>ﬁrmitas</strong></span> <span class='ocrx_word' id='word_1_391' title='bbox 3146 3224 3467 3282; x_wconf 90' lang='lat' dir='ltr'><strong>inconcussa</strong></span> <span class='ocrx_word' id='word_1_392' title='bbox 3494 3240 3807 3297; x_wconf 86' lang='lat' dir='ltr'><strong>permaneat.</strong></span> 
     </span>
    </p>
   </div>
   <div class='ocr_carea' id='block_1_61' title="bbox 573 3283 3813 3383">
    <p class='ocr_par' dir='ltr' id='par_1_61' title="bbox 573 3283 3813 3383">
     <span class='ocr_line' id='line_1_61' title="bbox 573 3283 3813 3383; baseline 0.008 -35"><span class='ocrx_word' id='word_1_393' title='bbox 573 3291 866 3349; x_wconf 68' lang='lat' dir='ltr'><strong>tectissime</strong></span> <span class='ocrx_word' id='word_1_394' title='bbox 894 3295 1145 3365; x_wconf 86' lang='lat' dir='ltr'><strong>pietatem</strong></span> <span class='ocrx_word' id='word_1_395' title='bbox 1166 3296 1618 3353; x_wconf 70' lang='lat' dir='ltr'><strong>Consultissimutn</strong></span> <span class='ocrx_word' id='word_1_396' title='bbox 1646 3299 1776 3354; x_wconf 89' lang='lat' dir='ltr'><strong>satis</strong></span> <span class='ocrx_word' id='word_1_397' title='bbox 1807 3299 1908 3355; x_wconf 89' lang='lat' dir='ltr'><strong>hoc</strong></span> <span class='ocrx_word' id='word_1_398' title='bbox 1955 3301 2149 3357; x_wconf 72' lang='lat' dir='ltr'><strong>divinae</strong></span> <span class='ocrx_word' id='word_1_399' title='bbox 2176 3283 2225 3351; x_wconf 69' lang='grc' dir='ltr'>α</span> <span class='ocrx_word' id='word_1_400' title='bbox 2254 3308 2385 3362; x_wconf 80' lang='lat' dir='ltr'><strong>Nam</strong></span> <span class='ocrx_word' id='word_1_401' title='bbox 2408 3319 2463 3365; x_wconf 86' lang='lat' dir='ltr'><strong>et</strong></span> <span class='ocrx_word' id='word_1_402' title='bbox 2494 3311 2546 3365; x_wconf 92' lang='lat' dir='ltr'><strong>in</strong></span> <span class='ocrx_word' id='word_1_403' title='bbox 2577 3283 2712 3367; x_wconf 77' lang='lat' dir='ltr'><strong>duos</strong></span> <span class='ocrx_word' id='word_1_404' title='bbox 2732 3311 2874 3368; x_wconf 86' lang='lat' dir='ltr'><strong>ﬁlios</strong></span> <span class='ocrx_word' id='word_1_405' title='bbox 2895 3312 3312 3383; x_wconf 69' lang='lat' dir='ltr'><strong>dispensationis</strong></span> 
     </span>
    </p>
   </div>
   <div class='ocr_carea' id='block_1_62' title="bbox 573 3385 2153 3460">
    <p class='ocr_par' dir='ltr' id='par_1_62' title="bbox 573 3385 2153 3460">
     <span class='ocr_line' id='line_1_62' title="bbox 573 3385 2153 3460; baseline 0.006 -21"><span class='ocrx_word' id='word_1_406' title='bbox 573 3385 759 3454; x_wconf 72' lang='lat' dir='ltr'><strong>gratim</strong></span> <span class='ocrx_word' id='word_1_407' title='bbox 808 3387 1108 3456; x_wconf 77' lang='lat' dir='ltr'><strong>symbolum</strong></span> <span class='ocrx_word' id='word_1_408' title='bbox 1158 3388 1673 3460; x_wconf 85' lang='lat' dir='ltr'><strong>saluberrimutnque</strong></span> <span class='ocrx_word' id='word_1_409' title='bbox 1726 3390 2015 3447; x_wconf 87' lang='lat' dir='ltr'><strong>sufﬁceret.</strong></span> <span class='ocrx_word' id='word_1_410' title='bbox 2075 3392 2153 3449; x_wconf 91' lang='lat' dir='ltr'><strong>De</strong></span> 
     </span>
    </p>
   </div>
   <div class='ocr_carea' id='block_1_63' title="bbox 574 3475 2152 3557">
    <p class='ocr_par' dir='ltr' id='par_1_63' title="bbox 574 3475 2152 3557">
     <span class='ocr_line' id='line_1_63' title="bbox 574 3475 2152 3557; baseline 0.005 -23"><span class='ocrx_word' id='word_1_411' title='bbox 574 3475 735 3534; x_wconf 84' lang='lat' dir='ltr'><strong>Patre</strong></span> <span class='ocrx_word' id='word_1_412' title='bbox 764 3492 993 3551; x_wconf 90' lang='lat' dir='ltr'><strong>namque</strong></span> <span class='ocrx_word' id='word_1_413' title='bbox 1019 3485 1073 3537; x_wconf 84' lang='lat' dir='ltr'><strong>et</strong></span> <span class='ocrx_word' id='word_1_414' title='bbox 1096 3480 1251 3550; x_wconf 87' lang='lat' dir='ltr'><strong>Filio,</strong></span> <span class='ocrx_word' id='word_1_415' title='bbox 1280 3496 1344 3537; x_wconf 91' lang='lat' dir='ltr'><strong>ac</strong></span> <span class='ocrx_word' id='word_1_416' title='bbox 1376 3482 1578 3551; x_wconf 89' lang='lat' dir='ltr'><strong>Spiritu</strong></span> <span class='ocrx_word' id='word_1_417' title='bbox 1622 3494 1831 3553; x_wconf 88' lang='lat' dir='ltr'><strong>sancto,</strong></span> <span class='ocrx_word' id='word_1_418' title='bbox 1863 3488 2005 3556; x_wconf 91' lang='lat' dir='ltr'><strong>quod</strong></span> <span class='ocrx_word' id='word_1_419' title='bbox 2036 3486 2152 3557; x_wconf 87' lang='lat' dir='ltr'><strong>ple-</strong></span> 
     </span>
    </p>
   </div>
   <div class='ocr_carea' id='block_1_64' title="bbox 572 3572 2151 3643">
    <p class='ocr_par' dir='ltr' id='par_1_64' title="bbox 572 3572 2151 3643">
     <span class='ocr_line' id='line_1_64' title="bbox 572 3572 2151 3643; baseline 0.003 -15"><span class='ocrx_word' id='word_1_420' title='bbox 572 3572 794 3629; x_wconf 86' lang='lat' dir='ltr'><strong>nissime</strong></span> <span class='ocrx_word' id='word_1_421' title='bbox 822 3572 993 3629; x_wconf 82' lang='lat' dir='ltr'><strong>fuera&#39;t</strong></span> <span class='ocrx_word' id='word_1_422' title='bbox 1022 3575 1370 3630; x_wconf 88' lang='lat' dir='ltr'><strong>institutionis</strong></span> <span class='ocrx_word' id='word_1_423' title='bbox 1397 3575 1633 3643; x_wconf 90' lang='lat' dir='ltr'><strong>edocuit,</strong></span> <span class='ocrx_word' id='word_1_424' title='bbox 1653 3584 1709 3632; x_wconf 91' lang='lat' dir='ltr'><strong>et</strong></span> <span class='ocrx_word' id='word_1_425' title='bbox 1731 3578 2151 3633; x_wconf 89' lang='lat' dir='ltr'><strong>incarnationem</strong></span> 
     </span>
    </p>
   </div>
   <div class='ocr_carea' id='block_1_65' title="bbox 572 3662 2147 3735">
    <p class='ocr_par' dir='ltr' id='par_1_65' title="bbox 572 3662 2147 3735">
     <span class='ocr_line' id='line_1_65' title="bbox 572 3662 2147 3735; baseline 0.004 -15"><span class='ocrx_word' id='word_1_426' title='bbox 572 3662 785 3720; x_wconf 88' lang='lat' dir='ltr'><strong>Domini</strong></span> <span class='ocrx_word' id='word_1_427' title='bbox 840 3663 1068 3721; x_wconf 83' lang='lat' dir='ltr'><strong>ﬁt‘leliter</strong></span> <span class='ocrx_word' id='word_1_428' title='bbox 1112 3666 1508 3735; x_wconf 88' lang='lat' dir='ltr'><strong>excipientibus</strong></span> <span class='ocrx_word' id='word_1_429' title='bbox 1560 3668 1839 3723; x_wconf 88' lang='lat' dir='ltr'><strong>evidenter</strong></span> <span class='ocrx_word' id='word_1_430' title='bbox 1895 3670 2147 3726; x_wconf 90' lang='lat' dir='ltr'><strong>insinuat.</strong></span> 
     </span>
    </p>
   </div>
   <div class='ocr_carea' id='block_1_66' title="bbox 575 3752 2149 3830">
    <p class='ocr_par' dir='ltr' id='par_1_66' title="bbox 575 3752 2149 3830">
     <span class='ocr_line' id='line_1_66' title="bbox 575 3752 2149 3830; baseline 0.003 -18"><span class='ocrx_word' id='word_1_431' title='bbox 575 3752 773 3814; x_wconf 84' lang='lat' dir='ltr'><strong>Verum</strong></span> <span class='ocrx_word' id='word_1_432' title='bbox 798 3757 1047 3827; x_wconf 79' lang='lat' dir='ltr'><strong>quoniam</strong></span> <span class='ocrx_word' id='word_1_433' title='bbox 1076 3757 1291 3826; x_wconf 89' lang='lat' dir='ltr'><strong>quidem</strong></span> <span class='ocrx_word' id='word_1_434' title='bbox 1330 3773 1391 3813; x_wconf 85' lang='lat' dir='ltr'><strong>ea</strong></span> <span class='ocrx_word' id='word_1_435' title='bbox 1415 3773 1533 3828; x_wconf 72' lang='lat' dir='ltr'><strong>qua:</strong></span> <span class='ocrx_word' id='word_1_436' title='bbox 1558 3760 1765 3814; x_wconf 87' lang='lat' dir='ltr'><strong>sincera</strong></span> <span class='ocrx_word' id='word_1_437' title='bbox 1789 3763 1985 3816; x_wconf 90' lang='lat' dir='ltr'><strong>veritas</strong></span> <span class='ocrx_word' id='word_1_438' title='bbox 2013 3776 2149 3830; x_wconf 76' lang='lat' dir='ltr'><strong>prte-</strong></span> 
     </span>
    </p>
   </div>
   <div class='ocr_carea' id='block_1_67' title="bbox 569 3846 2152 3918">
    <p class='ocr_par' dir='ltr' id='par_1_67' title="bbox 569 3846 2152 3918">
     <span class='ocr_line' id='line_1_67' title="bbox 569 3846 2152 3918; baseline 0.004 -15"><span class='ocrx_word' id='word_1_439' title='bbox 569 3846 718 3903; x_wconf 88' lang='lat' dir='ltr'><strong>dicat</strong></span> <span class='ocrx_word' id='word_1_440' title='bbox 745 3846 1042 3918; x_wconf 75' lang='lat' dir='ltr'><strong>depravare</strong></span> <span class='ocrx_word' id='word_1_441' title='bbox 1076 3849 1278 3915; x_wconf 80' lang='lat' dir='ltr'><strong>conati;</strong></span> <span class='ocrx_word' id='word_1_442' title='bbox 1307 3864 1473 3903; x_wconf 87' lang='lat' dir='ltr'><strong>novas</strong></span> <span class='ocrx_word' id='word_1_443' title='bbox 1497 3848 1684 3904; x_wconf 89' lang='lat' dir='ltr'><strong>auditu</strong></span> <span class='ocrx_word' id='word_1_444' title='bbox 1713 3866 1840 3906; x_wconf 88' lang='lat' dir='ltr'><strong>suas</strong></span> <span class='ocrx_word' id='word_1_445' title='bbox 1872 3851 2152 3909; x_wconf 68' lang='lat' dir='ltr'><strong>haereticas</strong></span> 
     </span>
    </p>
   </div>
   <div class='ocr_carea' id='block_1_68' title="bbox 574 3936 2153 4014">
    <p class='ocr_par' dir='ltr' id='par_1_68' title="bbox 574 3936 2153 4014">
     <span class='ocr_line' id='line_1_68' title="bbox 574 3936 2153 4014; baseline 0.006 -22"><span class='ocrx_word' id='word_1_446' title='bbox 574 3936 829 4010; x_wconf 71' lang='lat' dir='ltr'><strong>perﬁdiae</strong></span> <span class='ocrx_word' id='word_1_447' title='bbox 881 3939 1190 4005; x_wconf 87' lang='lat' dir='ltr'><strong>ediderunt,</strong></span> <span class='ocrx_word' id='word_1_448' title='bbox 1242 3948 1297 3995; x_wconf 92' lang='lat' dir='ltr'><strong>et</strong></span> <span class='ocrx_word' id='word_1_449' title='bbox 1348 3940 1437 3995; x_wconf 92' lang='lat' dir='ltr'><strong>alii</strong></span> <span class='ocrx_word' id='word_1_450' title='bbox 1479 3942 1693 4008; x_wconf 85' lang='lat' dir='ltr'><strong>quidem</strong></span> <span class='ocrx_word' id='word_1_451' title='bbox 1740 3943 2153 4014; x_wconf 88' lang='lat' dir='ltr'><strong>dispensationis</strong></span> 
     </span>
    </p>
   </div>
   <div class='ocr_carea' id='block_1_69' title="bbox 576 4030 2154 4103">
    <p class='ocr_par' dir='ltr' id='par_1_69' title="bbox 576 4030 2154 4103">
     <span class='ocr_line' id='line_1_69' title="bbox 576 4030 2154 4103; baseline 0.005 -16"><span class='ocrx_word' id='word_1_452' title='bbox 576 4030 870 4087; x_wconf 65' lang='lat' dir='ltr'><strong>Dominicis:</strong></span> <span class='ocrx_word' id='word_1_453' title='bbox 894 4040 1310 4097; x_wconf 83' lang='lat' dir='ltr'><strong>sacramentum,</strong></span> <span class='ocrx_word' id='word_1_454' title='bbox 1334 4032 1476 4103; x_wconf 89' lang='lat' dir='ltr'><strong>quod</strong></span> <span class='ocrx_word' id='word_1_455' title='bbox 1516 4035 1687 4090; x_wconf 89' lang='lat' dir='ltr'><strong>nostri</strong></span> <span class='ocrx_word' id='word_1_456' title='bbox 1714 4050 1872 4091; x_wconf 85' lang='lat' dir='ltr'><strong>causa</strong></span> <span class='ocrx_word' id='word_1_457' title='bbox 1901 4048 1984 4092; x_wconf 92' lang='lat' dir='ltr'><strong>est</strong></span> <span class='ocrx_word' id='word_1_458' title='bbox 2008 4039 2154 4101; x_wconf 85' lang='lat' dir='ltr'><strong>cele-</strong></span> 
     </span>
    </p>
   </div>
   <div class='ocr_carea' id='block_1_70' title="bbox 577 4122 2153 4199">
    <p class='ocr_par' dir='ltr' id='par_1_70' title="bbox 577 4122 2153 4199">
     <span class='ocr_line' id='line_1_70' title="bbox 577 4122 2153 4199; baseline 0.004 -18"><span class='ocrx_word' id='word_1_459' title='bbox 577 4122 811 4191; x_wconf 87' lang='lat' dir='ltr'><strong>bratum,</strong></span> <span class='ocrx_word' id='word_1_460' title='bbox 833 4122 949 4178; x_wconf 89' lang='lat' dir='ltr'><strong>ausi</strong></span> <span class='ocrx_word' id='word_1_461' title='bbox 968 4123 1117 4178; x_wconf 84' lang='lat' dir='ltr'><strong>fuere</strong></span> <span class='ocrx_word' id='word_1_462' title='bbox 1134 4138 1503 4195; x_wconf 88' lang='lat' dir='ltr'><strong>corrumpere,</strong></span> <span class='ocrx_word' id='word_1_463' title='bbox 1533 4126 1658 4181; x_wconf 92' lang='lat' dir='ltr'><strong>dum</strong></span> <span class='ocrx_word' id='word_1_464' title='bbox 1680 4142 1708 4181; x_wconf 90' lang='lat' dir='ltr'><strong>a</strong></span> <span class='ocrx_word' id='word_1_465' title='bbox 1731 4136 1913 4183; x_wconf 89' lang='lat' dir='ltr'><strong>sancta</strong></span> <span class='ocrx_word' id='word_1_466' title='bbox 1936 4128 2153 4199; x_wconf 89' lang='lat' dir='ltr'><strong>Virgine</strong></span> 
     </span>
    </p>
   </div>
   <div class='ocr_carea' id='block_1_71' title="bbox 576 4215 2153 4289">
    <p class='ocr_par' dir='ltr' id='par_1_71' title="bbox 576 4215 2153 4289">
     <span class='ocr_line' id='line_1_71' title="bbox 576 4215 2153 4289; baseline 0.004 -21"><span class='ocrx_word' id='word_1_467' title='bbox 576 4223 786 4284; x_wconf 87' lang='lat' dir='ltr'><strong>partum</strong></span> <span class='ocrx_word' id='word_1_468' title='bbox 816 4215 1142 4284; x_wconf 87' lang='lat' dir='ltr'><strong>processisse</strong></span> <span class='ocrx_word' id='word_1_469' title='bbox 1166 4215 1407 4271; x_wconf 87' lang='lat' dir='ltr'><strong>divinum</strong></span> <span class='ocrx_word' id='word_1_470' title='bbox 1431 4216 1578 4271; x_wconf 90' lang='lat' dir='ltr'><strong>vocis</strong></span> <span class='ocrx_word' id='word_1_471' title='bbox 1605 4219 1959 4289; x_wconf 89' lang='lat' dir='ltr'><strong>abnegatione</strong></span> <span class='ocrx_word' id='word_1_472' title='bbox 1997 4221 2153 4277; x_wconf 90' lang='lat' dir='ltr'><strong>dissi-</strong></span> 
     </span>
    </p>
   </div>
   <div class='ocr_carea' id='block_1_72' title="bbox 576 4308 2151 4379">
    <p class='ocr_par' dir='ltr' id='par_1_72' title="bbox 576 4308 2151 4379">
     <span class='ocr_line' id='line_1_72' title="bbox 576 4308 2151 4379; baseline 0.002 -13"><span class='ocrx_word' id='word_1_473' title='bbox 576 4310 800 4377; x_wconf 88' lang='lat' dir='ltr'><strong>mulant,</strong></span> <span class='ocrx_word' id='word_1_474' title='bbox 830 4318 885 4365; x_wconf 90' lang='lat' dir='ltr'><strong>et</strong></span> <span class='ocrx_word' id='word_1_475' title='bbox 919 4308 1008 4364; x_wconf 93' lang='lat' dir='ltr'><strong>alii</strong></span> <span class='ocrx_word' id='word_1_476' title='bbox 1041 4308 1403 4365; x_wconf 81' lang='lat' dir='ltr'><strong>confusionem</strong></span> <span class='ocrx_word' id='word_1_477' title='bbox 1440 4311 1554 4365; x_wconf 89' lang='lat' dir='ltr'><strong>sive</strong></span> <span class='ocrx_word' id='word_1_478' title='bbox 1582 4312 1994 4379; x_wconf 88' lang='lat' dir='ltr'><strong>permixtionem</strong></span> <span class='ocrx_word' id='word_1_479' title='bbox 2030 4329 2151 4369; x_wconf 90' lang='lat' dir='ltr'><strong>rur-</strong></span> 
     </span>
    </p>
   </div>
   <div class='ocr_carea' id='block_1_73' title="bbox 577 4402 2155 4470">
    <p class='ocr_par' dir='ltr' id='par_1_73' title="bbox 577 4402 2155 4470">
     <span class='ocr_line' id='line_1_73' title="bbox 577 4402 2155 4470; baseline 0.003 -12"><span class='ocrx_word' id='word_1_480' title='bbox 577 4418 667 4458; x_wconf 87' lang='lat' dir='ltr'><strong>sus</strong></span> <span class='ocrx_word' id='word_1_481' title='bbox 712 4402 990 4470; x_wconf 91' lang='lat' dir='ltr'><strong>inducunt,</strong></span> <span class='ocrx_word' id='word_1_482' title='bbox 1020 4411 1080 4457; x_wconf 92' lang='lat' dir='ltr'><strong>ut</strong></span> <span class='ocrx_word' id='word_1_483' title='bbox 1107 4417 1266 4458; x_wconf 90' lang='lat' dir='ltr'><strong>unam</strong></span> <span class='ocrx_word' id='word_1_484' title='bbox 1313 4417 1438 4459; x_wconf 86' lang='lat' dir='ltr'><strong>esse</strong></span> <span class='ocrx_word' id='word_1_485' title='bbox 1463 4414 1709 4459; x_wconf 91' lang='lat' dir='ltr'><strong>naturam</strong></span> <span class='ocrx_word' id='word_1_486' title='bbox 1757 4404 2059 4461; x_wconf 90' lang='lat' dir='ltr'><strong>Divinitatis</strong></span> <span class='ocrx_word' id='word_1_487' title='bbox 2098 4417 2155 4464; x_wconf 86' lang='lat' dir='ltr'><strong>et</strong></span> 
     </span>
    </p>
   </div>
   <div class='ocr_carea' id='block_1_74' title="bbox 578 4496 2154 4568">
    <p class='ocr_par' dir='ltr' id='par_1_74' title="bbox 578 4496 2154 4568">
     <span class='ocr_line' id='line_1_74' title="bbox 578 4496 2154 4568; baseline 0.004 -18"><span class='ocrx_word' id='word_1_488' title='bbox 578 4496 755 4551; x_wconf 86' lang='lat' dir='ltr'><strong>carnis</strong></span> <span class='ocrx_word' id='word_1_489' title='bbox 803 4497 966 4551; x_wconf 90' lang='lat' dir='ltr'><strong>stulte</strong></span> <span class='ocrx_word' id='word_1_490' title='bbox 1017 4496 1349 4566; x_wconf 83' lang='lat' dir='ltr'><strong>conﬁngunt,</strong></span> <span class='ocrx_word' id='word_1_491' title='bbox 1399 4510 1463 4552; x_wconf 90' lang='lat' dir='ltr'><strong>ac</strong></span> <span class='ocrx_word' id='word_1_492' title='bbox 1493 4512 1587 4566; x_wconf 90' lang='lat' dir='ltr'><strong>per</strong></span> <span class='ocrx_word' id='word_1_493' title='bbox 1615 4498 1716 4551; x_wconf 88' lang='lat' dir='ltr'><strong>hoc</strong></span> <span class='ocrx_word' id='word_1_494' title='bbox 1743 4498 1995 4568; x_wconf 90' lang='lat' dir='ltr'><strong>unigeniti</strong></span> <span class='ocrx_word' id='word_1_495' title='bbox 2026 4514 2154 4555; x_wconf 92' lang='lat' dir='ltr'><strong>con-</strong></span> 
     </span>
    </p>
   </div>
   <div class='ocr_carea' id='block_1_75' title="bbox 579 4587 2151 4662">
    <p class='ocr_par' dir='ltr' id='par_1_75' title="bbox 579 4587 2151 4662">
     <span class='ocr_line' id='line_1_75' title="bbox 579 4587 2151 4662; baseline 0.005 -21"><span class='ocrx_word' id='word_1_496' title='bbox 579 4587 789 4643; x_wconf 85' lang='lat' dir='ltr'><strong>fusione</strong></span> <span class='ocrx_word' id='word_1_497' title='bbox 837 4597 1200 4658; x_wconf 89' lang='lat' dir='ltr'><strong>portentuosa,</strong></span> <span class='ocrx_word' id='word_1_498' title='bbox 1256 4588 1492 4644; x_wconf 89' lang='lat' dir='ltr'><strong>divinam</strong></span> <span class='ocrx_word' id='word_1_499' title='bbox 1552 4599 1796 4645; x_wconf 89' lang='lat' dir='ltr'><strong>naturam</strong></span> <span class='ocrx_word' id='word_1_500' title='bbox 1847 4594 2151 4662; x_wconf 84' lang='lat' dir='ltr'><strong>passibilem</strong></span> 
     </span>
    </p>
   </div>
   <div class='ocr_carea' id='block_1_76' title="bbox 2256 3400 3813 3486">
    <p class='ocr_par' dir='ltr' id='par_1_76' title="bbox 2256 3400 3813 3486">
     <span class='ocr_line' id='line_1_76' title="bbox 2256 3400 3813 3486; baseline 0.01 -32"><span class='ocrx_word' id='word_1_501' title='bbox 2256 3400 2389 3455; x_wconf 90' lang='lat' dir='ltr'><strong>dere</strong></span> <span class='ocrx_word' id='word_1_502' title='bbox 2412 3412 2807 3458; x_wconf 83' lang='lat' dir='ltr'><strong>sacramentum</strong></span> <span class='ocrx_word' id='word_1_503' title='bbox 2838 3405 3036 3461; x_wconf 85' lang='lat' dir='ltr'><strong>restitit</strong></span> <span class='ocrx_word' id='word_1_504' title='bbox 3071 3407 3357 3477; x_wconf 88' lang='lat' dir='ltr'><strong>hostiliter,</strong></span> <span class='ocrx_word' id='word_1_505' title='bbox 3385 3421 3442 3467; x_wconf 82' lang='lat' dir='ltr'><strong>et</strong></span> <span class='ocrx_word' id='word_1_506' title='bbox 3482 3429 3575 3471; x_wconf 84' lang='lat' dir='ltr'><strong>eos</strong></span> <span class='ocrx_word' id='word_1_507' title='bbox 3602 3416 3687 3486; x_wconf 90' lang='lat' dir='ltr'><strong>qui</strong></span> <span class='ocrx_word' id='word_1_508' title='bbox 3709 3431 3813 3484; x_wconf 81' lang='lat' dir='ltr'><strong>pas-</strong></span> 
     </span>
    </p>
   </div>
   <div class='ocr_carea' id='block_1_77' title="bbox 2256 3492 3811 3579">
    <p class='ocr_par' dir='ltr' id='par_1_77' title="bbox 2256 3492 3811 3579">
     <span class='ocr_line' id='line_1_77' title="bbox 2256 3492 3811 3579; baseline 0.01 -31"><span class='ocrx_word' id='word_1_509' title='bbox 2256 3492 2426 3548; x_wconf 83' lang='lat' dir='ltr'><strong>sibilis</strong></span> <span class='ocrx_word' id='word_1_510' title='bbox 2458 3494 2658 3550; x_wconf 76' lang='lat' dir='ltr'><strong>addent</strong></span> <span class='ocrx_word' id='word_1_511' title='bbox 2695 3496 2972 3567; x_wconf 81' lang='lat' dir='ltr'><strong>dignitatis</strong></span> <span class='ocrx_word' id='word_1_512' title='bbox 3000 3501 3346 3573; x_wconf 80' lang='lat' dir='ltr'><strong>Uniget’titum</strong></span> <span class='ocrx_word' id='word_1_513' title='bbox 3376 3505 3581 3575; x_wconf 88' lang='lat' dir='ltr'><strong>dicere,</strong></span> <span class='ocrx_word' id='word_1_514' title='bbox 3609 3510 3811 3579; x_wconf 84' lang='lat' dir='ltr'><strong>collegio</strong></span> 
     </span>
    </p>
   </div>
   <div class='ocr_carea' id='block_1_78' title="bbox 2255 3587 3806 3658">
    <p class='ocr_par' dir='ltr' id='par_1_78' title="bbox 2255 3587 3806 3658">
     <span class='ocr_line' id='line_1_78' title="bbox 2255 3587 3806 3658; baseline 0.008 -16"><span class='ocrx_word' id='word_1_515' title='bbox 2255 3587 2575 3644; x_wconf 87' lang='lat' dir='ltr'><strong>sacerdotali</strong></span> <span class='ocrx_word' id='word_1_516' title='bbox 2624 3590 2891 3658; x_wconf 87' lang='lat' dir='ltr'><strong>detrudit;</strong></span> <span class='ocrx_word' id='word_1_517' title='bbox 2937 3604 2993 3649; x_wconf 90' lang='lat' dir='ltr'><strong>et</strong></span> <span class='ocrx_word' id='word_1_518' title='bbox 3019 3596 3385 3653; x_wconf 77' lang='lat' dir='ltr'><strong>con‘fusionem</strong></span> <span class='ocrx_word' id='word_1_519' title='bbox 3410 3609 3467 3654; x_wconf 86' lang='lat' dir='ltr'><strong>et</strong></span> <span class='ocrx_word' id='word_1_520' title='bbox 3503 3600 3806 3656; x_wconf 84' lang='lat' dir='ltr'><strong>commixtio-</strong></span> 
     </span>
    </p>
   </div>
   <div class='ocr_carea' id='block_1_79' title="bbox 2255 3681 3805 3763">
    <p class='ocr_par' dir='ltr' id='par_1_79' title="bbox 2255 3681 3805 3763">
     <span class='ocr_line' id='line_1_79' title="bbox 2255 3681 3805 3763; baseline 0.009 -29"><span class='ocrx_word' id='word_1_521' title='bbox 2255 3694 2378 3735; x_wconf 89' lang='lat' dir='ltr'><strong>nem</strong></span> <span class='ocrx_word' id='word_1_522' title='bbox 2408 3682 2459 3735; x_wconf 91' lang='lat' dir='ltr'><strong>in</strong></span> <span class='ocrx_word' id='word_1_523' title='bbox 2488 3681 2699 3737; x_wconf 89' lang='lat' dir='ltr'><strong>duabus</strong></span> <span class='ocrx_word' id='word_1_524' title='bbox 2736 3682 2936 3742; x_wconf 85' lang='lat' dir='ltr'><strong>Christi</strong></span> <span class='ocrx_word' id='word_1_525' title='bbox 2976 3690 3180 3744; x_wconf 73' lang='lat' dir='ltr'><strong>natuiis</strong></span> <span class='ocrx_word' id='word_1_526' title='bbox 3219 3693 3632 3763; x_wconf 86' lang='lat' dir='ltr'><strong>excogitantibus</strong></span> <span class='ocrx_word' id='word_1_527' title='bbox 3674 3694 3805 3748; x_wconf 63' lang='lat' dir='ltr'><strong>reluo</strong></span> 
     </span>
    </p>
   </div>
   <div class='ocr_carea' id='block_1_80' title="bbox 2254 3776 3808 3852">
    <p class='ocr_par' dir='ltr' id='par_1_80' title="bbox 2254 3776 3808 3852">
     <span class='ocr_line' id='line_1_80' title="bbox 2254 3776 3808 3852; baseline 0.01 -26"><span class='ocrx_word' id='word_1_528' title='bbox 2254 3782 2396 3837; x_wconf 87' lang='lat' dir='ltr'><strong>ctat;</strong></span> <span class='ocrx_word' id='word_1_529' title='bbox 2424 3782 2474 3828; x_wconf 91' lang='lat' dir='ltr'><strong>et</strong></span> <span class='ocrx_word' id='word_1_530' title='bbox 2507 3776 2784 3832; x_wconf 78' lang='lat' dir='ltr'><strong>ctelestem</strong></span> <span class='ocrx_word' id='word_1_531' title='bbox 2814 3778 2899 3833; x_wconf 90' lang='lat' dir='ltr'><strong>vel</strong></span> <span class='ocrx_word' id='word_1_532' title='bbox 2933 3780 3155 3837; x_wconf 84' lang='lat' dir='ltr'><strong>alterius</strong></span> <span class='ocrx_word' id='word_1_533' title='bbox 3201 3783 3478 3852; x_wconf 86' lang='lat' dir='ltr'><strong>cujusdam</strong></span> <span class='ocrx_word' id='word_1_534' title='bbox 3522 3786 3808 3841; x_wconf 75' lang='lat' dir='ltr'><strong>substantia</strong></span> 
     </span>
    </p>
   </div>
   <div class='ocr_carea' id='block_1_81' title="bbox 2254 3868 3806 3942">
    <p class='ocr_par' dir='ltr' id='par_1_81' title="bbox 2254 3868 3806 3942">
     <span class='ocr_line' id='line_1_81' title="bbox 2254 3868 3806 3942; baseline 0.01 -23"><span class='ocrx_word' id='word_1_535' title='bbox 2254 3878 2376 3919; x_wconf 87' lang='lat' dir='ltr'><strong>esse</strong></span> <span class='ocrx_word' id='word_1_536' title='bbox 2394 3881 2554 3937; x_wconf 89' lang='lat' dir='ltr'><strong>quam</strong></span> <span class='ocrx_word' id='word_1_537' title='bbox 2579 3868 2645 3924; x_wconf 90' lang='lat' dir='ltr'><strong>de</strong></span> <span class='ocrx_word' id='word_1_538' title='bbox 2675 3869 2829 3925; x_wconf 88' lang='lat' dir='ltr'><strong>nobis</strong></span> <span class='ocrx_word' id='word_1_539' title='bbox 2856 3874 3149 3942; x_wconf 71' lang='lat' dir='ltr'><strong>assumpsit</strong></span> <span class='ocrx_word' id='word_1_540' title='bbox 3176 3874 3278 3931; x_wconf 89' lang='lat' dir='ltr'><strong>sibi</strong></span> <span class='ocrx_word' id='word_1_541' title='bbox 3306 3876 3536 3932; x_wconf 90' lang='lat' dir='ltr'><strong>formam</strong></span> <span class='ocrx_word' id='word_1_542' title='bbox 3556 3880 3806 3942; x_wconf 84' lang='lat' dir='ltr'><strong>servilem,</strong></span> 
     </span>
    </p>
   </div>
   <div class='ocr_carea' id='block_1_82' title="bbox 2254 3957 3804 4039">
    <p class='ocr_par' dir='ltr' id='par_1_82' title="bbox 2254 3957 3804 4039">
     <span class='ocr_line' id='line_1_82' title="bbox 2254 3957 3804 4039; baseline 0.008 -28"><span class='ocrx_word' id='word_1_543' title='bbox 2254 3957 2570 4028; x_wconf 88' lang='lat' dir='ltr'><strong>delirantes,</strong></span> <span class='ocrx_word' id='word_1_544' title='bbox 2600 3964 2950 4031; x_wconf 80' lang='lat' dir='ltr'><strong>exterminat,</strong></span> <span class='ocrx_word' id='word_1_545' title='bbox 2985 3980 3085 4021; x_wconf 90' lang='lat' dir='ltr'><strong>nec</strong></span> <span class='ocrx_word' id='word_1_546' title='bbox 3111 3982 3213 4021; x_wconf 90' lang='lat' dir='ltr'><strong>non</strong></span> <span class='ocrx_word' id='word_1_547' title='bbox 3240 3976 3296 4023; x_wconf 90' lang='lat' dir='ltr'><strong>et</strong></span> <span class='ocrx_word' id='word_1_548' title='bbox 3314 3984 3409 4025; x_wconf 89' lang='lat' dir='ltr'><strong>eos</strong></span> <span class='ocrx_word' id='word_1_549' title='bbox 3432 3973 3521 4039; x_wconf 90' lang='lat' dir='ltr'><strong>qui</strong></span> <span class='ocrx_word' id='word_1_550' title='bbox 3550 3970 3670 4026; x_wconf 89' lang='lat' dir='ltr'><strong>duas</strong></span> <span class='ocrx_word' id='word_1_551' title='bbox 3694 3969 3804 4038; x_wconf 86' lang='lat' dir='ltr'><strong>qui-</strong></span> 
     </span>
    </p>
   </div>
   <div class='ocr_carea' id='block_1_83' title="bbox 2254 4051 3803 4131">
    <p class='ocr_par' dir='ltr' id='par_1_83' title="bbox 2254 4051 3803 4131">
     <span class='ocr_line' id='line_1_83' title="bbox 2254 4051 3803 4131; baseline 0.006 -24"><span class='ocrx_word' id='word_1_552' title='bbox 2254 4051 2377 4107; x_wconf 87' lang='lat' dir='ltr'><strong>dem</strong></span> <span class='ocrx_word' id='word_1_553' title='bbox 2406 4062 2529 4108; x_wconf 88' lang='lat' dir='ltr'><strong>ante</strong></span> <span class='ocrx_word' id='word_1_554' title='bbox 2564 4053 2882 4123; x_wconf 86' lang='lat' dir='ltr'><strong>unitionem,</strong></span> <span class='ocrx_word' id='word_1_555' title='bbox 2935 4072 3095 4113; x_wconf 90' lang='lat' dir='ltr'><strong>unam</strong></span> <span class='ocrx_word' id='word_1_556' title='bbox 3125 4073 3254 4115; x_wconf 87' lang='lat' dir='ltr'><strong>vero</strong></span> <span class='ocrx_word' id='word_1_557' title='bbox 3299 4071 3418 4131; x_wconf 87' lang='lat' dir='ltr'><strong>post</strong></span> <span class='ocrx_word' id='word_1_558' title='bbox 3456 4063 3724 4118; x_wconf 74' lang='lat' dir='ltr'><strong>unitiunem</strong></span> <span class='ocrx_word' id='word_1_559' title='bbox 3756 4062 3803 4116; x_wconf 89' lang='lat' dir='ltr'><strong>in</strong></span> 
     </span>
    </p>
   </div>
   <div class='ocr_carea' id='block_1_84' title="bbox 2256 4144 3805 4221">
    <p class='ocr_par' dir='ltr' id='par_1_84' title="bbox 2256 4144 3805 4221">
     <span class='ocr_line' id='line_1_84' title="bbox 2256 4144 3805 4221; baseline 0.005 -21"><span class='ocrx_word' id='word_1_560' title='bbox 2256 4144 2475 4201; x_wconf 87' lang='lat' dir='ltr'><strong>Christo</strong></span> <span class='ocrx_word' id='word_1_561' title='bbox 2507 4156 2723 4201; x_wconf 90' lang='lat' dir='ltr'><strong>naturas</strong></span> <span class='ocrx_word' id='word_1_562' title='bbox 2754 4146 2994 4204; x_wconf 86' lang='lat' dir='ltr'><strong>fabulose</strong></span> <span class='ocrx_word' id='word_1_563' title='bbox 3019 4150 3355 4221; x_wconf 85' lang='lat' dir='ltr'><strong>conﬁngunt,</strong></span> <span class='ocrx_word' id='word_1_564' title='bbox 3381 4153 3805 4209; x_wconf 81' lang='lat' dir='ltr'><strong>anathematizare</strong></span> 
     </span>
    </p>
   </div>
   <div class='ocr_carea' id='block_1_85' title="bbox 2254 4237 3800 4313">
    <p class='ocr_par' dir='ltr' id='par_1_85' title="bbox 2254 4237 3800 4313">
     <span class='ocr_line' id='line_1_85' title="bbox 2254 4237 3800 4313; baseline 0.004 -22"><span class='ocrx_word' id='word_1_565' title='bbox 2254 4252 2359 4291; x_wconf 92' lang='lat' dir='ltr'><strong>non</strong></span> <span class='ocrx_word' id='word_1_566' title='bbox 2387 4245 2581 4293; x_wconf 88' lang='lat' dir='ltr'><strong>cessat.</strong></span> <span class='ocrx_word' id='word_1_567' title='bbox 2613 4237 2957 4296; x_wconf 86' lang='lat' dir='ltr'><strong>Beatissimos</strong></span> <span class='ocrx_word' id='word_1_568' title='bbox 2977 4241 3138 4311; x_wconf 89' lang='lat' dir='ltr'><strong>igitur</strong></span> <span class='ocrx_word' id='word_1_569' title='bbox 3156 4244 3638 4313; x_wconf 88' lang='lat' dir='ltr'><strong>sequendoPatres,</strong></span> <span class='ocrx_word' id='word_1_570' title='bbox 3658 4257 3800 4299; x_wconf 86' lang='lat' dir='ltr'><strong>unum</strong></span> 
     </span>
    </p>
   </div>
   <div class='ocr_carea' id='block_1_86' title="bbox 2253 4327 3799 4392">
    <p class='ocr_par' dir='ltr' id='par_1_86' title="bbox 2253 4327 3799 4392">
     <span class='ocr_line' id='line_1_86' title="bbox 2253 4327 3799 4392; baseline 0.004 -10"><span class='ocrx_word' id='word_1_571' title='bbox 2253 4336 2305 4382; x_wconf 89' lang='lat' dir='ltr'><strong>et</strong></span> <span class='ocrx_word' id='word_1_572' title='bbox 2341 4330 2577 4383; x_wconf 75' lang='lat' dir='ltr'><strong>eumdem</strong></span> <span class='ocrx_word' id='word_1_573' title='bbox 2593 4327 2782 4385; x_wconf 84' lang='lat' dir='ltr'><strong>Filium</strong></span> <span class='ocrx_word' id='word_1_574' title='bbox 2804 4331 3046 4387; x_wconf 90' lang='lat' dir='ltr'><strong>conﬁteri</strong></span> <span class='ocrx_word' id='word_1_575' title='bbox 3066 4333 3535 4392; x_wconf 83' lang='lat' dir='ltr'><strong>DontinumJesum</strong></span> <span class='ocrx_word' id='word_1_576' title='bbox 3562 4336 3799 4391; x_wconf 79' lang='lat' dir='ltr'><strong>Christum</strong></span> 
     </span>
    </p>
   </div>
   <div class='ocr_carea' id='block_1_87' title="bbox 2254 4420 3797 4489">
    <p class='ocr_par' dir='ltr' id='par_1_87' title="bbox 2254 4420 3797 4489">
     <span class='ocr_line' id='line_1_87' title="bbox 2254 4420 3797 4489; baseline 0.004 -14"><span class='ocrx_word' id='word_1_577' title='bbox 2254 4420 2706 4476; x_wconf 85' lang='lat' dir='ltr'><strong>concordantibus</strong></span> <span class='ocrx_word' id='word_1_578' title='bbox 2773 4437 2960 4478; x_wconf 87' lang='lat' dir='ltr'><strong>omnes</strong></span> <span class='ocrx_word' id='word_1_579' title='bbox 3020 4424 3448 4483; x_wconf 85' lang='lat' dir='ltr'><strong>institutionibus</strong></span> <span class='ocrx_word' id='word_1_580' title='bbox 3518 4428 3797 4489; x_wconf 87' lang='lat' dir='ltr'><strong>edocemus,</strong></span> 
     </span>
    </p>
   </div>
   <div class='ocr_carea' id='block_1_88' title="bbox 2256 4511 3799 4587">
    <p class='ocr_par' dir='ltr' id='par_1_88' title="bbox 2256 4511 3799 4587">
     <span class='ocr_line' id='line_1_88' title="bbox 2256 4511 3799 4587; baseline 0.003 -21"><span class='ocrx_word' id='word_1_581' title='bbox 2256 4512 2503 4566; x_wconf 89' lang='lat' dir='ltr'><strong>eumdem</strong></span> <span class='ocrx_word' id='word_1_582' title='bbox 2531 4511 2581 4566; x_wconf 92' lang='lat' dir='ltr'><strong>in</strong></span> <span class='ocrx_word' id='word_1_583' title='bbox 2627 4512 2832 4568; x_wconf 86' lang='lat' dir='ltr'><strong>Deitate</strong></span> <span class='ocrx_word' id='word_1_584' title='bbox 2857 4514 3173 4587; x_wconf 90' lang='lat' dir='ltr'><strong>perfectum,</strong></span> <span class='ocrx_word' id='word_1_585' title='bbox 3204 4517 3452 4574; x_wconf 90' lang='lat' dir='ltr'><strong>eumdem</strong></span> <span class='ocrx_word' id='word_1_586' title='bbox 3479 4518 3535 4575; x_wconf 83' lang='lat' dir='ltr'><strong>in‘</strong></span> <span class='ocrx_word' id='word_1_587' title='bbox 3584 4515 3799 4574; x_wconf 84' lang='lat' dir='ltr'><strong>humani-</strong></span> 
     </span>
    </p>
   </div>
   <div class='ocr_carea' id='block_1_89' title="bbox 2259 4605 3794 4675">
    <p class='ocr_par' dir='ltr' id='par_1_89' title="bbox 2259 4605 3794 4675">
     <span class='ocr_line' id='line_1_89' title="bbox 2259 4605 3794 4675; baseline 0.003 -18"><span class='ocrx_word' id='word_1_588' title='bbox 2259 4610 2369 4659; x_wconf 89' lang='lat' dir='ltr'><strong>tate</strong></span> <span class='ocrx_word' id='word_1_589' title='bbox 2390 4606 2706 4675; x_wconf 79' lang='lat' dir='ltr'><strong>pcrfectum,</strong></span> <span class='ocrx_word' id='word_1_590' title='bbox 2733 4605 2899 4661; x_wconf 89' lang='lat' dir='ltr'><strong>Deum</strong></span> <span class='ocrx_word' id='word_1_591' title='bbox 2921 4622 3050 4663; x_wconf 85' lang='lat' dir='ltr'><strong>vere</strong></span> <span class='ocrx_word' id='word_1_592' title='bbox 3069 4618 3125 4664; x_wconf 90' lang='lat' dir='ltr'><strong>et</strong></span> <span class='ocrx_word' id='word_1_593' title='bbox 3147 4625 3270 4666; x_wconf 78' lang='lat' dir='ltr'><strong>vere</strong></span> <span class='ocrx_word' id='word_1_594' title='bbox 3288 4609 3557 4667; x_wconf 89' lang='lat' dir='ltr'><strong>hominem</strong></span> <span class='ocrx_word' id='word_1_595' title='bbox 3584 4611 3794 4667; x_wconf 83' lang='lat' dir='ltr'><strong>eumdem</strong></span> 
     </span>
    </p>
   </div>
   <div class='ocr_carea' id='block_1_90' title="bbox 579 4666 2151 4769">
    <p class='ocr_par' dir='ltr' id='par_1_90' title="bbox 579 4680 2151 4752">
     <span class='ocr_line' id='line_1_90' title="bbox 579 4680 2151 4752; baseline 0.003 -16"><span class='ocrx_word' id='word_1_596' title='bbox 579 4696 699 4736; x_wconf 85' lang='lat' dir='ltr'><strong>esse</strong></span> <span class='ocrx_word' id='word_1_597' title='bbox 726 4680 1056 4751; x_wconf 88' lang='lat' dir='ltr'><strong>signiﬁcant;</strong></span> <span class='ocrx_word' id='word_1_598' title='bbox 1087 4696 1150 4736; x_wconf 90' lang='lat' dir='ltr'><strong>ea</strong></span> <span class='ocrx_word' id='word_1_599' title='bbox 1181 4690 1400 4752; x_wconf 89' lang='lat' dir='ltr'><strong>propter</strong></span> <span class='ocrx_word' id='word_1_600' title='bbox 1421 4682 1489 4736; x_wconf 89' lang='lat' dir='ltr'><strong>ab</strong></span> <span class='ocrx_word' id='word_1_601' title='bbox 1520 4684 1769 4739; x_wconf 91' lang='lat' dir='ltr'><strong>universa</strong></span> <span class='ocrx_word' id='word_1_602' title='bbox 1800 4695 1986 4740; x_wconf 90' lang='lat' dir='ltr'><strong>contra</strong></span> <span class='ocrx_word' id='word_1_603' title='bbox 2014 4691 2151 4742; x_wconf 81' lang='lat' dir='ltr'><strong>veri-</strong></span> 
     </span>
    </p>
   </div>
   <div class='ocr_carea' id='block_1_91' title="bbox 2255 4666 3797 4769">
    <p class='ocr_par' dir='ltr' id='par_1_91' title="bbox 2262 4695 3797 4769">
     <span class='ocr_line' id='line_1_91' title="bbox 2262 4695 3797 4769; baseline 0.003 -19"><span class='ocrx_word' id='word_1_604' title='bbox 2262 4711 2325 4750; x_wconf 91' lang='lat' dir='ltr'><strong>ex</strong></span> <span class='ocrx_word' id='word_1_605' title='bbox 2358 4695 2533 4750; x_wconf 88' lang='lat' dir='ltr'><strong>anima</strong></span> <span class='ocrx_word' id='word_1_606' title='bbox 2565 4696 2811 4752; x_wconf 88' lang='lat' dir='ltr'><strong>rationali</strong></span> <span class='ocrx_word' id='word_1_607' title='bbox 2837 4706 2893 4752; x_wconf 88' lang='lat' dir='ltr'><strong>et</strong></span> <span class='ocrx_word' id='word_1_608' title='bbox 2918 4712 3162 4769; x_wconf 87' lang='lat' dir='ltr'><strong>corpore,</strong></span> <span class='ocrx_word' id='word_1_609' title='bbox 3193 4703 3693 4758; x_wconf 85' lang='lat' dir='ltr'><strong>consubstantialem</strong></span> <span class='ocrx_word' id='word_1_610' title='bbox 3718 4700 3797 4754; x_wconf 85' lang='lat' dir='ltr'><strong>Pa-</strong></span> 
     </span>
    </p>
   </div>
   <div class='ocr_carea' id='block_1_92' title="bbox 580 4771 2155 4839">
    <p class='ocr_par' dir='ltr' id='par_1_92' title="bbox 580 4771 2155 4839">
     <span class='ocr_line' id='line_1_92' title="bbox 580 4771 2155 4839; baseline 0.008 -13"><span class='ocrx_word' id='word_1_611' title='bbox 580 4779 743 4828; x_wconf 89' lang='lat' dir='ltr'><strong>tatem</strong></span> <span class='ocrx_word' id='word_1_612' title='bbox 774 4771 1167 4829; x_wconf 89' lang='lat' dir='ltr'><strong>machinatione</strong></span> <span class='ocrx_word' id='word_1_613' title='bbox 1218 4774 1472 4831; x_wconf 87' lang='lat' dir='ltr'><strong>veniente</strong></span> <span class='ocrx_word' id='word_1_614' title='bbox 1517 4776 1703 4832; x_wconf 90' lang='lat' dir='ltr'><strong>volens</strong></span> <span class='ocrx_word' id='word_1_615' title='bbox 1734 4793 1826 4832; x_wconf 80' lang='lat' dir='ltr'><strong>eos</strong></span> <span class='ocrx_word' id='word_1_616' title='bbox 1870 4780 2155 4839; x_wconf 77' lang='lat' dir='ltr'><strong>excludere</strong></span> 
     </span>
    </p>
   </div>
   <div class='ocr_carea' id='block_1_93' title="bbox 579 4858 2149 4947">
    <p class='ocr_par' dir='ltr' id='par_1_93' title="bbox 579 4858 2149 4947">
     <span class='ocr_line' id='line_1_93' title="bbox 579 4858 2149 4947; baseline 0.008 -29"><span class='ocrx_word' id='word_1_617' title='bbox 579 4878 699 4935; x_wconf 67' lang='lat' dir='ltr'><strong>quae</strong></span> <span class='ocrx_word' id='word_1_618' title='bbox 717 4863 877 4919; x_wconf 90' lang='lat' dir='ltr'><strong>modo</strong></span> <span class='ocrx_word' id='word_1_619' title='bbox 904 4858 1103 4934; x_wconf 70' lang='lat' dir='ltr'><strong>praesto</strong></span> <span class='ocrx_word' id='word_1_620' title='bbox 1130 4874 1215 4919; x_wconf 91' lang='lat' dir='ltr'><strong>est</strong></span> <span class='ocrx_word' id='word_1_621' title='bbox 1241 4875 1427 4922; x_wconf 89' lang='lat' dir='ltr'><strong>sancta</strong></span> <span class='ocrx_word' id='word_1_622' title='bbox 1452 4876 1508 4923; x_wconf 91' lang='lat' dir='ltr'><strong>et</strong></span> <span class='ocrx_word' id='word_1_623' title='bbox 1536 4883 1724 4940; x_wconf 88' lang='lat' dir='ltr'><strong>magna</strong></span> <span class='ocrx_word' id='word_1_624' title='bbox 1754 4869 1870 4926; x_wconf 86' lang='lat' dir='ltr'><strong>haec</strong></span> <span class='ocrx_word' id='word_1_625' title='bbox 1891 4874 2149 4947; x_wconf 82' lang='lat' dir='ltr'><strong>synodus,</strong></span> 
     </span>
    </p>
   </div>
   <div class='ocr_carea' id='block_1_94' title="bbox 654 5015 2163 5091">
    <p class='ocr_par' dir='ltr' id='par_1_94' title="bbox 654 5015 2163 5091">
     <span class='ocr_line' id='line_1_94' title="bbox 654 5015 2163 5091; baseline 0.007 -19"><span class='ocrx_word' id='word_1_626' title='bbox 654 5026 678 5058; x_wconf 70' lang='grc' dir='ltr'><em>ε</em></span> <span class='ocrx_word' id='word_1_627' title='bbox 713 5019 804 5074; x_wconf 83' lang='lat' dir='ltr'><strong>Sic</strong></span> <span class='ocrx_word' id='word_1_628' title='bbox 830 5015 952 5073; x_wconf 92' lang='lat' dir='ltr'><strong>cod.</strong></span> <span class='ocrx_word' id='word_1_629' title='bbox 976 5016 1135 5073; x_wconf 90' lang='lat' dir='ltr'><strong>Vind.</strong></span> <span class='ocrx_word' id='word_1_630' title='bbox 1163 5032 1284 5073; x_wconf 91' lang='lat' dir='ltr'><strong>cum</strong></span> <span class='ocrx_word' id='word_1_631' title='bbox 1326 5018 1523 5076; x_wconf 90' lang='lat' dir='ltr'><strong>Burch.</strong></span> <span class='ocrx_word' id='word_1_632' title='bbox 1554 5022 1893 5091; x_wconf 85' lang='lat' dir='ltr'><strong>Quesnellus,</strong></span> <span class='ocrx_word' id='word_1_633' title='bbox 1941 5027 1994 5079; x_wconf 83' lang='lat' dir='ltr'><strong>in</strong></span> <span class='ocrx_word' id='word_1_634' title='bbox 2033 5027 2163 5082; x_wconf 85' lang='lat' dir='ltr'><strong>divi-</strong></span> 
     </span>
    </p>
   </div>
   <div class='ocr_carea' id='block_1_95' title="bbox 580 5090 757 5144">
    <p class='ocr_par' dir='ltr' id='par_1_95' title="bbox 580 5090 757 5144">
     <span class='ocr_line' id='line_1_95' title="bbox 580 5090 757 5144; baseline -0.011 0"><span class='ocrx_word' id='word_1_635' title='bbox 580 5090 757 5144; x_wconf 85' lang='lat' dir='ltr'><strong>nitate.</strong></span> 
     </span>
    </p>
   </div>
   <div class='ocr_carea' id='block_1_96' title="bbox 651 5158 1658 5228">
    <p class='ocr_par' dir='ltr' id='par_1_96' title="bbox 651 5158 1658 5228">
     <span class='ocr_line' id='line_1_96' title="bbox 651 5158 1658 5228; baseline 0.005 -15"><span class='ocrx_word' id='word_1_636' title='bbox 651 5158 679 5197; x_wconf 75' lang='grc' dir='ltr'>ιι</span> <span class='ocrx_word' id='word_1_637' title='bbox 711 5158 930 5228; x_wconf 91' lang='lat' dir='ltr'><strong>Burch.,</strong></span> <span class='ocrx_word' id='word_1_638' title='bbox 966 5161 1243 5215; x_wconf 80' lang='lat' dir='ltr'><strong>secundum</strong></span> <span class='ocrx_word' id='word_1_639' title='bbox 1267 5162 1658 5218; x_wconf 78' lang='lat' dir='ltr'><strong>humanitatem.</strong></span> 
     </span>
    </p>
   </div>
   <div class='ocr_carea' id='block_1_97' title="bbox 655 5230 2164 5298">
    <p class='ocr_par' dir='ltr' id='par_1_97' title="bbox 655 5230 2164 5298">
     <span class='ocr_line' id='line_1_97' title="bbox 655 5230 2164 5298; baseline 0.009 -14"><span class='ocrx_word' id='word_1_640' title='bbox 655 5242 677 5268; x_wconf 75' lang='grc' dir='ltr'><strong>ο</strong></span> <span class='ocrx_word' id='word_1_641' title='bbox 708 5231 1015 5298; x_wconf 83' lang='lat' dir='ltr'><strong>Adjecitnus</strong></span> <span class='ocrx_word' id='word_1_642' title='bbox 1044 5230 1234 5285; x_wconf 81' lang='lat' dir='ltr'><strong>Filium</strong></span> <span class='ocrx_word' id='word_1_643' title='bbox 1264 5248 1385 5288; x_wconf 92' lang='lat' dir='ltr'><strong>cum</strong></span> <span class='ocrx_word' id='word_1_644' title='bbox 1416 5249 1517 5289; x_wconf 90' lang='lat' dir='ltr'><strong>ms.</strong></span> <span class='ocrx_word' id='word_1_645' title='bbox 1549 5235 1708 5290; x_wconf 90' lang='lat' dir='ltr'><strong>Vind.</strong></span> <span class='ocrx_word' id='word_1_646' title='bbox 1733 5244 1788 5292; x_wconf 80' lang='lat' dir='ltr'><strong>et</strong></span> <span class='ocrx_word' id='word_1_647' title='bbox 1811 5237 2009 5294; x_wconf 79' lang='lat' dir='ltr'><strong>Burch.</strong></span> <span class='ocrx_word' id='word_1_648' title='bbox 2044 5239 2164 5297; x_wconf 78' lang='lat' dir='ltr'><strong>Mox</strong></span> 
     </span>
    </p>
   </div>
   <div class='ocr_carea' id='block_1_98' title="bbox 584 5300 1705 5361">
    <p class='ocr_par' dir='ltr' id='par_1_98' title="bbox 584 5300 1705 5361">
     <span class='ocr_line' id='line_1_98' title="bbox 584 5300 1705 5361; baseline 0.004 -4"><span class='ocrx_word' id='word_1_649' title='bbox 584 5301 729 5357; x_wconf 87' lang='lat' dir='ltr'><strong>idem</strong></span> <span class='ocrx_word' id='word_1_650' title='bbox 757 5300 957 5355; x_wconf 88' lang='lat' dir='ltr'><strong>Burch.</strong></span> <span class='ocrx_word' id='word_1_651' title='bbox 989 5315 1088 5361; x_wconf 83' lang='lat' dir='ltr'><strong>pro</strong></span> <span class='ocrx_word' id='word_1_652' title='bbox 1108 5303 1311 5355; x_wconf 84' lang='lat' dir='ltr'><strong>verbum</strong></span> <span class='ocrx_word' id='word_1_653' title='bbox 1340 5303 1500 5358; x_wconf 89' lang='lat' dir='ltr'><strong>habet</strong></span> <span class='ocrx_word' id='word_1_654' title='bbox 1517 5323 1705 5361; x_wconf 86' lang='lat' dir='ltr'><strong>verum.</strong></span> 
     </span>
    </p>
   </div>
   <div class='ocr_carea' id='block_1_99' title="bbox 654 5369 2163 5444">
    <p class='ocr_par' dir='ltr' id='par_1_99' title="bbox 654 5369 2163 5444">
     <span class='ocr_line' id='line_1_99' title="bbox 654 5369 2163 5444; baseline 0.011 -22"><span class='ocrx_word' id='word_1_655' title='bbox 654 5369 679 5408; x_wconf 75' lang='grc' dir='ltr'><em>ά</em></span> <span class='ocrx_word' id='word_1_656' title='bbox 706 5369 1196 5444; x_wconf 72' lang='lat' dir='ltr'><strong>Voces__t&#39;e[_eorunt</strong></span> <span class='ocrx_word' id='word_1_657' title='bbox 1220 5375 1571 5444; x_wconf 81' lang='lat' dir='ltr'><strong>sectatoribus,</strong></span> <span class='ocrx_word' id='word_1_658' title='bbox 1595 5393 1623 5429; x_wconf 93' lang='lat' dir='ltr'><strong>a</strong></span> <span class='ocrx_word' id='word_1_659' title='bbox 1655 5378 1953 5444; x_wconf 81' lang='lat' dir='ltr'><strong>Quesnello</strong></span> <span class='ocrx_word' id='word_1_660' title='bbox 2000 5381 2163 5439; x_wconf 86' lang='lat' dir='ltr'><strong>omis-</strong></span> 
     </span>
    </p>
   </div>
   <div class='ocr_carea' id='block_1_100' title="bbox 583 5441 1799 5514">
    <p class='ocr_par' dir='ltr' id='par_1_100' title="bbox 583 5441 1799 5514">
     <span class='ocr_line' id='line_1_100' title="bbox 583 5441 1799 5514; baseline 0.003 -16"><span class='ocrx_word' id='word_1_661' title='bbox 583 5456 674 5499; x_wconf 85' lang='lat' dir='ltr'><strong>sas</strong></span> <span class='ocrx_word' id='word_1_662' title='bbox 698 5442 856 5514; x_wconf 79' lang='lat' dir='ltr'><strong>codd.</strong></span> <span class='ocrx_word' id='word_1_663' title='bbox 884 5441 1042 5514; x_wconf 89' lang='lat' dir='ltr'><strong>Vind.</strong></span> <span class='ocrx_word' id='word_1_664' title='bbox 1068 5441 1341 5514; x_wconf 79' lang='lat' dir='ltr'><strong>etBurcb.</strong></span> <span class='ocrx_word' id='word_1_665' title='bbox 1370 5441 1799 5514; x_wconf 76' lang='lat' dir='ltr'><strong>suppeditarunt.</strong></span> 
     </span>
    </p>
   </div>
   <div class='ocr_carea' id='block_1_101' title="bbox 657 5510 2161 5584">
    <p class='ocr_par' dir='ltr' id='par_1_101' title="bbox 657 5510 2161 5584">
     <span class='ocr_line' id='line_1_101' title="bbox 657 5510 2161 5584; baseline 0.012 -20"><span class='ocrx_word' id='word_1_666' title='bbox 657 5522 682 5552; x_wconf 78' lang='grc' dir='ltr'><strong><em>ο</em></strong></span> <span class='ocrx_word' id='word_1_667' title='bbox 709 5510 1030 5584; x_wconf 87' lang='lat' dir='ltr'><strong>Quesnellus</strong></span> <span class='ocrx_word' id='word_1_668' title='bbox 1056 5512 1177 5584; x_wconf 79' lang='lat' dir='ltr'><strong>huic</strong></span> <span class='ocrx_word' id='word_1_669' title='bbox 1204 5510 1717 5584; x_wconf 58' lang='lat' dir='ltr'><strong>capitulo&#39;e&#39;jusmodi</strong></span> <span class='ocrx_word' id='word_1_670' title='bbox 1743 5520 2161 5581; x_wconf 90' lang='lat' dir='ltr'><strong>admonitionem</strong></span> 
     </span>
    </p>
   </div>
   <div class='ocr_carea' id='block_1_102' title="bbox 583 5583 2164 5665">
    <p class='ocr_par' dir='ltr' id='par_1_102' title="bbox 583 5583 2164 5665">
     <span class='ocr_line' id='line_1_102' title="bbox 583 5583 2164 5665; baseline 0.009 -28"><span class='ocrx_word' id='word_1_671' title='bbox 583 5586 860 5665; x_wconf 42' lang='lat' dir='ltr'><strong>praemisit:</strong></span> <span class='ocrx_word' id='word_1_672' title='bbox 901 5583 1017 5665; x_wconf 53' lang='lat' dir='ltr'><strong>cln</strong></span> <span class='ocrx_word' id='word_1_673' title='bbox 1054 5583 1316 5665; x_wconf 77' lang='lat' dir='ltr'><strong>Tbuaneo</strong></span> <span class='ocrx_word' id='word_1_674' title='bbox 1364 5583 1547 5665; x_wconf 78' lang='lat' dir='ltr'><strong>codice</strong></span> <span class='ocrx_word' id='word_1_675' title='bbox 1587 5591 1930 5657; x_wconf 78' lang='lat' dir='ltr'><strong>praemittitur</strong></span> <span class='ocrx_word' id='word_1_676' title='bbox 1957 5596 2164 5665; x_wconf 83' lang='lat' dir='ltr'><strong>legibus</strong></span> 
     </span>
    </p>
   </div>
   <div class='ocr_carea' id='block_1_103' title="bbox 585 5652 2163 5730">
    <p class='ocr_par' dir='ltr' id='par_1_103' title="bbox 585 5652 2163 5730">
     <span class='ocr_line' id='line_1_103' title="bbox 585 5652 2163 5730; baseline 0.006 -21"><span class='ocrx_word' id='word_1_677' title='bbox 585 5652 652 5730; x_wconf 59' lang='lat' dir='ltr'><strong>ex</strong></span> <span class='ocrx_word' id='word_1_678' title='bbox 679 5652 1053 5730; x_wconf 39' lang='lat' dir='ltr'><strong>ThQOd‘OS‘liillO</strong></span> <span class='ocrx_word' id='word_1_679' title='bbox 1080 5655 1265 5709; x_wconf 91' lang='lat' dir='ltr'><strong>codice</strong></span> <span class='ocrx_word' id='word_1_680' title='bbox 1284 5652 1726 5730; x_wconf 39' lang='lat' dir='ltr'><strong>decerptisfnuaa</strong></span> <span class='ocrx_word' id='word_1_681' title='bbox 1751 5673 1911 5730; x_wconf 85' lang='lat' dir='ltr'><strong>caput</strong></span> <span class='ocrx_word' id='word_1_682' title='bbox 1933 5652 2163 5720; x_wconf 43' lang='lat' dir='ltr'><strong>Mycon-</strong></span> 
     </span>
    </p>
   </div>
   <div class='ocr_carea' id='block_1_104' title="bbox 584 5722 2161 5795">
    <p class='ocr_par' dir='ltr' id='par_1_104' title="bbox 584 5722 2161 5795">
     <span class='ocr_line' id='line_1_104' title="bbox 584 5722 2161 5795; baseline 0.01 -21"><span class='ocrx_word' id='word_1_683' title='bbox 584 5724 739 5795; x_wconf 72' lang='lat' dir='ltr'><strong>ﬂant,</strong></span> <span class='ocrx_word' id='word_1_684' title='bbox 759 5722 999 5795; x_wconf 77' lang='lat' dir='ltr'><strong>Deﬁnitio</strong></span> <span class='ocrx_word' id='word_1_685' title='bbox 1020 5734 1211 5779; x_wconf 70' lang='lat' dir='ltr'><strong>sancta:</strong></span> <span class='ocrx_word' id='word_1_686' title='bbox 1233 5727 1413 5795; x_wconf 80' lang='lat' dir='ltr'><strong>synodi</strong></span> <span class='ocrx_word' id='word_1_687' title='bbox 1434 5722 1862 5785; x_wconf 79' lang='lat' dir='ltr'><strong>Chalcedonensis</strong></span> <span class='ocrx_word' id='word_1_688' title='bbox 1878 5750 1896 5787; x_wconf 88' lang='lat'><strong><em>:</em></strong></span> <span class='ocrx_word' id='word_1_689' title='bbox 1926 5735 1996 5788; x_wconf 84' lang='lat' dir='ltr'><strong>ita</strong></span> <span class='ocrx_word' id='word_1_690' title='bbox 2019 5736 2161 5789; x_wconf 89' lang='lat' dir='ltr'><strong>enim</strong></span> 
     </span>
    </p>
   </div>
   <div class='ocr_carea' id='block_1_105' title="bbox 587 5794 2163 5874">
    <p class='ocr_par' dir='ltr' id='par_1_105' title="bbox 587 5794 2163 5874">
     <span class='ocr_line' id='line_1_105' title="bbox 587 5794 2163 5874; baseline 0.008 -26"><span class='ocrx_word' id='word_1_691' title='bbox 587 5794 661 5848; x_wconf 92' lang='lat' dir='ltr'><strong>ibi</strong></span> <span class='ocrx_word' id='word_1_692' title='bbox 690 5794 1011 5874; x_wconf 75' lang='lat' dir='ltr'><strong>inscribitur_</strong></span> <span class='ocrx_word' id='word_1_693' title='bbox 1025 5794 1280 5874; x_wconf 77' lang='lat' dir='ltr'><strong>tractatus</strong></span> <span class='ocrx_word' id='word_1_694' title='bbox 1308 5796 1396 5851; x_wconf 90' lang='lat' dir='ltr'><strong>ille</strong></span> <span class='ocrx_word' id='word_1_695' title='bbox 1420 5813 1577 5874; x_wconf 73' lang='lat' dir='ltr'><strong>quem</strong></span> <span class='ocrx_word' id='word_1_696' title='bbox 1609 5801 1873 5857; x_wconf 88' lang='lat' dir='ltr'><strong>editiones</strong></span> <span class='ocrx_word' id='word_1_697' title='bbox 1900 5804 2163 5874; x_wconf 80' lang='lat' dir='ltr'><strong>antiquio-</strong></span> 
     </span>
    </p>
   </div>
   <div class='ocr_carea' id='block_1_106' title="bbox 588 5864 2161 5943">
    <p class='ocr_par' dir='ltr' id='par_1_106' title="bbox 588 5864 2161 5943">
     <span class='ocr_line' id='line_1_106' title="bbox 588 5864 2161 5943; baseline 0.009 -25"><span class='ocrx_word' id='word_1_698' title='bbox 588 5876 678 5918; x_wconf 86' lang='lat' dir='ltr'><strong>res</strong></span> <span class='ocrx_word' id='word_1_699' title='bbox 714 5865 932 5921; x_wconf 85' lang='lat' dir='ltr'><strong>alteram</strong></span> <span class='ocrx_word' id='word_1_700' title='bbox 980 5864 1345 5923; x_wconf 79' lang='lat' dir='ltr'><strong>deﬁnitionem</strong></span> <span class='ocrx_word' id='word_1_701' title='bbox 1394 5864 1685 5940; x_wconf 75' lang='lat' dir='ltr'><strong>appellant,</strong></span> <span class='ocrx_word' id='word_1_702' title='bbox 1740 5874 1981 5943; x_wconf 87' lang='lat' dir='ltr'><strong>nonnulli</strong></span> <span class='ocrx_word' id='word_1_703' title='bbox 2028 5864 2161 5935; x_wconf 66' lang='lat' dir='ltr'><strong>vero</strong></span> 
     </span>
    </p>
   </div>
   <div class='ocr_carea' id='block_1_107' title="bbox 2265 4786 3796 4852">
    <p class='ocr_par' dir='ltr' id='par_1_107' title="bbox 2265 4786 3796 4852">
     <span class='ocr_line' id='line_1_107' title="bbox 2265 4786 3796 4852; baseline 0.003 -12"><span class='ocrx_word' id='word_1_704' title='bbox 2265 4789 2331 4841; x_wconf 89' lang='lat' dir='ltr'><strong>tri</strong></span> <span class='ocrx_word' id='word_1_705' title='bbox 2361 4786 2651 4841; x_wconf 90' lang='lat' dir='ltr'><strong>secundum</strong></span> <span class='ocrx_word' id='word_1_706' title='bbox 2668 4786 2953 4852; x_wconf 81' lang='lat' dir='ltr'><strong>Deitatem,</strong></span> <span class='ocrx_word' id='word_1_707' title='bbox 2976 4791 3482 4848; x_wconf 82' lang='lat' dir='ltr'><strong>consubstantialem</strong></span> <span class='ocrx_word' id='word_1_708' title='bbox 3511 4794 3656 4850; x_wconf 85' lang='lat' dir='ltr'><strong>nobis</strong></span> <span class='ocrx_word' id='word_1_709' title='bbox 3678 4806 3796 4846; x_wconf 74' lang='lat' dir='ltr'><strong>rum-</strong></span> 
     </span>
    </p>
   </div>
   <div class='ocr_carea' id='block_1_108' title="bbox 2263 4876 3796 4955">
    <p class='ocr_par' dir='ltr' id='par_1_108' title="bbox 2263 4876 3796 4955">
     <span class='ocr_line' id='line_1_108' title="bbox 2263 4876 3796 4955; baseline 0.007 -24"><span class='ocrx_word' id='word_1_710' title='bbox 2263 4878 2384 4932; x_wconf 89' lang='lat' dir='ltr'><strong>dem</strong></span> <span class='ocrx_word' id='word_1_711' title='bbox 2412 4876 2702 4932; x_wconf 88' lang='lat' dir='ltr'><strong>secundum</strong></span> <span class='ocrx_word' id='word_1_712' title='bbox 2733 4876 3140 4949; x_wconf 86' lang='lat' dir='ltr'><strong>humanitatem,</strong></span> <span class='ocrx_word' id='word_1_713' title='bbox 3160 4897 3255 4953; x_wconf 90' lang='lat' dir='ltr'><strong>per</strong></span> <span class='ocrx_word' id='word_1_714' title='bbox 3274 4885 3452 4940; x_wconf 88' lang='lat' dir='ltr'><strong>omnia</strong></span> <span class='ocrx_word' id='word_1_715' title='bbox 3481 4886 3696 4941; x_wconf 85' lang='lat' dir='ltr'><strong>similem</strong></span> <span class='ocrx_word' id='word_1_716' title='bbox 3717 4895 3796 4955; x_wconf 68' lang='lat' dir='ltr'><strong>n9-</strong></span> 
     </span>
    </p>
   </div>
   <div class='ocr_carea' id='block_1_109' title="bbox 2269 5036 3792 5113">
    <p class='ocr_par' dir='ltr' id='par_1_109' title="bbox 2269 5036 3792 5113">
     <span class='ocr_line' id='line_1_109' title="bbox 2269 5036 3792 5113; baseline 0.005 -30"><span class='ocrx_word' id='word_1_717' title='bbox 2269 5037 2991 5113; x_wconf 34' lang='lat' dir='ltr'><strong>p-artctn&#39;autumant_unicte</strong></span> <span class='ocrx_word' id='word_1_718' title='bbox 3021 5036 3345 5113; x_wconf 88' lang='lat' dir='ltr'><strong>deﬁnitionis</strong></span> <span class='ocrx_word' id='word_1_719' title='bbox 3374 5054 3576 5113; x_wconf 76' lang='lat' dir='ltr'><strong>quarta:</strong></span> <span class='ocrx_word' id='word_1_720' title='bbox 3620 5036 3792 5111; x_wconf 64' lang='lat' dir='ltr'><strong>synodi.</strong></span> 
     </span>
    </p>
   </div>
   <div class='ocr_carea' id='block_1_110' title="bbox 2268 5104 3791 5185">
    <p class='ocr_par' dir='ltr' id='par_1_110' title="bbox 2268 5104 3791 5185">
     <span class='ocr_line' id='line_1_110' title="bbox 2268 5104 3791 5185; baseline 0.002 -29"><span class='ocrx_word' id='word_1_721' title='bbox 2268 5106 2398 5185; x_wconf 52' lang='lat' dir='ltr'><strong>biant</strong></span> <span class='ocrx_word' id='word_1_722' title='bbox 2429 5104 2517 5185; x_wconf 79' lang='lat' dir='ltr'><strong>hic</strong></span> <span class='ocrx_word' id='word_1_723' title='bbox 2547 5107 3023 5185; x_wconf 62' lang='lat' dir='ltr'><strong>praetermittimus,</strong></span> <span class='ocrx_word' id='word_1_724' title='bbox 3060 5104 3465 5185; x_wconf 73' lang='lat' dir='ltr'><strong>tnm__quia_tton</strong></span> <span class='ocrx_word' id='word_1_725' title='bbox 3491 5104 3714 5185; x_wconf 63' lang='lat' dir='ltr'><strong>habe-Eur</strong></span> <span class='ocrx_word' id='word_1_726' title='bbox 3748 5112 3791 5185; x_wconf 79' lang='lat' dir='ltr'><strong>in</strong></span> 
     </span>
    </p>
   </div>
   <div class='ocr_carea' id='block_1_111' title="bbox 2271 5174 3793 5255">
    <p class='ocr_par' dir='ltr' id='par_1_111' title="bbox 2271 5174 3793 5255">
     <span class='ocr_line' id='line_1_111' title="bbox 2271 5174 3793 5255; baseline 0.005 -27"><span class='ocrx_word' id='word_1_727' title='bbox 2271 5174 2559 5229; x_wconf 75' lang='lat' dir='ltr'><strong>Osoniensi</strong></span> <span class='ocrx_word' id='word_1_728' title='bbox 2591 5177 2798 5255; x_wconf 83' lang='lat' dir='ltr'><strong>codice,</strong></span> <span class='ocrx_word' id='word_1_729' title='bbox 2824 5187 2932 5231; x_wconf 89' lang='lat' dir='ltr'><strong>tum</strong></span> <span class='ocrx_word' id='word_1_730' title='bbox 2957 5180 3098 5255; x_wconf 82' lang='lat' dir='ltr'><strong>quod</strong></span> <span class='ocrx_word' id='word_1_731' title='bbox 3127 5174 3254 5255; x_wconf 83' lang='lat' dir='ltr'><strong>nihil</strong></span> <span class='ocrx_word' id='word_1_732' title='bbox 3283 5183 3527 5255; x_wconf 39' lang='lat' dir='ltr'><strong>aliudAsit</strong></span> <span class='ocrx_word' id='word_1_733' title='bbox 3550 5197 3688 5255; x_wconf 87' lang='lat' dir='ltr'><strong>quam</strong></span> <span class='ocrx_word' id='word_1_734' title='bbox 3711 5176 3793 5255; x_wconf 65' lang='lat' dir='ltr'><strong>pri-</strong></span> 
     </span>
    </p>
   </div>
   <div class='ocr_carea' id='block_1_112' title="bbox 2271 5249 3789 5322">
    <p class='ocr_par' dir='ltr' id='par_1_112' title="bbox 2271 5249 3789 5322">
     <span class='ocr_line' id='line_1_112' title="bbox 2271 5249 3789 5322; baseline 0.009 -25"><span class='ocrx_word' id='word_1_735' title='bbox 2271 5259 2357 5322; x_wconf 80' lang='lat' dir='ltr'><strong>t_t_t_a</strong></span> <span class='ocrx_word' id='word_1_736' title='bbox 2388 5255 2617 5322; x_wconf 78' lang='lat' dir='ltr'><strong>quatuor</strong></span> <span class='ocrx_word' id='word_1_737' title='bbox 2645 5249 2953 5302; x_wconf 90' lang='lat' dir='ltr'><strong>versionum</strong></span> <span class='ocrx_word' id='word_1_738' title='bbox 2996 5250 3048 5304; x_wconf 90' lang='lat' dir='ltr'><strong>in</strong></span> <span class='ocrx_word' id='word_1_739' title='bbox 3080 5252 3401 5306; x_wconf 83' lang='lat' dir='ltr'><strong>editionibns</strong></span> <span class='ocrx_word' id='word_1_740' title='bbox 3426 5249 3634 5322; x_wconf 73' lang='lat' dir='ltr'><strong>Crabbi,</strong></span> <span class='ocrx_word' id='word_1_741' title='bbox 3663 5250 3789 5322; x_wconf 53' lang='grc' dir='ltr'><strong>διετῆ.</strong></span> 
     </span>
    </p>
   </div>
   <div class='ocr_carea' id='block_1_113' title="bbox 2272 5314 3791 5393">
    <p class='ocr_par' dir='ltr' id='par_1_113' title="bbox 2272 5314 3791 5393">
     <span class='ocr_line' id='line_1_113' title="bbox 2272 5314 3791 5393; baseline 0 -23"><span class='ocrx_word' id='word_1_742' title='bbox 2272 5314 2520 5393; x_wconf 76' lang='lat' dir='ltr'><strong>Nicolini,</strong></span> <span class='ocrx_word' id='word_1_743' title='bbox 2548 5326 2680 5393; x_wconf 84' lang='lat' dir='ltr'><strong>etc.,</strong></span> <span class='ocrx_word' id='word_1_744' title='bbox 2713 5333 3069 5393; x_wconf 77' lang='lat' dir='ltr'><strong>excusarttm,</strong></span> <span class='ocrx_word' id='word_1_745' title='bbox 3089 5336 3220 5391; x_wconf 88' lang='lat' dir='ltr'><strong>quas</strong></span> <span class='ocrx_word' id='word_1_746' title='bbox 3249 5324 3476 5393; x_wconf 90' lang='lat' dir='ltr'><strong>quisque</strong></span> <span class='ocrx_word' id='word_1_747' title='bbox 3504 5314 3644 5378; x_wconf 79' lang='lat' dir='ltr'><strong>facile</strong></span> <span class='ocrx_word' id='word_1_748' title='bbox 3674 5321 3791 5381; x_wconf 78' lang='lat' dir='ltr'><strong>adire</strong></span> 
     </span>
    </p>
   </div>
   <div class='ocr_carea' id='block_1_114' title="bbox 2272 5386 3789 5462">
    <p class='ocr_par' dir='ltr' id='par_1_114' title="bbox 2272 5386 3789 5462">
     <span class='ocr_line' id='line_1_114' title="bbox 2272 5386 3789 5462; baseline 0 -22"><span class='ocrx_word' id='word_1_749' title='bbox 2272 5386 2464 5462; x_wconf 74' lang='lat' dir='ltr'><strong>possit.</strong></span> <span class='ocrx_word' id='word_1_750' title='bbox 2492 5388 2725 5462; x_wconf 83' lang='lat' dir='ltr'><strong>Denique</strong></span> <span class='ocrx_word' id='word_1_751' title='bbox 2757 5390 2949 5462; x_wconf 80' lang='lat' dir='ltr'><strong>eadem</strong></span> <span class='ocrx_word' id='word_1_752' title='bbox 2975 5386 3213 5446; x_wconf 76' lang='lat' dir='ltr'><strong>deﬁnitio</strong></span> <span class='ocrx_word' id='word_1_753' title='bbox 3241 5386 3486 5462; x_wconf 57' lang='lat' dir='ltr'><strong>superius</strong></span> <span class='ocrx_word' id='word_1_754' title='bbox 3515 5394 3713 5449; x_wconf 78' lang='lat' dir='ltr'><strong>habentr</strong></span> <span class='ocrx_word' id='word_1_755' title='bbox 3734 5401 3789 5442; x_wconf 75' lang='lat' dir='ltr'><strong>es</strong></span> 
     </span>
    </p>
   </div>
   <div class='ocr_carea' id='block_1_115' title="bbox 2270 5457 3791 5537">
    <p class='ocr_par' dir='ltr' id='par_1_115' title="bbox 2270 5457 3791 5537">
     <span class='ocr_line' id='line_1_115' title="bbox 2270 5457 3791 5537; baseline 0.001 -24"><span class='ocrx_word' id='word_1_756' title='bbox 2270 5457 2719 5537; x_wconf 39' lang='lat' dir='ltr'><strong>aliumet-sionem</strong></span> <span class='ocrx_word' id='word_1_757' title='bbox 2742 5460 2975 5537; x_wconf 61' lang='lat' dir='ltr'><strong>capitulo</strong></span> <span class='ocrx_word' id='word_1_758' title='bbox 2998 5463 3070 5537; x_wconf 68' lang='lat'><strong>‘35</strong></span> <span class='ocrx_word' id='word_1_759' title='bbox 3094 5473 3215 5537; x_wconf 77' lang='lat' dir='ltr'><strong>post</strong></span> <span class='ocrx_word' id='word_1_760' title='bbox 3245 5457 3379 5537; x_wconf 78' lang='lat' dir='ltr'><strong>fidei</strong></span> <span class='ocrx_word' id='word_1_761' title='bbox 3401 5464 3709 5537; x_wconf 74' lang='lat' dir='ltr'><strong>symbolum;</strong></span> <span class='ocrx_word' id='word_1_762' title='bbox 3748 5466 3791 5537; x_wconf 60' lang='grc' dir='ltr'><strong>ςι</strong></span> 
     </span>
    </p>
   </div>
   <div class='ocr_carea' id='block_1_116' title="bbox 2268 5527 3791 5603">
    <p class='ocr_par' dir='ltr' id='par_1_116' title="bbox 2268 5527 3791 5603">
     <span class='ocr_line' id='line_1_116' title="bbox 2268 5527 3791 5603; baseline -0.004 -20"><span class='ocrx_word' id='word_1_763' title='bbox 2268 5529 2340 5583; x_wconf 91' lang='lat' dir='ltr'><strong>ita</strong></span> <span class='ocrx_word' id='word_1_764' title='bbox 2374 5529 2572 5603; x_wconf 77' lang='lat' dir='ltr'><strong>incipit</strong></span> <span class='ocrx_word' id='word_1_765' title='bbox 2604 5547 2616 5582; x_wconf 90' lang='lat'>:</span> <span class='ocrx_word' id='word_1_766' title='bbox 2652 5527 2935 5603; x_wconf 68' lang='lat' dir='ltr'><strong>Sit/fecerat</strong></span> <span class='ocrx_word' id='word_1_767' title='bbox 2979 5527 3179 5602; x_wconf 75' lang='lat' dir='ltr'><strong>quidem</strong></span> <span class='ocrx_word' id='word_1_768' title='bbox 3208 5534 3278 5586; x_wconf 83' lang='lat' dir='ltr'><strong>ad</strong></span> <span class='ocrx_word' id='word_1_769' title='bbox 3324 5527 3599 5603; x_wconf 69' lang='lat' dir='ltr'><strong>plenariam</strong></span> <span class='ocrx_word' id='word_1_770' title='bbox 3624 5529 3791 5603; x_wconf 76' lang='lat' dir='ltr'><strong>pietatis</strong></span> 
     </span>
    </p>
   </div>
   <div class='ocr_carea' id='block_1_117' title="bbox 2267 5599 3790 5670">
    <p class='ocr_par' dir='ltr' id='par_1_117' title="bbox 2267 5599 3790 5670">
     <span class='ocr_line' id='line_1_117' title="bbox 2267 5599 3790 5670; baseline 0.003 -19"><span class='ocrx_word' id='word_1_771' title='bbox 2267 5600 2597 5670; x_wconf 83' lang='lat' dir='ltr'><strong>agnitionem,</strong></span> <span class='ocrx_word' id='word_1_772' title='bbox 2630 5610 2732 5655; x_wconf 91' lang='lat' dir='ltr'><strong>etc.</strong></span> <span class='ocrx_word' id='word_1_773' title='bbox 2766 5618 2783 5651; x_wconf 77' lang='grc' dir='ltr'><strong><em>ι</em></strong></span> <span class='ocrx_word' id='word_1_774' title='bbox 2812 5599 3080 5657; x_wconf 78' lang='lat' dir='ltr'><strong>Hactenus</strong></span> <span class='ocrx_word' id='word_1_775' title='bbox 3110 5606 3200 5659; x_wconf 90' lang='lat' dir='ltr'><strong>ille</strong></span> <span class='ocrx_word' id='word_1_776' title='bbox 3228 5599 3363 5659; x_wconf 84' lang='lat' dir='ltr'><strong>Cum</strong></span> <span class='ocrx_word' id='word_1_777' title='bbox 3391 5622 3406 5660; x_wconf 89' lang='lat'><strong>:</strong></span> <span class='ocrx_word' id='word_1_778' title='bbox 3437 5621 3579 5667; x_wconf 83' lang='lat' dir='ltr'><strong>vero,</strong></span> <span class='ocrx_word' id='word_1_779' title='bbox 3609 5599 3700 5656; x_wconf 89' lang='lat' dir='ltr'><strong>uno</strong></span> <span class='ocrx_word' id='word_1_780' title='bbox 3726 5613 3790 5653; x_wconf 85' lang='lat' dir='ltr'><strong>re-</strong></span> 
     </span>
    </p>
   </div>
   <div class='ocr_carea' id='block_1_118' title="bbox 2267 5669 3788 5744">
    <p class='ocr_par' dir='ltr' id='par_1_118' title="bbox 2267 5669 3788 5744">
     <span class='ocr_line' id='line_1_118' title="bbox 2267 5669 3788 5744; baseline 0.001 -22"><span class='ocrx_word' id='word_1_781' title='bbox 2267 5671 2492 5744; x_wconf 80' lang='lat' dir='ltr'><strong>centiori</strong></span> <span class='ocrx_word' id='word_1_782' title='bbox 2523 5669 2831 5744; x_wconf 83' lang='lat' dir='ltr'><strong>Oxoniensi</strong></span> <span class='ocrx_word' id='word_1_783' title='bbox 2848 5672 3033 5744; x_wconf 90' lang='lat' dir='ltr'><strong>codice</strong></span> <span class='ocrx_word' id='word_1_784' title='bbox 3054 5688 3296 5744; x_wconf 80' lang='lat' dir='ltr'><strong>excepto,</strong></span> <span class='ocrx_word' id='word_1_785' title='bbox 3326 5687 3517 5733; x_wconf 74' lang='lat' dir='ltr'><strong>ctetera</strong></span> <span class='ocrx_word' id='word_1_786' title='bbox 3543 5675 3679 5744; x_wconf 85' lang='lat' dir='ltr'><strong>hujus</strong></span> <span class='ocrx_word' id='word_1_787' title='bbox 3700 5671 3788 5725; x_wconf 88' lang='lat' dir='ltr'><strong>col-</strong></span> 
     </span>
    </p>
   </div>
   <div class='ocr_carea' id='block_1_119' title="bbox 2270 5740 3784 5812">
    <p class='ocr_par' dir='ltr' id='par_1_119' title="bbox 2270 5740 3784 5812">
     <span class='ocr_line' id='line_1_119' title="bbox 2270 5740 3784 5812; baseline 0.004 -21"><span class='ocrx_word' id='word_1_788' title='bbox 2270 5740 2517 5812; x_wconf 80' lang='lat' dir='ltr'><strong>lectionis</strong></span> <span class='ocrx_word' id='word_1_789' title='bbox 2542 5742 2868 5812; x_wconf 81' lang='lat' dir='ltr'><strong>exemplaria</strong></span> <span class='ocrx_word' id='word_1_790' title='bbox 2892 5742 3031 5799; x_wconf 88' lang='lat' dir='ltr'><strong>hanc</strong></span> <span class='ocrx_word' id='word_1_791' title='bbox 3053 5740 3417 5802; x_wconf 75' lang='lat' dir='ltr'><strong>deﬁnitionem</strong></span> <span class='ocrx_word' id='word_1_792' title='bbox 3438 5740 3711 5805; x_wconf 55' lang='lat' dir='ltr'><strong>exhibeant,</strong></span> <span class='ocrx_word' id='word_1_793' title='bbox 3739 5753 3784 5812; x_wconf 59' lang='grc' dir='ltr'><strong>(ξιτ</strong></span> 
     </span>
    </p>
   </div>
   <div class='ocr_carea' id='block_1_120' title="bbox 2267 5808 3781 5934">
    <p class='ocr_par' dir='ltr' id='par_1_120' title="bbox 2267 5808 3781 5934">
     <span class='ocr_line' id='line_1_120' title="bbox 2267 5808 3781 5934; baseline 0.001 -73"><span class='ocrx_word' id='word_1_794' title='bbox 2267 5808 2337 5861; x_wconf 90' lang='lat' dir='ltr'><strong>ab</strong></span> <span class='ocrx_word' id='word_1_795' title='bbox 2373 5810 2611 5934; x_wconf 32' lang='lat' dir='ltr'><strong>ego-idem</strong></span> <span class='ocrx_word' id='word_1_796' title='bbox 2660 5808 2995 5870; x_wconf 85' lang='lat' dir='ltr'><strong>collectionis</strong></span> <span class='ocrx_word' id='word_1_797' title='bbox 3041 5814 3335 5883; x_wconf 77' lang='lat' dir='ltr'><strong>editoribus</strong></span> <span class='ocrx_word' id='word_1_798' title='bbox 3384 5810 3781 5889; x_wconf 66' lang='lat' dir='ltr'><strong>praetermittenda</strong></span> 
     </span>
     <span class='ocr_line' id='line_1_121' title="bbox 2268 5894 2513 5934; baseline 0.004 -1"><span class='ocrx_word' id='word_1_799' title='bbox 2268 5894 2373 5933; x_wconf 82' lang='grc' dir='ltr'><strong>ιιοη</strong></span> <span class='ocrx_word' id='word_1_800' title='bbox 2424 5896 2472 5934; x_wconf 82' lang='grc' dir='ltr'><strong>ιιι</strong></span> <span class='ocrx_word' id='word_1_801' title='bbox 2499 5918 2513 5934; x_wconf 75' lang='lat'><strong>.</strong></span> 
     </span>
    </p>
   </div>
   <div class='ocr_carea' id='block_1_121' title="bbox 2268 5894 2513 5936">
    <p class='ocr_par' dir='ltr' id='par_1_121' title="bbox 2268 5894 2513 5936">
     <span class='ocr_line' id='line_1_122' title="bbox 2268 5894 2513 5936; baseline 0.012 -4"><span class='ocrx_word' id='word_1_802' title='bbox 2268 5894 2373 5933; x_wconf 82' lang='grc' dir='ltr'><strong>ιιοη</strong></span> <span class='ocrx_word' id='word_1_803' title='bbox 2400 5894 2513 5936; x_wconf 68' lang='lat' dir='ltr'><strong>lu“.</strong></span> 
     </span>
    </p>
   </div>
  </div>
