3996 6344
219 427 308 487 681

659 422 890 480 CODEX
927 421 1258 484 CANONUM
1299 419 1583 480 ECCLES.
1626 417 1711 476 ET
1751 415 2334 476 CONSTITUTORUM
2373 418 2430 475 S.
2473 418 2664 476 SEDIS
2704 417 3034 478 APOSTOL.

3377 419 3494 484 66’s

218 543 298 601 bis
326 541 446 597 sine
473 539 634 596 sorde
660 539 888 608 peccati,
930 547 1054 594 ante
1097 539 1292 594 sacula
1323 536 1536 606 quidem
1565 549 1594 588 a
1639 535 1797 588 Patre
1823 531 1878 592 Α
1941 530 2104 603 394
2133 529 2264 587 Item
2292 534 2622 611 eodem‘libro
2652 539 2744 588 sub
2773 539 2942 611 titulo,
2976 537 3054 590 De
3082 536 3162 591 his
3187 540 3276 608 qui
3303 553 3455 611 super

219 637 556 707 progenitum
585 634 879 690 secundum
905 633 1188 695 Deitatem,
1221 632 1273 686 in
1307 631 1509 684 ultimis
1534 641 1664 683 vero
1693 625 1808 680 die-

216 727 314 783 bus
352 725 604 781 eumdem
634 734 856 796 propter
901 740 1024 789 nos,
1060 734 1114 780 et
1142 731 1360 794 pr0pter
1389 729 1629 776 nostram
1662 718 1807 774 salu-

218 827 325 872 tent
354 832 420 872 ex
453 816 619 871 Maria
650 815 889 886 Virgine,
919 830 1038 886 quae
1069 815 1232 870 Deum
1272 813 1483 882 peperit
1513 810 1807 868 secundum

223 908 650 964 incarnationem
676 923 839 962 unum
871 914 927 962 et
957 906 1207 962 eumdem
1239 903 1534 969 Christum,
1589 903 1806 970 Filium,

220 1001 429 1067 Iesum,
467 999 773 1068 Dominum,
817 1000 1170 1071 unigenitum,
1220 1014 1380 1070 quem
1406 998 1456 1052 in
1485 997 1690 1052 duabus
1716 1012 1810 1050 na-

215 1095 352 1150 turis
383 1091 666 1148 inconfuse
695 1101 750 1148 et
796 1092 1221 1159 immutabiliter,
1255 1090 1484 1146 indivise
1525 1099 1682 1160 atque
1722 1089 1807 1144 in-

218 1187 602 1257 separabiliter
635 1201 824 1242 omnes
867 1184 1240 1257 agnoscimus,
1292 1198 1550 1253 nusquam
1600 1183 1806 1238 sublata

213 1280 521 1336 diﬁ‘erentia
553 1291 863 1336 naturarum
898 1288 1116 1351 propter
1142 1278 1465 1343 unitionem,
1497 1276 1591 1331 sed
1630 1277 1809 1346 potius

211 1374 496 1444 utriusque
524 1383 728 1428 natura:
758 1373 1086 1444 proprietate
1149 1380 1383 1437 servata,
1439 1381 1494 1426 ct
1546 1371 1598 1425 in
1647 1370 1806 1440 393

216 1479 321 1518 una
369 1477 726 1520 concurrente
790 1480 1096 1536 personam,
1163 1481 1268 1519 non
1347 1464 1398 1518 in
1459 1463 1592 1518 duas
1639 1463 1809 1517 dedu-

209 1565 360 1612 ctum
411 1555 747 1628 divisumque
802 1572 1080 1623 personas,
1120 1557 1216 1612 sed
1259 1573 1420 1612 unum
1452 1551 1505 1611 et
1559 1555 1808 1612 eumdem

209 1646 452 1716 Filium,
488 1648 654 1703 Deum
707 1664 931 1715 verum,
977 1649 1262 1703 Dominum
1304 1649 1487 1704 Jesum
1513 1646 1805 1713 Christum,

208 1741 377 1798 sicuti
423 1756 522 1796 nos
552 1742 618 1797 ab
649 1742 800 1797 initio
843 1742 1117 1812 propheta:
1140 1742 1207 1797 de
1236 1758 1321 1808 co,
1347 1752 1400 1798 et
1453 1743 1567 1812 ipse
1595 1758 1692 1797 nos
1722 1743 1811 1796 .le-

207 1849 306 1890 sus
336 1833 584 1890 Christus
630 1835 892 1902 instituit,
937 1847 994 1893 et
1044 1847 1326 1907 paternum
1377 1838 1530 1891 nobis
1588 1835 1810 1890 tradidit

207 1930 542 2003 symbolum.
578 1932 669 1987 llis
693 1931 854 2000 igitur
879 1946 909 1986 a
941 1930 1096 1984 nobis
1121 1931 1357 2000 undique
1380 1945 1502 1985 cum
1532 1934 1675 1986 omni
1707 1933 1803 1984 de-
1832 1921 1882 1982 Β

207 2023 537 2080 liberatione
583 2040 645 2081 ac
685 2025 956 2096 diligentia
1006 2026 1207 2096 pariter
1234 2026 1518 2093 ordinatis,
1567 2025 1810 2080 decrevit

207 2125 405 2172 sancta
456 2127 618 2187 atque
647 2118 974 2200 universalis
1005 2117 1118 2173 lucc
1164 2118 1403 2190 synodus
1443 2119 1604 2172 aliam
1654 2118 1818 2172 (idem

207 2213 416 2268 nemini
445 2214 610 2269 licere
632 2214 896 2284 proferre,
922 2217 1036 2270 sive
1062 2215 1430 2284 conscribere,
1463 2227 1553 2270 aut
1576 2229 1817 2284 expone-

211 2322 293 2373 re,
334 2306 417 2362 vel
443 2307 670 2373 sentire,
702 2307 784 2361 vel
811 2308 967 2364 aliter
991 2308 1224 2364 tradere.
1247 2309 1352 2364 Sed
1381 2324 1476 2364 eos
1504 2309 1595 2380 qui
1616 2308 1818 2364 audent

208 2397 293 2453 vel
325 2412 655 2468 componere
697 2398 853 2454 aliam
885 2399 1067 2466 iidem,
1103 2399 1183 2454 vel
1217 2399 1483 2469 proferre,
1531 2400 1616 2454 vel
1648 2400 1816 2456 doce-

209 2509 291 2561 re,
319 2494 406 2549 vel
439 2494 654 2550 tradere
683 2493 830 2550 aliud
851 2494 1156 2566 symbolum
1189 2495 1494 2550 volentibus
1520 2493 1585 2547 ad
1616 2507 1818 2565 cogno-

215 2587 481 2643 scendam
513 2603 573 2644 se
594 2597 912 2644 convertere
938 2590 1219 2645 veritatem
1244 2604 1309 2644 ex
1335 2591 1440 2643 ritu
1471 2603 1676 2660 pagano
1701 2588 1816 2644 sive

217 2681 450 2739 Iudaico
479 2680 565 2738 vel
616 2682 995 2754 qualicumque
1051 2683 1326 2748 hreretico,
1359 2697 1474 2746 eos,
1520 2684 1564 2736 si
1594 2681 1815 2752 quidem

216 2775 465 2846 episcopi
512 2775 596 2831 vel
626 2776 804 2830 clerici
839 2786 986 2844 sunt,
1017 2775 1227 2831 alienos
1270 2789 1392 2830 esse
1433 2773 1717 2844 episcopos
1746 2773 1816 2829 ab

212 2872 553 2942 episcopatu,
585 2880 640 2926 et
662 2871 889 2927 clericos
920 2887 947 2925 a
988 2873 1165 2937 clero;
1213 2871 1355 2942 quod
1380 2870 1426 2925 si
1452 2871 1702 2927 monachi
1729 2869 1816 2925 vel

205 2963 339 3034 laici
373 2961 600 3029 iuerint,
630 2966 1096 3020 anathematizari.

212 3080 378 3153 Leges
403 3096 472 3136 ea:
499 3080 631 3136 libro
675 3097 763 3137 xw
793 3082 995 3138 Codicis
1030 3082 1376 3138 Theodosiani
1413 3082 1504 3137 sub
1535 3080 1705 3148 titulo,
1740 3079 1817 3136 De

828 3155 930 3222 ﬁde
956 3156 1224 3210 catholica.

218 3265 614 3336 lmperatorum
671 3265 966 3331 GRATMNI,
1013 3267 1397 3322 VALENTINIANI
1436 3276 1490 3320 et
1528 3267 1816 3323 Tuzonosn

287 3343 654 3409 Augustorum
708 3340 937 3409 edictuin
968 3339 1034 3393 ad
1083 3341 1332 3406 populum
1367 3338 1513 3392 urbis
1549 3340 1813 3409 Constan-

292 3408 679 3478 tinOpolitanm.
709 3408 861 3480 (Cod.
887 3409 1086 3468 Tlteod.
1115 3409 1207 3464 lib.
1233 3425 1341 3475 xvt,
1366 3411 1444 3463 tit.
1470 3424 1508 3474 ι,
1537 3408 1577 3466 l.
1607 3408 1688 3479 2.)

298 3522 531 3576 Cunctos
556 3522 779 3591 populos
803 3537 935 3592 quos
965 3522 1267 3578 clementiic
1299 3530 1496 3578 nostrae
1527 3522 1663 3591 regit
1685 3529 1816 3577 lem-

221 3622 627 3685 pesatnentum,
660 3613 712 3667 in
747 3614 835 3668 tali
859 3615 1104 3670 volumus
1144 3614 1401 3684 religione
1424 3615 1626 3669 versari
1653 3629 1814 3684 quam

215 3711 464 3766 divinum
497 3706 717 3762 Petrum
747 3708 1047 3777 apostolum
1079 3709 1364 3764 tradidisse
1387 3707 1662 3776 Romanis,
1692 3710 1818 3764 reli-

214 3806 306 3874 gio
332 3818 505 3874 usque
529 3801 596 3856 ad
626 3815 766 3856 nunc
792 3802 858 3856 ab
899 3801 1014 3872 ipso
1045 3801 1307 3856 insinuata
1339 3803 1597 3868 declarat,
1631 3817 1818 3873 quam-

215 3913 327 3968 que
371 3896 678 3967 pontiﬁcem
738 3895 1024 3949 Damasum
1069 3897 1218 3966 sequi
1267 3897 1453 3962 claret,
1488 3906 1542 3952 et
1598 3896 1816 3952 Petrum

214 3987 615 4045 Alexandrina:
643 3986 788 4042 urbis
811 3987 1142 4056 episcopum,
1167 3987 1337 4042 virum
1360 3990 1668 4056 apostolicae
1696 4003 1817 4044 san-

213 4081 433 4136 ctitatis
452 4095 466 4134 :
486 4079 589 4134 hoc
607 4088 710 4143 est,
728 4088 783 4132 ιιι
805 4079 1094 4134 secundum
1117 4081 1460 4148 apostolicam
1483 4080 1817 4150 disciplinam

216 4174 704 4244 evangelicamqne
730 4172 1051 4236 doctrinam,
1083 4171 1274 4238 Patris,
1313 4183 1366 4227 et
1396 4171 1538 4239 Filii,
1570 4185 1620 4228 et
1651 4172 1822 4242 Spiri-

217 4278 308 4324 tus
359 4269 560 4330 sancti,
601 4280 760 4319 nnam
817 4264 1078 4320 Deitatem
1116 4265 1217 4320 sub
1257 4266 1410 4336 parili
1451 4267 1730 4337 majestate
1768 4276 1823 4323 et

214 4360 325 4416 sub
360 4357 446 4429 pia
480 4357 744 4411 Trinitate
778 4357 1084 4413 credamus.
1125 4358 1270 4412 lianc
1318 4359 1485 4427 legem
1535 4369 1824 4429 sequentes

216 4452 664 4510 Christianorum
703 4450 1088 4506 catholicorum
1117 4466 1310 4507 nomen
1337 4452 1589 4522 jubemus
1621 4454 1827 4524 ample-

215 4551 330 4614 cti;
381 4547 619 4616 reliquos
641 4560 770 4601 vero
807 4545 1084 4601 dementes
1127 4561 1460 4617 vesanosque
1494 4549 1820 4616 judicantcs,

216 4639 477 4698 lueretici
507 4638 770 4709 dogmatis
804 4637 1072 4693 infamiam
1107 4639 1392 4704 sustinere,
1433 4654 1531 4694 nec
1561 4641 1823 4696 concilia-

216 4734 358 4790 bula
386 4746 575 4785 eornm
608 4729 970 4785 Ecclesiarum
999 4745 1191 4785 nomen
1214 4732 1476 4800 accipere,
1508 4732 1690 4788 divina
1714 4736 1824 4804 pri-

218 4840 385 4880 mum
410 4822 667 4887 vindicta,
693 4832 810 4892 post
832 4824 994 4877 etiam
1026 4832 1199 4877 motus
1227 4824 1414 4888 nostri,
1443 4839 1598 4890 quem
1630 4841 1693 4879 ex
1717 4840 1828 4881 cte-

153 4959 156 4962 .
219 4920 356 4975 lesti
389 4916 618 4971 arbitrio
641 4914 1048 4983 sumpserimus,
1081 4914 1285 4970 ultione
1328 4915 1660 4984 plectendos.
1693 4917 1824 4971 Data

221 5014 403 5066 tertio
456 5007 563 5062 kal.
613 5006 848 5076 Martias,
888 5006 1304 5072 Thessalonicae,
1346 5008 1601 5062 Gratiano
1642 5010 1829 5079 quinto

219 5115 278 5156 et
303 5098 622 5156 Theodosio
649 5099 904 5167 primum,
933 5097 1187 5169 Augustis
1215 5099 1542 5154 consulibus.

256 5225 341 5296 ﬂ:
371 5211 508 5269 Cod.
541 5209 746 5268 Theod.
789 5211 1060 5277 Gotltol‘r.,
1101 5229 1320 5284 egresso,
1348 5227 1410 5267 ac
1437 5215 1580 5280 dein,
1611 5218 1690 5271 vel
1711 5235 1832 5275 con-

220 5287 446 5410 smbblta
487 5353 646 5408 codd.
682 5352 836 5409 Vind.
881 5361 936 5408 et
970 5352 1058 5408 alii
1100 5371 1130 5410 a
1166 5355 1481 5412 Constantio
1531 5358 1724 5414 laudati
1777 5361 1828 5416 in

221 5427 560 5502 pirgal'atione
586 5425 652 5478 ad
680 5435 817 5502 tom.
851 5424 872 5478 ι
905 5424 1260 5502 Epistolarum
1293 5426 1656 5502 Romanorum
1698 5447 1832 5502 pon-

226 5496 486 5574 tificum,
528 5496 927 5574 p_ag._79,_nec
976 5509 1081 5550 non
1112 5497 1446 5574 _Cotltolredi
1497 5501 1682 5571 editio,
1700 5496 1832 5574 'qtta:

225 5569 405 5638 addit
428 5567 619 5623 Stobis.
649 5566 804 5635 Apud
828 5566 1058 5634 Quesn.,
1088 5567 1323 5638 Augusti.

310 5651 341 5679 ο
379 5637 580 5704 Quesn.
611 5651 906 5706 perperam,
941 5637 1236 5709 prwposiio.
1269 5641 1613 5698 Correximus
1634 5659 1697 5700 ex
1726 5661 1826 5701 no-

225 5720 364 5766 stro
403 5724 468 5764 ac
509 5724 574 5762 ex
603 5709 898 5763 Constantii
943 5711 1236 5778 codicibus,
1269 5728 1368 5768 nec
1406 5730 1512 5770 non
1553 5729 1675 5770 cum
1719 5718 1831 5772 edi-

226 5783 398 5838 tione
421 5779 756 5835 Gethofredi.

313 5851 441 5926 {In
462 5850 741 5926 aliquibus
780 5851 1105 5907 editionibus
1155 5854 1364 5910 Codicis
1417 5855 1621 5912 Theod.
1671 5861 1831 5926 male,

233 5924 426 5978 nullos
451 5922 743 5985 ltwrett'cos;
764 5935 817 5976 et
847 5938 990 5994 mox,
1024 5926 1092 5979 ad
1121 5943 1194 5980 ex.
1213 5928 1382 5982 ruendi
1404 5929 1583 5982 animi.

497 6011 771 6074 ΡΑτιιοι.
821 6012 975 6076 LVI.

1841 3303 1891 3368 ο

1852 4692 1906 4754 D

2401 623 2440 658 rt
2455 605 2642 674 liginne
2667 608 2997 662 contendunt.

1913 715 2264 792 Imperatores
2299 717 2766 792 _}’Atssrtxtanus,
2827 721 3178 792 'l'neonosws,
3223 726 3494 785 AnCADlL'S

1982 788 2540 927 3;tg|t;$lil,2'l)‘ATlANO
2608 793 2857 860 pra-lecto
2909 788 3178 864 primorie.
3235 797 3490 870 (Ibidem,

1981 991 2121 1048 Nulli
2155 1002 2180 1032 ιι
2210 1008 2482 1065 egressum
2511 998 2578 1050 ad
2619 1000 2886 1067 publicum
2930 1001 3013 1057 vel
3049 1001 3382 1074 disceptandi
3425 1004 3496 1062 de

1912 1087 2196 1159 religione.
2225 1089 2308 1144 vel
2334 1091 2616 1160 tractandi,
2648 1109 2746 1150 nec
2764 1095 2972 1151 consilii
2996 1097 3194 1168 aliquid
3217 1100 3494 1157 deferendi

1913 1192 2153 1252 patescat
2182 1183 2414 1239 occasio.
2454 1183 2519 1237 Et
2537 1186 2579 1239 si
2603 1189 2724 1255 quis
2759 1189 2977 1257 posthac
3006 1207 3138 1246 ausu
3166 1194 3313 1263 gravi
3334 1205 3498 1264 atque

1913 1274 2204 1330 damnabili
2242 1285 2428 1331 contra
2458 1277 2762 1346 ltnjnsntodi
2804 1280 2973 1350 legem
3025 1285 3345 1343 veniendum
3376 1301 3498 1344 esse

1912 1366 2224 1431 crediderit,
2257 1368 2339 1422 vel
2371 1369 2620 1425 insistere
2644 1383 2791 1428 motu
2821 1375 3083 1442 pestifera:
3109 1382 3498 1447 perseveratio-

1914 1460 1999 1516 nis
2027 1463 2263 1530 audebit,
2285 1465 2608 1532 competenti
2637 1480 2791 1535 pcena
2811 1477 2860 1522 et
2885 1468 3045 1538 digno
3062 1473 3320 1540 supplicio
3346 1489 3500 1531 coer-

1914 1562 2119 1608 ceatttr.
2153 1554 2279 1607 Data
2311 1571 2398 1609 xvn
2417 1555 2630 1612 kalend.
2656 1558 2680 1596 ι)
2713 1558 2903 1627 Julias,
2935 1563 3236 1619 Theodosio
3262 1567 3502 1638 Augusto

1915 1659 1951 1698 ll
1975 1654 2030 1700 et
2061 1647 2297 1715 Cynegio
2324 1650 2658 1705 consulibus.

2113 1757 2242 1812 Item
2267 1760 2441 1814 eodem
2467 1761 2596 1816 libro
2624 1766 2718 1818 sub
2745 1766 2912 1834 titulo,
2941 1767 3018 1824 De
3040 1770 3306 1827 haereticis.

1919 1852 2272 1923 Imperatores
2317 1856 2650 1923 (inti-risistis,
2699 1861 3124 1920 VALENTINIANUS
3166 1877 3220 1921 et
3263 1866 3504 1924 Tunnac-

1980 1941 2092 2012 stus
2124 1927 2414 2012 Augustus,
2453 1928 2721 1986 Ευτιιυιιιο
2753 1943 2775 1971 ο
2812 1935 3063 2004 prtefecto
3093 1942 3366 2008 prmtorio.
3399 1941 3503 2012 (Ib.

1991 1998 2068 2050 tit.
2100 2013 2151 2063 v,
2179 1999 2214 2051 l.
2239 2003 2319 2066 ti.)

1991 2107 2016 2146 ἀ
2048 2111 2238 2166 Nullus
2290 2115 2558 2170 ltatreticis
2610 2121 2986 2187 mysteriorum
3028 2123 3197 2191 locus,
3255 2129 3398 2182 nulla
3439 2129 3510 2188 ad
3555 2127 3562 2135 ’

1920 2207 2276 2260 exercendam
2336 2211 2501 2265 animi
2546 2212 2914 2271 obstinatioris
2958 2218 3279 2275 dementiam
3332 2232 3510 2292 pateat

1920 2300 2156 2357 occasio.
2185 2301 2368 2356 St'iant
2395 2320 2603 2370 omnes,
2630 2312 2842 2364 etiamsi
2868 2311 2992 2379 quid
3017 2315 3235 2383 speciali
3269 2319 3510 2386 quolibet

1921 2392 2184 2462 rescripto
2214 2409 2307 2463 per
2333 2394 2574 2452 fraudem
2603 2401 2780 2456 clicito
2806 2404 2872 2456 ab
2903 2404 3205 2474 ltujusmodi
3233 2407 3511 2470 hominum

1921 2501 2121 2556 genere
2151 2487 2494 2558 impetratum
2527 2501 2631 2555 cst,
2656 2509 2761 2548 non
2794 2498 2990 2552 valere.
3045 2501 3344 2558 Arceantur
3380 2519 3510 2560 cun-

1921 2577 2144 2633 ctorum'
2185 2580 2560 2636 haereticorum
2620 2585 2688 2638 ab
2748 2586 2945 2642 illicitis
3008 2594 3510 2662 congregationibus

1923 2674 2112 2728 turbte.
2146 2673 2314 2729 Unius
2335 2684 2390 2729 et
2410 2677 2605 2732 summi
2624 2676 2718 2734 Dei
2750 2695 2940 2736 nomen
2975 2683 3170 2754 ubique
3187 2689 3510 2747 celebretur.

1920 2764 2154 2820 Nicaenae
2181 2766 2302 2822 tidei
2335 2768 2533 2823 dudum
2570 2785 2600 2822 a
2647 2773 2939 2839 majoribus
2974 2778 3204 2846 traditae,
3231 2792 3284 2836 et
3315 2783 3515 2839 divina!

1897 2859 2198 2942 .religionis
2226 2861 2535 2917 testimonio
2564 2872 2723 2935 atque
2750 2871 3045 2924 assertione
3075 2872 3296 2928 ﬁrmata:
3327 2877 3513 2932 obser-

1922 2955 2100 3008 vantia
2129 2962 2344 3024 sempt'r
2388 2972 2641 3012 mansura
2685 2969 2948 3016 teneatur.
2995 2963 3328 3022 Photiniamc
3379 2970 3514 3024 labis

1923 3047 2328 3112 contaminatio,
2353 3049 2536 3104 Ariani
2559 3051 2825 3122 sacrilegii
2846 3069 3135 3122 venenum,
3165 3056 3515 3116 Eunomianaa

1923 3141 2162 3204 perﬁdia:
2189 3140 2416 3206 crimen,
2453 3151 2504 3196 et
2536 3141 2762 3198 nefanda
2811 3151 3166 3203 monstruosis
3206 3152 3513 3208 nominibus

1921 3241 2200 3288 auctorum
2231 3232 2467 3304 prodigia
2491 3244 2756 3318 sectarum
2779 3237 2848 3291 ab
2872 3240 2987 3308 ipso
3008 3244 3168 3296 etiam
3199 3244 3515 3301 aboleantur

1921 3327 2125 3381 auditu.
2157 3326 2206 3381 Is
2228 3335 2407 3382 autem
2433 3326 2662 3382 Nicaeum
2691 3341 2930 3385 assertor
2959 3333 3100 3399 lidei,
3138 3343 3195 3391 et
3233 3338 3515 3394 catholicae

1921 3419 2197 3490 religionis
2229 3435 2390 3475 verus
2416 3421 2590 3475 cultor
2633 3424 2975 3492 accipiendus
3015 3436 3116 3492 est,
3149 3432 3236 3498 qui
3266 3433 3514 3502 omnipo-

1921 3523 2124 3570 tentem
2160 3513 2348 3578 Deum,
2373 3523 2426 3570 et
2454 3514 2720 3571 Christum
2753 3527 2775 3554 ε
2809 3518 3000 3574 Ftlium
3033 3521 3124 3574 Dei
3157 3538 3264 3578 uno
3294 3526 3514 3582 nomine

1919 3607 2225 3671 confitetur,
2252 3606 2421 3661 Deum
2447 3607 2515 3661 de
2547 3607 2678 3674 Deo,
2705 3609 2884 3665 lumen
2917 3627 2980 3666 ex
3013 3612 3246 3678 lumine;
3271 3617 3358 3684 qui
3393 3619 3513 3688 Spi-

1922 3703 2082 3757 ritum
2113 3711 2381 3766 sanctttm,
2419 3701 2436 3739 ί
2471 3703 2558 3771 qui
2589 3703 2638 3756 id
2674 3705 2814 3774 quod
2850 3721 2912 3761 ex
2947 3722 3157 3762 summo
3194 3725 3370 3767 rerum
3420 3729 3514 3784 pa-

1922 3805 2076 3850 rente
2110 3811 2388 3864 speramus
2421 3805 2476 3850 et
2516 3797 2828 3868 accipimus,
2873 3802 3116 3870 negando
3167 3819 3271 3859 tton
3315 3807 3511 3873 violat;

1923 3887 2060 3958 apud
2085 3904 2244 3956 quem
2278 3889 2611 3946 intemerata:
2642 3889 2761 3945 lidei
2801 3906 2962 3947 sensu
3004 3891 3147 3962 viget
3191 3895 3518 3968 incorrupta:

1924 3982 2202 4036 Trinitatis
2236 3983 2457 4037 indivisa
2491 3982 2812 4047 substantia,
2853 4001 2972 4050 quae
2997 3986 3167 4041 Grmci
3220 3993 3518 4047 assertione

1924 4077 2073 4134 verbi
2106 4087 2130 4124 ε
2159 4080 2402 4131 omousia
2435 4087 2582 4131 recte
2616 4079 2959 4133 credentibus
2986 4081 3200 4136 dicitur.
3237 4083 3359 4138 Haec
3395 4101 3518 4154 pro-

1925 4171 2065 4227 lecto
2084 4169 2240 4225 nobis
2260 4171 2428 4236 magis
2456 4169 2697 4239 probata,
2726 4171 2885 4242 395
2911 4172 3024 4227 haec
3046 4176 3349 4231 veneranda
3368 4188 3515 4234 sunt.

1925 4263 2025 4330 Qui
2060 4277 2188 4318 vero
2213 4259 2241 4299 ¹ι
2269 4263 2474 4316 hisdem
2515 4277 2620 4316 non
2655 4265 2976 4330 inserviunt,
3011 4267 3260 4322 desinant
3298 4269 3520 4327 allecta-

1929 4358 1997 4412 tis
2022 4357 2163 4413 dolis
2187 4359 2419 4412 alienum
2453 4373 2593 4412 vera:
2623 4359 2898 4426 religionis
2928 4375 3120 4415 nomen
3145 4377 3438 4429 assumere,
3465 4375 3520 4420 ct

1930 4449 2044 4504 suis
2091 4447 2104 4486 ί
2150 4449 2350 4518 apertis
2393 4449 2704 4503 criminibus
2738 4449 3060 4505 deuotentur
3105 4470 3117 4505 :
3163 4455 3229 4506 ab
3277 4455 3519 4513 omnium

1933 4541 2183 4595 summoti
2217 4540 2563 4604 ecclesiarum
2595 4540 2780 4596 limine
2816 4543 3026 4611 penitus
3055 4556 3359 4611 arceantur,
3393 4565 3516 4604 cum

1931 4646 2119 4687 omnes
2147 4631 2518 4710 hmreticorntn
2558 4631 2771 4687 illicitas
2801 4649 2960 4703 agere
2992 4637 3127 4690 intra
3159 4641 3351 4710 oppida
3382 4655 3514 4696 con-

1933 4709 2560 4795 ετεῧειιῑοιιεςγριθίηηε.
2593 4728 2669 4780 Ac
2698 4727 2740 4779 si
2766 4728 2892 4796 quid
2919 4731 3125 4799 eruptio
3153 4731 3371 4787 factiosa
3403 4746 3520 4791 ten-

1937 4820 2147 4881 tavcrit,
2198 4819 2264 4871 ab
2318 4819 2443 4887 ipsis
2474 4821 2633 4872 etiam
2675 4819 2882 4873 urbium
2927 4823 3223 4889 tnmnibus,
3263 4829 3520 4881 extermi-

1936 4920 2062 4967 nato
2085 4912 2286 4974 lurore,
2319 4910 2539 4979 propelli
2581 4910 2852 4980 jubemns,
2884 4923 2940 4966 ttt
2970 4918 3178 4970 cunctis
3207 4919 3521 4972 orthotloxis

1936 5005 2204 5077 episc0pis
2220 5003 2308 5074 qui
2332 5003 2596 5058 Nicmnam
2628 5005 2784 5058 fidem
2821 5015 3022 5071 tenent,
3039 5007 3317 5063 catholicae
3343 5009 3523 5065 Eccle-

1937 5102 2032 5156 siae
2059 5109 2170 5154 toto
2201 5099 2330 5152 orbe
2354 5097 2666 5152 reddantur.
2695 5099 2822 5153 Data
2852 5109 3044 5164 quarto
3078 5101 3257 5156 iduum
3285 5101 3298 5153 i
3337 5101 3521 5158 Junia-

2009 5224 2033 5252 θ
2064 5211 2213 5282 Apud
2245 5209 2518 5282 Gothofr.,
2546 5207 2742 5282 Filium
2781 5210 2940 5264 Deum
2972 5227 3122 5264 unum
3155 5216 3356 5266 nomine

2009 5285 2030 5324 ί
2063 5280 2150 5340 Sic
2179 5283 2298 5336 cod.
2334 5280 2489 5336 Vind.
2523 5297 2640 5335 cum
2670 5280 2922 5338 Gotholr.
2960 5282 3214 5335 editione.
3261 5283 3523 5348 Qttesnel-

1937 5361 2041 5421 lus,
2065 5356 2245 5424 quique
2268 5353 2320 5406 id
2349 5354 2504 5423 quod.
2547 5353 2968 5406 Etnendztretnus
2999 5353 3226 5407 libenter
3258 5371 3286 5404 (ι
3324 5369 3422 5420 quo
3470 5355 3524 5405 itl

1935 5429 2072 5500 quod
2104 5442 2164 5480 ex
2188 5441 2384 5500 summo
2407 5441 2574 5478 rerum
2603 5433 2812 5491 parente
2839 5439 3122 5491 speramus,
3150 5425 3453 5493 accipimus,
3479 5427 3522 5478 si

1937 5495 2025 5573 qui
2055 5501 2222 5573 codex
2245 5495 2651 5573 stiliragaretur.

2013 5582 2038 5618 8
2068 5569 2205 5623 Edit.
2236 5567 2366 5620 Cod.
2404 5566 2632 5628 Themi"
2661 5568 2826 5619 οὐσία.

2011 5640 2038 5679 h
2061 5639 2394 5708 Quesnellus,
2428 5638 2504 5690 his
2534 5637 2821 5708 nominibus
2851 5652 2951 5689 non
2982 5637 3280 5692 inserviunt.
3313 5637 3522 5694 Praetu-

1941 5707 2099 5770 limus
2127 5711 2282 5765 codd.
2315 5707 2473 5763 Vind.
2502 5724 2565 5761 ac
2595 5707 2801 5761 'I'ltttnn.
2826 5721 2944 5761 cum
2970 5709 3098 5762 edit.
3129 5708 3374 5762 Gntltofr.

2019 5786 2033 5821 ί
2071 5783 2159 5840 Sic
2179 5780 2422 5836 Gotltofr.
2457 5793 2576 5832 cum
2605 5775 2761 5830 Vind.
2787 5778 2937 5846 Apud
2967 5781 3196 5847 Quean
3224 5790 3400 5850 aperte
3427 5781 3527 5834 cri-

1942 5857 2160 5913 minibus
2191 5851 2525 5924 dcnudentur.
2549 5850 2623 5924 ᾼϋ
2653 5849 2879 5924 omnium
2903 5867 3020 5924 ergo
3052 5849 3306 5906 summoti.

2020 5933 2031 5978 i
2067 5926 2193 5979 Cod.
2226 5922 2430 5977 Tlt..od.
2462 5929 2515 5975 et
2554 5919 2864 5976 Justtnian..
2897 5919 3019 5976 .la'n.
3057 5926 3126 5978 At
3161 5921 3525 5982 Gothofredus

3287 6015 3366 6074 22
