3996 6344
247 443 356 499 683

697 436 934 498 CODEX
971 437 1301 496 CANON'UM
1343 434 1623 494 ECLLES.
1670 434 1756 490 ET
1797 436 2376 497 CONSTITUTORUM
2417 439 2476 498 S.
2519 440 2710 500 SEDIS
2751 442 3080 502 APOSTOL.

3442 444 3547 500 686

247 575 388 624 ram,
419 566 525 614 tua:
549 557 805 613 voluntati
832 565 886 613 et
907 555 1110 626 judicio
1137 558 1317 611 omnia
1343 554 1754 626 derelinquens;
1789 564 1845 610 et
1867 559 1925 619 Α
1948 557 2127 611 statim
2154 558 2202 612 ei
2225 566 2278 613 et
2305 558 2564 614 humanas
2594 560 2840 616 vitiorum
2871 562 3207 633 adjungimus
3233 565 3543 634 passiones;

249 669 346 727 per
369 651 684 708 Petronium
708 650 1078 722 presbyterum
1108 648 1343 705 breviter
1372 647 1731 704 indicaveram
1761 662 1849 704 me

250 745 304 801 in
333 743 562 800 articulo
586 743 696 812 jam
722 740 1067 812 profectionis
1090 741 1206 811 ejus
1232 739 1408 811 aliqua
1435 754 1502 796 ex
1531 748 1684 812 parte
1702 755 1852 797 eom-

253 847 482 894 motum.
538 835 688 892 Unde
737 850 804 890 ne
831 844 925 890 aut
962 834 1055 889 tibi
1085 835 1366 904 scrupulus
1413 835 1712 904 resideret,
1745 844 1772 874 ι
1798 843 1854 893 et

254 933 499 988 volentes
525 931 744 986 forsitan
786 930 1046 987 Ecclesia:
1081 931 1322 1002 copulari
1366 932 1531 1004 398
1559 941 1646 986 tua
1678 932 1856 986 cautio

258 1025 530 1094 probanda
559 1023 831 1090 differret,
872 1023 1033 1080 fidem
1071 1024 1314 1080 misimus
1344 1039 1456 1079 non
1495 1031 1603 1079 tam
1635 1023 1729 1080 tibi
1765 1023 1858 1093 qui

255 1117 372 1185 ejus
403 1114 527 1171 fidei
566 1117 930 1172 communioni
973 1116 1200 1171 soeiaris
1224 1159 1239 1183 ,
1276 1131 1438 1186 quam
1478 1116 1563 1171 bis
1589 1117 1679 1183 qui
1710 1116 1764 1170 in
1793 1129 1856 1169 ea

256 1207 680 1273 subscribentes,
713 1207 837 1273 tibi,
869 1208 920 1263 id
947 1216 1030 1264 est
1056 1208 1211 1264 nobis
1243 1222 1338 1278 per
1376 1218 1428 1263 te
1468 1207 1739 1264 voluerint
1763 1221 1858 1264 so-

255 1300 408 1367 ciari,
439 1298 788 1355 dilectissime
818 1299 1002 1356 frater.
1031 1299 1059 1339 δ
1089 1300 1425 1371 Quapropter
1445 1301 1488 1356 si
1520 1300 1859 1370 supradictus

259 1391 398 1446 filius
428 1406 579 1448 meus
607 1391 816 1459 Vitatis,
844 1401 900 1448 et
929 1393 978 1446 hi
1007 1393 1097 1462 qui
1128 1408 1250 1448 cum
1281 1407 1347 1450 eo
1371 1399 1518 1460 sunt,
1548 1392 1642 1448 tibi
1672 1393 1856 1448 volue-

261 1483 369 1539 rint
387 1483 688 1555 aggregari,
718 1485 945 1554 primum
975 1484 1176 1542 debent
1203 1485 1256 1540 in
1277 1500 1340 1542 ea
1367 1485 1705 1556 expositione
1733 1483 1860 1541 fidei

259 1576 608 1632 subscribere
628 1591 746 1646 qua
775 1576 917 1647 apud
961 1575 1189 1632 Nieaam
1233 1576 1315 1645 pia
1347 1577 1560 1632 Patrum
1589 1575 1862 1631 voluntate
1902 1599 1916 1615 -

265 1672 472 1728 firmata
503 1681 607 1728 est.
643 1671 845 1728 Deinde
868 1672 1120 1742 quoniam
1149 1685 1307 1727 nemo
1330 1678 1506 1741 potest
1529 1671 1721 1726 futuris
1744 1670 1862 1726 vul-

263 1766 482 1821 neribus
500 1764 756 1821 adhibere
784 1763 1125 1832 medicinam,
1156 1779 1219 1820 ea
1249 1774 1272 1803 ο
1297 1762 1519 1819 haeresis
1541 1762 1862 1818 eradicanda

261 1865 347 1913 est
371 1871 494 1928 qua:
535 1865 719 1927 postea
752 1855 806 1910 in
832 1854 1048 1910 Oriente
1076 1855 1274 1910 dicitur
1312 1853 1634 1926 pullulasse;
1676 1853 1730 1908 id
1755 1863 1860 1919 est,

1954 651 2025 707 ita
2053 658 2107 707 et
2131 651 2370 707 dicentes
2395 667 2516 708 eum
2545 657 2848 725 suscepisse
2869 665 2922 710 et
2948 656 3179 712 hominis
3209 659 3464 725 animam,
3493 671 3548 715 et

1955 758 2192 811 sensum,
2219 759 2325 798 non
2350 746 2530 800 statim
2557 747 2785 802 dicimus
2811 763 2931 803 eum
2958 758 3011 804 et
3039 749 3419 820 cogitationum
3450 751 3550 807 hu—

1956 852 2237 892 manarum
2268 837 2598 909 subjacnisse
2625 851 2864 910 peccato.
2898 841 2953 897 Si
2991 843 3109 912 quis
3147 851 3323 899 autem
3354 845 3551 902 dixerit

1957 931 2190 987 Verbum
2231 948 2330 1001 pro
2370 931 2602 988 humano
2643 950 2804 990 sensu
2836 937 2886 990 in
2921 935 3130 992 Domini
3162 952 3326 994 carne
3365 955 3552 996 versa-

1960 1032 2095 1091 tum,
2126 1023 2270 1080 hunc
2296 1025 2557 1080 catholica
2585 1025 2821 1082 Ecclesia
2853 1029 3286 1094 auathematizat,
3320 1045 3418 1086 nec
3443 1047 3553 1087 non

1959 1125 2011 1171 et
2045 1117 2165 1170 illos
2201 1117 2291 1186 qui
2332 1117 2468 1172 duos
2500 1119 2551 1172 in
2600 1118 2878 1174 Salvatore
2917 1120 3055 1175 filios
3101 1123 3461 1188 conﬁtentur,
3499 1127 3552 1178 id

1961 1219 2062 1272 est,
2093 1208 2254 1263 alium
2281 1217 2404 1264 ante
2438 1209 2892 1280 incarnationem,
2920 1221 2977 1268 et
3006 1213 3168 1270 alium
3199 1225 3320 1286 post
3344 1233 3553 1273 assum-

1962 1299 2199 1368 ptionem
2229 1300 2407 1356 carnis
2445 1315 2513 1356 ex
2545 1301 2798 1370 Virgine;
2843 1316 2895 1360 et
2927 1320 3030 1360 non
3059 1307 3307 1365 eumdem
3339 1309 3433 1366 Dei
3468 1311 3553 1368 Fi-

1963 1391 2093 1447 lium
2121 1402 2173 1446 et
2199 1401 2322 1448 ante
2349 1403 2402 1447 et
2433 1403 2615 1462 postea
2645 1394 2988 1450 confitentur.
3030 1395 3341 1469 Quicunque
3372 1397 3397 1437 ἀ
3432 1403 3553 1456 huic

1962 1483 2207 1553 epistolae
2238 1485 2578 1540 subscribere
2618 1484 2781 1558 400
2821 1487 3071 1555 voluerit,
3106 1489 3175 1544 ita
3204 1498 3379 1546 tamen
3413 1503 3466 1548 ut
3500 1495 3553 1548 iu

1964 1576 2347 1632 ecclesiasticis
2375 1585 2398 1614 ο
2429 1577 2725 1632 canonibus
2752 1621 2764 1645 ,
2809 1593 2944 1648 quos
2969 1580 3167 1651 optime
3193 1584 3329 1638 nosti
3358 1627 3372 1650 ,
3414 1593 3467 1639 et
3502 1565 3553 1642 iu

1964 1668 2177 1725 Nictena
2211 1670 2312 1724 fide
2341 1679 2465 1725 ante
2495 1669 2902 1740 subscripserit,
2935 1673 3074 1728 hunc
3100 1673 3323 1731 debebis
3354 1678 3554 1750 absque

1965 1764 2141 1836 aliqua
2164 1765 2510 1834 ambiguitate
2535 1765 2828 1835 suscipere.
2855 1765 2969 1822 Non
2992 1767 3133 1836 quod
3160 1769 3274 1825 haec
3305 1770 3416 1840 ipsa
3438 1788 3557 1841 qum

1967 1873 2064 1913 nos
2093 1858 2380 1914 scribimus
2419 1873 2522 1914 non
2567 1858 2807 1928 potueris
2851 1858 2871 1899 ί
2909 1863 3333 1919 convertentium
3378 1880 3558 1922 susce-

263 1949 601 2006 confitendus
632 1949 746 2018 ipse
773 1948 1066 2018 Sapientia,
1091 1946 1303 2011 Sermo,
1332 1945 1500 2002 Filius
1528 1946 1644 2011 Dei,
1675 1945 1864 2000 huma-
1890 1945 1940 2006 B
1971 1949 2138 2020 ptioni
2163 1965 2484 2020 proponere,
2509 1955 2601 2007 sed
2625 1951 2766 2016 quod
2789 1950 2882 2006 tibi
2905 1967 3200 2010 consensus
3223 1965 3404 2012 noster
3427 1957 3560 2013 libe~

266 2058 393 2099 num
422 2041 725 2110 suscepisse
754 2054 968 2111 corpus,
1001 2039 1259 2105 animam,
1288 2052 1531 2099 sensum,
1568 2035 1618 2091 id
1646 2046 1749 2103 est,
1776 2037 1861 2091 in-

267 2143 480 2207 tegrum
507 2132 714 2199 Adam;
752 2141 827 2198 et,
860 2140 920 2187 ut
941 2129 1247 2202 expressius
1275 2129 1437 2200 399
1463 2127 1659 2194 dicam,
1691 2138 1862 2184 totutn

266 2235 506 2284 veterem
539 2233 779 2281 nostrum
806 2224 923 2280 sine
951 2231 1169 2294 peccato
1197 2221 1488 2277 hominem.
1527 2219 1695 2276 Sicuti
1717 2234 1861 2276 enim

267 2319 586 2376 conﬁtentes
628 2331 750 2373 eum
798 2315 1091 2371 humanum
1145 2313 1445 2379 suscepisse
1484 2327 1682 2383 corpus
1707 2355 1722 2379 ,
1753 2327 1861 2369 non

269 2460 639 2516 confirmatur.
684 2455 845 2512 Forte
873 2456 1130 2510 Damasus
1157 2455 1374 2510 missam
1406 2465 1560 2510 antea
1590 2454 1747 2522 ﬁdem
1779 2456 1860 2524 (ut

269 2531 517 2608 in__rebns
538 2528 802 2608 ejusmodi
833 2528 949 2608 fieri
980 2528 1138 2608 sulci}
1169 2526 1640 2608 secundisiitteris
1663 2527 1858 2608 itenum

270 2602 532 2673 adjunxit,
563 2596 616 2656 ἐι
641 2601 838 2673 idcirco
869 2602 919 2673 in
953 2599 1226 2673 aliquibus
1246 2596 1658 2673 collectionibus
1680 2638 1694 2662 ,
1723 2597 1864 2673 sicut

270 2668 407 2730 et'in
433 2668 640 2736 noStra,
671 2671 862 2725 iisdem
890 2669 1084 2725 litteris
1112 2669 1374 2736 subjecta,
1403 2670 1456 2722 in
1483 2668 1600 2721 aliis
1628 2683 1756 2724 vero
1783 2669 1863 2722 in-
1900 2675 1922 2706 ί

272 2754 415 2800 serta
457 2743 670 2810 legitur.
721 2741 893 2798 Unum
940 2741 1310 2796 tantummodo
1358 2739 1488 2795 huic
1518 2739 1754 2810 Opinioni
1780 2738 1862 2810 de
1910 2744 1938 2761 "

273 2816 472 2884 duplici
514 2809 729 2868 Damasi
777 2812 1002 2880 epistola
1057 2811 1406 2884 adversatur,
1449 2809 1602 2884 quod
1633 2809 1860 2884 simplex

273 2880 542 2942 confessio
562 2884 685 2939 fidei
711 2884 908 2938 nullam
937 2883 1177 2954 epistolae
1205 2883 1429 2937 formam
1461 2880 1699 2954 exhibet.
1728 2882 1862 2954 (lum

273 2973 402 3014 vero
426 2954 700 3012 confessio
722 2954 921 3025 fideiin
957 2951 1224 3025 aliquibus
1253 2951 1572 3025 pervetuStis
1594 2952 1864 3025 collectio-

273 3029 434 3084 nibus
457 3073 471 3096 ,
506 3042 606 3083 nec
635 3042 738 3080 non
767 3041 796 3079 a
820 3021 1160 3080 Theodoreto
1187 3021 1440 3096 sinegrulla
1479 3021 1706 3096 epistnla
1737 3038 1863 3092 pro-

275 3092 536 3166 feratur,‘
563 3099 613 3152 id
656 3106 968 3166 argumento
1008 3107 1091 3151 est
1127 3111 1243 3151 eam
1284 3094 1588 3166 distinctam
1631 3092 1796 3150 fuisse
1833 3108 1863 3148 a

277 3169 547 3238 prioribus
569 3169 782 3231 litteris,
808 3168 1003 3237 quibus
1025 3167 1204 3230 missa,
1227 3165 1312 3221 vel
1337 3165 1624 3238 separatim
1651 3180 1864 3221 annexa

279 3237 400 3324 iuit,
423 3238 1116 3324 quasqueOCoeIestinushab‘
1138 3239 1297 3324 altera
1325 3237 1555 3324 epistola
1590 3245 1866 3324 separnias

281 3287 457 3368 ἰιῖἷὲιιῖ
465 3287 678 3366 (ﬁcii
696 3287 1122 3380 Romani};
1141 3287 1251 3362 in};
1269 3287 1555 3380 essent;
1576 3287 1867 3380 8ιὶιῖἰὶιὶὲέ
1897 3287 1944 3350 C

283 3385 356 3438 ris
396 3383 664 3453 prioribus
699 3378 964 3450 exscripta
1004 3387 1446 3444 conservaretur,
1488 3378 1592 3432 illae
1622 3392 1750 3432 vero
1779 3379 1867 3432 lit-

289 3461 408 3509 teras
435 3453 813 3518 interciderent
827 3490 842 3504 .

355 3535 380 3563 ι
424 3523 630 3592 Quesn.
657 3565 674 3592 ,
715 3533 802 3576 aut
842 3522 1176 3576 vo!cntes.....
1225 3521 1506 3592 probando.
1559 3521 1869 3576 Lectionem

286 3605 439 3652 antea
472 3595 772 3665 vulgatam,
799 3603 954 3663 quam
985 3593 1162 3665 caueri
1189 3593 1402 3665 codices
1436 3596 1755 3665 approbant,
1787 3607 1873 3646 rc-

285 3661 612 3722 vocavimus.
657 3667 776 3720 Mox
809 3661 928 3732 post
957 3663 1110 3732 ﬁdem
1145 3664 1286 3725 vulg.
1327 3661 1688 3729 ante'Quesn.
1731 3663 1872 3716 inse-

285 3747 407 3793 runt
438 3747 684 3802 nostram,
719 3751 782 3790 ac
808 3735 932 3788 dein
964 3735 1158 3790 habent
1181 3735 1268 3802 qui
1298 3734 1440 3788 nobis
1471 3735 1600 3805 ejus,
1626 3733 1708 3788 vel
1735 3734 1873 3804 ejus-

288 3809 402 3863 dem
432 3808 553 3875 ﬁdei
579 3806 948 3861 communione.

355 3877 384 3918 δ
427 3877 484 3932 In
514 3879 748 3933 editione
777 3877 934 3932 Lucae
957 3875 1217 3930 llolstenii
1241 3891 1271 3930 e
1303 3891 1401 3930 ms.
1431 3875 1742 3938 Barberino,
1773 3890 1874 3930 nec

290 3965 392 4006 non
419 3951 474 4004 in
498 3949 656 4004 codd.
679 3947 987 4002 Corbeiensi
1019 3955 1072 4000 ct
1104 3945 1432 4010 Fussalensi,
1459 3946 1559 4000 hoc
1586 3946 1704 4001 loco
1727 3948 1871 4001 iuse-

292 4022 424 4076 ritur
449 4019 713 4091 professio
751 4018 875 4072 fidei
906 4017 1051 4091 _I’ost
1097 4016 1366 4070 Nica'num
1407 4018 1704 4084 concilium,
1741 4026 1870 4083 etc.,

295 4088 598 4162 paulo'post
623 4088 976 4162 subjicienda.

365 4174 386 4202 ι’
430 4157 768 4217 Prtecavetnr
790 4161 857 4214 ab
883 4157 1378 4228 Apollinaristarum
1412 4158 1625 4223 Incresi,
1650 4159 1702 4214 in
1724 4158 1874 4228 cujus

293 4233 657 4304 suspicionem?
697 4231 886 4304 Vitalis
936 4229 1212 4304 presbyter
1267 4231 1666 4304 venerat__:_qui_
1697 4238 1875 4284 tamen

294 4300 478 4374 postea
507 4303 750 4360 eamdem
793 4302 1039 4374 hmresim
1077 4309 1293 4374 secutus
1319 4345 1331 4365 ,
1373 4300 1875 4374 Apollinaristarum

295 4371 594 4431 Antiochia
626 4374 927 4442 degentium
960 4373 1244 4441 episcopus
1276 4372 1549 4426 institutus
1579 4371 1697 4426 fuit.

361 4445 390 4484 ἀ
431 4445 637 4513 Queen.
667 4444 892 4512 inseruit
916 4445 1108 4512 igitur;
1144 4443 1438 4498 delevimus
1463 4458 1584 4496 cum
1615 4443 1735 4497 aliis
1765 4441 1880 4496 vul-

299 4519 433 4589 gatis
461 4517 770 4589 nostrisque
801 4513 955 4589 codd.

369 4601 392 4628 σ
434 4582 1101 4644 Capones—ecclesiasticos
1136 4598 1165 4636 a
1199 4584 1411 4638 Nicmna
1444 4583 1544 4638 fide
1578 4582 1875 4651 distinguit.

1972 2059 2090 2098 rum
2119 2044 2171 2097 in
2201 2043 2543 2112 suscipiendo
2571 2043 2772 2098 tribuat
2804 2045 3135 2116 exemplum.

1975 2165 1999 2201 s
2040 2153 2300 2229 Confessio
2313 2155 2461 2229 jidei
2487 2154 2776 2229 catholicae,
2803 2174 2959 2229 quam
2988 2175 3124 2229 papa
3150 2159 3400 2220 Damasus
3426 2164 3561 2220 misit

2202 2226 2271 2279 ad
2307 2225 2586 2281 Paulinum
2617 2225 3326 2304 Antiochenumvepiswpum.

2046 2315 2072 2354 ιι
2105 2317 2230 2372 Post
2277 2317 2561 2372 concilium
2613 2317 2920 2389 Nicmnum,
2955 2321 3096 2391 quod
3146 2323 3198 2378 in
3230 2324 3364 2382 urbe
3392 2326 3561 2384 Roma

1970 2456 2227 2530 Lucensis
2268 2455 2580 2530 Colbiertina
2622 2456 2847 2530 omittit‘
2866 2471 3196 2530 praemissam
3240 2458 3560 2530 epistolam;

1972 2527 2111 2601 hanc
2155 2527 2656 2601 veroepigrapbeii
2706 2525 2990 2601 prmﬂgit_:
3041 2527 3234 2601 Incipit
3261 2525 3331 2601 Vile
3368 2525 3565 2601 synodo

1937 2625 1941 2630 -
1972 2597 2027 2650 Ν
2031 2599 2190 2670 icazn'o
2210 2600 2400 2666 scripta
2428 2596 2575 2670 poplo
2603 2596 2818 2670 Damasi
2839 2599 2907 2651 ad
2933 2596 3215 2670 Paulinum
3235 2596 3567 2658 Antiocheam

1973 2669 2112 2723 urbis
2141 2669 2458 2737 episcopum.
2519 2669 2736 2725 Inchoat
2774 2684 2802 2721 a
2853 2669 3100 2739 symbolo
3136 2669 3385 2736 Nicmno,
3424 2674 3564 2741 quod

1974 2741 2252 2814 profertun
2270 2755 2341 2814 ex_
2366 2741 2613 2814 versione
2639 2741 2854 2814 antiqua
2883 2743 3142 2808 Romana,
3166 2741 3347 2814 qualis
3374 2743 3568 2814 legitur

1939 2853 1944 2858 .
1979 2814 2031 2865 in
2063 2811 2290 2877 epistola
2322 2810 2517 2866 Leonis
2555 2812 2676 2867 165.
2718 2810 2904 2866 Solum
2936 2821 3126 2866 contra
3164 2810 3569 2870 Macedoniam.

1976 2898 2093 2936 rum
2127 2891 2516 2953 errorempost
2544 2897 2703 2937 voces
2728 2894 2772 2937 et
2805 2882 3016 2951 (supple
3046 2879 3120 2945 in)
3167 2883 3415 2953 Spiritum
3443 2903 3569 2940 san-

1977 2961 2144 3020 ctum,
2179 2953 2291 3024 haec
2328 2952 2653 3024 adjiciuntur
2682 2971 2696 3008 :
2729 2954 3137 3024 necfacturam,
3184 2952 3339 3021 neque
3366 2968 3570 3012 creatu-

1977 3040 2087 3077 ram
2113 3065 2128 3091 ,
2171 3023 2261 3078 sed
2300 3025 2362 3077 de
2404 3023 2740 3078 substantiam
2776 3023 2897 3092 (sie)
2948 3023 3199 3089 Deitatis;
3244 3039 3308 3080 ac
3355 3027 3570 3084 tandem

1977 3095 2250 3149 Nicmuum
2307 3095 2810 3150 anathematismum
2863 3096 3068 3164 integre
3105 3095 3457 3162 describitur,
3493 3100 3571 3156 uti

1977 3165 2164 3221 videre
2189 3174 2273 3220 est
2301 3182 2363 3220 ex
2389 3166 2511 3220 cod.
2539 3165 2765 3220 Lucensi
2789 3165 2926 3234 apud
2951 3166 3010 3220 P.
3044 3166 3373 3222 Dominicum
3401 3168 3573 3226 Mausi

1979 3237 2032 3291 iu
2063 3237 2308 3306 Appeud.
2344 3237 2699 3292 Conciliorum
2743 3246 2887 3292 tomo
2929 3235 2970 3292 ll
3006 3253 3122 3306 pag.
3156 3238 3244 3292 2f.
3289 3237 3424 3293 Dein
3453 3242 3572 3296 siue

1977 3309 2083 3362 alio
2125 3308 2277 3362 titulo
2311 3323 2544 3376 praesens
2575 3306 2842 3363 confessio
2875 3308 2997 3363 fidei
3029 3309 3360 3364 subnectitur
3399 3327 3412 3363 :
3445 3308 3574 3366 Post

1977 3380 2072 3432 hoc
2100 3378 2371 3433 concilium
2401 3377 2695 3443 Nictenum,
2726 3380 2863 3446 quod
2890 3380 2943 3432 in
2970 3379 3108 3433 urbe.
3143 3380 3200 3434 P.
3227 3379 3574 3438 Coustautius

1979 3456 2110 3504 tom.
2138 3449 2153 3502 Ι
2176 3449 2333 3518 epist.
2358 3448 2516 3503 Rom.
2541 3448 2754 3518 pontif.,
2779 3450 2885 3504 col.
2912 3451 3037 3512 5l0,
3063 3461 3173 3504 not.
3204 3469 3255 3514 η,
3281 3451 3414 3506 duos
3436 3453 3571 3508 alios

1977 3520 2191 3575 codices
2233 3519 2409 3574 laudat
2450 3518 2692 3590 Colbert.
2727 3519 2863 3576 1865
2897 3531 2949 3574 et
2979 3519 3136 3586 i868,
3171 3520 3260 3590 qui
3295 3521 3571 3578 Nicaanum

1979 3592 2279 3662 symbolum
2331 3605 2437 3645 non
2487 3589 2805 3662 absimilith
2846 3589 3202 3662 priemiitunt.
3253 3591 3387 3662 Cod.
3432 3592 3572 3649 1868

1979 3659 2126 3716 hunc
2165 3661 2371 3716 titulum
2414 3661 2633 3716 exhibet
2674 3677 2687 3714 :
2743 3659 2931 3733 Incipit
2977 3661 3105 3729 ﬁdes
3148 3662 3287 3733 apud
3338 3661 3572 3719 Nicaeam

1979 3733 2266 3803 conscripta
2295 3732 2357 3786 ab
2385 3734 2633 3803 episc0pis
2657 3733 2762 3787 518
2795 3751 2806 3786 :
2833 3730 3096 3787 Credimus
3117 3730 3359 3788 in'unum
3383 3734 3571 3802 Deum,

1980 3812 2112 3867 etc.,
2167 3813 2224 3857 ut
2280 3805 2348 3875 in_
2378 3803 2593 3857 Niemno
2644 3803 2889 3875 symbolo
2933 3819 2946 3856 :
2985 3819 3088 3871 quo
3143 3811 3254 3875 toto
3300 3803 3573 3875 descripto

1979 3875 2270 3934 subditur;
2305 3872 2371 3927 Et
2409 3875 2530 3943 quia
2577 3872 2750 3942 postea
2794 3875 2873 3928 hic
2914 3890 3054 3928 error
3095 3874 3334 3938 inolevit,
3363 3884 3416 3927 ut
3453 3872 3572 3944 qui-

1980 3944 2098 3998 dam
2138 3961 2224 3998 ore
2253 3945 2504 4015 sacrilego
2544 3945 2788 3999 auderent
2829 3946 2994 4000 dicere
3045 3945 3297 4011 Spiritum
3338 3953 3573 4000 sanctum

1979 4017 2174 4088 factum
2203 4033 2342 4088 csse,
2375 4022 2479 4070 etc.
2525 4016 2676 4070 Alter
2704 4030 2831 4088 vero
2858 4015 3030 4071 codex
3067 4017 3207 4071 l86'5
3232 4018 3308 4072 sic
3340 4033 3351 4069 :
3388 4015 3576 4088 Incipit

1980 4103 2101 4155 pars
2131 4087 2249 4154 ﬁdei
2281 4087 2341 4141 de
2368 4103 2426 4140 ea
2465 4103 2580 4155 qua:
2608 4087 2748 4155 apud
2783 4086 3012 4140 Nictram
3052 4088 3241 4154 scripta
3271 4097 3344 4141 est
3365 4129 3380 4153 ,
3424 4089 3484 4142 ab
3504 4086 3574 4141 eo

1982 4156 2095 4210 loco
2147 4157 2286 4225 (lege
2316 4158 2382 4211 ad
2406 4174 2516 4210 eum
2547 4159 2742 4222 locum,
2779 4157 2828 4212 id
2861 4167 2942 4212 est
2979 4158 3044 4211 ad
3078 4167 3315 4212 extrema
3348 4157 3576 4213 Nicaeum

1983 4227 2106 4283 fidei
2138 4227 2322 4298 verba)
2351 4228 2436 4282 ubi
2467 4227 2623 4294 dicit,
2655 4229 2761 4282 llos
2786 4228 3205 4283 anathematizat
3229 4229 3490 4283 catholica
3523 4239 3578 4284 et

1981 4300 2278 4370 apostolica
2305 4299 2576 4370 Ecclesia;
2618 4315 2728 4367 qurc
2765 4299 3031 4370 ﬁdcsicttm
3061 4300 3258 4370 synodo
3291 4297 3500 4370 Nicwno
3523 4301 3576 4352 in

1982 4368 2077 4423 hoc
2106 4368 2233 4423 libro
2261 4369 2522 4492 XOamasi)
2549 4372 2737 4436 scripta
2766 4379 2857 4422 cst.
2883 4369 3016 4422 Tum
3041 4369 3277 4438 sequitur
3302 4385 3316 4424 :
3345 4368 3407 4422 Et
3437 4381 3576 4440 post-

1983 4458 2043 4492 ca
2093 4442 2211 4492 auia
2299 4443 2342 4492 ic
2378 4455 2518 4492 error
2561 4440 2784 4492 inolevit.
2824 4449 2964 4492 etc..
2993 4440 3200 4492 quidam
3242 4455 3327 4492 ore
3368 4441 3576 4492 sacrile-

1983 4458 2043 4494 ca
2093 4442 2211 4510 quia
2261 4440 2342 4494 hic
2378 4455 2518 4492 error
2561 4440 2784 4504 inolevit,
2824 4449 2964 4503 etc.,
2993 4440 3200 4506 quidam
3242 4455 3327 4492 ore
3368 4441 3577 4495 sacrile-

1984 4529 2068 4580 go,
2099 4519 2204 4565 etc.
2236 4511 2436 4565 florum
2469 4511 2708 4564 codicum
2733 4511 3071 4580 auctoritate,
3099 4525 3194 4564 nec
3227 4526 3330 4564 non
3353 4525 3416 4565 ex
3445 4527 3577 4576 pra:-

1987 4579 2303 4635 Cedentibus
2326 4581 2492 4649 ip'sins
2518 4580 2725 4634 Damasi
2750 4579 2945 4648 verbis,
2975 4581 3166 4648 quibus
3197 4579 3424 4637 Nicaeum
3454 4581 3578 4636 fidei

298 4659 645 4732 Sardieenses
680 4666 856 4712 autem
884 4670 1146 4732 canones,
1182 4655 1278 4732 qui
1301 4669 1419 4708 cum
1463 4649 1879 4732 NlcmjiSchtlv
1908 4669 1960 4732 ι)
1987 4653 2448 4732 subscriptionem
2497 4649 2790 4732 ciﬂagiiat,
2840 4650 3133 4732 dicendnrn
3187 4663 3266 4732 est
3325 4652 3576 4732 eumdem

298 4731 420 4799 lati,
451 4729 785 4784 Nicaenorum
818 4725 1201 4799 nomine__apud
1244 4725 1537 4799 Romanam
1590 4725 1880 4780 Ecclesium

298 4797 830 4861 circumferebantur,
870 4807 926 4850 ut
951 4799 1004 4850 in
1031 4797 1279 4851 'l‘ractatu
1309 4797 1650 4865 probavimus
1674 4804 1810 4867 part.
1846 4810 1882 4850 ll

299 4890 345 4931 c.
379 4875 431 4938 1,
468 4871 573 4926 hoc
615 4870 734 4925 loco
779 4869 1033 4923 Damasus
1074 4868 1402 4935 potissimum
1451 4868 1660 4922 videtur
1713 4867 1884 4938 respi-

300 4937 439 5009 cere,
467 4956 589 4997 cum
628 4954 789 4995 unum
826 4953 891 4993 ex
919 4939 1000 5009 his
1030 4937 1324 4992 canonibus
1343 4978 1356 5004 ,
1391 4939 1478 5009 qui
1507 4937 1884 4993 translationes

300 5008 674 5086 episcoporum
701 5009 964 5086 prohibui,
983 5008 1034 5062 iu
1062 5009 1389 5086 professione
1417 5008 1884 5086 fidci‘moxsnbji-

301 5077 502 5140 cienda’
518 5077 819 5138 confirmet.
849 5080 966 5134 Vid.
993 5089 1102 5134 not.
1133 5080 1197 5134 l8
1231 5077 1403 5150 (Infra
1418 5081 1517 5133 col.
1542 5077 1647 5134 688
1671 5080 1742 5149 κ).
1769 5078 1885 5134 Mox

305 5157 608 5210 llolstenius
638 5166 759 5207 cum
799 5151 1092 5206 editoribus
1124 5151 1377 5204 Romanis
1397 5190 1410 5215 ,
1441 5151 1492 5203 in
1519 5151 1885 5208 ecclesiasticos

302 5242 540 5293 canones,
564 5239 688 5294 quas
708 5223 895 5292 optime
915 5223 1069 5294 nosti,
1084 5232 1141 5294 et
1151 5223 1202 5294 in
1222 5221 1493 5294 Nicaanam
1507 5221 1676 5289 ﬁdem.
1700 5221 1885 5294 Plures

304 5291 762 5368 quidemeodices
793 5293 990 5368 habent
1014 5293 1064 5368 in
1095 5292 1357 5368 Nicienam
1380 5291 1564 5368 ﬁdem,
1585 5300 1638 5345 at
1668 5291 1799 5368 nulli
1834 5292 1885 5343 in

305 5362 670 5422 ecclesiasticos
683 5380 918 5418 canones.
941 5364 1072 5418 Dein
1086 5379 1113 5416 a
1123 5364 1222 5432 pud
1241 5365 1416 5430 Quesu
1427 5402 1439 5414 .
1451 5404 1465 5426 ,
1483 5362 1785 5425 subscribat,
1800 5377 1887 5415 re-

307 5438 634 5508 fragantibus
653 5435 797 5508 vulg.
831 5436 1133 5508 nostrisque
1156 5434 1311 5508 codd.
1344 5433 1532 5487 Postea
1566 5448 1662 5508 pro
1691 5432 1887 5508 debebis

310 5503 439 5565 edit.
457 5511 638 5571 Rom.,
655 5503 825 5560 llolst.
846 5514 899 5561 et
921 5504 1086 5560 Labb.
1105 5505 1309 5559 habebis
1325 5522 1340 5568 ;
1356 5513 1562 5560 veteres
1574 5505 1704 5558 edit.
1719 5503 1886 5558 Cone.

309 5596 428 5636 cum
458 5577 776 5649 quibusdam
814 5591 968 5649 mss.,
1005 5577 1180 5649 debeas
1211 5593 1227 5633 :
1262 5575 1380 5630 Vat.
1411 5575 1579 5640 1542,
1612 5575 1781 5628 debes.

381 5655 399 5691 ί
446 5647 589 5706 Εάίι.
617 5648 775 5702 Rom.
804 5648 974 5702 Holst.
1009 5656 1063 5700 et
1090 5647 1280 5710 Labb.,
1305 5661 1677 5699 conversurum.

380 5732 405 5770 s
448 5723 524 5776 lta
571 5720 729 5774 codd.
777 5720 984 5773 'I‘huau.
1017 5730 1070 5772 et
1111 5718 1269 5772 Vind.
1317 5733 1435 5772 cum
1484 5731 1612 5770 mss.
1647 5715 1801 5769 Barb.
1837 5721 1918 5769 et~

313 5793 430 5848 Vat.
465 5791 640 5854 154%,
674 5799 727 5844 et
757 5790 1094 5844 Additiouum
1136 5789 1284 5842 Dion.
1331 5788 1485 5844 Solus
1513 5788 1686 5840 Oxon.
1709 5827 1721 5850 ,
1761 5785 1892 5839 Item

314 5867 488 5945 regula
517 5862 638 5931 ﬁdei
666 5859 1228 5945 subendamclipitnln:
1280 5860 1332 5912 ln
1364 5859 1480 5945 aliis
1516 5858 1746 5945 divcr‘sna'
1782 5859 1913 5936 ori;

317 5924 450 6005 ginis
495 5924 889 6003 exemplaribus
932 5931 1114 5985 titulus
1162 5930 1312 5984 aliter
1357 5928 1592 5984 efl‘crtur.
1634 5924 1892 5983 Collectio

2024 4719 2288 4776 ontificem
2320 4719 2641 4776 confessioni
2672 4719 2792 4775 fidei
2824 4736 2981 4788 quam
3006 4721 3072 4776 ad
3099 4721 3377 4778 Paulinum
3409 4722 3574 4788 misit,

2024 4739 2288 4776 onuucem
2320 4739 2641 4776 contessmm
2672 4739 2792 4775 uuet
2824 4739 2981 4788 quam
3006 4739 3072 4776 au
3099 4739 3377 4778 rauuuum
3409 4739 3574 4788 mrsu,

1986 4739 2257 4848 gicainam
2289 4792 2446 4846 ﬁdem
2476 4793 2785 4863 prmlisisse.
2823 4792 2877 4846 lu
2901 4793 3019 4847 cod.
3049 4791 3167 4847 Vat.
3202 4793 3356 4858 H22,
3385 4793 3450 4848 de
3471 4809 3577 4863 quo

1989 4878 2291 4919 sermonem
2322 4863 2546 4917 fecimus
2579 4871 2706 4918 tom.
2737 4862 2778 4916 ll
2805 4863 2857 4917 in
2888 4863 3166 4919 Observat.
3202 4864 3265 4917 ad
3295 4862 3509 4918 dissert.
3546 4865 3578 4918 9

1991 4935 2113 4989 huic
2159 4934 2479 4988 confessioni
2526 4933 2646 4988 fidei
2686 4933 2987 5004 symbolum
3031 4933 3582 4989 Nicmno-Constanti-

1990 5005 2352 5073 nopolitanum
2383 5005 2718 5074 praemissum
2754 5005 2967 5074 legitur.
2996 5006 3118 5060 llaec
3146 5004 3576 5074 confessioapml

1990 5076 2290 5150 Orientales
2323 5073 2580 5150 celebris;
2612 5075 2796 5132 Graece
2810 5073 3022 5150 reddita
3050 5075 3317 5150 profertur
3345 5089 3373 5126 a
3407 5073 3584 5128 Theo-

1992 5147 2181 5202 doreto
2211 5146 2302 5200 lib.
2334 5163 2385 5211 ν,
2417 5161 2466 5200 c.
2500 5147 2583 5202 ll.
2899 5143 2903 5156 ’

2065 5217 2093 5256 h
2133 5218 2206 5272 Ita
2236 5216 2393 5272 codd.
2430 5217 2588 5272 Vind.
2620 5227 2672 5272 et
2714 5219 2802 5273 alii
2847 5216 3004 5286 hujus
3041 5212 3408 5286 collectionis,
3451 5217 3586 5286 quin

1995 5289 2054 5343 P.
2086 5288 2430 5343 Constantius
2477 5288 2673 5343 laudat.
2733 5288 2885 5352 Apud
2918 5281 3087 5341 'Merl.
3136 5297 3187 5340 et
3227 5283 3411 5353 Crab.,
3460 5281 3586 5336 Post

1995 5359 2266 5413 concilium
2299 5357 2570 5413 Nicwnum
2599 5359 2739 5412 aliud
2769 5360 2819 5410 in
2851 5357 2970 5411 urbe
2998 5356 3233 5409 Romana
3264 5363 3436 5421 postea
3466 5370 3586 5408 con-

1996 5440 2260 5500 grcgatum
2287 5439 2359 5484 cst
2381 5472 2395 5496 ,
2426 5433 2478 5483 in
2501 5446 2599 5496 quo
2628 5428 2867 5500 catholici
2894 5426 3115 5496 episwpi
3150 5425 3484 5500 reddideruni
3523 5426 3587 5482 de

1947 5531 1955 5541 ·
1996 5495 2202 5567 Spiritu
2248 5495 2444 5554 sancto.
2490 5501 2621 5566 Quia
2651 5508 2824 5570 postea
2852 5495 3078 5570 is_error
3103 5537 3118 5560 ,
3149 5506 3254 5570 eic.
3301 5495 3440 5570 sane
3471 5495 3586 5570 haec.

2002 5571 2158 5627 lectio
2187 5571 2351 5637 magis
2382 5567 2661 5640 perSpicua
2689 5578 2800 5640 es};
2837 5567 2927 5640 sed
2960 5582 3020 5622 ea
3053 5567 3456 5640 noninvenitur
3483 5567 3586 5640 nisi

2000 5642 2052 5696 in
2083 5642 2238 5697 codd.
2284 5637 2434 5710 llisp.
2473 5637 2692 5710 originis
2732 5638 3052 5710 Gallicana},
3081 5647 3135 5692 et
3165 5637 3217 5710 in
3250 5637 3583 5710 Isidorianis,

1999 5715 2052 5768 in
2081 5714 2291 5781 quibus,
2325 5708 2534 5765 ut'alibi
2561 5708 2888 5781 monuimus,
2931 5708 3228 5781 arbitrariae
3256 5709 3587 5781 emendatio-

1998 5779 2108 5840 ues‘
2137 5784 2442 5853 frequenter
2487 5789 2797 5853 occurrunt:
2843 5779 3051 5853 lustrelli
3089 5779 3257 5835 codex
3282 5796 3326 5853 _a
3373 5780 3585 5853 Labbeo

1997 5857 2190 5911 citatus
2217 5851 2346 5907 tom.
2374 5853 2437 5915 ll,
2464 5852 2567 5905 col.
2597 5852 2751 5916 1061,
2785 5851 3108 5907 lsidorianus
3135 5859 3238 5906 est.
3268 5851 3587 5918 Quesnellus

2009 5933 2138 5986 hanc
2163 5925 2441 5979 lectionem
2473 5923 2716 5978 exhibuit
2749 5942 2758 5975 :
2796 5919 2919 5976 Post
2953 5920 3221 5975 Nica'nttm
3243 5923 3511 5976 concilium
3536 5921 3588 5973 in
