3996 6344
304 296 399 355 689

728 291 952 347 CUDEX
992 292 1317 348 CANONUM
1358 292 1636 349 ECCLES.
1681 291 1768 348 ET
1807 292 2388 355 CUNSTITUTORUM
2429 298 2482 354 Β.
2527 298 2718 356 SEDIS
2757 297 3087 356 APOSTOL.

3446 295 3556 359 690

303 416 427 474 lem;
475 411 752 463 anathema
787 408 876 462 sit.
923 407 978 462 Si
1028 410 1148 478 quis
1195 410 1392 464 dixerit
1429 412 1567 478 quod
1611 410 1661 463 in
1702 425 1864 464 carne
1895 415 1938 473 Α
1971 427 2073 466 non
2125 413 2319 470 dixerit
2366 414 2622 483 Spiritum
2665 424 2906 470 sanctum
2955 411 3284 468 adorandum
3311 411 3380 470 ab
3407 413 3556 471 omni

300 503 605 562 constitutus
642 498 807 555 Filius
855 499 944 555 Dei
977 517 1098 555 cum
1127 512 1272 556 esset
1295 501 1351 556 in
1380 511 1544 570 terra,
1579 512 1601 538 ο
1635 503 1687 556 in
1713 502 1864 558 cmlis

299 613 411 655 cum
445 597 596 651 Patre
633 610 737 649 non
781 603 924 659 erat;
968 597 1252 652 anathema
1280 597 1369 651 sit.
1421 599 1475 652 Si
1529 598 1648 666 quis
1670 597 1865 652 dixerit

299 689 430 762 quod
475 687 527 742 in
559 688 803 756 passione
831 688 1006 742 crucis
1053 687 1292 743 dolorem
1317 687 1343 726 ιι
1371 688 1670 743 sustinebat
1698 687 1863 744 Filius

297 785 385 841 Dei
417 786 580 850 Deus,
611 794 663 841 et
693 800 799 840 non
841 799 970 840 caro
1009 799 1128 840 cum
1167 786 1344 841 anima
1368 826 1383 852 ,
1411 801 1570 855 quam
1614 785 1864 842 induerat

296 877 506 933 formam
536 879 708 942 servi,
750 891 912 948 quam
959 877 1063 934 sibi
1088 887 1401 949 acceperat,
1433 881 1569 934 sicut
1595 879 1674 935 ait
1720 879 1862 935 Scri-

295 979 466 1041 ptura;
508 969 790 1026 anathema
826 972 914 1027 sit.
952 982 974 1010 °
1006 972 1062 1027 Si
1088 973 1208 1042 quis
1255 989 1361 1027 non
1408 974 1607 1030 dixerit
1634 974 1776 1044 quod
1808 974 1862 1030 in

295 1075 439 1115 carne
465 1076 624 1130 quam
663 1063 953 1133 assumpsit
976 1063 1130 1119 sedet
1156 1064 1223 1120 ad
1255 1065 1532 1121 dexteram
1578 1067 1772 1132 Patris,
1807 1068 1858 1121 in

293 1168 384 1222 qui
409 1163 662 1209 venturus
683 1164 766 1209 est
780 1155 1024 1224 judicare
1041 1157 1188 1211 vivos
1212 1170 1266 1212 et
1289 1160 1860 1226 mortuos;anathema

293 1248 372 1302 sit.
403 1245 456 1302 Si
485 1247 604 1317 quis
642 1262 748 1303 non
780 1248 977 1304 dixerit
1012 1248 1270 1318 Spiritum
1326 1259 1576 1306 sanctum
1607 1253 1672 1306 de
1703 1251 1860 1307 Patre

291 1354 399 1393 esse
424 1353 547 1394 vere
583 1354 646 1394 ac
673 1341 918 1410 proprie,
946 1339 974 1378 ά
1000 1343 1136 1397 sicut
1180 1341 1376 1397 Filium
1412 1343 1479 1399 de
1513 1343 1693 1398 divina
1727 1344 1858 1398 sub-

291 1429 501 1498 stantia,
530 1442 586 1486 et
619 1432 784 1488 Deum
807 1447 1028 1497 verum;
1070 1435 1354 1489 anathema
1403 1436 1490 1490 sit.
1519 1434 1574 1490 Si
1604 1435 1724 1504 quis
1751 1449 1858 1490 non

289 1521 469 1578 dixerit
494 1524 675 1578 omnia
709 1539 868 1595 posse
889 1524 1145 1594 Spiritum
1171 1533 1437 1590 sanctum,
1463 1523 1643 1579 omnia
1673 1539 1856 1590 nosse,

287 1623 334 1669 et
375 1615 563 1685 ubique
591 1631 736 1683 esse,
769 1617 908 1672 sicut
957 1618 1171 1673 Patrem
1202 1627 1257 1672 et
1303 1613 1529 1681 Filium;
1573 1617 1855 1672 anathema

284 1707 365 1763 sit.
393 1707 446 1763 Si
490 1710 611 1778 quis
653 1709 850 1766 dixerit
879 1709 1137 1780 Spiritum
1188 1720 1431 1765 sanctum
1458 1711 1738 1777 facturam,
1764 1721 1857 1766 aut

1969 515 2242 571 creatura,
2295 506 2433 562 sicut
2471 507 2658 562 Filium
2689 517 2742 562 et
2784 507 3026 573 Patrem;
3051 505 3334 562 anathema
3372 507 3462 563 sit.
3495 508 3553 564 Si

1968 593 2088 665 quis
2108 594 2174 650 de
2203 596 2360 653 Patre
2379 606 2434 653 et
2460 597 2595 653 Filio
2617 599 2754 654 bene
2774 599 3024 668 senserit,
3047 597 3116 655 de
3143 597 3347 668 Spiritu
3370 607 3552 654 autem

1967 696 2153 742 sancto
2182 684 2211 723 ιι
2251 705 2356 743 non
2401 699 2550 746 recte
2589 691 2862 756 habuerit,
2903 690 3190 748 haereticus
3230 699 3316 748 est
3353 709 3366 746 :
3405 692 3552 759 quod

1964 794 2154 836 omnes
2186 781 2422 838 haeretici
2443 783 2509 838 de
2531 784 2664 839 Filio
2686 784 2781 840 Dei
2811 795 2866 840 et
2891 783 2960 840 de
2973 784 3177 855 Spiritu
3199 793 3386 843 sancto
3412 784 3553 841 male

1965 873 2293 941 sentientes,
2337 875 2389 929 in
2433 875 2740 932 Judreorum
2791 885 2952 948 atque
2998 876 3290 933 Gentilium
3329 876 3550 946 perﬁdia

1966 965 2327 1022 inveniuntur.
2361 968 2513 1036 Quod
2544 969 2588 1023 si
2614 971 2736 1040 quis
2771 968 2786 1007 ί
2815 969 3109 1041 partiatur,
3133 969 3303 1025 Deum
3333 969 3546 1026 Patrem

1964 1058 2169 1125 dicens,
2200 1070 2255 1116 et
2285 1061 2450 1116 Deum
2484 1062 2674 1117 Filium
2701 1061 2837 1132 ejus,
2870 1073 2926 1120 et
2950 1063 3118 1119 Deum
3145 1063 3404 1134 Spiritum
3425 1077 3550 1118 san-

1963 1163 2129 1218 ctum,
2156 1153 2296 1209 Deos
2327 1153 2456 1216 dici.
2478 1164 2532 1210 et
2558 1170 2663 1209 non
2696 1155 2864 1210 Deum
2903 1167 3120 1225 propter
3151 1171 3310 1212 unam
3351 1154 3552 1211 divini-

1963 1253 2128 1300 tatem
2170 1255 2224 1300 et
2269 1245 2592 1315 potentiam,
2621 1261 2779 1316 quam
2804 1247 3072 1302 credimus
3119 1262 3238 1303 esse
3265 1257 3320 1303 et
3349 1247 3551 1303 scimus

1962 1335 2158 1402 Patris,
2192 1347 2244 1392 et
2287 1337 2434 1405 Fili',
2464 1348 2518 1392 et
2542 1339 2772 1408 Spiritus
2809 1339 3001 1405 sancti,
3033 1337 3047 1389 i
3105 1339 3427 1396 subtraham
3461 1338 3550 1395 Fi-

1963 1430 2091 1486 lium
2138 1441 2229 1486 aut
2257 1434 2514 1504 Spiritum
2545 1443 2815 1500 sanctum,
2847 1434 3021 1488 solum
3052 1434 3328 1489 ριίριίηιει
3376 1434 3547 1489 Deum

1962 1525 2174 1582 Patrem
2206 1528 2310 1582 dici
2342 1537 2434 1580 aut
2476 1527 2622 1581 credi
2669 1508 2861 1580 unum
2886 1526 3088 1590 Deum;
3121 1524 3406 1582 anathema
3455 1527 3545 1581 sit.

1965 1617 1986 1655 ¹ί
2017 1618 2217 1674 Nomen
2243 1618 2386 1674 enim
2411 1618 2641 1673 Deorum
2670 1629 2724 1674 et
2751 1619 2954 1688 angelis
2993 1627 3048 1675 et
3073 1621 3272 1674 sanctis
3297 1619 3550 1673 omnibus

1961 1727 1990 1765 a
2019 1711 2128 1766 Deo
2155 1721 2238 1767 est
2287 1712 2594 1780 impositum
2646 1719 2703 1766 et
2729 1711 3006 1766 donatum.
3058 1712 3131 1765 De
3157 1711 3312 1766 Patre
3341 1721 3544 1777 autem,

287 1814 371 1870 per
400 1800 586 1855 Filium
615 1800 847 1868 tactum;
880 1802 1165 1856 anathema
1197 1803 1286 1857 sit.
1329 1803 1384 1859 Si
1418 1804 1536 1871 quis
1568 1818 1675 1857 non
1706 1803 1851 1857 dixe-
1883 1805 1932 1867 Β
1960 1813 2014 1859 et
2045 1804 2202 1871 Filio,
2235 1814 2288 1858 et
2317 1804 2517 1874 Spiritu
2543 1815 2746 1870 sancto,
2783 1814 3001 1874 propter
3015 1819 3175 1858 unam
3203 1814 3258 1858 et
3283 1803 3543 1875 aequalem

283 1893 344 1947 rit
367 1894 533 1946 omnia
577 1908 675 1962 per
706 1893 897 1948 Filium
928 1904 951 1932 ο
983 1904 1037 1950 et
1073 1894 1331 1964 Spiritum
1370 1903 1614 1950 sanctum
1641 1896 1854 1950 Patrem

281 1983 476 2052 fecisse,
525 1986 575 2040 id
609 1995 717 2052 est,
745 1986 971 2041 visibilia
1015 1997 1071 2042 et
1099 1974 1420 2053 invisibilia;
1450 1988 1735 2042 anathema
1759 1989 1851 2042 sit.

283 2077 331 2134 Si
358 2078 466 2147 quis
492 2094 597 2134 non
621 2079 818 2135 dixerit
841 2079 1034 2145 Patris,
1069 2091 1122 2136 et
1154 2079 1302 2148 Filii,
1335 2092 1390 2136 et
1420 2081 1652 2151 Spiritus
1679 2081 1853 2136 sancti

281 2184 425 2225 unam
473 2171 774 2238 Deitatem,
815 2180 1165 2242 potestatem,
1207 2172 1570 2243 majestatem,
1617 2170 1635 2210 ί
1669 2183 1854 2242 poten-

281 2263 426 2333 tiam,
458 2281 618 2320 unam
655 2267 882 2336 gloriam
905 2305 920 2330 ,
944 2265 1399 2331 dominationem,
1433 2281 1596 2320 unum
1629 2277 1850 2335 regnum

280 2369 423 2430 atque
441 2374 597 2415 unam
623 2359 792 2433 505
807 2364 1134 2416 voluntatem
1148 2377 1211 2416 ac
1230 2363 1539 2426 veritatem;
1566 2361 1852 2416 anathema

279 2453 357 2508 sit.
379 2452 432 2508 Si
467 2459 585 2524 quis
629 2468 738 2508 non
774 2453 974 2508 dixerit
1009 2467 1164 2509 veras
1202 2461 1312 2508 tres
1343 2467 1602 2524 personas
1645 2452 1846 2522 Patris,

278 2555 326 2602 et
348 2546 479 2616 Filii,
503 2558 556 2604 et
580 2547 818 2618 Spiritus
843 2549 1038 2615 sancti,
1061 2549 1314 2618 :equales,
1341 2562 1558 2617 semper
1581 2548 1848 2612 viventes,

278 2641 438 2696 omnia
459 2642 803 2698 continentes
831 2641 1062 2696 visibilia
1108 2652 1162 2697 et
1191 2641 1508 2706 invisibilia,
1541 2642 1720 2695 omnia
1753 2654 1851 2709 po-

277 2745 460 2805 tentes,
489 2738 673 2794 omnia
699 2739 1036 2809 jndicantes,
1071 2739 1249 2793 omnia
1281 2737 1634 2803 viviﬁcantes,
1667 2735 1847 2790 omnia

277 2829 543 2898 facientes,
574 2843 600 2881 ε
634 2834 814 2890 omnia
854 2832 1153 2898 salvantes;
1191 2831 1474 2886 anathema
1512 2829 1602 2885 sit.
1637 2828 1694 2884 Si
1724 2829 1846 2900 quis

339 2984 360 3010 ιι
381 2978 464 3032 Sic
507 2985 642 3032 mss.
681 2975 859 3042 Vind.,
887 2975 1088 3031 Lucen.
1118 2984 1170 3030 et
1197 2971 1319 3029 Vat.
1353 2972 1515 3039 1522,
1555 2987 1675 3027 cum
1706 2971 1847 3026 Cou-

278 3049 471 3102 stantio.
509 3047 671 3116 Apud
703 3048 907 3116 Quesn.
927 3087 946 3116 ,
982 3064 1082 3102 non
1121 3055 1248 3100 esset
1289 3045 1342 3099 in
1367 3045 1494 3099 creto
1517 3061 1632 3098 cum
1663 3043 1842 3112 Patre,

278 3119 525 3174 anathema
552 3119 644 3174 sit.

336 3188 362 3227 ι)
388 3189 518 3246 Cod.
549 3191 754 3246 Lucen.
779 3232 795 3256 ,
842 3191 1115 3256 sentiebat;
1153 3196 1207 3242 et
1233 3203 1353 3242 mox
1393 3203 1512 3241 cum
1542 3186 1841 3254 Holstenio,

278 3277 410 3330 quam
443 3263 685 3316 induerat
723 3261 888 3330 {arma
933 3264 1083 3315 serui.
1129 3259 1315 3314 Const.
1345 3274 1466 3314 cum
1515 3275 1616 3330 ms.
1653 3257 1842 3324 Corb.,

277 3328 378 3404 Quia
401 3334 638 3388 induerat
685 3328 1072 3404 formatuservi.
1122 3331 1308 3404 Melius
1335 3330 1477 3397 vulg.
1525 3328 1732 3404 Concil.
1761 3345 1839 3404 Aex

277 3379 593 3460 Tlteodore'to
620 3446 636 3469 ,
671 3379 827 3473 quam
850 3379 1086 3458 induerdt
1117 3403 1168 3456 in
1214 3403 1380 3471 forma
1427 3379 1578 3455 genti.
1630 3401 1842 3455 Lectio-
1871 3379 1918 3444 ο

277 3486 381 3528 ncm
410 3477 605 3530 codicis
640 3475 800 3530 Vind.
836 3477 992 3544 hujus
1020 3473 1352 3530 collectioiiis
1375 3485 1428 3526 et
1461 3473 1576 3526 Vat.
1593 3473 1766 3544 13ιὲ,
1790 3482 1845 3527 et

278 3545 488 3616 quinque
514 3550 858 3616 antiquorum
892 3542 1186 3601 Constantii
1228 3547 1545 3610 recepimus.
1579 3542 1842 3610 Quesncl-

279 3614 348 3670 lus
384 3614 699 3688 quibusdam
751 3619 969 3672 vocilms
1015 3616 1228 3672 omissis
1261 3633 1272 3668 :
1305 3631 1458 3688 quam
1493 3616 1767 3682 induerat,
1797 3624 1843 3669 ct

278 3687 623 3754 [armantserci
655 3690 748 3743 sibi
769 3698 1055 3758 acceperat,
1081 3688 1351 3742 anathema
1389 3687 1474 3739 sit.

340 3771 359 3798 ο
381 3759 594 3832 Vulgata
615 3761 797 3814 versio
817 3760 1139 3814 Tli--odoreti
1164 3758 1638 3832 Conciliisjusenta
1663 3758 1841 3813 addit:

279 3827 331 3884 Si
356 3835 455 3898 quis
482 3826 581 3886 non
617 3832 803 3885 dixerit
839 3833 1185 3885 excruciatum
1227 3845 1381 3882 carne
1416 3827 1508 3884 Dei
1546 3826 1762 3894 Filium,
1796 3839 1843 3882 et

278 3916 412 3955 carne
431 3912 639 3958 mortem
662 3913 910 3973 gustasse,
938 3903 1192 3972 fuisseque
1214 3899 1603 3973 primogenitum
1621 3917 1684 3954 ea:
1710 3918 1845 3954 mor-

277 3975 384 4044 tuis,
435 3970 686 4044 quatenus
723 3976 824 4028 vita
875 3970 948 4028 est
991 3970 1227 4044 vivi/iens
1252 3970 1428 4035 Deus;
1457 3971 1726 4023 auat/mna
1755 3973 1842 4026 sit.

276 4040 409 4096 Hunc
436 4040 559 4101 vero
585 4040 1101 4100 anathematismum'
1124 4043 1252 4097 nulli
1279 4044 1468 4104 nostri,
1503 4058 1676 4107 neque
1701 4044 1842 4096 Cou-

276 4117 434 4170 stantii
476 4117 636 4172 codd.
672 4117 839 4171 Latini
893 4114 1225 4169 diversarum
1266 4115 1644 4168 culleetiomrm
1694 4116 1844 4168 exhi-

274 4182 406 4256 bent.
437 4187 602 4243 immo
651 4187 792 4242 idem
825 4187 1155 4256 Epiphanius
1186 4186 1548 4240 Sehulasticus
1573 4227 1586 4246 .
1620 4186 1710 4254 qni
1743 4186 1844 4240 hoc

276 4253 636 4314 documentum
681 4273 747 4314 ex
789 4253 1132 4314 Theodoreto
1171 4257 1357 4312 Latine
1388 4256 1615 4310 reddidit
1641 4253 1748 4310 lib;
1783 4272 1841 4311 tx

275 4323 554 4397 Tripartitm
575 4374 589 4396 ,
641 4345 693 4384 c.
725 4330 824 4397 16,
858 4329 996 4384 hunc
1025 4330 1527 4383 anathematismnm
1559 4327 1836 4393 omittens,

275 4395 428 4465 ipsum
460 4403 510 4456 in
536 4395 636 4456 suo
665 4395 989 4456 Theodoreti
1015 4399 1202 4455 Grmco
1226 4401 1411 4454 codice
1441 4415 1546 4453 nun
1575 4399 1844 4454 invenisse

275 4468 518 4543 signiﬁcat
547 4491 558 4526 :
590 4473 730 4543 quod
762 4471 958 4527 indicio
995 4486 1117 4543 esse
1146 4481 1318 4540 potest
1343 4470 1589 4524 eumdem
1621 4472 1844 4543 anathe-

274 4542 559 4598 matismum
595 4541 648 4599 in
686 4544 805 4598 aliis
848 4543 1047 4598 Grmcis
1077 4541 1400 4596 Thendorett
1447 4541 1842 4610 exemplaribus

275 4616 538 4683 posteriOri
567 4614 933 4670 additamento
963 4629 1082 4669 esse
1110 4613 1490 4683 deputandum.

337 4680 360 4717 ίί
388 4683 518 4742 Cod.
548 4684 671 4741 Vat.
709 4686 867 4751 1542,
912 4687 1042 4740 sicut
1082 4680 1251 4739 Filius
1295 4681 1428 4747 Dei;
1467 4683 1842 4754 Coust.,sicut

1962 1897 2335 1965 diiinitatem,
2371 1915 2474 1952 non
2525 1913 2720 1953 nomen
2776 1899 3006 1953 Deorum
3035 1938 3052 1961 ,
3102 1897 3200 1953 sed
3251 1897 3346 1952 Dei
3391 1897 3550 1952 nobis

1960 1992 2260 2048 ostenditur
2283 2002 2441 2062 atque
2456 1992 2719 2046 indicatur
2735 2008 2748 2056 ;
2767 1999 2825 2044 ut
2840 1991 3126 2047 credamus
3147 1992 3268 2061 quia
3290 1991 3342 2045 in
3367 1991 3547 2057 Patre,

1957 2083 2120 2158 405
2146 2093 2201 2138 ct
2228 2084 2384 2149 Filio,
2422 2094 2476 2138 et
2511 2085 2714 2152 Spiritu
2745 2093 2952 2151 sancto,
2986 2084 3160 2139 solum
3193 2082 3546 2153 baptizamur,

1958 2187 2014 2232 et
2040 2193 2142 2233 non
2171 2177 2223 2230 in
2255 2177 2696 2246 archangelorum
2730 2177 3037 2231 nominibus
3074 2173 3088 2212 ι
3125 2183 3180 2230 et
3209 2176 3547 2245 angelorum,

1955 2253 2224 2340 quomodo
2269 2269 2506 2325 haeretici
2557 2279 2649 2323 aut
2673 2268 2845 2324 ,ἰυᾱωί
2873 2269 3147 2323 autetiam
3171 2267 3413 2324 Gentiles
3453 2267 3547 2324 de-

1958 2377 2186 2422 mentes.
2222 2366 2346 2422 llazc
2386 2381 2516 2436 ergo
2547 2376 2629 2420 est
2667 2365 2814 2421 salus
2860 2365 3308 2432 Christianorum,
3342 2374 3398 2419 ut
3424 2378 3546 2419 cre-

1958 2459 2145 2515 dentes
2193 2459 2438 2514 Trinitati
2464 2503 2478 2526 ,
2513 2458 2563 2514 id
2603 2469 2714 2524 est,
2743 2457 2917 2522 Patri,
2945 2466 2999 2512 et
3022 2457 3193 2522 Filio,
3225 2467 3280 2512 et
3320 2455 3546 2527 Spiritui

1957 2563 2164 2617 sancto,
2195 2559 2232 2588 ω
2257 2551 2308 2605 in
2335 2565 2453 2605 eam
2481 2565 2663 2606 veram
2698 2550 2976 2621 solamque
3011 2565 3171 2604 unam
3198 2549 3546 2606 Divinitatem

1957 2654 2014 2700 et
2044 2645 2340 2715 potentiam
2359 2685 2373 2709 ,
2401 2645 2736 2713 majestatem
2771 2653 2826 2698 et
2869 2642 3222 2699 substantiam
3250 2650 3278 2679 ιι
3302 2641 3546 2713 ejusdem

1958 2738 2071 2792 lucc
2102 2739 2218 2791 sine
2245 2738 2408 2792 dubio
2438 2736 2742 2792 credamus.

2030 2839 2053 2865 ο
2083 2832 2196 2901 Ego
2226 2830 2316 2886 ille
2342 2829 2949 2900 Constantinopolitanae
2989 2830 3243 2886 Ecclesiae
3280 2829 3544 2886 diaconus

1953 2970 2077 3036 630,
2110 2969 2271 3036 1540,
2295 2970 2457 3038 1541,
2492 2969 2650 3034 1542,
2691 2981 2746 3026 et
2774 2968 2896 3025 Vat.
2940 2969 3108 3025 Palat.
3149 2968 3274 3035 575,
3309 2968 3544 3030 ttrzetnlit

1953 3044 2200 3111 patiatur.
2225 3044 2294 3097 At
2323 3046 2580 3112 partiatur
2607 3059 2710 3097 non
2742 3044 2913 3096 solum
2947 3039 3346 3112 habenticodd.
3379 3039 3540 3110 hujus

1951 3113 2312 3176 collectionis,
2347 3129 2527 3168 verum
2569 3113 2730 3168 etiam
2765 3124 2919 3166 vetus
2954 3113 3119 3169 Corb.
3158 3111 3358 3167 Lucen.
3381 3151 3396 3176 ,
3437 3126 3539 3168 nec

1896 3201 1902 3213 ·
1952 3199 2056 3237 non
2101 3185 2226 3238 illud
2256 3186 2528 3254 exemplar
2556 3183 2698 3254 quod
2729 3183 3098 3239 Theodoretus
3139 3181 3328 3238 Graece
3357 3182 3540 3254 reddi-

1950 3255 2028 3327 dit
2075 3255 2380 3327 Holstenius
2403 3253 2530 3324 legit
2557 3253 2841 3327 :partiatur
2866 3255 3214 3320 Divinitatem,
3239 3253 3541 3327 singillatim

1954 3325 2114 3381 Deum
2157 3325 2388 3381 Patrem.
2422 3323 2742 3383 Licet'vero
2780 3341 2900 3381 cum
2953 3323 3539 3396 sequentibusimelius

1947 3399 2215 3453 cohaereat
2257 3401 2590 3468 patiatur.....
2640 3397 2777 3453 Deos
2806 3398 2943 3463 diei;
2979 3407 3178 3452 nostra
3222 3405 3400 3468 tamen
3423 3398 3538 3450 col-

1951 3469 2195 3524 lectionis
2223 3465 2505 3525 lectionem
2547 3470 2664 3524 aliis
2690 3469 3074 3533 antiquissimis
3107 3482 3238 3522 mss.
3266 3465 3534 3522 ﬁrmatam

1946 3556 2253 3610 expungere
2295 3541 2585 3598 noluimus.
2622 3541 2742 3596 Vat.
2794 3539 2951 3602 1512,
2993 3539 3093 3610 etsi
3129 3538 3322 3610 habeat
3367 3538 3537 3610 pratia-

1948 3605 2056 3676 tur,
2083 3605 2266 3682 postea
2294 3623 2468 3667 tamen
2500 3612 2715 3684 praefert
2728 3611 2859 3667 Deos
2876 3611 3022 3664 dicit.
3048 3609 3183 3665 Cod.
3214 3605 3377 3677 Luc.,‘
3397 3605 3538 3664 Deos

1948 3685 2136 3738 dicere.

2022 3755 2035 3805 i
2067 3755 2235 3810 Codd.
2271 3754 2480 3809 'l‘hnan.
2522 3765 2575 3809 et
2612 3754 2735 3810 Vat.
2773 3753 2908 3810 1512
2957 3751 3162 3806 addunt
3205 3750 3390 3815 Deum,
3414 3766 3537 3820 qua

1947 3842 2049 3880 vox
2109 3828 2378 3881 abundare
2442 3827 2677 3882 videtur.
2734 3826 3072 3892 Holstcnius,
3119 3823 3282 3877 Deum
3337 3837 3534 3878 verum.

1950 3898 2279 3967 Epiphanius
2327 3914 2392 3952 ex
2432 3897 2798 3962 Theodoreto,
2843 3895 3006 3950 Deum
3049 3911 3240 3967 unum;
3289 3894 3532 3967 quicum

1947 3964 2065 4023 non'
2103 3970 2358 4034 adjeccrit
2403 3971 2454 4022 in
2486 3971 2645 4023 tribus
2676 3969 2926 4038 personis,
2959 3981 3118 4020 voces
3162 3965 3362 4038 (ξηρῷ
3391 3964 3530 4032 apud

1945 4039 2338 4116 Iheodoretum
2364 4042 2412 4116 ἐγ
2433 4035 2968 4116 τρισέν-ῥτξοστὰσξσιν
2998 4035 3253 4116 addititite
3268 4037 3536 4116 videntur.

1947 4111 2073 4165 Mss.
2111 4112 2238 4166 Luc.
2268 4121 2321 4164 ct
2366 4107 2485 4166 Vat'.
2521 4111 2657 4166 1542
2698 4127 2817 4165 cum
2849 4112 3033 4164 Const.
3057 4150 3070 4173 ,
3113 4107 3413 4161 subtrahens
3441 4123 3539 4160 au-

1948 4192 2044 4236 tem
2072 4181 2266 4237 Filium
2293 4195 2378 4234 aut
2408 4182 2663 4249 Spiritum
2694 4190 2950 4245 sanetum,
2979 4180 3051 4232 ita
3080 4173 3538 4234 solum’ex’r’stimet

1944 4271 2053 4307 esse
2077 4253 2238 4307 Deum
2269 4253 2498 4321 Patrem,
2531 4254 2632 4306 diri
2653 4263 2742 4305 aut
2775 4252 2911 4305 credi
2938 4291 2954 4317 ,
2985 4260 3088 4306 etc.

2020 4323 2047 4361 ¹ί
2076 4324 2366 4395 Sequentia
2411 4319 2584 4395 usque
2621 4324 2683 4375 ad
2727 4323 2937 4395 gentiles
2968 4321 3236 4395 dementes
3261 4320 3454 4395 desunt
3480 4319 3534 4375 in

1947 4413 2050 4448 ms.
2081 4389 2253 4451 Oxon.
2288 4395 2416 4448 Post
2441 4389 2713 4447 anathema
2728 4389 2821 4456 sit,
2856 4394 2908 4446 in
2942 4407 3069 4446 mss.
3101 4391 3283 4451 Vind.,
3316 4389 3444 4444 an.
3481 4398 3537 4446 et

1946 4467 2067 4521 Vat.
2113 4467 2282 4531 1542,
2330 4468 2529 4519 intrnsa
2580 4465 2828 4532 leguntur
2863 4464 2976 4517 haec
3008 4480 3022 4516 :
3057 4464 3336 4527 Omnibus,
3380 4463 3536 4515 immo

1944 4537 2161 4602 Judwis,
2186 4537 2360 4608 quod;
2381 4546 2434 4608 et
2460 4544 2757 4608 sequuntur
2775 4550 2958 4608 nomen
2981 4533 3207 4608 Deorum
3234 4535 3286 4587 in
3318 4535 3533 4608 angelis.

1946 4607 2120 4663 Voces
2147 4627 2178 4662 a
2198 4603 2316 4661 'Deo
2339 4603 2634 4678 adjec’imus
2661 4623 2725 4661 ex
2764 4605 3013 4678 onmibus
3043 4607 3241 4678 nostris
3265 4613 3318 4660 et
3343 4603 3531 4659 Const.

1946 4680 2245 4746 codicibus,
2271 4676 2599 4750 suﬂragante
2640 4679 2801 4732 etiam
2833 4676 3158 4733 Theodoreti
3197 4677 3382 4733 Graeca
3411 4689 3536 4730 vera

277 4750 449 4830 filius.
496 4757 620 4830 Mox
667 4758 808 4828 vulg.
842 4759 1022 4813 versio
1050 4772 1118 4812 ex
1161 4755 1535 4824 'l'heodoreto,
1584 4764 1632 4810 et
1665 4750 1841 4810 Deum
1867 4769 1920 4830 ι)
1946 4751 2114 4830 sione“.

277 4820 361 4877 Dei
393 4825 628 4883 Verbum.

344 4905 364 4933 ε
385 4896 540 5023 VulIg.
565 4902 746 4955 versio
771 4899 979 4954 Theod.
1031 4899 1175 4954 addit
1211 4908 1385 4970 postea
1406 4898 1751 4952 incarnatum.
1783 4915 1839 4954 in

345 4983 447 5023 :eco
511 4970 789 5023 heodoreti
814 4971 966 5023 deest
990 4983 1182 5023 nostea.
1241 4980 1295 5023 et
1321 4969 1493 5023 solum
1525 4970 1718 5023 lenitur
1743 4977 1834 5023 τοῦ

277 4964 447 5024 Graeco
466 4964 789 5027 Theodoreti
814 4971 966 5025 deest
989 4983 1182 5041 postea,
1211 4964 1295 5024 'et
1321 4969 1493 5023 solum
1525 4970 1718 5039 legitur
1743 4977 1834 5024 τοῦ

278 5043 605 5115 εαρκῳθὲντος
632 5060 645 5096 :
677 5042 818 5112 quod
853 5057 1047 5115 nomen
1076 5058 1202 5115 cum
1229 5041 1437 5110 ignoret
1472 5042 1840 5115 interpretatio

277 5105 572 5183 Epiphanii,
603 5105 708 5170 nec'
728 5116 778 5169 in
816 5114 928 5167 ullo
960 5130 1061 5169 ms.
1094 5105 1280 5168 Latino
1308 5112 1576 5180 quippiam
1608 5105 1840 5182 {equiva-

281 5177 381 5262 Icns
411 5177 643 5262 legatur,
677 5185 976 5241 addititium
1019 5177 1357 5256 agnoscitur,
1399 5177 1455 5238 ut
1495 5177 1839 5240 Constantius

279 5256 652 5312 animadvertit.

345 5322 361 5360 ί
394 5323 560 5382 Voces
589 5329 884 5396 potentiam,
907 5345 1063 5382 unam
1086 5327 1379 5397 adiecimus
1402 5343 1463 5381 ex
1491 5341 1620 5380 mss.
1654 5325 1839 5391 Vind.,

279 5390 497 5468 Thna_n.,
523 5390 746 5468 Lucen.,
780 5390 902 5454 Vat.
935 5401 1089 5465 1542,
1119 5390 1343 5466 aliisque
1367 5397 1689 5454 Constantii.

344 5475 365 5513 ε
392 5465 558 5540 Codd.
590 5465 814 5536 Lucen.,
842 5469 1004 5526 Corb.
1039 5482 1089 5526 ct
1110 5473 1214 5526 duo
1254 5465 1485 5526 Colbert.
1510 5511 1525 5535 ,
1567 5485 1686 5521 cum
1715 5468 1842 5540 ll‘ol-

281 5539 438 5592 stenio
483 5551 537 5597 et
573 5541 914 5612 Constantio,
948 5545 1120 5599 omnia
1157 5561 1270 5616 qua:
1309 5551 1426 5596 sunt
1470 5541 1716 5595 snlranda
1741 5540 1847 5594 sal-

283 5619 459 5664 nantes.

311 5674 737 5758 th‘Coanxon.
784 5687 948 5758 habet
992 5697 1194 5742 tantum
1240 5703 1338 5758 non
1379 5684 1845 5758 recte_.__anathema

283 5750 358 5801 sit.
380 5750 437 5824 Si
465 5755 575 5824 quis
605 5761 740 5813 dicat
775 5757 941 5813 Deum
969 5758 1200 5823 Patrem,
1229 5769 1274 5812 et
1308 5757 1468 5812 Deum
1494 5754 1712 5818 Filium,
1737 5763 1845 5808 etc.

356 5822 723 5888 'Coustautius
758 5847 879 5888 cum
913 5832 1080 5888 tribus
1109 5832 1219 5888 suis
1241 5845 1370 5888 mss.
1404 5838 1458 5885 et
1488 5824 1846 5884 nostrisVatt.

2029 4821 2044 4859 ¹
2076 4822 2246 4878 Codd.
2280 4821 2479 4877 Lucen.
2511 4829 2565 4876 et
2591 4820 2712 4875 Vat.
2738 4819 2900 4885 1542,
2928 4833 3048 4876 cum
3075 4818 3282 4882 Coust.,
3316 4824 3406 4870 aut
3440 4832 3536 4870 an-

1949 4895 2212 4967 gelorum;
2246 4909 2308 4948 ac
2334 4893 2609 4967 deinpost
2635 4893 2888 4967 dementes
2911 4891 3120 4967 addunt
3147 4890 3363 4967 faciunt.

2020 4975 2058 5002 ιιι
2084 4957 2430 5020 Constantius
2471 4957 2754 5036 legendum
2781 4962 2971 5036 credit
2999 4957 3164 5036 inea.
3198 4957 3529 5024 Holstenius,

1947 5037 2290 5112 Theodoreti)
2320 5033 2664 5112 suifragante,
2696 5043 2744 5088 et
2771 5034 3020 5112 baptizari
3044 5033 3095 5085 in
3125 5047 3257 5112 eam.
3387 5099 3400 5112 ο

2018 5118 2043 5145 η
2071 5108 2244 5163 Voces
2272 5103 2510 5181 ejusdem
2533 5110 2672 5181 hac,
2711 5121 2739 5159 a
2773 5103 3350 5181 Quesuello__omissas
3387 5103 3533 5181 inse-

1946 5182 2152 5236 rnimus
2181 5197 2243 5233 ex
2279 5170 2408 5235 mss.
2437 5179 2623 5242 Vind.,
2654 5170 2876 5240 Lucen.,
2902 5174 3021 5228 Vat.
3050 5171 3207 5232 1542.
3237 5180 3292 5226 et
3320 5170 3531 5224 duobus

1944 5255 2177 5321 antiquis
2199 5253 2253 5305 P.
2273 5250 2590 5306 Constantii.
2625 5247 2928 5321 llnlstenius
2951 5244 3143 5321 retinet
3163 5243 3389 5321 ejusdem
3413 5242 3531 5295 sine

1944 5314 2088 5389 tunc;
2119 5332 2267 5377 vetus
2287 5324 2447 5378 Corb.
2469 5323 2576 5374 [nec
2601 5319 2760 5373 habet
2785 5320 2901 5370 sine
2923 5315 3168 5389 ejusdem.
3196 5314 3380 5389 Const.
3406 5327 3528 5367 cum

1946 5385 2249 5450 reiJIColb.
2289 5393 2517 5463 prmtnlit
2548 5392 2772 5444 eamdem
2808 5385 3108 5463 si_ne_dubio
3142 5385 3430 5450 credamus,
3473 5391 3529 5436 ut

1946 5477 2186 5520 a'ternmn
2212 5459 2460 5534 attingere
2487 5459 2862 5534 mereamurad
2891 5459 3064 5534 vitam.

2021 5547 2044 5572 ο
2070 5538 2271 5605 Quem.
2308 5522 2433 5590 huic
2464 5532 2705 5605 feriunlze
2734 5529 2854 5605 tidei
2883 5527 3110 5605 prmﬁxit
3139 5527 3384 5605 titulum:
3416 5522 3534 5578 Hac

1949 5598 2116 5662 autem
2159 5607 2416 5675 scriptura
2459 5603 2747 5675 recipiatur
2777 5599 3079 5675 a_b__httrt'8t°_
3104 5598 3326 5675 renitens,
3372 5611 3535 5675 quem

1952 5681 2244 5733 delevimus
2265 5669 2394 5733 'cnm
2425 5675 2628 5744 optimo
2653 5673 2775 5726 cod.
2799 5671 2958 5744 Vind.
2992 5669 3148 5738 hujus
3175 5669 3532 5744 colleetiunis.

1957 5751 2081 5805 Dure
2108 5751 2224 5804 alia:
2255 5739 2602 5804 collectiones
2630 5751 2853 5798 vetusta:
2894 5742 3030 5796 hanc
3058 5739 3301 5796 eamdem
3332 5739 3535 5795 formu-

1957 5823 2060 5876 lam
2092 5821 2366 5887 exhibent,
2396 5819 2564 5876 altera
2596 5815 2828 5887 exempli
2855 5812 2977 5873 Vat.
3009 5811 3147 5872 I54!
3185 5820 3305 5884 post
3333 5825 3534 5883 prtecc~
