3996 6344
493 340 597 396 695

1418 334 1765 391 APPENDIX
1802 334 1895 390 AD
1933 334 1990 391 S.
2031 333 2273 392 LEONIS
2312 332 2524 391 MAGNI
2566 331 2811 389 OPEBA.

494 452 760 525 prohibita
780 450 1100 522 deprehensi
1128 449 1327 507 fuerint
1350 449 1652 518 admisisse,
1676 450 1760 506 vel
1774 449 2067 507 commissa
2093 452 2149 515 Α
2171 448 2332 505 etiam
2367 448 2451 502 illa
2478 462 2598 516 qua:
2645 461 2740 515 pro
2784 446 3010 511 alicujus
3039 444 3280 502 utilitatis
3323 445 3539 501 fortasse
3580 458 3708 503 com-

492 559 602 600 non
626 543 800 613 potius
821 559 915 598 sua
940 553 1131 614 sponte
1150 543 1505 612 correxerint,
1526 544 1821 615 periculum
1844 542 2072 605 subituri

491 635 701 707 preprii
728 635 837 693 sint
865 634 1102 691 honoris.

902 728 1061 802 41],
1094 739 1120 767 η
1157 728 1215 783 ν.
1253 729 1326 784 De
1352 729 1670 800 presbyteris.
1990 786 1999 787 ί

570 822 679 878 Nec
710 822 887 876 minus
915 821 1074 875 etiam
1108 821 1453 894 presbyteros
1482 822 1617 877 ultra
1664 820 2078 876 suumlmodum

506 914 726 968 tendere
755 913 1117 982 prohibemus,
1172 928 1270 967 nec
1317 914 1603 983 episcopali
1652 914 1860 983 faSIigio
1899 912 2079 968 debila

499 1006 715 1060 sibimet
756 1005 1011 1059 audacter
1053 1019 1370 1061 assumere:
1403 1021 1505 1060 non
1548 1007 1864 1061 conficiendi
1907 1005 2081 1060 chris-

502 1098 678 1161 matis,
730 1112 833 1151 non
882 1098 1301 1166 consignationis
1349 1098 1665 1163 tontilicalis
1693 1098 1721 1136 ι)
1768 1097 2084 1152 adhibenda:

502 1188 721 1243 sibimet
747 1190 989 1258 arripere
1018 1188 1358 1256 facultatem;
1409 1206 1513 1245 non
1550 1200 1813 1257 praesente
1843 1188 2086 1260 quolibet

504 1280 762 1342 antistite.
795 1281 897 1335 nisi
931 1279 1155 1336 fortasse
1177 1281 1485 1349 jubeantur,
1513 1292 1535 1319 ο
1584 1284 1663 1337 vel
1697 1281 1972 1348 orationis,
2003 1280 2086 1336 vel

507 1369 732 1425 actionis
760 1385 928 1426 sacrae
967 1382 1250 1442 suppetere
1279 1372 1381 1428 sibi
1410 1367 1880 1441 praesumant-esse
1922 1372 2087 1426 licen-

507 1464 667 1531 tiam;
715 1479 888 1535 neqne
931 1465 1032 1519 sub
1068 1466 1182 1535 ejus
1224 1478 1461 1533 aSpecm,
1514 1467 1612 1521 nisi
1641 1467 1949 1536 jubeanlur,
1997 1472 2090 1520 aut

508 1555 700 1612 sedere
729 1567 1071 1625 praesumant,
1108 1568 1198 1611 aut
1223 1558 1520 1614 veneranda
1555 1569 1778 1613 tractare
1802 1559 2087 1628 mysteria;

510 1661 612 1702 nec
658 1644 873 1702 sibimet
920 1647 1266 1703 meminerint
1312 1648 1415 1703 ulla
1460 1649 1663 1703 ratione
1705 1650 1923 1703 concedi
1976 1648 2092 1701 sine

510 1755 719 1794 summo
749 1740 998 1807 pontifice
1024 1742 1407 1796 subdiaconum
1438 1743 1520 1796 vel
1553 1742 1859 1814 acolythum
1889 1741 1974 1810 jus
1998 1740 2091 1793 ha-

2179 540 2374 611 pendio
2390 539 2671 595 videantur
2692 537 2923 593 laxanda
2951 535 2967 575 ί
2998 535 3279 603 cedamus;
3310 550 3529 607 cumque
3550 544 3709 594 contra

2179 635 2490 690 salutarium
2525 632 2880 690 reverentiam
2909 633 3215 701 regularum
3249 630 3517 701 cupiamus
3544 639 3713 687 temere

2181 727 2311 783 nihil
2342 728 2524 793 licere,
2550 735 2751 782 etcum
2781 724 2939 782 sedes
2972 722 3265 793 apostolica
3296 721 3312 774 i
3345 737 3503 793 super
3528 721 3603 777 his
3620 738 3717 776 oni.

2182 821 2339 876 nibus
2364 820 2574 875 favente
2620 819 2863 881 Domino,
2891 830 3011 888 quae
3041 815 3279 886 paternis
3315 813 3593 870 canonibus
3617 824 3719 869 sunt

2185 912 2465 983 praeﬁnita,
2498 912 2588 982 pio
2616 911 2919 980 devotoque
2962 908 3173 966 studeat
3221 916 3406 991 tenere
3452 908 3718 977 proposito;

2185 1008 2316 1061 satis
2349 1005 2620 1073 indignum
2653 1012 2736 1059 est
2764 1016 3083 1073 queinquam
3109 1000 3192 1056 vel
3232 998 3534 1068 pontiﬁcum
3557 999 3631 1054 vel
3652 1014 3723 1055 or-

2186 1099 2369 1153 dinum
2415 1097 2850 1166 subsequentium
2901 1095 3038 1149 hanc
3062 1093 3465 1149 observantiam
3503 1091 3723 1160 refutare,

2188 1210 2345 1266 quam
2366 1193 2523 1249 vbeati
2557 1192 2700 1247 Petri
2742 1192 2924 1248 sedem
2961 1201 3015 1247 et
3039 1190 3189 1260 sequi
3230 1189 3412 1244 videat
3445 1197 3500 1243 et
3531 1187 3723 1252 docere;

2189 1287 2424 1355 satisque
2450 1283 2879 1356 convenienssit
2912 1292 2969 1336 ut
3000 1290 3167 1337 totum
3204 1293 3400 1349 corpus
3433 1277 3661 1334 Ecclesia:
3684 1279 3727 1334 in

2191 1376 2291 1432 hac
2316 1376 2339 1413 ιι
2372 1375 2473 1430 sibi
2503 1373 2878 1431 observatione
2904 1371 3214 1437 concordet,
3261 1385 3422 1441 quam
3456 1368 3558 1424 illic
3583 1369 3730 1438 vigere

2192 1470 2505 1539 conspiciat,
2538 1469 2627 1523 ubi
2658 1469 2916 1524 Dominus
2948 1466 3206 1522 Ecclesia:
3236 1465 3400 1521 totius
3422 1463 3588 1533 posuit
3609 1463 3729 1532 prin-

2192 1561 2448 1630 cipatum.
2482 1559 2701 1614 Dicente
2738 1557 2754 1595 ι
2788 1567 2966 1612 autem
2990 1557 3272 1628 Scriptura
3312 1574 3324 1608 :
3353 1554 3733 1609 Ordinateinme

2194 1651 2495 1706 eliaritatem
2536 1649 2710 1720 (Cant.
2754 1665 2812 1712 ll,
2851 1648 2940 1718 4);
2990 1648 3117 1703 item
3162 1663 3178 1706 :
3214 1646 3405 1702 Omnia
3445 1661 3555 1700 cum
3592 1644 3734 1699 ordine

2195 1743 2322 1813 ﬁant
2348 1742 2393 1815 (ι
2417 1741 2537 1796 Cor.
2568 1758 2677 1807 xiv,
2706 1741 2833 1807 40);
2865 1750 3026 1810 atque
3054 1741 3244 1795 iterum
3280 1738 3552 1795 Psalmista
3580 1737 3736 1807 pradi-

512 1832 641 1888 here
669 1830 926 1897 faciendi;
972 1848 1069 1888 nec
1094 1849 1311 1901 prorsus
1341 1834 1675 1902 addubitent,
1729 1835 1772 1889 si
1803 1833 2090 1903 quidquam
2123 1834 2170 1895 Β
2197 1845 2353 1892 eante
2378 1854 2391 1890 :
2416 1835 2741 1890 Circumdate
2763 1834 2890 1891 Sion
2912 1842 2960 1890 et
2990 1833 3386 1906 complectimini
3412 1847 3542 1897 eam,
3568 1838 3736 1885 narrate

514 1922 582 1977 ad
618 1924 920 1993 episcOpale
966 1924 1318 1979 ministerium
1362 1926 1665 1995 specialiter
1697 1927 1970 1994 pertinens
1998 1932 2096 1977 Sino

515 2025 663 2070 motu
689 2020 988 2082 putaverint
1019 2017 1438 2087 exsequendum,
1462 2012 1488 2053 ά
1510 2020 1766 2073 continuo
1795 2033 1853 2073 se
1877 2018 2097 2090 presby-

516 2108 635 2164 terii
665 2109 923 2178 dignitate
951 2120 1005 2165 et
1054 2125 1202 2164 sacra
1248 2111 1626 2165 communione
1676 2110 1892 2179 privari.
1944 2110 2097 2177 Quod

516 2199 632 2256 fieri
673 2216 895 2274 necesse
920 2212 1025 2269 est,
1056 2217 1358 2269 censemus,
1392 2204 1434 2256 si
1471 2212 1495 2240 ε
1524 2218 1705 2257 eorum
1750 2202 1977 2273 praesule
2013 2217 2099 2258 re-

516 2294 727 2349 ferente
771 2295 1075 2364 hujusmodi
1109 2296 1266 2351 fuerit
1305 2296 1676 2366 prtevaricatio
1717 2296 2096 2368 comprobata;

517 2398 618 2440 nec
649 2387 766 2454 ipso
795 2401 980 2442 eorum
1022 2386 1277 2458 episcopo
1302 2386 1322 2426 ί
1355 2403 1385 2441 a
1423 2387 1578 2458 culpa
1609 2388 1897 2443 cohibente
1940 2397 1995 2443 et
2033 2389 2099 2443 ad

518 2479 777 2534 ultionem
806 2488 1091 2546 vocaturo,
1136 2481 1182 2537 si
1230 2481 1581 2538 immoderata
1622 2480 1905 2539 facientem
1944 2482 2099 2539 dissi-

523 2570 809 2627 mulaverit
831 2571 1122 2627 vindicare.

1016 2673 1039 2712 8
1075 2664 1158 2721 Vl.
1188 2662 1268 2721 De
1295 2666 1615 2724 diaeonibus.

600 2754 862 2811 Diaconos
909 2770 1122 2826 quoque
1150 2757 1421 2826 proiiriam
1466 2759 1845 2816 constituimus
1887 2772 2105 2815 servare

526 2862 853 2913 mensuram,
884 2864 982 2905 nec
1004 2850 1141 2904 ultra
1167 2859 1402 2907 tenorem
1436 2853 1673 2923 paternis
1696 2852 1991 2909 canonibus
2011 2852 2107 2909 de-

528 2949 768 3007 putatum
798 2940 1067 3010 quippiam
1100 2951 1306 2998 tentare
1337 2945 1726 3014 permittimus;
1769 2945 1900 3001 nihil
1918 2960 2105 3001 eorum

527 3030 739 3097 penitus
761 3046 858 3086 suo
882 3032 1179 3088 ministerio
1195 3035 1461 3104 applicare
1476 3052 1596 3107 qua:
1626 3036 1811 3107 primis
1827 3036 2108 3092 ordinibus

443 3140 453 3148 ·
529 3124 745 3194 proprie
783 3125 1020 3181 decrevit
1048 3128 1362 3200 antiquitas,
1410 3142 1467 3186 et
1507 3131 1708 3201 absque
1746 3133 1999 3202 episcopo
2025 3130 2107 3185 vel

2199 1931 2253 1987 in
2281 1929 2503 1983 turribus
2534 1934 2680 2002 ejus;
2728 1930 2897 1998 ponite
2932 1927 3089 1981 corda
3117 1936 3284 1979 restra
3311 1926 3366 1980 in
3410 1924 3583 1979 virtute
3615 1925 3736 1994 ejus;

2201 2029 2248 2076 et
2271 2020 2555 2075 distribuite
2572 2018 2763 2091 gradus
2788 2019 2920 2088 ejus,
2944 2027 2996 2071 ut
3017 2017 3263 2073 enarratis
3292 2025 3334 2054 ω
3361 2015 3414 2070 in
3443 2013 3659 2087 progenie
3674 2013 3737 2068 al-

2201 2121 2310 2167 tera
2333 2128 2350 2165 :
2376 2113 2498 2182 quia
2521 2112 2601 2165 hic
2625 2120 2699 2165 est
2720 2111 2851 2164 Deus
2883 2120 3053 2164 noster
3080 2110 3133 2163 in
3160 2117 3431 2174 (sternunt,
3454 2114 3499 2162 et
3522 2106 3621 2178 ipse
3636 2105 3738 2176 regit

2203 2202 2296 2259 nos
2344 2205 2396 2257 in
2430 2202 2621 2258 stecula
2655 2201 2823 2275 (I’sal.
2855 2217 3020 2267 xnvu,
3069 2201 3158 2273 l3)
3188 2219 3201 2254 :
3234 2200 3328 2256 hic
3371 2199 3548 2270 procul
3590 2194 3736 2262 dubio,

2204 2295 2293 2367 qui
2327 2295 2379 2349 in
2424 2294 2915 2350 ecclesiasticarum
2962 2302 3209 2347 narratur
3235 2290 3518 2346 altitudine
3555 2287 3741 2358 dignita-

2207 2398 2339 2453 tum,
2365 2397 2416 2443 et
2448 2386 2499 2441 in
2518 2386 2670 2457 cujus
2686 2384 2887 2441 virtute
2912 2383 3070 2440 bonis
3090 2384 3352 2455 operibus
3366 2381 3525 2438 corda
3541 2377 3738 2452 ponenda

2204 2489 2349 2544 sunt,
2378 2480 2628 2550 gradibus
2654 2480 2841 2549 utique
2858 2477 3179 2543 distributis,
3210 2476 3426 2533 cunctis
3449 2475 3579 2530 Deus
3596 2478 3741 2527 noster

2176 2582 2262 2626 'et
2300 2580 2479 2627 rector
2515 2570 2724 2641 populis
2754 2569 3126 2641 praedicandus
3162 2577 3247 2625 est
3289 2564 3626 2631 Christianis;
3670 2560 3741 2617 ubi

2208 2679 2370 2722 nemo
2396 2664 2613 2719 sibimet
2659 2662 2858 2734 aliquid
2896 2663 3127 2719 mstimet
3168 2663 3540 2726 imminutum,
3584 2662 3742 2714 cumet

2210 2759 2278 2815 de
2308 2757 2724 2826 uniuscujusque
2772 2754 2969 2825 gradus
3008 2753 3345 2825 perfectione
3386 2752 3512 2808 nihil
3552 2747 3739 2819 deperit,

2211 2861 2267 2909 et
2293 2850 2678 2907 convenienter
2703 2849 2984 2905 retinendo
3002 2847 3147 2920 quod
3167 2848 3380 2905 ctelesti
3399 2842 3744 2917 dispensatione

2212 2943 2467 3000 collatum
2495 2951 2601 3011 est,
2656 2943 2859 3013 pariter
2907 2940 3061 2997 nobis
3088 2949 3145 2996 et
3177 2940 3583 3010 cognoscibilem
3616 2936 3744 2990 Deum

2214 3037 2331 3093 fieri
2359 3045 2413 3092 et
2441 3034 2626 3092 tiihuit
2652 3050 2774 3092 esse
2804 3043 3094 3090 rectorem.
3122 3033 3253 3088 Nam
3275 3033 3384 3089 etsi
3409 3031 3526 3102 quid
3547 3027 3745 3097 indulge-

2217 3141 2301 3187 tur
2330 3131 2397 3187 de
2443 3140 2742 3200 temporum
2789 3128 3119 3198 quantitate,
3171 3127 3419 3182 moribus
3448 3134 3474 3161 π
3513 3127 3746 3194 aggressi:

530 3216 847 3287 presbytero
873 3218 1144 3288 baptizare
1168 3236 1272 3276 non
1300 3222 1552 3289 audeant,
1578 3224 1676 3278 nisi
1710 3223 1978 3294 praedictis
2002 3222 2113 3278 for-
2141 3229 2189 3293 ο
2222 3225 2541 3281 strenuilate
2584 3230 2860 3292 pensatur,
2893 3224 2938 3277 si
2969 3222 3093 3277 vitae
3118 3223 3227 3291 jam
3256 3218 3529 3292 proposito
3549 3213 3747 3273 contine-

532 3317 675 3364 tasse
703 3309 895 3365 ofﬁciis
923 3312 1129 3383 longius
1156 3316 1482 3382 constitutis,
1532 3319 1826 3374 necessitas
1861 3327 2108 3373 extrema

533 3401 838 3471 compellat,
887 3403 1024 3473 quod
1055 3415 1108 3459 et
1133 3404 1283 3461 laicis
1316 3406 1635 3464 Christianis
1666 3409 1842 3465 facere
1871 3409 2110 3478 plerum-

533 3509 638 3562 que
665 3499 1012 3564 Conceditur;
1060 3514 1163 3554 non
1214 3504 1266 3554 iu
1319 3502 1651 3573 presbyterio
1682 3503 1938 3567 residere,
1968 3500 1997 3537 ιι
2024 3502 2113 3557 ubi

536 3586 712 3642 divina
734 3589 1092 3657 celebrantur,
1117 3593 1201 3648 vel
1228 3593 1620 3649 ecclesiasticus
1649 3594 1875 3651 habetur
1900 3597 2115 3666 quicun-

539 3692 641 3748 que
664 3688 936 3735 tractatus.
982 3680 1131 3738 Sacri
1186 3684 1427 3752 corporis
1463 3683 1624 3755 412
1671 3684 2113 3755 pra-rogationem

538 3769 640 3825 sub
667 3781 957 3842 conspectu
990 3773 1255 3841 pontificis
1282 3775 1395 3829 sive
1440 3777 1759 3847 presbyteri,
1791 3778 1890 3831 nisi
1924 3778 2006 3833 his
2026 3779 2120 3833 ab-

537 3862 805 3930 sentibus,
835 3863 923 3931 jus
966 3878 1070 3918 non
1112 3864 1341 3921 habeant
1366 3862 1671 3922 exercendi.
1699 3868 1828 3923 Cum
1858 3870 1998 3924 enim
2021 3870 2119 3926 de-

542 3960 691 4007 creta
735 3954 1120 4011 venerabilium
1159 3958 1493 4013 sanctionum
1542 3973 1640 4013 nos
1669 3975 1879 4030 quoque
1904 3976 2123 4032 magno-

541 4059 672 4114 pere
721 4046 992 4102 custodire
1038 4049 1294 4118 nitamur,
1342 4064 1406 4106 ac
1453 4052 1569 4108 sine
1614 4068 1811 4115 eorum.
1842 4052 2125 4125 dispendio

618 4258 645 4332 τ
673 4250 730 4332 ιη
750 4251 879 4332 ,νρῆ
1079 4261 1164 4332 est
1189 4267 1309 4332 cap.
1330 4253 1390 4315 2.
1432 4260 1552 4312 cum
1586 4258 1776 4315 titulo:
1806 4258 1890 4317 Ne
1917 4262 2121 4332 presby-
2208 4238 2211 4242 Α

550 4323 642 4377 teri
665 4323 762 4378 sibi
780 4316 937 4378 v'elint
966 4325 1150 4379 illicita
1169 4316 1457 4380 vin-dicare:

620 4392 646 4432 δ
673 4393 861 4458 Vind.,
908 4395 1519 4454 adhibentennendose.
1568 4398 1703 4456 Hinc
1744 4413 1861 4458 orta
1909 4403 2127 4458 videtur

552 4464 854 4539 emendatio
870 4481 909 4539 Aa
939 4467 1228 4533 Quesuello
1256 4480 1468 4539 recepta
1504 4473 1758 4539 adhibere,
1806 4490 1897 4527 nec
1928 4474 2127 4529 sibimet

554 4535 1047 4607 arripere‘illigitam
1092 4535 1405 4607 facultatem)
1468 4543 1703 4597 Aliarum
1745 4535 2125 4599 collectionum

554 4602 677 4677 Vat.
708 4603 867 4672 l342,
898 4602 1246 4677 Dion.,'llisp.
1280 4619 1336 4665 et
1359 4611 1509 4674 lsid..
1543 4614 1699 4667 lectio
1732 4630 1913 4670 veram
1944 4631 2130 4671 emen-

2222 3330 2327 3386 tur,
2352 3317 2491 3388 quod
2514 3316 2772 3386 protelata
2798 3314 2970 3371 fuerat
2992 3322 3150 3369 aetate
3171 3312 3493 3376 curandum,
3508 3302 3750 3365 dummodo

2224 3411 2315 3467 illa
2340 3410 2501 3482 413
2531 3408 2866 3463 dissimulata
2898 3406 3205 3462 nullatenus
3234 3404 3543 3475 surripiant,
3570 3408 3751 3471 quorum

2222 3504 2500 3573 quodlibet
2526 3512 2549 3536 θ
2583 3502 2759 3556 inesse
2799 3499 3076 3568 claruerit,
3127 3496 3326 3554 merito
3354 3492 3667 3552 clericalibus
3689 3487 3751 3542 iu-

2224 3596 2347 3651 fulis
2374 3593 2760 3664 reprobabilein
2792 3600 3003 3647 constat
3044 3603 3164 3645 esse
3209 3601 3516 3657 personam.
3557 3580 3653 3637 Etsi
3684 3575 3752 3633 illa

2227 3700 2649 3758 Pnonnunquam
2663 3684 2884 3740 sinenda
2904 3691 3180 3753 suntquae,
3204 3681 3578 3735 sicaeterorum
3588 3672 3753 3728 constet

2224 3782 2526 3851 integritas,
2559 3780 2673 3836 sola
2701 3793 2898 3835 nocere
2925 3792 3030 3833 non
3064 3775 3311 3840 valeant;
3356 3774 3444 3830 illa
3477 3782 3635 3826 tamen
3660 3768 3754 3818 sunt

2225 3890 2554 3947 magnopere
2603 3871 2950 3943 praecavenda
2998 3884 3119 3941 quae
3162 3867 3336 3937 recipi
3376 3866 3490 3921 sine
3524 3856 3753 3947 manifesta

2228 3945 2631 4024 decoloratione
2662 3980 2768 4020 non
2796 3972 3051 4033 possunt;
3093 3976 3157 4017 ac
3183 3961 3228 4016 si
3254 3974 3323 4016 ea
3360 3960 3474 4027 ipsa
3505 3968 3612 4027 qua:
3640 3945 3754 4005 nullo

2230 4060 2557 4117 detrimento
2587 4057 2871 4128 aliquoties
2899 4053 3220 4125 indulgendo
3246 4050 3555 4114 creduntur,
3603 4042 3674 4100 vel
3694 4050 3756 4094 re-

2308 4262 2336 4333 b
2370 4264 2505 4319 Aliae
2524 4262 2736 4320 collect.
2769 4279 2903 4321 mss.
2934 4273 2989 4320 et
3018 4262 3198 4327 editae,
3230 4278 3348 4316 cum
3369 4260 3549 4333 divino.
3660 4321 3685 4333 ί,

2313 4332 2330 4371 ί
2363 4334 2764 4410 Vulg._l_iom._e_t
2784 4335 2961 4410 Diom,
2988 4329 3756 4410 credentes._l§ditioplcitunlittfi

2237 4393 2493 4460 dicamus:
2524 4405 2644 4461 Mox
2677 4406 2837 4462 iidem
2863 4393 3063 4475 vulgati
3089 4420 3211 4460 cum
3242 4404 3364 4459 aliis
3389 4393 3757 4457 collectionibus.

2238 4492 2454 4544 cumque
2473 4477 2614 4547 nobis
2635 4487 2815 4532 contra
2837 4476 3163 4532 salutarium.
3252 4545 3273 4547 ῃ
3333 4545 3341 4547 Α
3640 4536 3659 4547 _
3693 4533 3703 4547 ,

2312 4549 2326 4597 t'
2367 4536 2772 4617 Vulg.'coucil.,
2820 4548 3055 4617 superior
3093 4548 3195 4601 Itis.
3250 4545 3383 4602 Dein
3414 4558 3506 4616 pro
3533 4536 3757 4614 pretium.

2236 4617 2360 4690 aliae
2388 4634 2517 4673 mss.
2547 4620 2673 4674 coll.
2701 4634 2820 4674 cum
2849 4620 3016 4690 vulg.,
3045 4618 3278 4688 pra-ﬁxa.

555 4674 827 4756 elationem
855 4680 1138 4747 suggessit.
1193 4674 1285 4735 lla:
1326 4698 1513 4739 omnes
1543 4699 1664 4739 cum
1691 4684 1852 4740 Vind.
1886 4686 2134 4756 ignorant
2160 4681 2213 4743 D
2312 4686 2337 4726 ιι
2369 4690 2476 4753 AL,
2510 4690 2726 4745 sibimet.

555 4745 806 4801 illicitum.

632 4826 655 4854 ε
684 4816 898 4894 Quesn.
914 4818 1136 4894 inseruit
1162 4832 1238 4889 ut,
1259 4823 1646 4894 refragantibus
1663 4827 1910 4882 omnibus
1936 4837 2138 4884 nostris

555 4901 687 4971 mss.
706 4896 771 4971 et
815 4888 956 4971 vulg.
990 4890 1302 4971 _codicihus.
1351 4888 1490 4951 Edit.
1536 4895 1704 4954 Cone.
1753 4913 1848 4969 pro
1873 4908 2139 4971 suppetere

557 4957 724 5031 habet
736 4957 1065 5031 supplenda.

632 5026 657 5067 ἀ
692 5026 1064 5108 Ιάεώριιεξη.
1096 5032 1299 5108 addidit
1327 5038 1407 5090 sin
1433 5038 1560 5092 alias
1585 5055 1603 5093 :
1629 5054 1762 5108 quas
1782 5054 1941 5095 voces
1961 5055 1988 5094 a
2011 5056 2139 5096 con—

560 5110 746 5183 textus
772 5103 1314 5183 sententiaexclusas
1360 5103 1677 5167 auctoritate
1718 5113 1943 5168 aliarum
1973 5113 2140 5169 colle-

561 5176 813 5243 cti0u_uni
826 5188 889 5227 ex
898 5176 1199 5243 punximus.

635 5250 658 5321 ξ’
689 5241 914 5321 Qodices
956 5245 1388 5321 depresbyteris
1415 5265 1556 5306 nunc
1580 5252 1793 5321 plurali,
1841 5268 1983 5308 nunc
2021 5255 2135 5309 sin-
2165 5244 2174 5263 ⁸

561 5312 736 5388 gulari
780 5328 1006 5388 numero
1038 5312 1343 5388 loquuntur.
1388 5321 1533 5375 Sicut
1561 5312 1738 5378 autem
1767 5312 2135 5380 antecedentia

560 5384 631 5438 ob
657 5384 1037 5441 cohaerentiam
1065 5384 1253 5455 plurali
1284 5406 1507 5446 numero
1526 5393 1664 5449 elata
1694 5396 1928 5460 fuerunt,
1951 5396 2020 5448 ita
2051 5397 2139 5452 hic

561 5462 617 5532 et
647 5464 827 5522 postea
854 5471 1026 5532 eorum
1058 5473 1154 5525 pro
1181 5465 1293 5532 ejus
1321 5477 1437 5515 cum
1471 5465 1614 5532 vulg.
1640 5466 1984 5521 scribendum
2016 5466 2135 5522 fuit.

560 5523 831 5606 Mo'prto
859 5523 1125 5606 referente,
1154 5523 1304 5596 alias,
1340 5523 1612 5601 deferente.

637 5593 656 5632 ί
688 5595 880 5675 Melius
902 5593 955 5653 in
988 5600 1150 5675 vulg.,
1185 5593 1743 5675 aurulpa'conniventim
1768 5616 1815 5660 et
1835 5606 2025 5661 ultione
2050 5624 2140 5662 va-

559 5674 755 5790 ἔζεε.
788 5665 941 5736 Dein,
974 5665 1359 5739 pro'eindiear'e
1386 5677 1506 5730 cod.
1541 5676 1656 5732 Vat.
1701 5678 1832 5747 Reg.
1867 5681 2028 5737 habet
2053 5680 2135 5732 in-

598 5751 753 5801 reare,

631 5813 659 5858 s
690 5805 745 5867 ln
779 5806 894 5867 Vat.
925 5812 1064 5873 1542
1091 5825 1173 5873 est
1200 5830 1249 5871 c.
1284 5819 1337 5889 ὅ,
1370 5832 1491 5875 cum
1520 5818 1705 5880 eodem
1740 5817 1911 5877 titulo.

2322 4758 2337 4797 ¹
2373 4747 2705 4815 Auctoritate
2732 4760 3081 4817 vetustiorum
3110 4757 3268 4814 codd.
3299 4756 3480 4819 Vind.,
3508 4752 3618 4807 Vat.
3637 4747 3758 4809 368-.

2246 4832 2386 4888 alius
2414 4831 2536 4886 Vat.
2575 4833 2713 4887 15ιὲ
2753 4847 2817 4887 ac
2844 4830 3002 4887 Dion.
3035 4830 3263 4894 Justelli,
3304 4827 3590 4883 addidimus
3612 4827 3759 4878 animi

2167 4976 2170 4985 ὃ
2247 4918 2313 4959 ac
2343 4903 2542 4985 idcirco
2558 4903 3053 4985 interpunctionem
3085 4900 3429 4985 mutavimus.

2319 4983 2358 5010 ιιι
2386 4973 2527 5029 Editi
2553 4958 2746 5039 Cone...
2774 4958 2848 5028 in
2892 4972 3155 5045 progenies
3190 4972 3399 5045 alteras.
3443 4958 3760 5045 “05,3913

2251 5022 3421 5127 amissaahostes.."taieaiaaasvna.
3446 5022 3504 5095 ei
3525 5022 3761 5091 Vaiftm

2251 5130 2355 5222 sm:
2365 5114 2946 5242 [lililg'éiiafviiigf'ét
2970 5185 3091 5241 Vat.
3126 5184 3285 5252 1542,
3314 5178 3583 5255 aggregati.
3610 5180 3649 5227 et

2322 5198 2350 5222 ¹¹
2373 5198 2488 5241 Duo
2512 5198 2671 5242 couu.
2711 5198 2863 5242 νιηα.
2891 5198 2946 5241 et
2978 5198 3091 5241 Val.
3126 5198 3285 5252 1542,
3314 5198 3583 5308 αςᾳνὲςαη.
3610 5198 3648 5227 τι
3666 5198 3760 5223 διη-

2247 5257 2465 5311 nuitate.
2516 5256 2719 5324 Quesn.
2770 5273 2888 5311 tum
2919 5256 3042 5313 Vat.
3072 5257 3225 5326 Hisp.
3275 5264 3329 5311 et
3374 5252 3440 5311 lsi
3481 5291 3495 5305 .
3521 5244 3760 5326 milli

2248 5339 2295 5382 et
2344 5314 2662 5384 strenailate.
2707 5327 2829 5383 Vat.
2880 5328 3036 5398 lieg.,
3088 5314 3376 5399 agdregari,
3419 5332 3473 5399 εί

2248 5399 2436 5454 Melior
2456 5401 2566 5454 visa
2583 5410 2667 5455 est
2690 5399 2845 5455 lectio
2864 5387 3033 5455 Dicin
3047 5387 3187 5455 Just".
3209 5387 3268 5453 εἴ
3282 5387 3421 5467 vulg.
3441 5387 3761 5467 Conciliflmm'

2174 5544 2177 5547 ν
2252 5472 2464 5547 Dein__in
2498 5471 2591 5547 his
2610 5471 2756 5547 vulg.
2779 5469 2979 5547 gone,
2998 5481 3268 5547 surrepant
3292 5461 3396 5547 pro

2327 5552 2351 5577 υ
2379 5541 2499 5596 Vat.
2529 5542 2666 5598 ista
2694 5527 2749 5597 ει
2781 5540 2902 5595 Val.
2949 5527 3104 5612 ηας..
3140 5527 3195 5597 in
3226 5527 3306 5596 se:
3335 5536 3509 5605 Vulg”
3536 5527 3597 5612 "si
3619 5527 3761 5612 ita?

2251 5592 2589 5697 Postea'prov
2606 5592 2810 5667 ebrietati
3554 5609 3601 5657 et
3637 5592 3761 5660 "illa

2248 5694 2530 5738 convincat.

2324 5731 2642 5811 lt'l‘tawV‘ind.
2674 5770 2796 5811 cum
2826 5756 3072 5810 omnibus
3116 5756 3237 5812 aliis
3265 5768 3387 5811 mss.
3410 5757 3461 5805 et
3485 5744 3615 5812 vulg.
3635 5731 3762 5793 00³⁸⁸·

2249 5825 2538 5899 ctiouibus.
2570 5826 2729 5887 Solus
2755 5827 2979 5896 Quesu.,
3011 5842 3301 5898 antiquam;
3320 5823 3484 5901 minus
3508 5823 3649 5877 rec“?-
