3996 6344
226 411 310 470 697
624 396 850 457 CODEX
887 401 1217 459 CANONUM
1261 401 1536 460 ECCLES.
1579 400 1668 459 ΕΤ
1706 399 2287 465 CONSTITUTORUM
2331 410 2386 466 S.
2430 408 2624 468 SEDlS
2665 409 2994 468 APOSTOI..

3345 410 3447 467 698

223 539 321 583 rum
348 532 690 588 tctnporumve
715 518 855 587 cogit
883 519 1125 584 intuitus,
1165 521 1246 575 vel
1292 521 1606 578 accelerata:
1635 535 1756 590 pro-
1780 521 1835 582 Δ
1860 529 2184 583 monasteria
2207 545 2328 585 sese
2349 531 2614 598 conferre,
2643 532 2726 588 vel
2747 531 2813 587 ad
2838 529 3256 587 ecclesiasticum
3280 529 3451 584 famu-

219 617 408 676 visiouis
433 620 700 683 respectus
725 621 972 679 excusat;
1017 624 1218 684 quanto
1261 616 1428 685 magis
1460 616 1549 670 illa
1585 615 1757 671 nulla-

221 723 350 770 tenus
387 705 667 762 mutilauda
706 712 979 774 suntquae
1026 721 1124 761 nec
1163 706 1267 761 ulla
1310 707 1620 774 necessitas,
1658 720 1758 764 nec

219 800 539 863 ecclesiastica
569 811 787 867 prorsus
808 805 1094 866 extorquet
1121 798 1342 853 utilitas.

275 898 402 971 [ϐυ.
430 892 475 948 Χ
506 889 679 962 Diom]
709 900 734 927 ει
765 891 1070 960 Baptizandi
1111 891 1208 946 sibi
1249 895 1526 962 quisquam
1559 893 1755 963 passim

217 1001 493 1059 quocunque
519 995 757 1054 tempore
779 985 977 1038 nullam
1005 985 1189 1040 credat
1211 984 1238 1023 δ
1269 985 1537 1052 fiduciam,
1562 995 1758 1055 praeter

218 1081 438 1138 Paschale
465 1079 654 1135 festum
681 1088 736 1134 et
765 1079 1084 1135 Pentecoste
1120 1081 1426 1137 venerabile
1453 1097 1758 1138 sacramen-

216 1187 326 1239 tum,
350 1186 556 1242 excepto
582 1171 838 1227 duntaxat
874 1172 1174 1242 gravissimi
1208 1173 1480 1244 languoris
1515 1175 1752 1246 incursu,

214 1269 256 1322 in
280 1281 372 1337 quo
401 1264 686 1320 verendum
717 1273 818 1329 est,
863 1281 930 1320 ne
969 1267 1138 1320 morbi
1183 1280 1458 1323 crescente
1495 1271 1752 1339 periculo,

213 1362 306 1416 sine
327 1357 547 1414 remedio
575 1358 796 1414 salutari
839 1360 1080 1416 fortassis
1120 1371 1387 1432 aegrotans
1428 1364 1593 1420 exitio
1620 1381 1756 1436 pra:-

212 1463 370 1509 ventus
387 1451 652 1508 abscedat.

595 1556 618 1585 ⁸
649 1545 762 1600 VII.
795 1545 869 1599 De
890 1546 1314 1604 ordinationibus.

265 1639 288 1678 ἀ
320 1639 677 1696 Ordinationes
705 1642 865 1695 etiam
904 1640 1336 1712 presbyterorum
1381 1642 1753 1701 diaconorum-

207 1749 306 1805 qne,
334 1735 426 1788 nisi
455 1734 616 1789 certis
647 1733 975 1803 temporibus
1008 1743 1064 1789 et
1094 1735 1283 1792 diebus
1310 1752 1570 1794 CXerccrc
1597 1749 1619 1776 ο
1646 1754 1752 1796 non

207 1828 418 1892 audeant,
449 1825 497 1882 id
525 1835 629 1891 est,
653 1827 826 1896 quarti
858 1827 1053 1882 mensis
1076 1827 1304 1897 jejunio,
1335 1831 1565 1900 septimi,
1585 1843 1640 1887 et
1661 1833 1754 1889 de-

1863 614 2051 684 latum,
2083 621 2493 679 conniventibus
2522 638 2732 695 quoque
2759 623 3098 695 praesulibus,
3137 622 3450 679 indifferen-

1863 715 1947 764 ter
1982 710 2211 766 admitti.
2259 713 2390 783 Qua:
2430 716 2605 772 modis
2643 717 2892 772 omnibus
2937 726 3020 773 est
3067 713 3079 754 ¹
3119 716 3449 787 prohibenda

1861 803 2146 869 pernicies,
2184 820 2252 860 ne
2281 822 2376 876 per
2412 805 2706 864 Christiani
2738 810 2971 865 nominis
3014 810 3314 864 institutum
3356 816 3450 864 aut

1861 892 2030 949 aliena
2065 897 2305 964 pervadi,
2351 909 2441 953 aut
2486 900 2690 970 publica
2721 901 2962 957 videatur
2997 901 3275 972 disciplina
3322 901 3448 956 sub-

1860 987 2022 1052 verti;
2062 990 2330 1058 praecipue
2363 1006 2483 1046 cum
2515 1007 2615 1047 nec
2646 994 2812 1062 ipsam
2857 994 3137 1050 ministerii
3184 994 3444 1048 clericalis

1859 1078 1958 1134 hac
1977 1081 2298 1152 obligatione
2324 1082 2519 1139 fuscari
2541 1087 2822 1142 conveniat
2843 1085 3173 1155 dignitatem,
3201 1096 3446 1156 cogatur-

1858 1187 1961 1243 que
1999 1187 2096 1242 pro
2125 1183 2266 1230 statu
2308 1174 2644 1230 militantium
2677 1175 2777 1231 sibi
2808 1185 2848 1213 ω
2879 1176 3289 1245 conditioneque
3330 1175 3446 1245 jur-

1857 1267 1992 1336 gari,
2021 1276 2111 1321 aut
2137 1265 2326 1333 videri,
2358 1267 2500 1338 quod
2521 1266 2679 1336 absit,
2702 1269 2952 1324 obnoxia.
2982 1268 3184 1338 Quibus
3214 1267 3444 1324 sollicita

1855 1369 2221 1428 competenter
2242 1361 2616 1416 interdictione
2647 1361 2946 1431 prohibitis,
2973 1361 3214 1431 quisquis
3237 1360 3445 1429 episco~

1856 1465 1976 1521 pus,
2010 1451 2307 1524 presbyter,
2340 1452 2619 1518 diaconus,
2644 1458 2736 1506 aut
2759 1466 2942 1507 eorum
2974 1451 3062 1522 qui
3095 1449 3436 1506 monasteriis

1857 1557 2087 1612 praeesse
2136 1552 2450 1614 noscuntur,
2489 1543 2794 1614 hujusmodi
2824 1558 3078 1614 personas
3107 1542 3244 1613 apud
3271 1556 3331 1598 se
3361 1549 3442 1598 te-

1857 1646 2065 1702 nentes,
2098 1653 2204 1692 non
2246 1637 2600 1693 restituendas
2637 1637 2901 1707 patronis,
2935 1645 3029 1690 aut
3068 1634 3320 1716 deinceps
3360 1633 3442 1694 vel

1854 1737 1883 1765 ιι
1913 1730 2166 1785 Ecclesiae
2213 1729 2453 1796 servitio,
2499 1729 2584 1784 vel
2633 1729 2902 1800 religiosis
2940 1725 3444 1798 congregationibus

1857 1823 2120 1892 putaverit
2147 1822 2515 1892 applicandas,
2567 1822 2667 1877 nisi
2697 1821 2969 1877 voluntate
3017 1819 3240 1874 forsitan
3275 1817 3443 1872 donti~

205 1919 324 1985 cimi,
360 1921 447 1976 sed
485 1921 647 1975 etiam
683 1919 1158 1990 quadragesimalis
1204 1921 1362 1986 initii,
1407 1937 1470 1976 ac
1509 1924 1753 1981 mediana
1784 1903 1832 1965 Β
1860 1935 2048 1973 norum
2073 1919 2171 1974 sub
2194 1918 2470 1988 scripturae
2492 1915 2652 1990 515
2681 1914 2990 1972 testimonio
3018 1911 3266 1983 primitus
3289 1911 3442 1965 abso~

204 2012 593 2084 Quadragesimae
616 2012 706 2068 die
736 2011 941 2067 sabbati
962 2012 1167 2082 jejunio
1193 2015 1332 2069 circa
1355 2026 1634 2085 vesperam
1660 2034 1755 2073 no-

206 2108 349 2162 verint
383 2105 763 2172 celebrandas;
808 2121 908 2161 nec
935 2105 1218 2175 cujuslibet
1245 2108 1486 2164 utilitatis
1532 2108 1551 2148 ί
1593 2125 1752 2167 causa

205 2200 297 2255 sive
319 2199 676 2271 presbyterum
715 2199 829 2253 sive
872 2198 1157 2255 diaconum
1187 2199 1272 2256 his
1302 2201 1612 2271 praeferant,
1659 2202 1750 2274 qui

204 2293 478 2362 anteipsum
509 2291 710 2347 iuerint
729 2290 983 2346 ordinati.
1552 2282 1564 2292 ’

549 2393 575 2431 8
607 2383 741 2439 Vlll.
775 2382 854 2438 De
873 2386 1030 2438 sacris
1064 2386 1361 2456 virginibus.

261 2475 450 2532 Devotis
470 2491 685 2547 quoque
711 2475 823 2531 Deo
847 2475 1162 2546 virginibus,
1193 2479 1292 2532 nisi
1315 2488 1405 2534 aut
1434 2479 1486 2535 in
1521 2479 1752 2550 Epipha-

202 2570 397 2638 niorum,
429 2579 516 2626 aut
543 2570 598 2625 in
627 2570 776 2626 Albis
803 2570 1160 2640 paschalibus,
1180 2582 1271 2627 aut
1298 2573 1349 2628 in
1373 2575 1749 2644 Apostolorum

201 2655 631 2718 IINatalisacrum
669 2660 832 2734 4η
881 2662 1100 2717 tuinitne
1147 2663 1391 2719 velamen
1449 2665 1746 2736 imponant,

203 2755 283 2808 nisi
308 2754 532 2820 forsitan,
574 2757 718 2811 sit-ut
754 2757 820 2811 de
866 2756 1186 2826 baptismate
1216 2758 1416 2814 dictum
1459 2770 1562 2823 est,
1601 2762 1749 2832 gravi

201 2845 416 2917 languere
457 2852 745 2920 correptis,
779 2867 845 2906 ne
875 2853 992 2906 sine
1034 2851 1135 2907 hoc
1164 2868 1387 2909 munere
1437 2853 1505 2910 de
1550 2856 1748 2913 sacculo

200 2948 450 3010 transeant,
484 2942 898 3013 implorantibus
921 2959 1026 2998 non
1059 2956 1302 3014 negetur.

719 3034 730 3072 ί
775 3035 866 3090 ΙΧ.
900 3035 978 3089 De
1006 3037 1191 3092 viduis.

254 3123 428 3182 Viduas
454 3137 639 3183 autent
679 3127 857 3183 velare
895 3128 1202 3198 pontilicum
1249 3129 1428 3184 nullus
1479 3139 1742 3197 attentet;

199 3218 277 3274 let
300 3221 426 3291 quod
457 3236 552 3278 nec
572 3221 871 3277 auctoritas
894 3221 1070 3276 divina
1102 3221 1319 3291 delegit,
1355 3238 1451 3278 nec
1481 3239 1745 3280 canonum

195 3308 331 3366 forma
356 3315 660 3384 praestituit,
682 3329 787 3370 non
810 3326 891 3370 est
915 3316 1121 3383 penitus
1145 3317 1507 3384 usurpandum
1527 3336 1541 3384 ;
1559 3319 1746 3390 eisque
1771 3287 1821 3353 α

195 3402 257 3457 sic
279 3407 633 3463 ecclesiastica
663 3417 784 3463 sunt
812 3407 1028 3464 ferenda
1056 3409 1325 3480 praesidia,
1358 3419 1416 3466 ut
1444 3411 1575 3466 nihil
1599 3427 1745 3468 com-

193 3495 394 3553 mittatur
415 3500 681 3556 illicitum.

295 3607 316 3646 ¹ί
344 3609 405 3667 Χ.
432 3609 504 3666 De
525 3613 688 3668 servis
718 3611 828 3666 sine
855 3611 1182 3666 dominorum
1211 3595 1470 3670 voluntate
1499 3633 1598 3671 non

785 3683 1134 3738 admittendis.

244 3773 494 3833 Generalis
523 3778 694 3833 etiam
726 3777 959 3848 querela:
997 3777 1208 3832 vitanda
1251 3780 1598 3851 praesumptio
1634 3793 1740 3849 est,

187 3878 268 3931 qm
293 3870 671 3937 prOpemodutn
701 3877 988 3922 causantur
1019 3871 1272 3930 universi.
1310 3874 1504 3940 passim
1536 3890 1743 3942 servm,

187 3959 567 4029 etoriginarios,
601 3960 946 4015 dominorum
970 3962 1092 4030 jura
1128 3966 1632 4038 possessionumque
1665 3971 1746 4024 fu-

183 4047 357 4118 gientes
385 4055 482 4110 sub
524 4056 799 4128 religiosa:
821 4056 1244 4115 conversationis
1274 4062 1518 4130 obtentu,
1544 4063 1629 4118 vel
1676 4065 1742 4121 ad

241 4187 336 4269 fin
359 4191 648 4269 Yat._l352
671 4203 754 4248 est
780 4209 829 4269 c.
864 4195 1071 4269 b,_cum
1115 4195 1270 4269 titulo
1301 4214 1314 4253 :
1342 4196 1420 4252 De
1453 4197 1740 4265 Baptirmo.

239 4257 261 4297 δ
283 4261 433 4335 _\’ulg.
452 4266 622 4321 Conc.
643 4282 762 4319 cutn
789 4257 913 4319 Vat.
932 4265 1062 4335 llrg.
1081 4275 1134 4321 et
1157 4266 1310 4322 Dion.
1341 4257 1742 4332 adduntinesse.

241 4340 259 4368 ε
283 4333 346 4386 lla
378 4333 495 4390 cod.
529 4335 691 4391 Vind.
730 4333 1072 4403 Quc‘nt'liu—S,
1119 4339 1193 4391 De
1233 4339 1554 4394 ordinatione
1593 4349 1742 4400 certis

180 4407 559 4487 tetnporibus,_itl
588 4418 663 4487 est
692 4409 883 4487 quarti,
912 4410 1356 4487 ξεριίινιιὶε,ίίειτὶῃξὶε
1387 4422 1433 4464 et
1455 4415 1743 4487 quadrage-

179 4475 500 4558 simalis-initii
528 4479 729 4558 ordine.
756 4478 816 4558 lu
845 4480 967 4558 coll.
992 4495 1092 4533 tns.
1114 4479 1233 4533 Vat.
1267 4482 1400 4534 l542
1431 4475 1511 4537 est
1538 4475 1736 4552 capiti,

179 4558 276 4598 rum
315 4549 458 4603 titulo
493 4567 505 4601 :
552 4551 632 4605 De
673 4551 990 4604 ordinatione
1029 4553 1434 4621 presbyterorum
1473 4565 1519 4608 et
1555 4549 1733 4610 diaco-

178 4627 253 4667 nor
255 4634 349 4672 um.
911 4648 920 4654 ·

231 4682 493 4771 ⁸ξριιρεη..
523 4693 857 4771 0rdin_es;et
881 4693 1376 4771 deincelebrandos.
1405 4696 1508 4771 Sed
1542 4698 1734 4771 melius

176 4757 555 4834 ordinationes...
579 4757 910 4818 celebrandas
932 4765 1019 4818 alii
1036 4765 1248 4819 codices
1270 4778 1325 4820 et
1358 4769 1523 4834 vulg.,
1545 4769 1736 4834 suﬂ'rag

173 4831 491 4913 ﬁuntsyml.
541 4837 702 4913 hujus
743 4837 1092 4913 collectionis,
1145 4842 1194 4888 in
1225 4852 1348 4905 quo,
1383 4831 1481 4892 etsi
1512 4831 1736 4896 ordines

171 4895 358 5023 33:12:
366 4895 653 5023 l(:lslcitantia
672 4908 930 4976 scripturn
957 4909 1047 4970 sit,
1071 4895 1255 4977 postea
1276 4895 1452 4965 tainen
1475 4895 1732 4967 celebrati?

227 4987 247 5019 ε
269 4984 468 5041 lt-gtlur.

171 5041 422 5163 l’pgnxulg.
454 5047 652 5117 Conc.,
697 5065 799 5103 non
843 5049 1047 5105 debent.
1093 5049 1247 5106 Dion.
1290 5049 1451 5117 Just.,
1502 5068 1603 5106 non
1642 5055 1732 5110 (le-

231 5180 422 5267 ‘AViud.
452 5205 580 5267 curn
619 5189 770 5267 Dion.
799 5202 852 5247 et
890 5192 1011 5247 lsid.
1051 5192 1232 5267 delent
1261 5209 1437 5247 causa.
1483 5195 1601 5249 Mox
1631 5195 1730 5250 ali-

169 5263 278 5336 ξιιιξη
319 5257 434 5313 alia:
477 5262 827 5317 collectiones
846 5277 988 5336 mss.
1032 5272 1097 5336 et,
1132 5265 1272 5334 vulg.
1318 5280 1411 5336 pro
1453 5269 1729 5336 νεηνίαι-ωτι

170 5317 342 5404 habent
377 5335 654 5406 praferre;
683 5343 736 5389 et
775 5335 893 5389 dein
927 5317 1055 5390 vat.
1081 5317 1331 5406 liegfac'
1355 5317 1725 5406 Dio'tidzlusﬁt;

166 5403 238 5457 ιἸῑη
259 5409 366 5470 little
385 5403 544 5470 ipsos.

225 5473 247 5551 ξ
275 5468 325 5551 In
351 5468 470 5526 Vat.
504 5474 715 5551 collect.
741 5476 888 5551 5&2
915 5486 998 5533 est
1025 5494 1142 5548 cap.
1175 5479 1230 5544 6,
1264 5493 1385 5533 cum
1430 5479 1621 5534 titulo:
1649 5480 1726 5535 De

165 5534 386 5612 velamine
408 5546 700 5612 puellarum
730 5547 848 5603 Dei.

221 5604 424 5696 ιιχυιεξ
458 5614 699 5696 ῼοηείιη
728 5619 994 5673 natalitiis.
1037 5620 1190 5674 Dion.
1233 5621 1394 5689 Just.,
1436 5621 1727 5688 natalibus;

163 5679 590 5761 acldeinuutrique
614 5679 800 5761 exeant
830 5707 925 5761 pro
950 5702 1233 5746 transeant.

225 5748 240 5831 ξ
266 5751 317 5805 ln
342 5753 461 5828 Vat.
497 5748 717 5813 laudato
746 5748 897 5817 est'c.
924 5763 976 5828 7,
997 5777 1119 5818 cum
1149 5765 1301 5820 titulo
1323 5783 1335 5818 :
1357 5764 1430 5818 De
1456 5765 1647 5831 viduis,
1666 5781 1730 5820 ne

162 5819 362 5904 velatum
373 5826 588 5904 sacrum
606 5833 876 5904 accipiant.

224 5892 237 5943 i
271 5892 346 5951 lta
367 5897 526 5957 codd.
575 5892 772 5962 nostr'ae
814 5904 1168 5966 collectionis.
1204 5907 1356 5977 Vulg.
1391 5924 1510 5963 cum
1544 5907 1724 5979 Βίου..

1759 4623 1813 4683 D

1858 2011 2015 2077 lutas,
2049 2019 2140 2066 aut
2165 2011 2394 2082 legitima
2428 2012 2786 2065 transactlone
2811 2019 3114 2075 concessas,
3148 2001 3442 2075 periculum

1856 2118 1916 2160 se
1971 2103 2191 2158 honoris
2251 2103 2447 2172 proprii
2501 2117 2607 2158 non
2655 2101 2888 2171 ambigat
2942 2095 3443 2166 communionisquq

1857 2196 2176 2265 subiturum,
2203 2197 2249 2252 si
2270 2212 2432 2267 super
2463 2195 2560 2250 hac
2591 2211 2648 2249 re
2682 2193 2994 2264 cujusquam
3032 2206 3156 2247 vera
3181 2203 3279 2244 nos
3315 2203 3443 2259 ques

1856 2293 1969 2348 rela
1995 2293 2301 2360 pulsaverit.
2336 2290 2538 2360 Magnis
2561 2290 2758 2360 quippe
2785 2285 2974 2342 studiis
3004 2283 3296 2340 secundum
3325 2283 3441 2336 bea-

1857 2392 1968 2439 tum
2002 2382 2315 2452 Apostolum
2363 2381 2406 2452 (l
2449 2380 2580 2434 Tim.
2612 2395 2686 2446 vr,
2723 2378 2782 2448 Ξ)
2825 2374 3234 2448 praecavendum
3265 2380 3350 2429 est
3377 2384 3443 2434 ne

1859 2475 1990 2532 fides
2021 2482 2076 2530 ct
2103 2473 2379 2544 disciplina
2402 2472 2610 2528 Domini
2643 2468 3066 2540 blasph‘emetur.

1980 2565 1990 2575 ’
2237 2575 2262 2602 °
2293 2565 2383 2620 ΧΙ.
2418 2563 2492 2620 De
2520 2563 2718 2636 negotio
2747 2561 3065 2616 clericorum.

1927 2665 2271 2732 Consequens
2303 2661 2398 2715 fuit
2435 2671 2488 2713 ut
2519 2660 2605 2713 illa
2637 2671 2848 2729 quoque
2875 2670 2991 2724 qua:
3021 2652 3090 2709 de
3116 2651 3294 2708 Piceni
3325 2661 3443 2721 par.

1859 2757 1999 2811 tibus
2037 2766 2062 2805 ρ
2096 2754 2160 2809 ad
2195 2768 2291 2808 nos
2329 2756 2489 2806 missa
2529 2749 2720 2805 relatio
2763 2743 3057 2809 nuntiavit,
3086 2759 3190 2798 non
3228 2750 3442 2812 praeter.

1865 2847 2042 2904 cunila
2076 2857 2384 2916 putarrmus
2425 2861 2438 2897 :
2473 2841 2731 2912 plurimos
2770 2837 3089 2892 clericorum
3130 2831 3440 2903 negotiatio.

1855 2945 2010 2998 nibus
2048 2939 2342 2996 inhonestis
2373 2945 2425 2992 et
2462 2935 2626 2991 lucris
2665 2933 2908 3003 turpibus
2951 2931 3256 2996 imminere,
3299 2927 3440 2984 nullo

1857 3035 2058 3102 pudore
2087 3043 2369 3088 cernentes
2399 3026 2758 3097 evangelicatn
2788 3025 3090 3089 lectionem,
3122 3032 3148 3072 ιι
3171 3019 3292 3091 quia
3328 3020 3440 3090 ipse

1854 3128 2112 3183 Dominus
2136 3137 2315 3180 noster
2342 3122 2703 3192 negotiatores
2734 3133 2763 3174 e
2788 3116 2986 3187 templo
3015 3115 3325 3170 verberatos
3351 3113 3440 3167 lla.

1853 3222 2007 3290 gellis
2035 3221 2290 3274 asseritur
2321 3215 2590 3286 expulisse
2613 3211 2826 3285 (Matth.
2853 3226 2913 3277 tt,
2942 3208 3038 3276 12;
3059 3206 3214 3262 Joan.
3245 3222 3304 3271 ll,
3331 3205 3440 3276 ib);

1855 3331 1954 3371 nec
1977 3313 2213 3386 Apostoli
2243 3311 2406 3366 verba
2427 3309 2745 3371 recolentes,
2771 3305 2962 3375 quibus
2985 3304 3087 3358 ait:
3114 3300 3282 3356 Nemo
3306 3297 3440 3352 mili-

1853 3418 1967 3462 tans
1991 3404 2100 3460 Deo
2133 3415 2152 3443 ι’
2189 3404 2376 3473 obligat
2397 3419 2448 3456 se
2489 3399 2703 3472 negotiis
2741 3396 3073 3453 stecularibus
3107 3394 3172 3466 (ll
3217 3391 3350 3446 Tini.
3381 3405 3440 3457 tt,

1850 3501 1910 3572 4)
1936 3517 1950 3566 ;
1985 3498 2318 3554 Psalmistatu
2345 3493 2514 3549 David
2545 3491 2705 3547 surda
2724 3487 3122 3545 dissimulantes
3152 3499 3282 3539 aure
3311 3497 3440 3538 can-

1852 3603 2085 3648 tantem:
2120 3589 2372 3658 Quoniam
2398 3603 2498 3640 non
2537 3582 2751 3656 cognovi
2791 3579 3176 3651 negotiationes,
3225 3573 3438 3629 introibs

1853 3689 1903 3741 in
1936 3685 2186 3756 potentius
2230 3680 2436 3734 Domini
2465 3677 2639 3748 (Psal.
2683 3689 2809 3738 ιιι.
2843 3670 2955 3746 16).
2989 3669 3221 3726 Proinde
3259 3667 3437 3736 hujus~

1852 3779 1995 3835 modi
2031 3788 2051 3814 ⁸
2083 3777 2149 3831 ab
2178 3773 2411 3842 indignis
2444 3777 2562 3839 post
2588 3768 2703 3823 haec
2729 3763 3018 3837 quaestibus
3043 3761 3289 3817 noverint
3318 3760 3437 3813 abs-

1851 3872 2120 3928 tinendum
2141 3909 2155 3932 ,
2186 3877 2238 3921 et
2277 3865 2344 3917 ab
2373 3863 2516 3917 omni
2559 3857 2846 3929 cujuslibet
2879 3852 3256 3926 negotiationis
3292 3851 3436 3922 inge-

1849 3970 1939 4023 nio
1962 3965 2041 4018 vel
2064 3961 2351 4030 cupiditate
2375 3956 2724 4013 cessandum:
2749 3961 2840 4006 aut
2863 3951 2915 4006 in
2937 3935 3252 4019 quocunque
3272 3943 3436 4017 gradu

1847 4063 1954 4120 sint
1981 4055 2162 4127 positi,
2195 4067 2317 4108 mox
2347 4067 2376 4106 a
2401 4047 2744 4106 clericalibus
2781 4042 2977 4100 officiis
3008 4042 3026 4077 ί
3061 4041 3209 4096 abire
3243 4053 3436 4111 cogan.

1853 4199 2002 4265 Hisp.
2030 4203 2083 4250 et
2111 4194 2236 4248 l5ili.
2263 4193 2446 4246 delent
2473 4199 2548 4256 et;
2579 4200 2633 4265 et
2662 4197 2846 4265 postea
2874 4186 2977 4242 alia
3009 4181 3436 4265 interpunctione

1852 4254 2054 4325 habent
2073 4284 2085 4318 :
2111 4265 2226 4318 Non
2253 4272 2322 4317 est
2345 4277 2465 4333 ergo
2486 4254 2706 4333 penitus.
2728 4259 2980 4333 ln_n_o_stra
3009 4265 3188 4333 autem
3209 4254 3435 4333 lectione

1849 4322 2353 4406 etinterpunctione
2399 4322 2589 4406 inclith
2629 4329 2750 4406 Vat.
2789 4322 3426 4406 l34?,_quoniam_q‘uod.

1847 4395 1966 4467 illos
1999 4412 2051 4464 in
2070 4395 2230 4478 '\ulg.
2258 4408 2420 4460 Cone.
2445 4411 2500 4478 et
2520 4403 2676 4456 Dion.
2699 4401 2862 4478 Ju_st._,
2887 4398 3084 4478 delggat
3115 4410 3213 4476 pro
3225 4395 3432 4476 delegit.

1918 4463 2030 4535 ini
2055 4463 2291 4534 Vatfest
2328 4491 2451 4545 cap.
2481 4476 2536 4540 8,
2567 4488 2686 4528 cum
2730 4472 2923 4526 titulo:
2962 4463 3041 4522 Ue
3085 4463 3238 4521 servis
3274 4463 3434 4534 origi-
3467 4481 3474 4488 ·

1845 4570 1861 4605 ν
2009 4593 2024 4608 .

1863 4570 2097 4677 miniiliae
2127 4619 2338 4674 collect.
2364 4631 2490 4672 mss.
2523 4625 2578 4672 et
2602 4615 2769 4685 vulg..
2791 4611 3090 4667 amovenda.
3112 4609 3235 4665 M0!
3265 4605 3428 4662 Vind-

1843 4705 1897 4750 et
1931 4695 2048 4748 Vat.
2077 4691 2259 4746 delent
2288 4705 2412 4757 per;
2439 4688 2613 4742 minus
2641 4695 2806 4741 recte.

1913 4776 1953 4803 ιη
1982 4767 2206 4832 Quesn.,
2264 4749 2579 4832 conditiones
2619 4757 2825 4832 jurgari
2869 4754 3046 4832 videri.
3096 4749 3430 4808 Praetulimus

1843 4826 2126 4892 lectionem
2152 4833 2320 4898 vulg.,
2345 4831 2428 4885 cui
2453 4831 2568 4884 alia:
2591 4826 2940 4883 c'tilléctiones
2974 4826 3181 4898 favent,
3204 4836 3427 4898 necnnou

1843 4890 2001 4962 Vind.
2037 4905 2193 4975 hujus
2216 4890 2566 4975 collectionis,
2599 4901 2653 4954 in
2679 4914 2786 4969 quo
2813 4900 2950 4954 sicut
2970 4907 3024 4952 et
3053 4898 3105 4951 in
3138 4890 3426 4959 Vat..lieg.

1844 4981 2038 5050 legitur
2060 4974 2276 5050 jurgare
2304 4985 2390 5026 aut
2419 4974 2597 5026 videri.
2684 5042 2696 5050 _
2902 5042 2913 5050 .
2975 5040 2985 5050 .

1912 5044 1938 5087 ῖι
1966 5038 2101 5104 Alia:
2131 5038 2342 5102 collect.
2370 5059 2498 5098 tuss.
2531 5052 2586 5098 et
2611 5042 2779 5111 vulg.,
2808 5038 3158 5111 ecclesiastica:
3176 5038 3422 5111 sertjituti.

1910 5130 1935 5157 ο
1966 5102 2022 5175 ii.
2051 5118 2173 5172 Vat.
2209 5118 2346 5172 1542
2367 5129 2448 5171 est
2475 5121 2592 5186 cap.
2626 5114 2681 5182 9,
2703 5102 2826 5170 cum
2853 5113 3042 5167 titulo:
3076 5106 3142 5161 Ut
3174 5102 3305 5158 nulli
3327 5102 3427 5156 cle-

1835 5193 1941 5246 rico
1970 5195 2114 5244 liceat
2144 5190 2412 5260 negotiari.

1909 5274 1935 5312 ρ
1960 5263 2114 5331 Vulg.
2147 5249 2388 5316 et'cotld.
2423 5259 2645 5312 aliarum
2679 5255 2893 5311 collect.
2927 5249 3127 5305 addunt
3151 5259 3332 5316 nuper,
3372 5251 3427 5298 et

1836 5334 1958 5389 dein
1992 5336 2044 5386 id
2074 5342 2149 5387 est
2181 5341 2303 5384 ante
2328 5331 2594 5400 plurimos.
2771 5358 2804 5400 _.
3026 5399 3031 5400 γ
3172 5387 3183 5399 ⁸
3220 5387 3252 5400 ,Δ
3301 5385 3312 5396 ,

1909 5416 1935 5454 ει
1960 5406 2164 5472 Qucsn.
2210 5395 2432 5455 inseruit
2461 5415 2561 5452 non
2604 5396 2938 5472 attendentes,
2961 5399 3038 5472 __et
3079 5395 3260 5450 omisit
3293 5399 3423 5457 ipse,

1836 5463 2230 5540 refragantibus
2260 5476 2455 5527 nostris
2473 5480 2527 5524 et
2549 5469 2774 5528 vulgatis
2803 5463 3098 5540 codicibus.

1911 5557 1930 5583 τ
1968 5535 2100 5600 Alne
2124 5545 2336 5598 collect.
2365 5558 2493 5596 mss.
2522 5549 2577 5594 et
2609 5540 2778 5608 vulg.,
2812 5535 3039 5606 implicat
3069 5547 3155 5597 se;
3180 5543 3243 5584 ac
3276 5540 3424 5594 mox,

1835 5619 2156 5689 psalmistam
2178 5611 2586 5689 qttoqucltavid.

1910 5699 1932 5725 ι’
1959 5687 2082 5743 Vat.
2112 5670 2243 5754 Reg.
2275 5670 2322 5740 ἐι
2355 5683 2487 5754 alius
2510 5677 2798 5754 ναι-1542
2822 5692 2942 5732 cum
2968 5675 3113 5754 vulg:
3138 5670 3286 5728 addit
3309 5676 3422 5754 aut.

1915 5763 1930 5794 ι
1963 5740 2127 5826 Vulg.
2161 5740 2324 5811 cane.
2359 5769 2420 5808 ac
2444 5753 2599 5808 Dion.
2635 5750 2797 5821 Just.,
2821 5761 2875 5808 et
2908 5740 3143 5806 secunda
3174 5757 3336 5801 manu
3368 5740 3424 5802 in

1839 5847 1942 5890 ms.
1971 5829 2152 5896 Vind.,
2177 5829 2444 5884 abstinere.
