3996 6344
172 452 259 510 705

539 558 695 630 423
723 557 1114 615 CAPITULUM
1154 560 1290 616 LIX.

499 695 684 768 Incipit
712 698 988 752 concilium
1013 700 1405 755 Antiochenam.

170 843 327 899 Sancta
360 843 408 890 et
440 830 770 901 pacatissimo
804 832 1040 902 synodus
1070 832 1096 871 ι’
1131 833 1424 889 Antiochia:
1459 836 1509 888 in
1541 851 1704 891 unum

224 913 538 976 congregata,
569 903 650 960 his
685 905 773 970 qui
807 919 902 972 per
935 906 1172 974 singulas
1204 907 1506 973 provincias
1545 919 1702 973 sunt,

222 976 526 1035 unanimibus
553 976 752 1029 sanctis
777 977 1253 1032 consacerdotibus
1284 978 1336 1032 in
1369 978 1596 1033 Domino
1619 994 1706 1034 sa-

223 1056 358 1107 lutent
369 1086 382 1102 .

220 1205 376 1262 Gratia
399 1210 451 1256 et
477 1202 673 1256 veritas
705 1199 916 1254 Domini
964 1208 1020 1255 et
1058 1199 1350 1256 Salvatoris
1380 1202 1544 1255 nostri
1575 1202 1701 1257 Jesu

167 1298 326 1357 Christi
359 1303 590 1350 sanctam
617 1292 1005 1348 Antiochenam
1033 1293 1327 1349 Ecclesium
1357 1293 1612 1359 visitans,
1649 1302 1702 1347 et

164 1396 202 1448 in
221 1391 381 1447 eodem
409 1394 731 1442 connectens
755 1401 848 1456 per
869 1387 1209 1442 concordiam
1235 1385 1556 1455 pacatissimi
1582 1385 1702 1454 Spi-

165 1486 297 1548 ritus,
322 1480 478 1536 multa
512 1477 728 1548 quidem
759 1489 814 1534 et
843 1480 946 1534 alia
990 1490 1012 1519 ο
1053 1480 1275 1550 perfecit
1313 1496 1325 1532 :
1359 1480 1413 1534 in
1452 1477 1701 1536 omnibus

161 1591 301 1635 autem
338 1582 650 1645 suggerente
689 1581 878 1628 sancto
925 1584 980 1630 et
1029 1573 1251 1644 pacifico
1295 1571 1494 1642 Spiritu
1538 1575 1698 1628 etiam

161 1674 238 1730 hoc
259 1670 496 1742 perfecit,
529 1679 590 1724 ut
617 1683 736 1740 quae
763 1667 878 1722 visa
921 1678 1040 1722 sunt
1077 1678 1224 1724 recte
1265 1669 1545 1733 constitui,
1574 1683 1696 1724 cum

160 1765 340 1837 plurima
365 1762 791 1820 consideratione
817 1769 870 1815 et
894 1759 1098 1830 judicio
1124 1776 1229 1816 una
1259 1763 1506 1816 omnibus
1529 1759 1555 1799 τι
1586 1767 1690 1816 An-

160 1859 329 1915 tiochiae
352 1873 412 1914 ex
451 1856 681 1912 diversis
710 1854 1000 1926 provinciis
1033 1855 1084 1909 in
1116 1871 1279 1909 unum
1320 1855 1561 1910 collectis
1589 1855 1698 1926 epi-

573 443 797 502 CODEX
834 443 1160 502 CANONUM
1207 446 1482 503 ECCLES.
1527 448 1613 504 ET
1651 449 2228 510 CONSTITUTORUM
2268 458 2324 510 S.
2368 455 2568 513 SEDIS
2608 454 2938 513 APOSTOL.

3287 459 3390 516 706

1735 565 1788 625 Α
1812 563 2009 618 veteris
2039 566 2279 631 Arabico,
2313 569 2735 639 Mesopotamia),
2775 572 3005 638 Ciliciae,
3053 569 3298 637 Isauri-.13;
3340 582 3397 628 et

1817 655 1930 708 haec
1955 659 2342 714 constituerunt
2371 678 2489 727 qua:
2521 662 2656 716 infra
2687 665 2881 732 scripta
2913 675 3054 717 sunt.

1884 746 1905 783 ¹ί
1937 747 1974 802 1.
2007 748 2205 802 Omnes
2227 751 2314 819 qui
2344 751 2544 811 audent
2573 754 2864 809 dissolvere
2889 757 3122 825 regulam
3154 755 3321 810 sancti
3343 765 3395 812 et

1811 842 1984 909 magni
2013 839 2224 895 concilii
2257 842 2452 896 Nic-mni
2476 887 2490 909 ,
2519 844 2660 913 quod
2703 847 3026 902 celebratum
3068 848 3224 903 estin
3261 865 3394 918 ιιι-ως

1809 932 1980 986 seutia
2029 933 2228 986 domini
2280 936 2628 988 amantissimi
2673 938 3006 992 Constantini
3057 940 3393 1009 imperatoris

1807 1025 2006 1090 nostri,
2036 1027 2103 1079 de
2135 1035 2314 1080 saneta
2347 1025 2360 1064 ¹
2397 1026 2683 1082 festivitate
2717 1030 2949 1097 paschali
2977 1031 3268 1086 Salvatoris
3300 1051 3394 1088 un-

1807 1117 1930 1181 stri,
1983 1117 2516 1172 ineommunicabiles
2563 1129 2618 1173 et
2663 1121 2864 1188 ejectos
2893 1123 2960 1176 ab
2994 1123 3226 1177 Ecclesia
3273 1140 3390 1180 esse

1807 1210 2035 1274 debere,
2073 1212 2303 1265 maxime
2330 1212 2372 1265 si
2405 1221 2443 1246 ιη
2470 1216 2931 1282 perseveraverint
2968 1215 3143 1271 studio
3170 1230 3390 1273 conten-

1810 1302 1967 1354 tionis
1996 1301 2060 1355 ad
2093 1303 2447 1356 subvertenda
2479 1320 2538 1357 ea
2567 1319 2685 1374 qua:
2707 1308 2906 1374 optime
2936 1311 3220 1363 constituta
3247 1321 3388 1366 sunt.

1807 1393 1873 1446 Et
1903 1391 2016 1446 hrec
2046 1395 2262 1462 quidem
2291 1402 2317 1429 η
2356 1395 2492 1448 dicta
2534 1404 2660 1450 sunt
2703 1396 2768 1450 de
2810 1397 2978 1452 Iaicis.
3019 1398 3076 1453 Si
3108 1412 3283 1454 autem
3325 1402 3390 1456 dc

1805 1487 2108 1556 praepositis
2138 1486 2393 1542 Ecclesia:
2427 1496 2451 1523 ο
2482 1487 2673 1556 aliquis
2693 1529 2707 1553 ,
2738 1489 2787 1543 id
2820 1500 2930 1557 est,
2964 1492 3048 1546 vel
3075 1493 3388 1563 episcvptts,

1801 1588 1884 1633 vel
1917 1580 2220 1651 presbyter,
2252 1581 2333 1634 vel
2363 1580 2617 1636 diaconus
2645 1593 2765 1652 post
2792 1584 2926 1638 hanc
2952 1584 3313 1641 deﬁnitionem
3338 1597 3389 1642 et

1803 1671 1945 1727 hunc
1983 1673 2269 1727 terminum
2313 1674 2365 1728 in
2398 1674 2802 1731 subversionem
2837 1678 3151 1747 p0pulorum
3192 1691 3244 1733 et
3285 1679 3389 1734 Ec-

1801 1765 2084 1820 clesiarum
2134 1768 2590 1836 perturbationem
2639 1771 2866 1836 nitatur,
2919 1786 2982 1828 ac
3027 1773 3106 1827 sic
3153 1774 3387 1830 renitens

1801 1873 1922 1912 cum
1952 1858 2152 1913 Judmis
2182 1859 2384 1913 Pascha
2415 1861 2641 1916 voluerit
2672 1862 2976 1927 celebrare;
3023 1865 3162 1920 hunc
3207 1875 3388 1920 sancta

159 1950 298 2021 scopis
335 1949 384 2003 in
423 1956 657 2002 vestram
690 1945 932 2001 notitiam
963 1945 1322 2002 deferrentur.
1363 1957 1384 1986 ο
1413 1947 1696 2003 Credimus
1726 1955 1774 2015 Β
1801 1949 2040 2020 synodus
2071 1950 2138 2004 ab
2172 1952 2273 2004 hoc
2308 1953 2416 2021 jam
2459 1953 2688 2008 alienum
2724 1955 2790 2007 ab
2835 1955 3070 2010 Ecclesia
3097 1957 3387 2026 judicavit,

159 2053 294 2098 autem
312 2039 489 2111 gratim
521 2039 767 2108 Domini,
801 2047 856 2095 et
884 2047 1071 2092 sancto
1095 2038 1314 2108 Spiritui
1347 2039 1522 2108 pacis,
1551 2040 1693 2111 quod

158 2147 197 2192 et
220 2135 301 2206 ipsi
330 2134 704 2204 conspirabitis
735 2133 1012 2188 nobiscum
1056 2141 1306 2203 tanquam
1345 2135 1396 2187 in
1426 2149 1530 2188 una
1564 2133 1694 2188 fuis-

158 2235 256 2289 setis
280 2233 460 2287 virtute
481 2273 496 2300 ,
536 2241 596 2286 et
625 2230 902 2284 nobiscum
942 2229 1273 2283 orationibus
1305 2226 1322 2265 τ
1357 2228 1658 2283 annitentes
1678 2269 1694 2295 ,

158 2325 288 2396 magis
322 2333 492 2378 autem
520 2323 694 2390 uniti,
725 2329 780 2376 et
817 2323 868 2374 in
906 2319 1106 2390 Spiritu
1145 2330 1330 2377 sancto
1371 2327 1694 2388 praesentes,

159 2417 322 2472 hisdem
351 2416 476 2486 ipsis
514 2430 643 2486 quin
671 2413 889 2468 definita
919 2421 1044 2466 sunt
1080 2413 1508 2476 consentientes,
1551 2421 1604 2467 et
1634 2426 1695 2466 ea

157 2525 246 2580 quae
269 2519 396 2564 recta
423 2509 534 2563 visa
568 2516 697 2561 sunt
718 2505 1060 2569 roborantes,
1087 2519 1208 2558 cum
1235 2517 1501 2559 consensu
1527 2500 1696 2557 sancti

157 2603 340 2672 Spiritus
363 2599 773 2671 consignabitis.
805 2598 944 2653 Sunt
971 2605 1149 2652 autem
1189 2597 1436 2666 prtefiniti
1465 2609 1699 2650 canones

156 2695 454 2750 ecolesiastici
501 2695 554 2747 bi
609 2691 697 2763 qui
729 2690 862 2746 infra
894 2689 1082 2758 scripti
1121 2698 1262 2743 sunt.
1293 2688 1456 2761 424
1497 2688 1552 2743 In
1593 2703 1699 2760 qua

156 2787 319 2856 synodo
355 2788 567 2841 fuerunt
619 2794 643 2831 Β
685 2782 968 2846 Eusebius,
1009 2779 1339 2846 Theodorus,
1391 2779 1696 2846 Narcissus,

155 2880 421 2946 Antiochus,
452 2878 770 2943 Archelaus,
807 2874 834 2912 ¹ι
863 2875 1200 2942 Eustachius,
1236 2873 1489 2928 Mocimus
1508 2917 1520 2934 .
1550 2874 1699 2928 Hisi-

157 2974 256 3037 cius,
281 2971 293 3008 ί
319 2971 597 3036 Manicius,
621 2968 884 3035 Etherius,
908 2966 1155 3033 Iacobus,
1179 2965 1424 3036 Agapius,
1453 2965 1696 3033 Magnus,

155 3058 304 3127 Encas,
331 3060 644 3126 Theodolus,
680 3064 693 3108 t
734 3058 939 3128 Alpius,
969 3055 1209 3122 Nicetes,
1244 3057 1500 3128 Agapius,
1533 3055 1702 3110 Thar-
1733 3053 1739 3060 ’

155 3153 441 3217 redimantus,
469 3151 696 3216 Bassus,
721 3149 1032 3211 Alexander,
1067 3147 1276 3213 Petrus,
1309 3145 1502 3213 Moses,
1531 3147 1704 3200 Patri-

155 3243 253 3311 cius,
277 3243 548 3310 Anatolius,
589 3240 948 3307 Macedonius,
979 3238 1188 3307 Petrus,
1219 3238 1427 3310 Cyrion,
1464 3238 1700 3294 Theodo-

1801 2051 2049 2110 tauquam
2079 2058 2198 2096 eum
2229 2043 2319 2112 qui
2352 2059 2456 2097 non
2497 2045 2670 2098 solum
2709 2047 2906 2114 proprii
2947 2049 3183 2116 peccati,
3215 2051 3307 2106 sed
3336 2059 3390 2106 et

1799 2132 2026 2186 aliorum
2056 2144 2320 2203 corrupta:
2363 2137 2554 2190 mentis
2584 2145 2636 2190 et
2665 2140 3088 2194 conversationis
3127 2143 3386 2209 supplan-

1801 2233 1941 2279 tator
1979 2229 2243 2281 exstiterit
2273 2241 2415 2282 reus.
2449 2228 2512 2281 Et
2548 2242 2652 2282 non
2693 2229 2864 2283 solum
2906 2230 3210 2300 lmjusmodi
3243 2244 3268 2282 ρ
3295 2233 3389 2287 de-

1802 2320 1950 2387 ponit
1989 2335 2016 2372 a
2059 2320 2390 2387 sacerdotio,
2438 2321 2532 2376 sed
2573 2330 2628 2376 et
2673 2325 2770 2376 hos
2800 2324 2888 2393 qui
2926 2325 3005 2378 eis
3043 2326 3158 2379 ausi
3191 2327 3388 2382 fuerint

1799 2413 2197 2466 communicare
2238 2421 2355 2480 post
2401 2413 2821 2468 damnationem.
2847 2424 2873 2463 tt
2905 2415 3182 2484 Depositus
3209 2426 3387 2474 autem

1799 2503 1960 2560 etiam
1991 2501 2195 2556 honore
2223 2501 2383 2573 5.25
2413 2503 2501 2568 qui
2531 2502 2870 2558 extrinsecus
2892 2512 2976 2559 est
3006 2505 3204 2574 privari
3231 2522 3387 2574 opor-

1803 2601 1898 2658 tet,
1929 2603 1949 2630 τ
1973 2609 2130 2663 quem
2154 2605 2369 2648 sanctus
2390 2608 2560 2648 canon
2590 2605 2643 2648 et
2666 2594 2761 2649 Dei
2789 2595 3146 2651 sacerdotium
3171 2599 3384 2654 meruit.

1875 2685 1937 2741 II.
1968 2684 2168 2740 Omnes
2196 2687 2284 2755 qui
2325 2685 2696 2756 ingrediuntur
2744 2685 3037 2742 Ecclesium
3070 2688 3164 2744 Dei
3207 2699 3261 2744 et
3295 2704 3386 2744 sa-

1803 2793 1920 2834 cras
1958 2777 2262 2848 Scripturas
2293 2780 2536 2845 audiunt,
2583 2796 2688 2835 non
2733 2790 2910 2836 autem
2942 2797 3062 2836 cum
3108 2783 3302 2853 popqu
3333 2782 3385 2842 in

1803 2873 2046 2929 oratione
2075 2873 2492 2938 communicant,
2521 2883 2542 2909 ο
2573 2873 2926 2927 adversantur
2956 2875 3116 2929 etiam
3147 2888 3384 2932 sanciunt

1803 2968 2222 3036 assumptionem
2267 2966 2524 3020 Dominici
2555 2967 2876 3021 sacramenti
2914 2967 3205 3022 secundum
3237 2985 3383 3024 suam

1805 3059 2036 3129 aliquam
2069 3057 2424 3128 disciplinam,
2470 3063 2566 3114 Iros
2603 3059 2721 3129 ejiri
2769 3059 2836 3113 ab
2864 3059 3103 3114 Ecclesia
3149 3071 3384 3130 oportet,

1805 3149 1977 3204 donec
2004 3151 2341 3214 confitentes,
2378 3149 2607 3204 fructum
2641 3151 2968 3220 pmnitcntize
2994 3152 3383 3221 demonstrent,

1807 3251 1863 3298 et
1887 3243 2157 3314 deprecati
2192 3243 2408 3308 fuerint,
2448 3245 2464 3280 ι
2501 3254 2555 3297 ut
2584 3243 2704 3298 data
2738 3246 2890 3299 venia
2919 3247 3112 3316 suscipi
3145 3263 3383 3304 mercan-

156 3351 237 3403 rus,
251 3335 571 3403 Theodosius,
599 3334 664 3389 de
688 3333 958 3404 provincia
980 3327 1386 3404 Syrias-lees,
1405 3331 1695 3404 Phoenicis,
1724 3327 1772 3392 C
1807 3347 1912 3393 tur.
1942 3337 2056 3393 Non
2087 3349 2262 3394 autem
2292 3339 2452 3394 liceat
2478 3339 2878 3395 communicare
2901 3339 3384 3410 incommunicatis,

213 3532 235 3560 ι
254 3523 402 3593 Hujus
428 3521 652 3580 concilii
685 3519 1020 3575 occasionem
1051 3509 1703 3593 ac_tempus__deteximus

156 3592 194 3646 in
220 3589 470 3661 [tramisso
498 3602 739 3649 tractatu
786 3598 923 3661 part.
953 3607 1003 3657 ι,
1031 3606 1082 3646 c.
1110 3591 1164 3655 4,
1209 3590 1236 3660 §
1263 3589 1319 3643 2.
1361 3590 1506 3661 Haec,
1525 3591 1703 3644 versio

153 3659 308 3719 est'illa
339 3667 549 3736 antiqua
594 3679 744 3733 quin,
778 3659 1084 3736 abAIsidoro
1108 3659 1363 3736 recepta,
1407 3659 1700 3736 Isidoriana

154 3739 295 3791 rimari
331 3732 482 3793 solet.
526 3732 744 3790 Praeter
779 3732 993 3787 codices
1030 3733 1187 3800 hujus
1226 3732 1592 3795 collectionis,
1642 3747 1704 3787 ac

155 3819 315 3872 prreter
340 3807 681 3879 exemplaria
708 3805 1083 3879 collectionum
1129 3804 1274 3879 Ilisp.
1316 3811 1370 3856 et
1410 3803 1538 3879 l_sid_._
1559 3845 1574 3869 ,
1607 3817 1705 3858 nos

152 3874 352 3933 eamdem
383 3874 522 3934 nacti
556 3892 748 3934 sumus
781 3877 830 3929 in
873 3874 1314 3944 prmstantissimo
1348 3876 1470 3929 cod.
1503 3875 1698 3944 Veron.

153 3945 221 4013 58,
244 3951 321 4018 qui
353 3967 534 4018 puram
573 3945 838 4016 ejusmodi
873 3943 1456 4018 versionern_omnium
1493 3943 1705 4000 Graeco-

152 4016 521 4076 nuneanunum
555 4020 869 4074 continuata
901 4017 1041 4072 serie
1071 4016 1308 4072 exhibet.

205 4090 227 4127 δ
246 4091 367 4146 Cod.
396 4093 604 4147 Veron.
637 4104 756 4144 cum
792 4089 1003 4156 vulgato
1031 4086 1218 4141 Graeco
1249 4096 1394 4141 textu
1421 4084 1565 4140 delet
1595 4086 1703 4140 An-

153 4160 333 4217 liochia'.
375 4163 504 4219 Dein
546 4161 693 4216 idem
731 4159 852 4214 cod.
895 4163 1106 4229 ignorat
1141 4159 1329 4212 sanctis
1368 4159 1707 4211 consacerdo-

149 4231 272 4286 tibus.

207 4313 225 4341 ε
249 4305 329 4359 Sic
347 4304 502 4360 codd.
539 4301 706 4358 Vind.
735 4311 789 4358 et
809 4303 1009 4359 Veron.
1041 4315 1163 4356 cum
1193 4299 1338 4370 vulg.
1362 4299 1525 4354 Cone.
1551 4298 1706 4370 Apud

152 4371 349 4444 Quesn.,
398 4377 538 4447 fecit.
591 4373 785 4430 Postea
831 4389 930 4444 pro
977 4381 1110 4426 recte
1161 4386 1260 4425 ms.
1294 4369 1503 4426 Veron.
1548 4369 1709 4426 habet

152 4455 278 4499 recta.
1375 4455 1382 4460 '

206 4514 226 4552 δ
252 4517 374 4570 Cod.
411 4517 618 4572 Veron.
651 4531 770 4570 cum
803 4517 946 4584 vulg.
980 4512 1144 4569 Conc.
1179 4512 1323 4567 addit
1345 4511 1508 4566 nobis.

208 4597 228 4625 ε
254 4587 386 4642 Idem
407 4589 558 4652 cod.,
587 4587 856 4642 Credimus
887 4586 1043 4639 enim.

208 4657 224 4696 ί
250 4662 435 4726 οιοιι.,
467 4662 801 4730 adjuvantes.
833 4658 950 4712 Mox
985 4656 1327 4730 Veron._cum
1346 4654 1520 4730 _vng_.,
1548 4653 1709 4725 magis

152 4740 288 4782 autem
316 4723 499 4783 immiti
531 4723 579 4784 ct
620 4730 672 4782 in
711 4729 911 4800 Spiritu
948 4739 1146 4800 sancto.
1176 4723 1308 4780 Cum
1346 4726 1441 4800 bis
1471 4723 1710 4780 inseren-

1809 3523 2112 3575 mnnicatos.

1880 3602 1918 3629 ω
1948 3593 2144 3646 Veron.
2173 3607 2293 3646 cum
2321 3593 2488 3660 vulg.,
2521 3601 2852 3657 perseverent.

1882 3672 1906 3698 η
1943 3664 2129 3718 Melius
2159 3663 2279 3716 cod.
2312 3663 2462 3728 Ven,
2496 3665 2632 3716 dicta
2659 3667 2780 3717 sint.

1884 3743 1907 3769 ο
1935 3734 2272 3801 Quesnellus,
2303 3735 2488 3804 aliquis
2511 3745 2585 3787 est
2607 3735 2682 3787 vel
2702 3738 2990 3808 episcOpus,
3014 3737 3087 3790 rel
3109 3736 3386 3808 presbyter,

1809 3807 1886 3858 vel
1911 3808 2176 3869 diaconus,
2199 3808 2284 3875 qui
2310 3816 2419 3871 post
2444 3809 2594 3868 hanc,
2620 3817 2724 3858 etc.
2748 3805 3092 3860 Correximus
3114 3823 3231 3861 cum
3258 3805 3388 3865 russi

1810 3876 1992 3939 Vind.,
2023 3876 2216 3930 Veron.
2248 3887 2301 3931 et
2322 3877 2464 3943 vulg.
2497 3877 2616 3929 Mox
2651 3876 2807 3930 Vind.
2833 3918 2846 3939 ,
2876 3875 3067 3931 deletis
3097 3878 3314 3933 vocibus
3341 3891 3388 3934 et

1811 3949 1944 4000 hunc
1973 3948 2240 4000 terminum
2259 3987 2273 4007 ,
2302 3949 2640 4017 prosequitur
2663 3949 2740 4001 sic
2768 3964 2781 4000 :
2822 3965 2977 4001 ausus
3000 3948 3153 4016 fuerit
3179 3949 3232 4001 in
3267 3954 3389 4002 sub-

1810 4018 2089 4072 uersionem
2118 4017 2424 4089 populorum
2446 4057 2462 4083 ,
2504 4027 2548 4089 e_t
2589 4020 3014 4086 perturbationem
3048 4018 3390 4074 Ecclesiarum

1810 4091 2045 4153 renitere,
2075 4087 2127 4141 et
2149 4106 2262 4141 cum
2289 4087 2487 4142 Judwis
2519 4087 2718 4142 Pascha
2741 4090 3024 4152 celebrare;
3053 4089 3188 4143 hunc
3215 4100 3391 4143 sancta

1810 4160 2035 4234 synodus
2055 4161 2168 4226 jam
2189 4162 2405 4234 jam-que
2442 4164 2504 4212 ab
2534 4157 2764 4234 Ecclesia
2795 4161 3021 4234 alienum
3059 4177 3166 4234 esse
3185 4163 3392 4234 judica-

1813 4233 1910 4296 bit,
1957 4240 2201 4298 tanquam
2225 4231 2312 4298 qui
2345 4247 2444 4282 non
2474 4231 2642 4284 solum
2679 4233 2874 4298 proprii
2917 4232 3108 4298 peccati
3145 4231 3262 4284 reus
3287 4235 3392 4298 sit,

1811 4303 1900 4354 sed
1939 4312 1983 4354 et
2023 4303 2246 4354 aliorum
2286 4301 2622 4354 subrersfonis
2655 4311 2701 4354 et
2745 4303 2926 4355 mentis
2954 4312 3209 4367 corrupta:
3239 4305 3392 4370 fuerit

1814 4388 1990 4427 causa.
2020 4371 2144 4426 Ilaec
2167 4373 2324 4426 lectio
2351 4372 2419 4425 ab
2444 4386 2503 4425 ea
2535 4386 2690 4435 quam
2720 4372 2810 4424 alii
2837 4371 2995 4425 codd.
3032 4373 3153 4425 Isid.
3191 4369 3394 4427 versio-
3433 4369 3440 4377 ’

1816 4445 1897 4496 nis
1941 4443 2235 4512 praeferunt
2281 4444 2500 4496 nimium
2545 4440 3008 4512 discrepat.Crnt.
3045 4441 3240 4500 Veron.
3271 4459 3392 4497 cum

1815 4511 1996 4568 nostra
2031 4515 2258 4568 lectione
2292 4511 2558 4574 concinit,
2589 4513 2686 4564 nisi
2720 4511 2859 4581 quod
2895 4513 3051 4566 habet
3080 4515 3302 4566 alienum
3332 4514 3394 4568 ab

1815 4582 2046 4638 Ecclesia
2065 4584 2340 4654 judicabit.
2377 4581 2688 4654 Vulg.rlsid.
2728 4584 2778 4636 in
2815 4583 2913 4638 hoc
2954 4584 3124 4637 Solum
3157 4588 3391 4650 variant,

1812 4665 1858 4710 et
1889 4657 2020 4708 hunc
2049 4653 2320 4709 terminum
2349 4653 2760 4726 ausnsIueritin
2790 4654 3157 4708 subversionem
3181 4655 3396 4726 populo-

1816 4742 1928 4779 rum
1967 4736 2013 4779 et
2048 4727 2475 4793 perturbationem
2509 4722 2853 4778 Ecclesiarum
2881 4726 3091 4779 seorsim
3126 4722 3394 4795 co'éligere,

149 4801 244 4887 datu
271 4800 603 4887 gyredidimns
631 4795 1063 4869 praepositionem
1093 4798 1146 4851 in
1167 4838 1182 4864 ,
1215 4811 1372 4866 quam
1408 4796 1609 4865 Quesn.
1654 4805 1708 4850 et
1731 4824 1786 4887 Β
1817 4807 1863 4852 et
1893 4813 2008 4887 cum
2027 4795 2236 4887 furiatis
2266 4795 2490 4887 Pascha.
2524 4803 2631 4849 etc.

150 4873 247 4925 cod.
271 4871 426 4926 Vind.
453 4873 728 4941 ignorant.

205 4951 226 4988 ε
253 4943 376 4998 Cod.
407 4938 571 4996 Vind.
604 4940 834 4994 secunda
866 4938 1198 5010 manuaddit
1220 4938 1462 5010 episcopi.

204 5009 226 5048 δ
255 5013 344 5069 Ms.
376 5013 607 5076 Veron.,
640 5011 966 5075 Eustathius,
999 5008 1276 5072 Mucimus,
1311 5008 1536 5064 Esicius.

210 5081 221 5118 ί
255 5083 320 5138 lta
349 5084 509 5139 codd.
543 5083 703 5138 Vind.
738 5093 791 5137 et
819 5082 1017 5137 Veron.
1052 5080 1400 5146 Quesnellus,
1432 5078 1669 5133 Manicus
1689 5095 1708 5145 ;

149 5163 190 5204 et
230 5163 368 5210 notat
411 5156 466 5211 in
519 5155 766 5224 margine
807 5153 1046 5208 codicem
1093 5151 1302 5206 Thuan.
1352 5151 1549 5206 habere
1588 5150 1709 5203 Ma-

149 5228 310 5280 nntius.

207 5296 219 5344 1
257 5297 474 5362 Veron.,
498 5296 771 5366 Amplius.
790 5293 979 5350 Versio
1008 5295 1204 5365 prisca,
1230 5293 1484 5366 Alphion;
1519 5291 1712 5366 melius

149 5365 345 5436 Alpheus
371 5385 436 5423 ex
467 5363 700 5438 epistola
738 5363 1072 5438 Constantini
1113 5365 1251 5434 apud
1281 5364 1568 5420 Eusebium
1589 5404 1603 5428 ,
1646 5363 1714 5418 de

148 5452 231 5504 qua
262 5441 308 5492 in
338 5441 628 5508 praemisso
657 5445 887 5492 tractatu
916 5437 1088 5505 plura.

207 5504 376 5563 "Cod.
422 5509 589 5563 Vind.
630 5517 778 5562 notat
812 5522 1090 5562 numerum
1125 5506 1212 5570 II,
1252 5514 1305 5561 et
1344 5506 1420 5561 sic
1460 5505 1715 5574 deinceps

147 5592 290 5634 unum
314 5595 605 5636 numerum
628 5590 812 5648 auget,
842 5593 908 5632 eo
927 5579 1066 5647 quod
1085 5579 1411 5645 praemissam
1436 5577 1713 5648 epistolam

147 5648 300 5717 signet
319 5668 468 5707 num.
490 5653 542 5706 1.
561 5645 752 5704 Postea
777 5645 974 5704 Veron.
1000 5648 1119 5703 cod.
1139 5661 1192 5703 et
1217 5650 1357 5718 vnlg.
1380 5664 1500 5702 cum
1525 5645 1712 5702 Grzeco

149 5727 222 5774 τοῦ
238 5724 644 5795 Θεοφιλεστατγοῦ
659 5721 1012 5776 cohmrentius
1030 5720 1226 5774 habent
1245 5719 1338 5774 Dei
1355 5719 1714 5786 amantissimi,

147 5806 201 5846 ac
219 5794 391 5848 delent
420 5794 612 5848 nostri.

214 5859 226 5898 ¹
262 5863 416 5918 Vind.
445 5863 686 5920 secunda
713 5879 870 5919 manu
902 5877 1020 5918 cum
1054 5862 1192 5929 vulg.
1231 5861 1356 5917 Isid.
1387 5860 1532 5916 addit
1564 5871 1607 5913 et
1633 5877 1716 5915 sa-

150 5931 306 5990 lutari.
325 5935 455 5992 Dein
482 5952 586 6002 pro
610 5935 1100 5992 incommunicabiles
1129 5935 1267 6001 vulg.
1288 5935 1481 5989 habent
1505 5947 1710 5986 escom-

1884 4878 1912 4917 P
1942 4868 2072 4922 Cod.
2113 4867 2306 4921 Vero”.
2328 4907 2343 4930 ,
2379 4865 2626 4938 deponet;
2660 4865 2849 4931 Vind.,
2888 4866 3074 4938 deponi
3101 4867 3221 4921 sinit
3255 4884 3285 4919 a
3311 4883 3396 4938 sa-

1814 4940 2040 4992 cerdotio
2083 4948 2131 4991 et
2177 4939 2476 4991 ministerio.
2527 4937 2681 5006 Vulg.
2717 4952 2930 5008 quoque
2981 4938 3179 4992 addunt
3220 4947 3264 4989 et
3305 4937 3396 4990 ηιξ-

1816 5011 2048 5064 nistcrio.

1887 5091 1914 5129 ιι
1949 5080 2218 5150 Depositos
2250 5092 2367 5132 cum
2399 5079 2596 5150 nostris
2622 5077 2779 5133 codd.
2812 5087 2866 5133 et
2904 5078 3130 5149 vulgatis
3160 5077 3398 5146 praetulia

1814 5167 1955 5206 mus.
1989 5149 2145 5206 Solus
2166 5151 2390 5218 Quesn.,
2418 5149 2738 5217 Depositum.

1893 5232 1914 5259 τ
1956 5222 2030 5276 Ita
2059 5216 2216 5276 codd.
2247 5222 2420 5275 Oxon.
2455 5216 2508 5275 et
2541 5219 2736 5274 Veron.
2768 5234 2887 5274 cum
2919 5220 3065 5288 vulg.
3098 5216 3222 5273 Isid.
3252 5217 3398 5272 Con-

1817 5293 1948 5348 cinit
1980 5293 2158 5358 Vind.,
2187 5294 2274 5361 qui
2307 5293 2478 5346 solum
2506 5306 2600 5359 pro
2618 5300 2822 5346 sanctus
2839 5305 3003 5343 canon
3039 5289 3199 5361 habet
3224 5299 3400 5343 sancta

1817 5367 2016 5432 regula.
2039 5360 2238 5432 Quesu.
2260 5378 2378 5417 cum
2403 5377 2503 5416 ms.
2536 5361 2771 5427 Thuan.,
2799 5377 2948 5428 quem
2971 5360 3157 5414 sanctis
3185 5362 3396 5413 canoni-

1821 5435 1911 5488 bus
1943 5445 1990 5488 et
2023 5435 2113 5488 llei
2139 5435 2424 5488 soceri/oio
2448 5433 2650 5486 meruit.

1895 5514 1915 5541 ⁸
1959 5507 2161 5571 0x0n.,
2194 5512 2521 5559 exsecrantur
2573 5505 2744 5555 etiam.
2792 5501 3017 5568 Quesn.,
3064 5500 3400 5571 adversantur

1821 5579 1973 5630 etiam
1995 5587 2188 5631 sancta:
2215 5576 2571 5641 assumptioni.
2609 5571 2892 5626 MoxVind.
2916 5587 3039 5626 cum
3073 5571 3213 5640 vulg.
3247 5570 3398 5636 Isid.,

1821 5647 2099 5702 secundum
2125 5646 2350 5714 aliquam
2379 5644 2632 5714 propriam
2657 5643 3006 5709 disciplinam.

1874 5771 1878 5780 ,
1904 5721 1920 5754 ί
1965 5719 2096 5773 Cod.
2124 5717 2281 5772 Vind.
2304 5757 2318 5780 ,
2351 5725 2402 5768 ut
2432 5715 2626 5768 ueniam
2655 5725 2975 5779 mereantur;
2999 5722 3050 5768 et
3075 5719 3195 5781 post
3236 5727 3400 5780 pauca

1830 5804 1925 5858 pro
1955 5788 2391 5842 incommunie‘atis
2409 5799 2526 5838 cum
2551 5785 2691 5853 vulg.
2724 5783 2843 5837 Isid.
2871 5785 3084 5853 prmfcrt
3106 5797 3400 5842 excommu-

1829 5863 2029 5914 nicatis.
2066 5861 2191 5913 Dein
2224 5861 2428 5927 ignorat
2459 5870 2616 5912 voces
2647 5858 2696 5911 in
2729 5858 2974 5911 oratione.
