3996 6344
610 435 717 492 ’107

1537 421 1880 481 APPENDIX
1918 422 2011 477 AD
2053 419 2115 477 S.
2157 417 2404 476 LEONIS
2440 416 2654 475 MAGNI
2689 414 2940 476 OPERA.
3768 415 3851 472 708

615 561 786 618 neque
812 561 904 618 per
932 545 1120 600 domos
1150 538 1356 614 ingredi
1378 547 1432 595 et
1459 553 1578 593 cum
1600 537 1678 591 eis
1707 552 1865 593 orare
1884 535 1976 606 qui
2009 535 2192 590 Eccle-
2217 546 2271 612 Α
2301 534 2406 590 mel
2428 541 2482 588 et
2512 535 2701 589 iterum
2728 538 3034 596 revocante,
3069 529 3380 586 inobediens
3416 529 3706 596 exstiterit,
3735 528 3854 585 hunc

613 642 701 696 sia:
723 642 779 696 in
812 639 1054 694 oratione
1085 651 1191 691 non
1223 633 1564 706 participant,
1595 646 1692 686 nec
1741 630 1792 684 in
1825 629 2047 684 alteram
2079 627 2188 683 Ec-

612 733 824 789 clcsiam
853 728 1018 800 recipi
1045 729 1132 800 qui
1163 727 1230 782 ah
1259 726 1359 782 alia
1395 733 1420 761 ⁸
1450 722 2007 780 escommunicantur.
2037 718 2190 787 Quod

611 828 652 880 si
685 825 828 880 visus
855 821 1015 877 fuerit
1042 820 1266 890 quilibet
1310 818 1706 888 episcoporum,
1734 815 1817 868 vel
1849 813 2188 883 presbytero-

611 932 746 980 rum,
779 922 872 968 aut
899 912 1266 976 diaconorum,
1301 907 1386 963 vel
1429 909 1590 964 etiam
1620 904 1712 975 qui
1743 906 1796 959 in
1826 919 2032 960 canone
2055 902 2189 959 deti-

609 1017 821 1071 nentur,
849 1003 1312 1061 incommunicatis
1337 1000 1757 1066 communicare,
1789 1007 1845 1054 et
1867 997 2005 1052 hunc
2027 1010 2190 1066 opor-

611 1112 687 1158 tet
722 1099 1102 1157 communione
1147 1096 1366 1168 privari,
1402 1103 1651 1164 tanquam
1698 1091 1948 1148 Ecclesia:
1982 1091 2192 1160 regulas

611 1192 1049 1250 conluudcntem.

682 1284 769 1340 ιιι.
812 1283 868 1339 Si
915 1283 1033 1352 quis
1078 1277 1378 1351 presbyter,
1411 1276 1496 1334 vel
1537 1276 1814 1341 diaconus,
1855 1272 1940 1327 vel
1969 1271 2193 1342 quilibet

613 1377 864 1440 clericus,
911 1373 1124 1429 deserta
1173 1384 1269 1430 sua
1295 1367 1323 1408 ι)
1353 1369 1571 1425 ὀίωοθεί
1619 1365 1686 1421 ad
1725 1366 1882 1419 aliam
1915 1372 2193 1418 transeun-

611 1471 736 1528 dum
769 1482 891 1524 esse
925 1464 1234 1528 crediderit,
1265 1472 1319 1518 et
1347 1463 1418 1518 ibi
1444 1460 1694 1534 paulatim
1725 1470 1746 1498 ο
1772 1465 1940 1514 tcntat
1962 1473 2068 1528 quo
2095 1455 2195 1510 mi-

611 1561 842 1634 graverit
871 1558 1270 1615 communicare
1300 1565 1578 1626 perpetuo,
1619 1552 1845 1607 ulterius
1888 1550 2192 1605 ministrare

613 1669 719 1710 non
749 1652 926 1717 debet,
963 1649 1258 1719 pricsertitn
1289 1647 1335 1704 si
1365 1647 1431 1701 ab
1474 1647 1725 1716 cpisc0po
1772 1657 1870 1697 suo
1914 1641 1978 1696 ad
2009 1655 2194 1695 rever-

613 1745 828 1802 tendum
874 1741 1030 1798 luerit
1075 1741 1409 1798 exhortatus.
1444 1737 1594 1806 Quod
1628 1734 1672 1790 si
1704 1731 1729 1771 ά
1757 1743 1811 1790 et
1843 1743 1962 1806 post
1992 1748 2192 1788 evoca-

617 1836 816 1892 tionem
842 1833 924 1888 sui
953 1832 1190 1903 episcopi
1217 1846 1322 1886 non
1353 1827 1587 1893 obcdiat,
1621 1825 1713 1882 sed
1746 1823 2190 1896 perseveraverit,

2297 627 2468 683 modis
2494 626 2742 682 omnibus
2771 625 3144 694 deponendum
3170 630 3183 675 t
3215 641 3228 689 ;
3260 640 3357 680 nec
3381 625 3669 696 aliquando
3691 641 3852 681 conse-

2295 721 2382 792 qni
2413 715 2738 775 curationem
2770 726 2862 772 aut
2891 718 3163 787 proprium
3198 717 3459 772 honorem
3489 718 3727 787 recipere
3751 735 3851 789 spe«

2295 823 2397 869 ret.
2427 812 2579 880 Quod
2612 810 2656 866 si
2687 803 3189 879 etiam'perseverat
3232 811 3566 865 conturbans
3609 820 3662 864 et
3699 812 3852 866 conci-

2296 916 2417 960 tans
2449 903 2765 970 Ecclesiam,
2799 918 2896 973 per
2941 917 3060 957 eam
3105 917 3223 972 qua:
3255 901 3386 956 foris
3414 911 3498 956 cst
3543 911 3850 972 potestatein,

2297 1009 2545 1066 tanquam
2578 997 2890 1051 seditiosum
2917 994 3113 1064 corripi
3142 1002 3374 1061 oportet.

2373 1090 2456 1144 Vl.
2498 1090 2553 1144 Si
2595 1090 2716 1158 quis
2759 1105 2787 1142 a
2824 1089 3041 1158 proprio
3088 1086 3342 1156 episcopo
3384 1088 3848 1143 excommunicatus

2293 1193 2398 1252 est,
2431 1198 2536 1238 non
2579 1199 2697 1237 eum
2752 1183 2897 1250 prius
2927 1179 2951 1218 ¹ι
2980 1181 3048 1235 ab
3076 1180 3192 1235 aliis
3223 1181 3425 1236 debere
3466 1181 3690 1250 suscipi,
3717 1182 3800 1235 nisi
3825 1198 3847 1235 a

2293 1289 2392 1329 suo
2421 1273 2576 1329 fuerit
2619 1281 2866 1340 reueptus
2909 1272 3185 1342 episcopo,
3217 1280 3309 1328 aut
3353 1273 3588 1327 concilio
3617 1272 3748 1327 iacto
3772 1289 3848 1328 oc-

2295 1375 2471 1419 currat
2495 1374 2548 1418 ot
2576 1362 2929 1432 respondeat;
2965 1371 3022 1418 ut
3059 1363 3105 1419 si
3149 1363 3356 1433 synodo
3383 1363 3726 1427 satisfecerit,
3762 1376 3847 1418 ενδ-

2298 1467 2410 1515 tuat
2450 1473 2570 1514 eum
2609 1457 2708 1513 sub
2747 1456 2849 1512 alia
2895 1458 3160 1513 sententia
3211 1458 3376 1528 recipi
3425 1466 3696 1528 oportere.
3724 1458 3846 1526 Quod

2296 1552 2456 1606 etiam
2503 1552 2644 1608 circa
2695 1550 2878 1614 Iaicos,
2909 1558 2963 1606 et
3008 1550 3368 1622 presbyteros,
3420 1561 3475 1605 et
3522 1549 3783 1619 diat'ones,
3807 1562 3847 1608 et

2296 1659 2486 1700 omnes
2513 1644 2602 1712 qui
2630 1643 2682 1698 in
2710 1642 2857 1699 clero
2886 1651 3032 1709 sunt,
3058 1643 3305 1700 convenit
3328 1642 3627 1702 observari.

2373 1737 2479 1790 Vll.
2523 1737 2733 1802 Nullum
2766 1735 3174 1805 peregrinorum
3204 1735 3521 1791 clericorum
3547 1735 3744 1804 absque
3766 1735 3846 1792 ior-

2299 1841 2462 1892 mata,
2498 1827 2512 1864 ι
2548 1843 2706 1899 quam
2738 1827 2910 1883 (ἓνωεί
2954 1828 3242 1896 epistolium
3266 1827 3469 1891 dicunt,
3501 1828 3704 1896 suscipi
3724 1844 3844 1898 opor-

615 1928 858 1984 omnibus
889 1925 1060 1980 modis
1104 1923 1171 1980 ab
1219 1922 1394 1978 cilicio
1423 1919 1617 1992 deponi
1647 1929 1669 1955 ⁸
1701 1918 1916 1982 debere,
1964 1931 2066 1972 nec
2093 1917 2192 1970 ali-
2223 1923 2273 1985 Β
2301 1933 2446 1986 lere;
2481 1933 2516 1958 ηι
2551 1937 2724 1992 neque
2756 1922 3126 1994 presbyterum
3172 1921 3237 1977 ad
3278 1921 3530 1992 regiones
3570 1923 3845 1992 Ιοιιείῃφιιε

615 2022 828 2095 quando
856 2020 1159 2084 facultatem
1191 2017 1388 2072 habere
1411 2013 1477 2070 ad
1503 2012 1922 2068 ecclesiasticum
1947 2009 2193 2070 ordinem

618 2113 897 2170 redeundi.
929 2113 985 2167 Si
1016 2111 1135 2182 quis
1165 2123 1293 2166 vero
1319 2106 1458 2162 alius
1491 2105 1777 2175 episcopus
1809 2111 2026 2173 propter
2056 2101 2195 2160 hanc

615 2208 822 2276 culpam
851 2204 868 2242 ί
899 2204 1199 2274 depositum
1241 2201 1518 2270 suscipere
1565 2197 1880 2263 tentaverit,
1923 2205 1979 2251 et
2017 2196 2136 2265 ipse
2163 2211 2194 2252 a

613 2298 880 2354 communi
902 2296 1107 2370 synodo
1128 2304 1400 2367 arguatur,
1418 2302 1670 2362 tanquam
1691 2287 2053 2348 ecclesiaStica
2073 2289 2194 2358 jura

614 2391 927 2448 dissolvens.
1241 2443 1245 2446 _
1592 2404 1599 2410 '

681 2482 843 2556 426
882 2482 967 2538 IV.
1009 2480 1066 2537 Si
1097 2481 1217 2552 quis
1259 2479 1542 2549 cpiscopus
1590 2493 1621 2532 a
1659 2477 1867 2548 synodo
1916 2474 2073 2531 fuerit
2103 2475 2196 2533 de-

617 2585 818 2646 posdus
837 2617 852 2642 ,
882 2575 965 2629 vel
994 2573 1039 2628 si
1066 2572 1348 2643 presbyter
1383 2570 1467 2625 vel
1497 2569 1752 2624 diaconus
1781 2583 1811 2623 a
1838 2569 2054 2638 proprio
2085 2568 2198 2638 epi-

615 2683 779 2737 scopo
822 2677 845 2713 8
897 2663 1319 2729 condemnatus,
1362 2671 1416 2718 et
1460 2662 1862 2732 praesumpserit
1906 2661 2196 2716 sacerdmii

614 2774 707 2814 seu
737 2757 872 2812 sacri
913 2755 1198 2811 ministerii
1236 2753 1470 2823 aliquam
1512 2754 1776 2807 actionem
1797 2791 1814 2818 ,
1864 2768 1970 2808 non
1999 2753 2047 2807 ei
2076 2768 2195 2807 am-

617 2852 752 2921 plius
781 2851 966 2917 liceat,
998 2865 1170 2918 neque
1202 2847 1254 2904 in
1293 2847 1458 2902 altera
1484 2847 1692 2917 synodo
1721 2863 1872 2916 spem
1905 2845 2198 2902 restitutio-

615 2945 697 3000 nis
730 2943 954 3010 babere,
985 2940 1011 2978 ιι
1040 2955 1212 3012 neque
1243 2940 1471 3011 alicujus
1512 2938 1831 2994 assertionis
1873 2938 2076 3003 locum;
2101 2937 2196 2992 sed

617 3047 666 3092 ct
710 3037 1168 3092 communicantes
1197 3035 1245 3090 ei
1275 3048 1464 3091 omnes
1493 3032 1653 3102 abjici
1680 3033 1748 3088 de
1781 3031 2022 3088 Ecclesia
2059 3031 2112 3096 i;
2144 3039 2200 3087 et

617 3131 844 3188 maxime
876 3133 917 3186 si
949 3141 1230 3203 postquam
1261 3139 1628 3201 cognoverunt
1655 3130 1974 3186 sententiam
2000 3129 2194 3185 adver-

619 3239 707 3278 sus
730 3239 851 3280 eum
881 3223 1046 3281 fuisse
1091 3224 1374 3294 prolatam,
1404 3227 1453 3279 ei
1485 3224 1875 3280 contumaciter
1901 3224 2196 3280 communi-

621 3325 822 3371 tarttnt.

692 3408 753 3462 V.
783 3409 836 3464 Si
883 3409 1002 3479 quis
1029 3410 1309 3481 presbyter
1335 3418 1428 3465 aut
1455 3409 1732 3477 diaconus,
1759 3418 2067 3479 contempto
2097 3425 2195 3464 suo

625 3502 898 3571 episcopo,
923 3503 1156 3572 seipsutn
1189 3503 1257 3557 ab
1281 3502 1518 3558 Ecclesia
1547 3502 1924 3572 segregaverit,
1948 3511 1999 3556 et
2024 3501 2197 3571 priva-

619 3595 709 3647 tim
757 3594 895 3663 apnd
928 3609 986 3649 se
1029 3594 1268 3650 collectis
1305 3595 1515 3664 populis
1559 3594 1727 3648 altare
1775 3593 1986 3663 erigere
2033 3607 2195 3647 ausus

620 3683 803 3750 luerit;
833 3695 884 3740 et
922 3685 1270 3741 nihilominus
1299 3686 1550 3758 cpiscOpo
1579 3700 1639 3740 se
1665 3686 2007 3749 exhortante,
2032 3694 2086 3740 ct
2111 3699 2197 3740 se-

692 3919 714 3946 ο
753 3909 950 3978 Quesn.
987 3911 1172 3966 inserit
1213 3907 1461 3964 Ecclesia.
1505 3908 1665 3964 Vind.
1708 3921 1806 3977 pro
1856 3910 2199 3964 excommuni-

623 3990 802 4032 rantur
833 3979 993 4033 habet
1038 3989 1380 4050 segregantur.
1424 3979 1546 4033 Mox
1591 3979 1732 4048 vnlg.
1764 3978 1888 4032 lsid.
1919 4023 1932 4046 ,
1960 3978 2108 4043 Quod
2153 3981 2199 4034 si

624 4068 731 4120 quis
756 4054 1103 4122 epismporum
1127 4049 1219 4122 ....
1236 4050 1680 4106 excommunicat’is
1714 4049 2089 4106 communicare
2110 4051 2199 4107 tte-

624 4122 894 4190 prehensus
925 4125 1097 4191 fuerit,
1129 4129 1174 4174 et
1202 4121 1358 4191 hunc,
1391 4133 1496 4177 etc.

693 4190 718 4228 ιι
743 4191 906 4264 Vind.
926 4189 1049 4247 cum
1075 4195 1239 4264 vn!g.,
1273 4189 1532 4260 Ecclesia;
1559 4190 1699 4248 ctita
1732 4191 1858 4263 legit
1879 4193 2039 4256 etiam
2069 4192 2198 4248 Fer-

625 4262 823 4316 randus
856 4263 935 4318 tit.
973 4264 1062 4319 99.

695 4344 716 4371 ο
762 4334 910 4404 Vulg.
945 4334 1066 4389 Isid.
1094 4379 1107 4402 ,
1134 4345 1282 4390 tentet
1315 4352 1413 4404 quo
1439 4334 1672 4403 migravit
1704 4343 1948 4402 perpetuo
1971 4351 2194 4390 manere.

691 4403 714 4440 ἀ
759 4403 1067 4474 Adjccimus
1106 4418 1152 4462 et
1183 4403 1499 4462 ancteritate
1520 4406 1639 4459 cod.
1674 4404 1872 4460 Veron.
1899 4415 1953 4460 ct
1980 4407 2122 4475 vulg.

695 4485 716 4548 ἐ
759 4477 956 4548 Quesn.
989 4480 1187 4532 omittit
1235 4481 1430 4532 debere.
1481 4476 1601 4530 Mox
1650 4475 1845 4548 Veron.
1877 4492 1996 4530 cum
2049 4478 2190 4548 vnlg.

623 4544 822 4600 habent.
855 4547 1010 4602 Vind.
1043 4558 1220 4604 autem
1254 4550 1388 4603 hanc
1419 4548 1737 4615 peculiarem
1773 4547 2055 4601 lectionem
2094 4544 2196 4602 ei-

623 4615 768 4669 ltibet
800 4634 927 4738 :tnec
959 4619 1236 4689 aliquando
1258 4637 1394 4691 spent
1424 4619 1758 4674 restitutionis
1780 4618 1980 4672 habere.
2008 4620 2068 4673 Si
2088 4620 2197 4690 quis

623 4701 760 4738 vero.
791 4701 821 4738 e
847 4701 895 4738 c.

623 4701 760 4750 vero,
791 4701 895 4741 etc.

694 4731 912 4830 (⁷γῖὴὶ
947 4758 1070 4814 Isid.
1097 4760 1406 4825 cumVind.,
1440 4759 2046 4830 depositumisusceperit.
2075 4759 2192 4814 uox
2221 4731 2274 4791 Ῑ)

619 4827 972 4901 solnsQuesn.
1006 4830 1299 4899 prmterivit
1321 4842 1365 4884 et
1394 4833 1517 4901 ipse.
1546 4829 1702 4884 Vind.
1735 4827 1929 4884 habet:
1956 4841 2000 4883 et
2029 4832 2138 4898 ipse
2163 4849 2193 4884 a

618 4898 873 4951 communi
902 4898 1096 4971 synbdo
1131 4917 1326 4972 pansam
1357 4898 1629 4958 merebitur
1656 4901 2016 4970 increpationis
2037 4943 2049 4964 ,
2081 4912 2195 4956 tan-

655 4985 787 5023 ηαιη.
822 4985 904 5023 CIC
914 5010 926 5022 ι
971 4987 985 5023 2

655 4985 766 5021 nam
822 4979 926 5024 etc.
971 4987 985 5023 ε

618 4986 647 5038 q
689 5049 712 5084 ις
742 5009 816 5093 lia
843 5041 962 5095 cod.
992 5041 1191 5097 Veron.
1217 5058 1336 5098 cum
1365 5041 1510 5110 vulg.
1549 5041 1671 5096 lsid.
1703 5041 1857 5097 Vind.
1886 5057 2012 5106 ms.,
2039 5042 2192 5112 fuerit

617 5120 991 5184 exauctoratus.
1023 5111 1257 5182 Quesn.,
1307 5113 1672 5184 condemnatus
1719 5113 1836 5184 fuit.
1887 5113 2006 5168 Mox
2036 5111 2194 5168 voces

616 5181 882 5235 sacerdotii
898 5199 986 5237 seu
1015 5185 1209 5239 desunt
1238 5181 1289 5240 in
1320 5182 1474 5238 Vind.

687 5248 974 5319 l'Quesn.,
1023 5272 1180 5324 neque
1218 5257 1398 5310 aliena:
1452 5253 1744 5308 assertionis
1816 5255 2001 5308 locum.
2057 5253 2188 5309 (10d.

617 5319 848 5398 'l_‘lman.,
875 5319 1423 5398 nequesatisfactionis
1447 5327 1633 5398 locum.
1666 5325 1842 5378 Sccnti
1866 5339 2048 5398 sumus
2080 5326 2192 5380 lec-

616 5394 983 5518 tionem'cod.
1013 5394 1193 5450 Vindﬁ
1217 5407 1272 5453 et
1311 5398 1451 5468 vulg.
1480 5394 1604 5450 lsid.
1628 5436 1644 5462 ,
1692 5409 1810 5456 cum
1861 5411 1964 5466 qua
1993 5397 2185 5450 Veron.

629 5477 826 5518 :oncnn
859 5505 872 5517 .

689 5533 704 5570 ί
737 5534 937 5602 Quesn.
964 5535 1154 5609 inserit
1171 5539 1414 5609 jubentur
1440 5580 1454 5604 ,
1495 5550 1557 5590 ac
1578 5535 1703 5609 dein
1734 5535 1931 5609 omittit
1951 5536 2189 5592 adversus

786 5606 1205 5677 repugnantibus
1244 5609 1496 5664 omnibus
1537 5607 1737 5664 nostris
1778 5606 1931 5662 codd.
1962 5616 2014 5661 et
2039 5608 2177 5677 vulg.

674 5692 683 5726 Ι
728 5717 741 5729 .

652 5798 656 5804 .
688 5746 701 5815 ᾇ
738 5747 892 5803 Solus
921 5748 1118 5815 Quesn.
1151 5750 1296 5805 addit
1329 5767 1606 5807 censemus.

678 5813 714 5895 ,κ
747 5817 818 5870 Ita
839 5813 993 5895 codd.
1029 5819 1208 5886 Vind.,
1236 5821 1410 5895 Veron
1443 5835 1499 5895 ct
1520 5822 1659 5894 vulg.
1689 5820 1840 5895 Apud
1869 5821 2092 5895 Quesn.,
2126 5821 2186 5877 ab

618 5883 719 5940 alio
739 5891 927 5953 suscipi
955 5900 1144 5954 Oportet
1167 5883 1422 5956 episcopo,
1449 5893 1547 5945 nisi
1576 5883 1724 5946 avsuo
1739 5883 1911 5958 '[ucrit
1933 5883 2180 5959 receptus,

2297 2017 2512 2074 easdem
2545 2016 2819 2081 formatas,
2851 2014 3016 2079 dare;
3057 2012 3215 2086 £37
3271 2022 3325 2068 et
3354 2013 3458 2069 nisi
3503 2014 3574 2070 ad
3605 2014 3846 2084 episcopos

2298 2109 2552 2164 ﬁnitimos
2583 2107 2856 2176 simplices
2883 2107 3137 2176 epistolas
3168 2106 3401 2162 mittere.

2371 2202 2502 2258 \‘lll.
2536 2212 2560 2238 τι
2593 2201 2817 2256 Vicariis
2861 2213 2990 2256 vero
3035 2199 3430 2268 episcoporum,
3480 2198 3573 2268 qui
3611 2213 3642 2253 a
3685 2199 3845 2257 Graecis

2298 2295 2672 2365 cborepiscopi
2704 2291 3063 2364 appellantur,
3091 2291 3348 2346 formatas
3372 2290 3553 2348 facere
3579 2293 3746 2350 liceat.

2371 2386 2461 2441 IX.
2504 2385 2606 2441 Per
2633 2385 2866 2456 singulas
2912 2383 3218 2452 provincias
3253 2383 3581 2440 constitutos
3607 2387 3844 2456 episcopos

2301 2484 2440 2538 scire
2505 2489 2719 2550 oportet
2785 2480 3096 2548 episcopum
3152 2485 3176 2512 ο
3232 2477 3732 2548 metropolitanum,
3777 2479 3844 2548 qui

2302 2581 2524 2642 pazeest,
2576 2574 2738 2628 totius
2783 2570 3072 2641 provincia:
3124 2583 3306 2626 curam
3360 2579 3414 2626 et
3469 2570 3842 2628 sollicitudinem

2300 2668 2632 2738 suscepisse;
2664 2674 2880 2737 propter
2906 2663 3046 2734 quod
3079 2662 3146 2718 ad
3191 2663 3655 2734 metropolitanam
3690 2665 3843 2719 civita-

2304 2771 2411 2815 tem
2433 2759 2608 2814 athis
2636 2757 2726 2827 qui
2757 2770 2948 2816 causas
2996 2755 3214 2823 habent,
3260 2754 3376 2810 sine
3400 2755 3568 2812 dubio
3595 2770 3841 2813 concurro

2303 2860 2408 2906 tur.
2440 2852 2776 2919 Quapropter
2812 2849 3010 2918 placuit
3034 2858 3060 2897 ι)
3089 2859 3212 2903 eum
3235 2857 3290 2904 et
3330 2850 3536 2904 honore
3579 2849 3778 2918 praeire,
3803 2858 3842 2903 et

2303 2944 2434 3006 nihil
2474 2943 2611 3004 ultra
2652 2943 2770 2999 sine
2797 2945 2912 3013 ipso
2936 2941 3172 3013 reliquos
3194 2943 3477 3014 episcopos
3504 2957 3663 3013 agere
3685 2958 3839 2999 secun-

2302 3039 2427 3093 dum
2476 3036 2752 3105 antiquum
2809 3035 3024 3090 Patrum
3080 3043 3422 3103 nostrorum,
3474 3037 3564 3105 qui
3621 3035 3836 3099 obtinuit,

2300 3143 2592 3196 cammem,
2629 3127 2734 3183 nisi
2766 3127 2880 3183 haec
2911 3136 3115 3182 tantum
3151 3141 3270 3198 quae
3308 3127 3598 3197 unicuique
3629 3127 3837 3182 Ecclesiae

2258 3204 2266 3213 ’
2305 3237 2398 3291 per
2425 3236 2575 3277 suam
2602 3220 2882 3276 dimcesim
2911 3230 3240 3290 competunt.
3273 3220 3709 3290 Unumquemque
3730 3221 3837 3275 enim

2222 3303 2270 3378 C
2303 3316 2609 3386 episcopum
2650 3323 2866 3384 oportet
2906 3325 2933 3365 ιι
2973 3329 3085 3370 sure
3135 3315 3381 3371 dimcesis
3428 3323 3733 3385 potestatem
3771 3315 3836 3368 hs-

2307 3407 2460 3473 bere,
2485 3409 2550 3461 ad
2581 3407 2718 3463 hanc
2746 3409 3145 3478 gubernandam
3170 3408 3461 3464 secundum
3489 3419 3837 3478 competentcm

2305 3500 2406 3553 sibi
2433 3501 2788 3555 reverentiam
2809 3542 2822 3568 ,
2855 3500 2921 3555 ad
2953 3500 3336 3570 providendum
3365 3509 3387 3538 τ
3413 3500 3616 3572 regioni
3637 3516 3740 3569 quae
3764 3499 3838 3552 sub

2307 3592 2471 3660 ipsius
2495 3601 2578 3648 est
2597 3593 2842 3656 civitate;
2875 3603 2934 3646 ut
2961 3593 3122 3648 etiam
3163 3593 3417 3648 ordinare
3447 3593 3762 3665 presbyteros
3799 3600 3839 3643 ct

2308 3684 2559 3741 di.:coucs
2605 3685 2654 3740 ei
2704 3685 2962 3755 probabili
2995 3685 3194 3756 judicio
3239 3687 3427 3749 liceat,
3459 3695 3514 3740 ct
3556 3685 3619 3740 de
3651 3683 3840 3754 singulis

2304 3918 2416 3973 aut,
2468 3918 2572 3964 etc.
2600 3908 2754 3974 Dein,
2787 3917 2834 3962 et
2862 3911 3165 3979 respondeat
3190 3926 3310 3966 cum
3341 3909 3500 3965 Vind.
3536 3911 3836 3978 scripsimus;

2303 3991 2354 4032 et
2382 3979 2472 4031 sub
2500 3981 2603 4032 alia
2739 3981 2966 4034 convenit
2987 3981 3240 4036 observari
3265 3996 3386 4036 cum
3416 3982 3604 4037 eodem
3639 3981 3773 4036 Vind.
3801 3993 3840 4034 et

2309 4050 2447 4118 vulg.
2477 4050 2600 4105 lsid.
2632 4054 2986 4120 reposuimus.
3020 4052 3245 4120 Quesn.,
3280 4057 3672 4122 utrespandeat,
3702 4056 3835 4108 ctsub

2300 4123 2436 4178 alius
2580 4132 2771 4192 oportet
2799 4126 3067 4177 observari.

2385 4192 2397 4228 ¹
2430 4194 2667 4258 Quatuor
2696 4203 2984 4262 sequentes
3015 4209 3194 4258 voces,
3217 4211 3245 4249 a
3269 4195 3558 4263 Quesnello
3579 4194 3783 4256 omissas
3802 4194 3842 4248 in

2305 4274 2472 4328 testu,
2523 4274 2575 4320 ct
2612 4264 2662 4318 in
2714 4267 3006 4336 marginem
3036 4266 3282 4336 rejectas,
3322 4283 3383 4322 ex
3415 4282 3518 4320 ms.
3553 4268 3702 4321 Vind.
3726 4267 3838 4319 insc-

2303 4336 2507 4409 ruimus
2535 4344 2588 4390 et
2617 4351 2679 4390 ex
2705 4335 2844 4406 vulg.
2895 4335 3040 4400 lsid.,
3088 4335 3175 4406 qui
3209 4353 3303 4409 pro
3329 4337 3620 4408 epistolium
3667 4337 3840 4406 pmicrl

2302 4407 2588 4476 epistolam.
2639 4443 2642 4446 η

2374 4486 2410 4512 ιη
2445 4477 2666 4550 Quesn.,
2704 4494 2861 4546 neque
2887 4478 3200 4550 presbyteros
3225 4481 3291 4534 ad
3330 4480 3560 4550 regiones
3583 4479 3840 4548 longinquas

2303 4551 2581 4614 formatas,
2608 4548 2661 4600 id
2688 4558 2760 4600 est
2802 4548 3044 4616 epistolas
3062 4549 3228 4613 dare;
3260 4548 3505 4615 nisipetc.
3540 4550 3685 4618 Vulg.
3719 4550 3837 4608 lsiJ-.

2303 4634 2460 4690 neque
2492 4618 2748 4687 presbyter
2863 4624 3134 4689 formatas,
3161 4621 3214 4674 id
3244 4633 3314 4676 cst
3335 4623 3608 4676 canonicos
3639 4620 3840 4690 epistolas

2304 4689 2465 4752 dare;
2507 4700 2550 4742 et
2584 4690 2680 4743 nisi
2819 4693 3014 4746 mittere
3039 4704 3333 4759 praesumat.
3365 4689 3671 4747 Lectionetu
3715 4690 3834 4742 Vind.

2302 4761 2623 4831 recepimus,
2674 4775 2736 4814 ac
2764 4761 2936 4815 solum
2983 4779 3044 4818 ex
3088 4764 3231 4831 vulg.
3288 4763 3608 4828 insernimus
3649 4771 3708 4815 et.
3731 4759 3836 4814 Cod.

2306 4830 2499 4884 Veron.
2520 4847 2622 4883 non
2654 4831 2990 4901 sullragatur,
3007 4849 3125 4886 cum
3149 4830 3203 4886 in
3229 4849 3293 4886 eo
3319 4834 3501 4889 lolium
3523 4833 3835 4887 desideretur.

2371 4909 2398 4935 ιι
2429 4901 2659 4956 ltaVind.
2672 4943 2688 4968 ,
2703 4905 3020 4959 concinente
3034 4903 3305 4960 Ferrando
3321 4905 3398 4958 tit.
3423 4904 3512 4961 80.
3545 4903 3692 4972 Vulg.
3718 4901 3834 4960 lsid.,

2307 4969 2524 5026 Vicariis
2554 4989 2666 5026 vero
2693 4973 2933 5044 episcopi.
2961 4975 3186 5042 Quesn.,
3228 4973 3435 5030 l’icario
3459 4991 3576 5032 vero
3615 4969 3834 5042 epistola;

2300 5047 2417 5111 quia
2439 5060 2470 5115 ᾳ
2502 5044 2694 5098 Grrrcis
2719 5043 3106 5115 chorepiscopus
3135 5047 3340 5102 dicitur.

2373 5123 2395 5187 ίῖ
2428 5113 2558 5168 Cod.
2599 5119 2770 5168 Oxon.
2821 5110 2963 5170 delet
3007 5110 3476 5187 juetmpolttauum.
3509 5110 3832 5187 Quesn.___t0ri

2300 5185 2453 5236 totius
2487 5187 2760 5257 praemittit
2784 5201 2965 5240 vocem
2999 5182 3366 5250 Eccles'iarum,
3394 5182 3554 5257 quam
3583 5182 3830 5240 cod.\'itul.

2297 5269 2418 5308 cum
2444 5258 2584 5324 vnlg.
2621 5256 2745 5312 lsid.
2784 5258 3056 5326 expungit.

2370 5335 2395 5384 Ρ
2428 5327 2515 5380 Sic
2535 5323 2686 5382 Vind.
2713 5339 2764 5382 et
2787 5323 2928 5398 vnlg.
2958 5323 3079 5382 I'sid.
3112 5329 3314 5395 Quesn.
3347 5327 3492 5384 delet
3521 5345 3646 5389 eum,
3679 5323 3832 5398 habet-

2295 5411 2399 5465 que
2445 5407 2490 5450 et
2535 5397 2979 5468 metropolitanum
3028 5399 3233 5455 honore.
3268 5399 3397 5453 Dein
3420 5400 3545 5456 cod.
3579 5397 3736 5458 Vind.,
3766 5408 3828 5445 se-

2295 5469 2516 5528 cundum
2540 5471 2800 5540 antiquam
2950 5486 3064 5540 qua:
3104 5469 3341 5532 obtinuit,
3373 5471 3600 5540 regulam
3622 5507 3636 5532 ,
3659 5482 3714 5520 ac
3734 5470 3827 5532 post

2295 5553 2457 5606 pauca
2487 5555 2604 5594 cum
2627 5539 2765 5610 vnlg.
2799 5539 3378 5612 lsid.,uniuscujusque
3393 5539 3648 5596 Ecclesiae.

2364 5621 2387 5659 τι
2418 5612 2610 5676 Uxon.,
2644 5628 2734 5680 per
2761 5629 2906 5665 suam
2938 5612 3210 5666 dioecesim.

2369 5683 2387 5707 τ
2430 5681 2580 5750 Vulg.
2613 5676 2734 5736 lsid.
2788 5683 2936 5735 addit
2977 5684 3151 5748 omni;
3185 5676 3250 5736 ac
3276 5681 3397 5738 dein
3426 5683 3495 5736 ita
3521 5677 3821 5750 atetiumgel

2293 5761 2478 5832 ῐιοξιεδει
2529 5741 2590 5806 ἦε
2636 5754 2848 5824 singulis
2889 5754 3030 5808 illius
3061 5741 3281 5822 regionis
3320 5755 3485 5807 causis
3529 5767 3633 5804 cum
3677 5741 3818 5801 mods-

2292 5831 2506 5875 ratione.
