3996 6344
183 417 269 476 τω
588 387 818 462 Consx
854 401 1182 462 canonum
1223 401 1504 463 access.
1549 403 1635 460 er
1674 402 1733 460 et

1859 402 2248 461 l'lTUTORUM
2288 402 2346 458 S.
2389 400 2584 458 SEDIS
2621 398 2950 458 APOSTOL.
3286 393 3394 460 710

186 546 283 590 cum
306 520 652 582 moderatione
670 528 728 576 et
751 519 988 590 pondere
1011 519 1334 590 disceptare.
1360 519 1506 576 Ultra
1531 529 1710 577 autem
1737 523 1789 585 Α
1814 516 2125 590 imperatori
2151 520 2318 578 luerit
2347 523 2712 592 importunus;
2747 519 3049 591 huiusmodi
3078 520 3277 576 nullam
3299 535 3394 577 ve-

184 619 290 678 oihil
316 613 562 690 agendum
591 611 638 666 ei
668 610 904 679 permitti
935 619 963 650 ιι
990 610 1126 666 citra
1162 611 1554 681 metropolitani
1593 612 1710 683 epi-
1818 613 1962 668 niam
1992 611 2187 668 habeat
2208 655 2223 677 ,
2272 628 2446 684 neque
2475 615 2648 668 locum
2681 612 2838 668 ullius
2883 612 3197 668 assertionis
3242 628 3393 685 autc,

186 711 304 779 scopi
333 705 722 764 conscientiam.
1817 713 1846 752 ι
1876 719 1976 760 nec
2000 719 2153 774 spem
2177 705 2468 775 recipiendi
2493 705 2703 776 gradus,
2722 704 2917 762 habent
2942 705 2995 760 in
3025 704 3285 761 futurum.

238 801 295 858 Χ.
332 799 424 868 Qui
452 797 479 836 ιι
505 797 556 852 in
581 795 713 852 vicis
734 803 788 852 et
817 795 956 851 villis
996 796 1272 852 constituti
1301 803 1425 852 sunt
1462 796 1714 866 cliorepi-
1892 795 2026 852 XIII.
2069 795 2279 854 Nullum
2319 797 2630 867 episcopum
2661 794 2689 834 ιι
2716 795 2916 854 audere
2951 796 3154 854 debere
3191 814 3257 854 ex
3288 799 3389 854 alia

183 895 342 962 mp1,
385 887 586 946 tametsi
642 900 832 942 manus
885 885 1280 956 impositionem
1332 886 1402 942 ab
1448 885 1719 958 episcopis
1816 890 2089 962 provincia
2146 890 2214 944 ad
2264 889 2427 946 aliam
2468 891 2750 948 transitum
2790 878 3002 960 facere,
3044 901 3101 948 et
3143 893 3393 949 ordinare

181 990 488 1053 susceperunt
531 986 585 1035 et
618 993 674 1033 ut
717 979 954 1049 episcopi
994 979 1290 1036 consecrati
1329 988 1486 1048 sunt,
1521 981 1717 1052 placuit
1815 983 2028 1054 aliquos.
2051 984 2104 1038 in
2133 983 2411 1051 Ecclesiis,
2436 993 2528 1039 aut
2554 984 2853 1055 provehere
2895 985 2964 1040 ad
2993 999 3205 1044 sacrum
3236 987 3392 1042 mini-

183 1087 349 1135 sanctte
375 1071 573 1145 synodo
600 1072 740 1127 scire
769 1087 864 1128 eos
901 1081 1151 1142 oportere
1191 1074 1409 1130 modum
1444 1073 1714 1144 proprium
1815 1077 2061 1143 sterinm,
2078 1092 2177 1134 nec
2201 1078 2336 1132 alios
2359 1076 2485 1133 illuc
2504 1091 2686 1134 secum
2709 1079 3263 1151 attrahetepiscopos,
3288 1081 3391 1136 nisi

180 1171 406 1233 retinere,
429 1174 483 1222 et
502 1164 800 1236 gubernare
822 1165 1133 1236 adjacentes
1153 1165 1423 1222 Ecclesias
1445 1165 1543 1220 sibi
1567 1180 1716 1222 com-
1818 1167 1958 1224 forte
2007 1183 2102 1238 per
2129 1168 2334 1224 litteras
2364 1177 2581 1239 rogatus
2604 1169 2797 1226 abierit
2821 1211 2838 1238 ,
2874 1185 2983 1227 non
3022 1173 3196 1229 solum
3221 1188 3250 1230 a
3281 1188 3393 1228 me-

181 1264 370 1327 missas,
411 1267 463 1315 et
509 1271 630 1314 esse
669 1266 950 1314 contentos
995 1259 1212 1328 propria
1255 1256 1619 1314 sollicitudine
1664 1264 1720 1312 et
1820 1259 2162 1330 tropolitano,
2190 1259 2285 1316 sed
2311 1270 2367 1316 et
2388 1261 2456 1318 sb
2499 1260 2582 1317 bis
2605 1261 2839 1332 quicum
2865 1277 2932 1321 eo
2957 1275 3082 1321 sunt
3113 1263 3131 1304 ί
3164 1267 3393 1337 provin-

178 1349 524 1424 gubernatione
558 1364 716 1420 quam
753 1358 1127 1420 susceperunt.
1157 1350 1502 1406 Constituere
1539 1359 1715 1406 autem
1818 1351 1914 1406 cia:
1941 1350 2226 1421 episcopis.
2254 1351 2409 1419 Quod
2437 1352 2486 1407 si
2514 1353 2661 1408 nullo
2702 1353 2964 1413 invitante
2983 1356 3286 1415 inordinate
3304 1373 3392 1414 su-

179 1447 245 1500 ltis
267 1442 569 1514 permittitur
613 1443 842 1500 lectores
863 1481 878 1508 ,
910 1452 964 1498 et
992 1442 1377 1509 subdiacones,
1420 1451 1477 1498 et
1512 1443 1716 1499 esurci-
1820 1441 2113 1512 perveniat,
2145 1450 2202 1498 et
2226 1443 2436 1513 aliquos
2458 1445 2540 1500 vel
2563 1443 2822 1502 ordinare
2848 1451 3270 1520 praesumpserit,
3304 1453 3390 1508 vel

177 1547 266 1592 stas
294 1553 306 1588 :
335 1534 518 1605 quibus
555 1544 575 1571 ε
607 1533 806 1590 sufﬁcit
841 1535 1065 1592 istorum
1105 1542 1309 1589 tantum
1352 1533 1610 1606 graduum
1658 1535 1718 1590 li-
1819 1535 2084 1605 quoslibet
2118 1535 2130 1586 i
2165 1533 2329 1608 ιςθ
2351 1544 2502 1592 actus
2532 1537 2608 1593 illi
2635 1538 2890 1595 Ecclesiae
2925 1550 3290 1610 competentes
3327 1545 3395 1600 ad

178 1629 370 1685 centiam
415 1626 724 1696 accepisse;
772 1640 878 1682 non
924 1635 1103 1682 autem
1160 1626 1530 1698 presbyterum
1556 1669 1569 1693 ,
1613 1642 1718 1686 non
1819 1642 1986 1697 seque
2015 1629 2232 1683 minime
2258 1629 2586 1698 pertinentes
2616 1646 2879 1701 usurpare
2900 1634 3203 1700 tentaverit,
3232 1649 3397 1692 vacua

177 1720 418 1774 diaconum
466 1717 702 1774 audeant
747 1717 998 1774 ordinare
1031 1759 1046 1782 ,
1094 1726 1288 1786 prteter
1337 1719 1718 1774 conscientiam
1819 1720 2032 1790 quidem
2055 1728 2109 1775 et
2140 1719 2316 1776 inania
2344 1729 2503 1776 erunt
2525 1721 2702 1777 omnia
2721 1724 3106 1794 qntegesserit;
3138 1726 3252 1795 ipse
3269 1739 3397 1780 vero

177 1813 376 1883 episcopi
406 1811 488 1868 vel
515 1811 751 1870 civitatis
783 1811 862 1868 vel
900 1810 1154 1868 Ecclesiae
1179 1809 1206 1848 ιι
1228 1813 1314 1868 cui
1341 1811 1593 1881 adjacens
1621 1812 1718 1868 in-
1751 1883 1788 1886 _
1821 1809 1979 1879 hujus
2004 1809 2384 1880 indisciplinati
2431 1826 2592 1866 ausus
2637 1822 2692 1868 et
2712 1812 3104 1870 irrationabilis
3128 1815 3291 1886 empti
3320 1817 3402 1872 di~

177 1907 351 1963 venitur
375 1920 467 1964 seu
501 1909 651 1976 ipse,
698 1919 792 1961 seu
829 1907 978 1975 regio
1007 1905 1060 1960 in
1101 1921 1202 1976 qua
1235 1905 1349 1974 ipse
1379 1920 1609 1975 praeesse
1636 1906 1720 1962 di-
1749 1883 1797 1946 Β
1825 1918 1956 1974 gnas
1982 1918 2171 1962 causas
2220 1903 2487 1974 expendat
2518 1914 2771 1976 tanquam
2803 1905 3079 1975 depositus
3129 1923 3161 1963 a
3216 1883 3401 1966 sancta

174 1997 429 2070 gooscitur.
458 1997 622 2067 Quod
647 1997 693 2053 si
717 1999 836 2068 quis
864 1996 1202 2064 praevaricari
1224 2012 1385 2054 ausus
1413 1997 1572 2055 fuerit
1596 2013 1724 2054 con.
1826 1995 2054 2066 synodo,
2082 2005 2137 2052 et
2161 2007 2379 2070 propter
2409 1997 2776 2055 huiuscemodi
2800 2001 3272 2072 praesumptionem
3291 2006 3400 2076 jam

173 2091 351 2158 stituta,
573 2088 766 2160 deponi
796 2103 950 2156 eum,
981 2098 1037 2146 et
1060 2086 1317 2159 dignitate
1342 2103 1444 2158 qua
1469 2089 1724 2159 prtcditus
1827 2087 2246 2156 prmdamnatus.

172 2189 238 2236 est
263 2180 444 2238 debere
469 2179 692 2250 privari.
723 2179 1152 2250 Chorepiscopus
1181 2188 1356 2235 autem
1381 2180 1448 2234 ab
1472 2181 1724 2250 episc0p0

172 2271 363 2328 civitatis
393 2273 470 2328 vel
503 2271 616 2327 loci
645 2273 729 2326 cui
757 2271 897 2326 idem
927 2271 1136 2340 adjacet
1163 2270 1492 2328 ordinandus
1515 2283 1615 2328 est.

228 2365 305 2421 XI.
342 2366 393 2422 Si
417 2366 537 2437 quis
576 2367 857 2436 episcopus
879 2407 896 2434 ,
924 2366 1011 2421 vel
1043 2365 1353 2437 presbyter,
1388 2375 1411 2402 ο
1444 2366 1524 2421 vel
1553 2366 1728 2422 omnis

169 2461 353 2518 omnino
379 2461 465 2532 qui
491 2468 591 2516 est
624 2461 726 2516 sub
765 2459 1126 2516 ecclesiastica
1161 2461 1341 2529 regula
1371 2460 1726 2527 constitutus,

170 2563 331 2622 praeter
354 2554 646 2609 consilium
679 2554 760 2609 vel
791 2553 994 2608 litteras
1020 2567 1206 2608 eorum
1237 2553 1609 2621 episcenorum
1637 2554 1727 2624 qui

175 2643 424 2698 suntintra
454 2643 826 2714 provinciam,
855 2651 910 2699 et
939 2645 1168 2700 maxime
1207 2643 1632 2714 metropolitani,
1661 2644 1727 2700 ad

175 2733 517 2804 imperatorem
553 2735 860 2806 porrexerit
881 2779 894 2802 ,
943 2735 1085 2791 hunc
1122 2735 1356 2791 abdicari
1385 2744 1439 2792 et
1473 2737 1594 2805 ejici
1623 2751 1729 2792 non

176 2825 318 2880 solum
346 2843 374 2881 a
401 2827 787 2884 communione
816 2826 1012 2884 debere
1032 2868 1048 2893 ,
1081 2827 1176 2882 sed
1214 2836 1270 2884 et
1309 2829 1523 2897 propria
1554 2828 1730 2898 digni-

175 2926 262 2972 tate
288 2920 505 2988 privari,
539 2930 798 3002 tanqpam
836 2919 1116 2975 molestum
1152 2929 1207 2976 et
1237 2921 1594 2992 importunum
1633 2922 1733 2976 im»

175 3014 426 3079 perialibus
449 3015 712 3082 auribus,
743 3022 928 3070 contra
953 3015 1312 3070 ecclesiastica
1338 3015 1644 3074 constituta.
1677 3015 1734 3072 Si

173 3119 323 3164 autem
368 3111 674 3167 necessitas
720 3109 862 3180 cogit
904 3109 970 3164 ad
1027 3110 1401 3178 imperatorem
1445 3125 1732 3167 excurrere

177 3209 361 3270 propter
380 3202 620 3274 aliquant
640 3201 941 3268 actionem,
967 3217 1085 3258 cum
1110 3200 1497 3258 deliberatione
1527 3213 1581 3259 et
1604 3218 1732 3259 con-

1901 2179 2036 2238 XIV.
2066 2180 2121 2242 Si
2148 2182 2266 2252 quis
2294 2185 2576 2252 episcopus
2609 2181 2677 2238 de
2704 2183 2972 2256 aliquibus
3008 2186 3186 2241 causis
3214 2187 3400 2242 crimi-

1828 2273 2039 2330 nalibus
2070 2275 2120 2330 in
2145 2275 2348 2344 judicio
2367 2277 2744 2347 episcoporum
2777 2277 2934 2334 fuerit
2953 2289 3254 2345 accusatus,
3275 2296 3400 2338 con-

1829 2367 1997 2437 tingat
2025 2375 2201 2422 antem
2234 2368 2300 2423 de
2350 2368 2480 2439 ipsis
2526 2369 2815 2439 provincias
2842 2369 3111 2441 episcopis
3135 2369 3160 2409 ¹ι
3189 2375 3280 2442 qui
3317 2389 3390 2430 con

1829 2466 2150 2530 gnovcrunt,
2180 2458 2421 2516 diversas
2467 2473 2560 2516 eos
2604 2459 2803 2518 habere
2831 2463 3146 2528 sententias,
3177 2474 3236 2519 ut
3274 2465 3405 2524 alius

1832 2549 2048 2619 quidem
2086 2552 2422 2610 innocentem
2453 2555 2784 2623 pronuntiet,
2812 2555 2950 2611 alius
2978 2571 3162 2612 reum:
3194 2567 3408 2629 propter

1834 2641 2134 2714 huiusmodi
2169 2644 2344 2715 itaque
2365 2647 2790 2706 controversiam
2811 2633 3189 2718 amputandam
3217 2651 3410 2720 placuit

1832 2745 2031 2792 sancite
2073 2737 2278 2808 synodo
2321 2739 2784 2808 metropolitanum
2828 2737 2844 2778 ¹
2889 2739 3078 2798 vicinae
3123 2743 3413 2811 provincias

1833 2827 2080 2884 advocari
2119 2836 2389 2896 oportere,
2409 2837 2469 2884 ‘et
2487 2829 2786 2898 aliquantos
2807 2844 2927 2886 cum
2959 2845 3025 2886 eo
3049 2830 3183 2887 alios
3203 2832 3412 2903 episco~

1836 2933 1956 2990 pos,
1983 2919 2070 2990 qui
2105 2920 2304 2989 pariter
2345 2919 2668 2985 residentes,
2697 2930 2734 2957 πη
2761 2935 3091 2991 quaecunque
3120 2921 3306 2989 luerit,
3332 2923 3414 2978 di-

1835 3013 2030 3067 rimant
2062 3013 2442 3083 quaestionem;
2473 3024 2689 3084 propter
2714 3013 2816 3070 hoc
2857 3023 2914 3070 ut
2946 3013 3158 3070 tirmum
3186 3016 3254 3072 sit
3274 3016 3412 3086 indis
3486 3047 3490 3050 -

1838 3104 1977 3160 cium
2009 3103 2150 3174 quod
2179 3103 2246 3158 ab
2288 3103 2444 3160 unius
2488 3104 2776 3175 provinciae
2806 3103 3075 3176 episcopis
3104 3105 3264 3164 fuerit
3293 3121 3413 3176 prov

1839 3197 2154 3266 ntulgatum.

171 3293 267 3348 silio
291 3270 687 3367 metropolitani
718 3295 953 3365 episcopi
989 3295 1308 3363 provinciae,
1339 3302 1395 3351 et
1415 3305 1731 3352 ceterorum

1911 3287 2021 3342 XV.
2055 3287 2110 3343 Si
2135 3288 2254 3358 quis
2301 3287 2583 3358 episeOpus
2610 3287 2962 3344 criminaliter
3001 3298 3316 3356 accusatus,
3349 3291 3414 3346 ab

172 3388 860 3459 conscientiaepiscoporum
892 3389 979 3458 qui
1011 3387 1062 3442 in
1092 3386 1281 3444 eadem
1297 3388 1730 3468 provinciasunt,

169 3487 212 3531 et
237 3477 434 3550 litteris,
463 3482 543 3538 ire
560 3479 806 3538 debebit.

229 3569 325 3626 XII.
349 3573 538 3645 Siquis
562 3589 592 3628 a
623 3572 848 3644 proprio
874 3572 1126 3643 episcopo
1150 3572 1444 3643 depositus,
1475 3572 1560 3627 vel
1587 3586 1734 3642 pres-

167 3660 314 3731 byter,
345 3665 428 3720 vel
471 3666 743 3724 diaconus
764 3709 777 3733 ,
826 3673 918 3719 aut
946 3665 1105 3720 etiam
1133 3664 1179 3719 si
1208 3679 1238 3717 a
1277 3665 1484 3734 synodo
1517 3664 1738 3735 quilibet

168 3756 415 3827 episcopus
445 3758 614 3815 fuerit
649 3765 1039 3824 exauctoratus,
1095 3757 1398 3813 molestiam
1444 3757 1735 3828 imperiali-

166 3843 248 3900 bus
281 3850 494 3906 auribus
544 3850 755 3906 inferre
786 3848 804 3885 τ
853 3863 957 3904 non
1008 3848 1203 3914 debet;
1237 3849 1330 3904 sed
1378 3849 1443 3904 ad
1475 3849 1732 3919 majorem

165 3942 396 4008 synodum
421 3944 813 4016 episcoporum
837 3957 896 3998 se
918 3951 1219 4007 convertat,
1243 3951 1297 3998 et
1320 3957 1440 4012 qua:
1472 3953 1618 4013 putat
1644 3942 1737 3997 ha-

163 4028 269 4087 bere
295 4047 351 4090 se
374 4036 544 4103 justa,
583 4034 638 4089 in
680 4048 864 4088 eorum
903 4032 1106 4102 judicio
1132 4032 1347 4102 alleget,
1380 4040 1537 4101 atque
1564 4033 1736 4087 abhis

164 4137 412 4196 exspectet
431 4145 556 4201 quae
581 4129 654 4184 de
678 4142 736 4182 se
765 4126 923 4181 luerit
946 4127 1258 4197 deprompta
1278 4124 1733 4192 sententia.Quod

161 4215 196 4267 si
221 4215 460 4275 deficiens
494 4217 947 4291 pusillanimitate
991 4216 1091 4272 hoc
1149 4216 1381 4270 noluerit
1408 4214 1609 4282 facere,
1637 4217 1732 4271 sed

220 4409 242 4438 ⁸
279 4401 408 4458 Cod.
462 4402 688 4459 Tltuan.
725 4442 740 4464 ,
795 4410 978 4470 prteter
1043 4399 1272 4470 cpismpi
1337 4398 1733 4468 metropolitani.

162 4471 336 4538 Quesn.
363 4476 512 4530 delet
538 4469 801 4542 episcopi.
825 4472 975 4540 Vulg.
1000 4470 1120 4524 Isid.
1157 4471 1206 4524 itt
1251 4469 1355 4542 line
1380 4469 1535 4539 hujus
1572 4484 1736 4523 cann-

163 4545 229 4596 nis
253 4545 391 4599 addit
418 4561 546 4601 cum
581 4540 779 4599 Graeco
810 4543 1034 4610 aliisque
1067 4540 1400 4596 versionihus
1430 4558 1439 4591 :
1498 4556 1586 4592 nec
1628 4557 1734 4594 mc~

163 4617 474 4662 tronolimnm
528 4618 648 4662 sine
680 4624 1048 4662 ceterorum...
1093 4621 1234 4662 aerat
1264 4611 1495 4662 consilio.

162 4617 474 4683 tropolitanus
528 4618 648 4670 sine
680 4624 1048 4667 cwterorum...
1089 4621 1234 4734 Iqerat
1264 4617 1495 4665 consitio.

218 4686 239 4723 δ
269 4686 396 4742 Cod.
424 4688 622 4750 Vind,
659 4687 711 4740 in
742 4685 918 4754 [unrlis
966 4696 1010 4736 et
1038 4685 1083 4736 vi
1110 4684 1197 4736 lis:
1222 4682 1412 4754 Moxiet
1437 4691 1487 4734 ut
1515 4682 1735 4750 episcopi

160 4761 410 4812 rattsecrati
441 4769 565 4813 sunt
604 4757 934 4811 inseruimus
960 4754 1280 4808 auctoritate
1311 4753 1551 4822 ejusdem
1583 4753 1732 4807 codi-

159 4830 222 4881 cis
249 4839 300 4901 et
327 4831 473 4901 vulg.
507 4830 646 4901 Isid.

219 4911 236 4938 ε
271 4895 588 4970 νυΙεΪΒΜ.
609 4941 628 4966 ,
667 4898 899 4970 su/ﬁciat.
922 4897 1042 4952 Mox
1070 4895 1364 4965 adjecimus
1389 4903 1584 4947 tantum
1615 4910 1736 4950 cum

157 4985 242 5024 ins.
268 4967 418 5026 Vind.
450 4981 508 5028 et
543 4971 696 5028 vuln.
722 4967 844 5023 Isid.

215 4987 242 5024 ἰ.
273 4985 418 5026 γιιιιι.
450 4985 508 5028 Cl.
543 4985 635 5025 Vlll
687 5009 696 5022 .
722 4985 844 5023 ISIO.

215 5040 238 5077 ά
267 5043 535 5125 Sic_idem
566 4985 700 5097 eos.
729 5049 782 5096 et
824 5039 965 5109 vulg.
997 5037 1148 5108 Apud
1175 5036 1374 5105 Qucsn.
1397 5077 1412 5101 ,
1443 5053 1553 5105 qun’
1585 5037 1739 5108 adja-

159 5125 260 5165 cens
273 5153 287 5175 ,
310 5129 490 5168 minus
523 5126 704 5168 reete.

221 5194 241 5221 ε
263 5187 330 5238 Ita
354 5187 480 5240 cod.
503 5183 679 5239 Vind.
700 5179 890 5236 Afﬁnis
916 5189 998 5235 est
1025 5178 1341 5248 Iectiovnlg.
1372 5177 1522 5242 lsid.,
1560 5179 1611 5233 in
1638 5194 1739 5246 qua

158 5255 521 5325 relquicunque
542 5255 789 5325 clericus,
813 5251 1043 5325 ct_omnis
1074 5252 1300 5325 omnino,
1332 5258 1470 5325 etc._;
1502 5250 1592 5325 ubi
1619 5251 1736 5320 qui-

158 5320 332 5394 cunque
359 5320 589 5380 clericus
619 5333 672 5378 et
701 5322 952 5378 abundat.
982 5321 1135 5394 Apud
1154 5321 1355 5389 Qucsn.
1384 5322 1556 5394 minus
1579 5320 1734 5385 bene,

155 5397 222 5448 vel
256 5391 546 5466 quicunque
576 5395 802 5449 clericus
821 5437 836 5462 ,
882 5409 1029 5464 quem
1059 5391 1224 5447 (ἓνωεὶ
1252 5391 1513 5460 appellant
1540 5408 1740 5446 omnem

156 5467 235 5518 sub
261 5485 456 5522 canone
478 5467 850 5522 constitutum.

218 5538 236 5576 ί
271 5532 421 5610 Vulg.
454 5539 621 5608 lsid.,
657 5553 763 5590 non
804 5543 1098 5610 prtesumat.
1131 5534 1447 5610 Postpauca
1479 5548 1576 5604 pro
1588 5534 1738 5606 judi-

157 5608 224 5661 cio
249 5605 567 5666 ctid.'Vittd.
597 5605 728 5664 eum
758 5605 898 5677 vulg.
928 5606 1088 5669 lsid.,
1109 5605 1348 5659 concilio.

218 5681 484 5751 FSeptem
514 5675 1002 5751 vocessequentes
1033 5677 1226 5751 desunt
1258 5677 1309 5731 in
1338 5675 1627 5751 ms._Vind.

218 5748 242 5788 δ
265 5746 496 5820 Quesn.,
530 5749 738 5807 inserit
757 5746 1105 5820 decernimus.
1126 5747 1319 5802 llelent
1338 5746 1489 5801 Vind.
1517 5757 1570 5802 et
1592 5747 1737 5816 vulg.

159 5819 301 5886 Isid;
322 5839 447 5880 cum
474 5824 686 5893 quibus
711 5831 892 5890 postea
921 5819 1234 5890 scripsimus
1272 5819 1495 5872 attrahat
1523 5834 1618 5888 pro
1664 5827 1740 5871 at-

161 5892 362 5948 trahere.

1837 3379 2085 3438 omnibus
2105 3380 2193 3449 qui
2221 3388 2345 3434 sunt
2376 3379 2511 3434 intra
2537 3380 2864 3448 provinciam
2891 3380 3159 3450 episcopis
3185 3397 3414 3452 excepe-

1838 3473 1907 3528 rit
1934 3487 2089 3530 unam
2119 3486 2515 3541 consonamque
2559 3472 2877 3530 sententiam
2897 3513 2912 3538 ,
2943 3471 3010 3525 ab
3049 3472 3168 3528 aliis
3198 3473 3417 3530 ulterius

1834 3565 2063 3633 iudicari
2094 3579 2196 3619 non
2231 3563 2454 3633 poterit;
2486 3564 2580 3618 sed
2618 3579 2834 3620 manere
2863 3564 3004 3619 circa
3035 3577 3156 3620 eum
3182 3577 3414 3636 oportet,

1841 3666 1866 3694 ιι
1895 3665 2143 3728 tanquam
2190 3655 2620 3722 convenientem,
2655 3671 2775 3728 quae
2811 3655 2881 3712 ab
2924 3655 3172 3718 omnibus
3215 3658 3417 3728 prolata

1842 3759 1944 3815 est,
1978 3751 2182 3804 lirmam
2210 3759 2486 3819 ratamque
2511 3750 2852 3806 sententiam.

1915 3843 2052 3900 XVI.
2083 3843 2141 3900 Si
2167 3844 2285 3914 quis
2304 3845 2588 3914 episcopus
2614 3859 2808 3904 vacans
2830 3845 2884 3901 in
2906 3844 3201 3904 Ecclesiam
3229 3859 3420 3902 vacan-

1844 3947 1949 3992 tem
1979 3937 2371 4006 supervenerit,
2399 3948 2453 3992 et
2474 3937 2610 3993 hanc
2641 3946 2664 3972 ο
2691 3937 3036 4008 obrepenter,
3069 3945 3265 4008 praeter
3309 3937 3422 4006 ple-

1843 4031 2044 4084 nariam
2073 4030 2356 4099 synodum,
2388 4029 2749 4098 arripiendam
2779 4044 2899 4084 esse
2921 4029 3232 4096 crediderit,
3279 4027 3420 4082 httnc

1843 4123 2000 4192 abjici
2031 4132 2264 4192 Oportet,
2294 4122 2501 4180 tametsi
2532 4137 2653 4178 eum
2687 4121 2832 4191 plebs
2863 4136 3020 4192 quam
3044 4121 3268 4192 arripuit
3297 4120 3425 4177 velit

1844 4217 1946 4270 sibi
1978 4217 2286 4286 episcopum
2309 4218 2564 4272 retinere.
2590 4226 2616 4265 P
2647 4217 2739 4270 Illa
2769 4223 2948 4272 autem
2973 4216 3169 4272 dicitur
3191 4214 3426 4287 synodus

1924 4398 1936 4435 ί
1970 4397 2124 4468 Vulg.
2158 4397 2308 4464 lsid.,
2342 4397 2484 4451 addit
2514 4397 2744 4451 omnibus
2773 4397 2950 4468 ipsius.

1917 4470 1928 4519 ι
1980 4466 2111 4524 Cod.
2157 4472 2329 4524 Oxon.
2382 4469 2651 4524 desiderat
2698 4477 2858 4521 actus.
2917 4466 3110 4538 Veron.
3182 4471 3419 4538 praeterit

1841 4550 2194 4608 competentes.
2227 4541 2347 4595 Mox
2380 4539 2533 4594 Vind.
2560 4582 2573 4603 ,
2627 4537 2694 4591 ad
2728 4555 2780 4593 se
2808 4537 3016 4591 minimc
3044 4537 3353 4608 pertinentes
3402 4561 3420 4600 :

1841 4612 1982 4682 vulg.
2007 4611 2153 4672 lsid.,
2188 4628 2298 4680 qua!
2317 4611 2384 4664 ad
2413 4627 2464 4663 se
2488 4609 2692 4663 minime
2716 4608 2992 4679 pertinent.

1915 4681 1951 4718 ¹ίί
1981 4682 2130 4753 Vulg.
2159 4683 2248 4746 ls.,
2274 4685 2360 4750 qni
2386 4692 2758 4744 convenerunt;
2784 4694 2845 4734 ac
2873 4688 2990 4750 post
3019 4693 3210 4750 pauca,
3231 4693 3427 4740 sentcn-

1842 4755 1960 4818 tias,
1990 4763 2034 4806 et
2065 4755 2194 4807 alios
2223 4755 2425 4822 quidem
2447 4761 2758 4822 ntnocentem
2788 4767 2902 4805 eum
2924 4753 3280 4821 pronuntiare,
3299 4757 3430 4811 alios

1762 4811 1815 4871 D
1846 4811 2004 4878 reum.
2039 4811 2335 4878 Allinis'est
2368 4839 2468 4878 IIIS.
2499 4811 2934 4879 Vindeboncnsis
2983 4821 3165 4880 lectio.
3205 4811 3426 4889 Veron,

1847 4905 1891 4948 et
1919 4896 2051 4948 alius
2082 4895 2302 4962 quidem,
2337 4905 2441 4948 etc.

1927 4965 1938 5002 ¹
1975 4967 2064 5021 Sic
2092 4966 2212 5021 cod.
2242 4966 2395 5018 Vind.
2437 4980 2556 5018 cum
2589 4965 2730 5034 vulg.
2757 4964 2824 5020 is.
2858 4965 3013 5035 Apud
3041 4965 3268 5034 Quesn.,
3300 4967 3428 5020 alte-

1847 5039 1952 5094 rius
1977 5038 2268 5101 provinciw.
2304 5037 2420 5091 Mox
2443 5035 2584 5091 idem
2619 5037 2773 5092 Vind.
2806 5036 3006 5091 omittit
3032 5047 3283 5102 oportere.

1920 5119 1956 5144 πη
1982 5109 2113 5163 Cod.
2139 5106 2374 5172 Tltuan.,
2395 5123 2710 5176 qutrcunque
2732 5116 2922 5161 statuta
2954 5107 3162 5178 fuerint,
3188 5108 3430 5178 dirimunt

1847 5182 2205 5248 quazstionem,
2238 5197 2328 5246 pro
2368 5195 2425 5232 eo
2453 5178 2658 5248 ﬁrmum
2698 5187 2926 5232 statuant
2956 5176 3254 5248 judicium,
3299 5177 3431 5245 quod

1846 5251 2011 5320 primo
2035 5251 2096 5305 ab
2127 5251 2277 5304 unius
2309 5250 2610 5318 provincitn,
2645 5257 2748 5303 etc.

1921 5330 1946 5356 υ
1983 5321 2082 5375 Ms.
2122 5317 2572 5390 \‘ind.,itanquam
2598 5318 3086 5390 conveniengpquod
3114 5317 3175 5372 ab
3203 5317 3430 5373 omnibus

1850 5394 2110 5462 prolatum
2136 5402 2231 5456 est,
2257 5388 2464 5459 ﬁrmum
2487 5397 2750 5458 ratumque
2769 5388 3047 5462 judicium.

1921 5473 1945 5499 υ
1980 5463 2122 5516 Idem
2154 5458 2299 5528 cod},
2327 5463 2700 5529 subreptive....
2736 5458 3088 5529 occupandam
3111 5476 3238 5516 esse.
3271 5458 3428 5530 Vulg.

1851 5535 1915 5590 Is.
1946 5551 2064 5589 cum
2117 5547 2215 5587 tus.
2252 5533 2471 5593 Veron.,
2507 5531 2846 5600 diripiendam
2892 5546 3000 5584 esse
3041 5529 3353 5585 crediderit:
3379 5529 3437 5588 et

1848 5605 1992 5730 ιῦςὶιὲ
2027 5622 2180 5674 quam
2211 5603 2442 5674 diripuit.
2467 5601 2577 5657 lloc
2599 5611 2928 5671 postremum
2957 5601 3215 5656 estetiam
3251 5602 3301 5656 in
3329 5619 3432 5660 ms.

1904 5693 1954 5730 Ill
2005 5717 2014 5728 .

1904 5677 2014 5732 ind.

1918 5759 1944 5796 r
1974 5747 2199 5815 Quesn.,
2245 5744 2350 5798 Illa
2407 5759 2560 5813 porro
2602 5743 2749 5797 datur
2796 5745 3020 5813 synodus
3075 5744 3330 5814 perfecta,
3384 5749 3436 5799 in

1845 5835 1964 5888 qua,
1992 5831 2096 5871 etc.
2133 5817 2282 5872 Licet
2310 5823 2491 5888 autent
2536 5830 2633 5870 vox
2677 5817 2902 5886 perfecta
2945 5816 3152 5886 legatur
3186 5816 3351 5888 etiam
3387 5818 3436 5870 in

1845 5885 1957 5944 ius.
1999 5888 2230 5952 Veron.,
2288 5885 2618 5954 prmtnlitttus
2669 5885 2844 5943 tamen
2899 5885 3182 5943 lectionem
3233 5887 3436 5941 caricis
