3996 6344
577 439 677 495 7H

1504 416 1846 478 APPENDIX
1886 413 1976 468 AD
2016 413 2073 470 S.
2117 409 2363 468 LEONIS
2402 406 2906 484 MAGNLOPERA.
3737 404 3822 460 7i!

579 573 702 614 esse
731 553 969 626 plenaria
1000 553 1052 608 in
1080 565 1182 622 qua
1205 548 1366 606 etiam
1397 541 1839 613 metropolitanus
1865 537 2153 608 episcopus
2181 535 2236 598 Α
2262 528 2581 601 perberetaei
2609 525 2811 582 mensis
2839 536 2864 574 ε
2893 524 3134 582 decimus
3163 521 3455 580 invenitur.
3501 519 3559 576 In
3603 519 3724 588 ipsis
3750 535 3824 576 su-

579 650 830 707 adfuerit.

656 741 814 796 XVII.
846 737 901 794 Si
933 736 1051 808 quis
1077 734 1384 804 episcopus,
1430 734 1680 796 suscepta
1721 736 1910 780 manus
1939 719 2162 790 imposi-

579 835 746 900 tionc,
775 840 830 888 et
869 833 1152 901 deputatus
1185 826 1392 896 populis
1439 834 1704 893 prmesse,
1753 831 1858 872 non
1906 812 2164 883 suscipiat

578 927 935 986 ministerium
966 921 1276 982 sacerdotii,
1305 917 1469 990 £30
1497 930 1598 971 nec
1618 911 1918 968 consentiat
1939 908 2090 962 abire
2108 905 2162 960 in

581 1019 873 1075 Ecclesium
906 1016 990 1072 cui
1032 1015 1206 1069 luerat
1232 1011 1540 1072 ordinatus;
1569 1007 1711 1061 hunc
1739 999 2163 1059 iucommunica-

578 1112 737 1169 bilem
789 1124 912 1165 esse
933 1108 1155 1173 debere,
1182 1105 1354 1160 donec
1382 1109 1599 1157 coaetus
1624 1093 1930 1153 consentiat
1953 1089 2163 1161 plebem

577 1205 851 1274 suscipere
880 1212 905 1239 ιι
939 1199 1157 1256 sibimet
1181 1197 1512 1267 deputatam,
1537 1199 1629 1246 aut
1659 1187 1898 1261 plenaria
1929 1181 2164 1257 synodus

578 1298 948 1368 episcoporum
974 1291 1262 1364 provincia:
1289 1289 1358 1344 de
1386 1302 1452 1342 eo
1484 1282 1684 1354 aliquid
1715 1285 1936 1335 statuat.

656 1388 840 1444 XVIII.
875 1385 932 1442 Si
961 1388 1081 1456 quis
1109 1385 1394 1454 episcopus
1423 1376 1701 1433 ordinatus
1741 1387 1850 1428 non
1893 1367 2084 1424 abierit
2110 1367 2165 1422 in

581 1481 891 1553 parochiam
923 1481 1008 1533 cui
1040 1483 1124 1532 est
1153 1474 1452 1537 ordinatus,
1481 1484 1584 1524 non
1611 1483 1710 1524 suo
1739 1465 1892 1531 vitio,
1925 1461 2020 1517 sed
2051 1460 2166 1530 ple-

580 1576 662 1632 bis
706 1574 928 1630 forsitan
958 1567 1413 1630 contradictione;
1459 1564 1545 1618 hic
1569 1563 1828 1616 honorem
1855 1565 2160 1626 susceptum

580 1668 816 1724 retinere
838 1663 1054 1720 debebit
1081 1671 1136 1716 et
1168 1657 1470 1715 sacerdotio
1505 1653 1670 1725 fungi,
1704 1654 1773 1708 ita
1805 1661 1862 1706 ut
1891 1651 2024 1706 uiuil
2049 1664 2164 1706 mo-

583 1761 752 1816 lestiae
792 1758 981 1814 aﬂ‘erat
1027 1755 1277 1810 Ecclesiae
1329 1751 1407 1805 illi
1438 1751 1489 1804 in
1519 1763 1621 1819 qua
1643 1747 1671 1784 δ
1702 1745 2022 1800 constitutus
2058 1751 2159 1798 est.

582 1852 912 1922 Exspectare
941 1858 1119 1902 autem
1150 1860 1272 1901 eum
1311 1850 1523 1912 oportet
1569 1839 1862 1910 plenariam
1897 1835 2162 1907 synodum

583 1945 890 2017 provinciae,
920 1943 1091 1998 donec
1116 1941 1185 1996 de
1211 1955 1276 1996 eo
1305 1936 1446 2008 quod
1474 1934 1730 2004 competit
1767 1938 2054 1988 statuatur.

651 2035 793 2092 XIX.
824 2047 846 2074 ε
881 2034 1178 2105 Episcopus
1203 2046 1306 2086 non
1333 2039 1418 2084 est
1443 2027 1770 2084 ordinandus
1809 2034 2004 2096 praeter
2028 2036 2163 2080 con-

584 2132 763 2187 silium
792 2138 847 2186 et
875 2129 1216 2202 praesentiam
1266 2122 1661 2194 metropolitani
1705 2119 2029 2192 provincias,
2077 2117 2164 2172 cui

589 2225 782 2282 melius
794 2226 896 2280 erit
909 2225 953 2279 si
975 2240 1037 2279 ex
1055 2222 1200 2278 omni
1221 2219 1489 2291 provincia
1503 2222 1895 2286 congregemur
1905 2209 2162 2282 episcopi.

589 2318 739 2387 Quod
767 2317 813 2373 si
854 2316 967 2372 ﬁeri
996 2331 1103 2370 non
1144 2321 1342 2385 potest,
1366 2311 1532 2381 hiqui
1556 2309 1747 2364 adesse
1781 2321 1886 2361 non
1918 2312 2164 2376 possunt,

589 2411 821 2481 propriis
843 2409 1033 2466 litteris
1048 2421 1367 2464 consensum
1385 2417 1539 2460 suum
1561 2401 1629 2457 de
1650 2402 1765 2471 ipso
1782 2398 2082 2467 designent.
2100 2395 2168 2451 Et

590 2509 716 2556 tunc
743 2501 958 2558 demum
981 2509 1103 2568 post
1141 2497 1490 2569 plurimorum
1507 2535 1520 2559 ,
1544 2494 1656 2548 sive
1687 2506 1782 2562 per
1803 2490 2163 2560 praesentiam,

589 2594 704 2650 sive
718 2609 814 2664 per
836 2592 1044 2648 litteras
1056 2592 1374 2646 sententiam
1393 2600 1680 2644 consonam
1702 2584 1998 2640 ordinetur.
2013 2579 2169 2648 Quod

586 2687 631 2742 si
654 2685 812 2741 aliter
826 2700 983 2754 quam
1003 2693 1258 2740 statutum
1274 2691 1358 2738 est
1375 2680 1488 2749 Iiat,
1505 2678 1638 2734 nihil
1664 2677 1844 2732 valere
1866 2672 2167 2744 hujusmodi

589 2780 982 2836 ordinationem
1007 2778 1056 2833 ά.
1080 2779 1135 2834 Si
1162 2791 1290 2834 vero
1314 2774 1474 2831 etiam
1503 2770 1793 2829 secundum
1819 2767 2064 2823 delinilas
2084 2779 2170 2820 re-

587 2875 739 2945 gulas
766 2873 1035 2928 ordinatio
1063 2871 1384 2937 celebretur,
1410 2865 1778 2924 contradicant
1804 2873 1983 2918 autem
2004 2859 2167 2930 aliqui

588 2974 806 3038 propter
835 2966 1082 3036 proprias
1107 2973 1163 3019 et
1181 2961 1505 3018 domesticas
1554 2957 1885 3022 simultates,
1915 2953 1997 3008 his
2040 2966 2170 3007 con-

595 3059 814 3127 templis
840 3057 1104 3113 sententia
1132 3055 1198 3110 de
1226 3069 1292 3109 eo
1321 3052 1560 3108 obtineat
1589 3049 1965 3120 plurimorum.

657 3150 776 3206 XX.
806 3151 1032 3220 Propter
1056 3146 1451 3203 ecclesiasticas
1483 3153 1506 3181 ε
1533 3155 1690 3197 curas
1713 3150 1765 3195 et
1796 3153 1914 3206 qua:
1935 3135 2172 3191 existunt

585 3242 981 3298 controversias
1002 3237 1393 3305 dissolvendas,
1419 3233 1668 3290 sufticere
1693 3231 1865 3286 visum
1895 3237 1978 3283 est
2006 3227 2086 3281 bis
2114 3226 2168 3281 in

2270 635 2377 680 tem
2427 622 2672 678 conciliis
2699 632 2751 676 et
2799 619 3144 692 presbyteros
3170 626 3226 672 et
3253 617 3516 671 diaconos
3563 625 3824 683 praesentes

2268 731 2389 774 esse
2411 699 2650 785 oportet,
2679 722 2732 770 et
2759 727 2947 769 omnes
2977 719 3238 782 quotquot
3265 709 3506 764 selaesos
3525 707 3822 773 existimant,

2266 818 2324 864 et
2352 806 2664 880 synodicam
2687 812 3001 874 exspectare
3030 802 3374 858 sententiam.
3413 799 3527 854 Nec
3569 799 3715 853 liceat
3745 798 3824 852 ali-

2267 903 2465 974 quibus
2492 899 2634 967 apud
2662 898 2985 968 semetipsos
3014 896 3242 952 concilia
3266 903 3466 964 prietes-
3489 891 3824 960 metropolita-

2267 1011 2455 1052 norum
2494 995 2869 1066 episcoporum
2899 990 3284 1047 conscientiam
3316 988 3519 1051 facere,
3564 985 3744 1055 quibus
3771 984 3824 1038 de

2267 1089 2518 1145 omnibus
2543 1089 2722 1143 causis
2748 1093 2962 1141 constat
2992 1082 3315 1154 permissum
3346 1093 3471 1135 esse
3493 1076 3766 1147 judicium.

2339 1179 2480 1235 XXI.
2505 1176 2535 1216 ιι
2567 1179 2865 1248 Episcopus
2891 1175 2958 1231 de
2979 1172 3199 1230 ditecesi
3226 1172 3291 1226 ad
3316 1169 3603 1226 dioecesim
3634 1166 3821 1221 alteram

2267 1288 2372 1329 nou
2399 1272 2557 1328 debet
2589 1271 2854 1335 transire;
2885 1282 3059 1339 neque
3085 1267 3129 1321 si
3155 1266 3391 1334 seipsum
3420 1260 3726 1331 ingesserit,
3748 1274 3823 1314 ue-

2266 1382 2371 1438 que
2399 1366 2446 1422 si
2475 1381 2504 1421 a
2537 1366 2748 1435 populis
2766 1363 2930 1426 fuerit
2957 1361 3224 1418 violenter
3252 1366 3533 1422 attractus,
3564 1354 3583 1393 ί
3614 1369 3768 1424 neque
3789 1353 3821 1407 si

2267 1461 2427 1516 etiam
2474 1458 2577 1514 hoc
2600 1460 2648 1514 ei
2685 1457 2754 1511 ab
2793 1455 3063 1526 episcopis
3091 1453 3399 1508 suadeatur.
3426 1450 3655 1506 Manere
3680 1455 3822 1502 autrtlt

2266 1568 2386 1608 cuin
2414 1554 2466 1608 in
2494 1551 2730 1608 Ecclesia
2765 1551 2860 1606 Dei
2889 1549 3086 1605 debere
3115 1561 3274 1618 quam
3317 1545 3385 1598 ab
3433 1543 3596 1597 initio
3644 1542 3822 1596 sortitus

2266 1656 2371 1714 est,
2397 1655 2454 1704 et
2485 1661 2590 1701 non
2614 1646 2681 1701 ab
2711 1661 2773 1700 ea
2795 1644 2902 1698 alio
2927 1642 3253 1712 demigrare,
3285 1634 3591 1693 secundum
3624 1632 3822 1702 regulam

2266 1754 2429 1811 super
2457 1739 2559 1796 hoc
2583 1755 2611 1793 a
2649 1738 2892 1793 Patribus
2917 1736 3045 1791 olim
3073 1733 3437 1789 constitutam.

2341 1832 2553 1888 XXII.i
2600 1833 2898 1900 Episcopus
2925 1843 3031 1883 non
3075 1827 3236 1882 debet
3273 1824 3328 1880 in
3375 1822 3541 1877 aliam
3591 1819 3822 1876 civitatem

2192 1927 2242 1988 B
2267 1942 2387 1998 quas
2415 1927 2488 1981 illi
2522 1940 2627 1979 non
2657 1924 2868 1979 videtur
2907 1935 3029 1977 esse
3059 1919 3298 1988 subjecta
3341 1917 3579 1978 irruere,
3613 1925 3768 1981 neque
3785 1910 3823 1965 in

2267 2021 2545 2091 regionem
2571 2033 2690 2088 qua:
2711 2016 2776 2071 ad
2805 2017 2921 2085 ejus
2948 2028 3134 2068 curam
3173 2011 3394 2066 minime
3419 2007 3674 2064 noscitur
3703 2005 3824 2072 pertia

2268 2127 2420 2178 nere,
2451 2112 2518 2165 ad
2541 2110 2774 2178 aliquem
2797 2105 3186 2170 ordinandum;
3218 2116 3390 2173 neque
3408 2101 3749 2172 presbyteros
3762 2097 3824 2153 vel

2268 2203 2525 2259 diaconos
2568 2201 2902 2258 constituere
2931 2200 2998 2254 ad
3025 2199 3160 2253 alios
3188 2195 3472 2267 episcopos
3503 2196 3824 2265 pertinentes,

2268 2297 2372 2353 nisi
2414 2297 2550 2352 I'orte
2591 2310 2710 2350 cum
2743 2292 2972 2348 consilio
3003 2291 3031 2328 ιι
3065 2289 3266 2360 proprii
3309 2287 3551 2358 episcopi
3604 2283 3823 2354 regionis.

2269 2390 2423 2459 Quod
2465 2390 2512 2446 si
2541 2390 2808 2459 quispiam
2842 2387 3032 2442 borum
3057 2383 3256 2454 aliquid
3287 2384 3487 2437 audere
3509 2379 3752 2440 voluerit,
3773 2376 3825 2430 ir-

2268 2485 2373 2540 rita
2403 2484 2507 2538 erit
2531 2480 2838 2552 hujusmodi
2861 2479 3149 2544 ordinatio,
3179 2485 3234 2533 et
3258 2475 3304 2531 is
3342 2477 3431 2546 qui
3458 2473 3604 2530 male
3633 2485 3826 2541 usurpa-

2269 2578 2428 2645 verit,
2461 2591 2490 2629 a
2521 2574 2732 2646 synodo
2767 2581 3020 2643 arguetur
3058 2570 3102 2624 1.

2344 2668 2532 2725 XXIII.
2558 2677 2596 2704 ω
2625 2667 2890 2737 Episcopo
2920 2681 3026 2720 non
3058 2664 3184 2720 licet
3213 2673 3465 2733 tanquam
3489 2671 3826 2717 successorem

2272 2761 2374 2816 sibi
2399 2759 2636 2815 futurum
2665 2759 2998 2814 constituere
3044 2757 3295 2822 alterum,
3339 2753 3590 2823 quamvis
3613 2753 3748 2810 circa
3767 2751 3827 2805 vi-

2271 2856 2466 2910 ciniam
2499 2854 2688 2910 mortis
2711 2853 2992 2908 habeatur.
3021 2851 3175 2919 Quod
3198 2850 3245 2905 si
3278 2850 3385 2906 tale
3415 2849 3620 2918 aliquid
3659 2848 3825 2903 factum

2273 2949 2456 3018 fuerit,
2490 2949 2640 3004 irrita
2668 2949 2738 3004 sit
2768 2947 3074 3018 huiusmodi
3097 2947 3386 3002 ordinatio.
3414 2943 3686 3000 Custodiri
3711 2943 3826 2999 enim

2273 3050 2487 3113 oportet
2507 3041 2874 3098 ecclesiastica
2899 3043 3212 3104 constituta,
3237 3054 3354 3110 qua:
3383 3039 3456 3094 ita
3477 3052 3539 3094 se
3558 3037 3826 3099 continent.

2273 3149 2380 3191 non
2408 3149 2567 3204 posse
2596 3135 2912 3204 episeOpum
2938 3142 2966 3169 ιι
2986 3133 3144 3189 aliter
3173 3133 3309 3202 tieri,
3334 3132 3437 3188 nisi
3469 3133 3524 3187 in
3552 3132 3767 3187 corcilio
3785 3138 3826 3185 et

2275 3242 2397 3282 cum
2421 3241 2685 3282 consensu
2715 3228 3096 3296 episc0porum
3120 3241 3308 3280 eorum
3335 3226 3594 3280 duntaxat
3624 3226 3705 3294 qui
3729 3230 3825 3294 post

587 3349 730 3390 anno
755 3348 852 3405 per
879 3332 1114 3403 singulas
1143 3327 1443 3400 provincias
1473 3327 1846 3395 episcoporum
1883 3320 2166 3376 concilium
2197 3309 2245 3374 C
2274 3318 2476 3374 obitum
2507 3319 2624 3387 ejus
2651 3320 2739 3388 qui
2767 3318 3044 3389 prmcessit
3071 3316 3356 3372 habuerint
3375 3326 3690 3388 potestatem
3719 3329 3821 3371 eum

586 3427 700 3481 lieri
729 3443 740 3479 :
777 3423 796 3464 ι
814 3425 988 3496 primo
1014 3421 1229 3494 quidem
1264 3430 1386 3491 post
1414 3419 1625 3474 tertiam
1657 3413 2044 3472 hebdomadam
2075 3423 2172 3480 pa-

585 3517 786 3576 schalis
822 3516 1164 3580 festivitatis;
1195 3516 1351 3570 itaut
1379 3513 1434 3568 in
1456 3518 1643 3582 quarta
1686 3503 2168 3572 hebdomada,quas

583 3611 947 3680 consequitur,
998 3608 1048 3663 id
1095 3617 1212 3675 est,
1245 3605 1438 3662 mediae
1485 3605 1851 3665 Pentecostes,
1882 3599 2168 3655 concilium

585 3703 940 3772 compleatur.
991 3704 1329 3758 Admoneant
1373 3710 1549 3754 autem
1583 3696 1933 3766 provinciales
1961 3693 2170 3762 episco-

583 3810 679 3865 pos
704 3797 755 3851 hi
779 3799 866 3868 qui
895 3798 946 3851 in
972 3796 1320 3866 amplioribus
1341 3791 1733 3859 civitatibus,id
1762 3799 1865 3856 est,
1892 3789 1944 3843 in
1969 3797 2169 3844 metro-

582 3887 836 3957 politanis
861 3888 1081 3958 degunt.
1121 3881 1425 3944 Secundum
1465 3899 1595 3939 vero
1644 3881 1930 3937 concilium
1981 3878 2166 3934 idibus

583 3977 831 4036 Octobris
869 3980 1151 4047 habeatur,
1182 3981 1270 4051 qui
1317 3979 1431 4034 dies
1453 3976 1611 4050 43],
1644 3976 1784 4048 apud
1817 3973 2034 4029 Grmcos
2060 3973 2158 4043 hy-

583 4164 744 4238 Vind.
773 4174 828 4222 et
851 4166 1114 4238 vulgatam
1137 4166 1234 4234 Is.,
1267 4180 1335 4222 eo
1365 4163 1508 4234 quod
1537 4163 1699 4219 etiam
1744 4159 2049 4219 Ferrandus
2077 4160 2161 4217 tit.

582 4237 687 4296 144
711 4239 993 4308 plenariam
1017 4240 1228 4309 legerit.

652 4318 681 4347 ει
711 4305 896 4378 Vind.,
944 4310 1035 4365 sibi
1070 4305 1429 4364 'commissam.
1473 4306 1594 4361 Mox
1640 4305 1996 4378 episcoporum
2043 4319 2163 4362 cum

580 4381 832 4438 omnibus
857 4377 1053 4437 nostris
1073 4381 1232 4437 codd.
1254 4393 1307 4436 et
1338 4379 1481 4451 vulg.
1508 4378 1576 4433 Is.
1604 4377 1947 4434 inseruimus.

652 4452 679 4492 δ
700 4453 838 4509 Cod.
872 4452 1052 4520 Vind.,
1085 4453 1384 4523 constitutus
1408 4453 1598 4523 fuerat.

657 4535 677 4562 ε
707 4523 862 4594 Vulg.
897 4517 1176 4580 Isid.'cum
1209 4539 1311 4579 ms.
1336 4517 1521 4588 Vind.,
1569 4521 1863 4594 episcopum
1902 4534 2003 4594 non
2029 4517 2168 4594 ordi-

584 4591 833 4650 nandum:
877 4595 1058 4666 Dein.,
1107 4595 1485 4666 metropolitani
1535 4592 1807 4666 provinciis
1854 4591 2168 4666 scripsimus

583 4682 701 4721 cum
729 4681 859 4720 mss.
887 4660 1052 4720 Vind.
1076 4677 1130 4722 et
1148 4660 1349 4721 Veron.
1382 4666 1494 4728 AL,
1519 4660 1898 4730 metropolitani
1919 4660 2167 4732 episcopi.

654 4734 680 4773 ά
699 4737 902 4803 Quesn.
919 4737 1066 4792 addit
1085 4753 1365 4791 censemus.
1388 4735 1697 4791 Delevimus
1713 4747 1833 4788 cum
1858 4730 2167 4803 mss._Vind.

581 4818 634 4865 et
664 4800 893 4873 Vérou.,
921 4810 1258 4880 atquevulg.
1294 4809 1362 4862 ls.
1392 4809 1539 4880 Mox“
1557 4805 1695 4860 idem
1740 4805 1940 4880 Quesn.
1973 4800 2172 4880 delevit

586 4881 756 4945 etiam,
789 4888 843 4934 et
893 4873 1012 4948 pro‘
1031 4873 1308 4934 celebrétur
1335 4876 1568 4946 praetulit
1599 4876 1944 4946 compleatur,
1971 4873 2169 4929 nostris

584 4952 743 5007 codd.
777 4959 834 5005 et
860 4951 1001 5021 vulg.
1035 4949 1472 5019 repugnantibus.

657 5032 680 5059 ε
709 5021 866 5090 Vulg.
899 5021 992 5082 ls..
1027 5037 1230 5076 causas.

658 5091 677 5130 ί
711 5087 947 5148 δίοὶοό.
976 5091 1138 5148 Vind.
1168 5091 1282 5159 AL,
1323 5089 1499 5146 semel.
1529 5088 1662 5144 Dein
1699 5087 1848 5157 vulg.
1876 5087 1972 5153 Is.,
2011 5087 2083 5159 ita
2113 5096 2168 5142 ut

581 5167 838 5231 inquarla
883 5165 1169 5235 septimana
1211 5157 1848 5235 sa'nctihPasclueper/ici
1894 5157 2169 5212 concilium

583 5237 764 5300 possit,
795 5231 1099 5288 convocante
1138 5231 1530 5300 metropolitano
1576 5232 1811 5299 episcOpo
1856 5245 2026 5283 omnes
2051 5247 2171 5301 pro-

578 5309 756 5377 vincia:
775 5306 1056 5377 episcopos.
1089 5305 1327 5377 Secundo
1350 5313 1536 5377 autent
1545 5303 1818 5356 concilium
1839 5302 1951 5369 ﬁeri
1975 5301 2164 5366 idibus,

579 5387 684 5431 etc.
715 5374 1042 5445 Scripsiuius
1072 5376 1125 5429 id
1162 5390 1234 5430 est
1271 5374 1447 5429 mediis
1499 5374 1822 5428 Pentecostes
1862 5387 1982 5426 cum
2005 5387 2163 5445 “mss.

581 5446 769 5513 Vind.,
802 5443 1010 5502 Thuan.
1036 5456 1091 5503 et
1123 5447 1317 5502 Veron.
1348 5445 1689 5513 Quesuellus,
1721 5445 1775 5497 id
1803 5454 1876 5498 est
1902 5443 2068 5497 media
2096 5445 2165 5496 ad

583 5517 949 5572 Pentecostem.

657 5599 682 5636 ε
714 5587 870 5660 Vulg.
908 5589 1000 5652 ls.,
1032 5589 1257 5644 decimus
1277 5588 1483 5657 quintus
1513 5587 1796 5660 invenitur:
1821 5586 1893 5638 ita
1921 5594 1973 5637 ut
2005 5585 2057 5638 iu
2084 5583 2163 5660 his

585 5654 1114 5732 conciliis'procedant
1146 5654 1315 5732 omnes
1336 5659 1634 5732 presbyteri,
1667 5658 1906 5732 diaconos
1948 5667 1996 5710 et
2042 5654 2167 5708 reli-

585 5731 704 5799 qui,
735 5729 903 5798 quise
946 5731 1090 5786 ltesos
1119 5731 1289 5785 dicunt
1313 5729 1418 5798 ,'ut
1459 5732 1513 5785 in
1541 5729 1757 5782 concilio
1785 5743 1960 5799 eorum
2007 5742 2166 5799 causa

588 5797 897 5867 examinata,
923 5803 989 5854 ad
1020 5803 1241 5855 debitum
1253 5797 1510 5872 judicium
1540 5803 1852 5872 perueniant.
1888 5797 1999 5852 Nec
2018 5798 2166 5850 liceat

589 5872 683 5925 ulli
702 5875 902 5951 proprie
922 5876 1056 5942 apud
1077 5871 1393 5951 semetipsum
1415 5873 1686 5927 concilium
1706 5871 1957 5926 celebrare
1979 5877 2162 5942 prater

589 5958 672 5997 cos
697 5945 877 6004 quibus
904 5945 1204 6014 metropoles
1234 5945 1437 6000 credita:
1462 5953 1597 5999 sunt.

2194 4986 2248 5047 D

2277 3413 2366 3484 qui
2387 3412 2580 3483 dignus
2612 3411 2773 3468 fuerit
2798 3411 3145 3483 provehendi.

2345 3507 2506 3580 432
2533 3506 2725 3562 XXIV.
2755 3506 3100 3576 Quaecunque
3119 3521 3208 3561 res
3241 3507 3504 3563 Ecclesiae
3530 3514 3647 3562 sunt
3669 3543 3683 3571 ,
3712 3505 3826 3559 bene

2273 3601 2474 3657 debent
2493 3616 2614 3656 cum
2639 3603 2783 3655 omni
2803 3601 3079 3670 diligentia
3109 3610 3165 3656 et
3197 3601 3333 3655 bona
3377 3601 3481 3656 lide
3507 3599 3723 3656 servari:
3746 3599 3824 3652 illa

2273 3694 2480 3750 scilicet
2506 3694 2610 3749 Iide
2632 3710 2750 3765 qua:
2781 3695 2888 3749 Deo
2918 3703 2943 3730 ο
2968 3704 3215 3751 servatur
3243 3695 3422 3750 omnia
3460 3693 3733 3766 providenti
3751 3701 3825 3746 at-

2271 3803 2376 3857 que
2401 3787 2681 3858 judicanti.
2728 3789 2964 3859 Quaeque
3013 3791 3302 3860 gubernari
3351 3799 3514 3861 atque
3560 3788 3822 3859 dispensari

2273 3889 2488 3952 oportet
2529 3897 2647 3937 cum
2678 3880 2878 3951 judicio
2906 3891 2961 3936 et
2991 3891 3256 3951 potestate
3301 3883 3561 3952 episcopi,
3581 3882 3659 3936 cui
3687 3880 3822 3934 totius

2267 3972 2443 4044 plebis
2461 3974 2654 4029 animm
2680 3974 2933 4029 videntur
2961 3989 3082 4030 esse
3109 3974 3433 4030 commissae.
3467 3975 3725 4030 Manifesta
3741 3985 3820 4024 au-

2345 4160 2526 4234 PCod.
2550 4163 2751 4218 Veron.
2791 4178 2911 4218 cum
2958 4162 3100 4233 vulg.
3143 4161 3291 4228 lsid.,
3335 4160 3704 4234 EpiscOpum...
3733 4177 3817 4214 non

2270 4232 2448 4288 debere
2473 4237 2710 4290 transire.
3061 4232 3068 4233 ί
3533 4232 3540 4234 ⁷
3695 4284 3705 4298 ,

2349 4303 2365 4341 ί
2406 4307 2475 4359 Ita
2504 4308 2669 4360 nostri
2689 4306 2846 4360 codd.
2871 4316 2925 4360 et
2945 4305 3087 4374 vnlg.
3120 4304 3182 4359 Is.
3211 4305 3366 4359 Solus
3384 4305 3606 4372 Quesu.,
3631 4303 3817 4375 urgueri

2270 4375 2364 4428 sibi
2395 4379 2546 4430 etiam
2577 4379 2638 4431 ab
2665 4379 2914 4448 episcOpis
2953 4379 3046 4430 hoc
3072 4377 3384 4442 suadentur;
3416 4390 3470 4432 et
3509 4388 3681 4447 postea
3696 4374 3814 4430 Solus

2271 4448 2450 4526 omisit
2480 4448 2595 4514 Dei,
2629 4465 2689 4503 ac
2715 4459 2851 4526 post
2879 4448 3056 4526 debere
3079 4448 3534 4526 addiditoiiortet.

2281 4589 2291 4600 .
2348 4517 2360 4568 i
2399 4516 2753 4600 Veronacod.
2773 4522 3062 4600 eui-nvulg.
3095 4519 3184 4600 Is.)
3209 4520 3519 4600 Episcopum
3550 4535 3646 4600 non
3672 4516 3815 4570 debere

2274 4589 2468 4642 irruere
2493 4591 2544 4642 in
2571 4591 2792 4644 alienant
2815 4592 3086 4644 civitatem.
3123 4591 3240 4644 Mox
3271 4592 3413 4644 idem
3447 4592 3590 4661 vulg.
3623 4589 3815 4658 ls.,qit¢

2273 4661 2353 4731 illi
2383 4661 2623 4731 probatur
2654 4679 2755 4715 non
2797 4679 2903 4716 esse
2931 4661 3176 4731 subjecta.

2343 4729 2369 4768 ¹ί
2395 4730 2548 4800 Vulg.
2583 4734 2648 4787 Is.
2679 4733 2888 4788 additct
2920 4729 3193 4785 voluntate.
3223 4731 3352 4785 Dcin
3374 4733 3588 4785 voluerit
3614 4745 3719 4784 cum
3742 4741 3816 4781 no-

2275 4803 2400 4856 stris
2431 4803 2588 4856 codd.
2616 4812 2669 4853 i-t
2700 4805 2840 4866 vnlg.
2881 4805 3224 4870 scripsimus:
3259 4803 3397 4872 apud
3431 4804 3654 4870 Quesu.,
3680 4810 3814 4853 tenta-

2273 4874 2414 4926 verit.
2449 4877 2568 4928 Mox
2599 4875 2795 4929 Veron.
2826 4882 2879 4928 et
2908 4875 3073 4942 vulg.,
3103 4875 3250 4926 irrita
3268 4877 3472 4940 quidem
3494 4876 3608 4927 erit.

2352 4942 2368 4981 1
2404 4944 2560 5015 Vulg.
2587 4946 2652 4998 ls.
2688 4946 2862 5000 addit:
2902 4945 3040 4997 Nam
3088 4946 3130 4997 si
3166 4945 3407 4998 ordinare
3450 4962 3552 4998 non
3597 4942 3814 5010 potuerit,

2274 5016 2570 5070 nullatenus
2623 5018 2833 5070 alterius
2871 5015 3238 5087 parocliianum
3271 5017 3514 5087 judicare
3562 5020 3814 5087 praesumat.

2275 5087 2486 5156 Aliquid
2514 5089 2687 5140 simile
2717 5081 3141 5142 estin'vcrsiotie
3172 5081 3405 5158 Dionysii
3426 5081 3631 5154 Exigui,
3655 5081 3816 5151 aliquid

2273 5159 2433 5213 etiam
2467 5157 2518 5211 in
2547 5158 2761 5222 Prisca;
2797 5159 2926 5212 nihil
2955 5165 3132 5211 autem
3163 5159 3212 5211 in
3237 5157 3447 5220 Graeco,
3470 5159 3631 5212 uecin
3656 5166 3816 5209 nostris

2275 5229 2548 5310 codicibus
2571 5229 2728 5285 Vind.
2763 5238 2817 5284 et
2849 5229 3072 5292 \‘eron.,
3101 5231 3188 5298 qui
3217 5229 3564 5284 lsidorianain
3596 5236 3817 5294 interpre-

2277 5308 2534 5354 tationem
2562 5310 2969 5368 reprazsenluul.

2345 5380 2384 5407 ιη
2418 5361 2792 5436 Veron.'cod.,
2822 5372 3134 5442 Episcopum
3164 5387 3264 5424 non
3307 5370 3486 5426 licere.
3516 5369 3664 5438 Vulg.
3696 5361 3818 5442 Isid,

2275 5441 2558 5511 Episcopus
2583 5460 2681 5496 nou
2714 5435 2883 5498 licere.
2929 5435 3048 5498 Mo'x
3093 5442 3292 5508 Quesn.
3324 5443 3506 5498 omisit
3532 5435 3678 5511 voces
3703 5435 3820 5506 [ιλιι-

2183 5571 2186 5574 .
2275 5509 2418 5578 ram,
2465 5509 2518 5567 et
2553 5516 2797 5577 alterum,
2833 5529 2967 5583 quas
2998 5529 3065 5567 ex
3117 5514 3314 5568 nostris
3362 5528 3493 5567 mss.
3525 5521 3578 5567 et
3601 5509 3818 5564 Thuaueo

2269 5584 2563 5651 QuesneIIi,
2595 5601 2692 5640 nec
2722 5601 2826 5640 non
2857 5602 2924 5640 ex
2955 5584 3102 5653 vnlg.
3129 5584 3196 5638 ls.
3230 5587 3615 5639 rerocavimus.

2341 5664 2368 5690 η
2395 5654 2552 5709 Vind.
2580 5671 2709 5725 ms.,
2742 5657 2960 5710 alterum
2985 5655 3116 5722 ﬁeri.

2345 5734 2368 5759 ο
2394 5726 2535 5780 Idem
2559 5723 2706 5794 cod.,
2738 5729 2965 5781 debetur.
2987 5727 3118 5780 Dein
3141 5725 3286 5795 vulg.
3311 5723 3405 5792 ls.,
3424 5739 3520 5795 pro
3540 5727 3817 5795 quicqum?

2273 5798 2473 5852 bernari
2506 5785 2705 5853 melius
2719 5816 2902 5869 easque
2950 5785 3403 5869 gubci'unrirblox'
3423 5785 3580 5869 voces
3602 5785 3736 5861 atque

2271 5869 2502 5951 spem-ari
2532 5879 2586 5922 et
2615 5872 2767 5925 totius
2799 5855 2864 5926 ex
2894 5855 3143 5925 omnibus
3190 5870 3384 5924 nostris
3428 5866 3580 5923 codd.
3614 5855 3671 5921 et
3695 5855 3816 5926 ωδε·

2275 5954 2614 5995 ιιιευῐωιηυε.
