3996 6344
225 303 327 363 715

691 300 925 362 CODEX
961 301 1293 363 CANONUM
1327 301 1612 363 ECCLES.
1654 303 1744 362 ΕΤ
1783 299 2362 367 CONSTITUTORUM
2401 306 2464 368 S.
2505 299 2698 370 SEDIS
2733 309 3071 372 APOS'I'OL.

3346 383 3353 389 .
3406 313 3510 374 7M

223 431 330 478 tem
360 426 579 491 oportet
601 433 723 478 esse
748 436 869 492 quae
899 407 1158 478 Ecclesiae
1175 430 1491 493 competunt
1511 430 1537 460 ι
1558 421 1658 478 sub
1687 435 1818 477 con-
1842 431 1895 494 Α
1922 429 1980 478 ιιι
2009 436 2106 492 per
2136 438 2322 479 eorum
2355 433 2618 480 secretam
2661 424 2991 496 diligentiam
3023 430 3206 482 caeteri
3250 429 3508 488 ecclesia-

221 514 448 572 scientia
476 529 665 572 eorum
695 515 1133 587 presbyterorum
1157 525 1213 572 et
1233 515 1606 582 diaconorum,
1634 514 1808 584 idest,

221 606 310 679 qui
345 606 494 662 circa
536 608 710 678 ipsum
745 615 904 674 sunt;
937 618 994 662 ut
1022 608 1123 678 ipsi
1155 622 1263 663 non
1291 607 1562 679 ignorent,
1591 623 1691 664 nec
1715 622 1813 664 eos

221 697 421 770 aliquid
448 699 612 755 lateat
641 713 826 756 eorum
851 715 973 771 quae
1002 708 1129 760 sunt
1158 699 1392 771 propria:
1437 699 1721 766 Ecclesiae;
1755 709 1814 755 ut

218 790 265 846 si
288 790 583 862 contigerit
605 790 916 862 episcOpum
939 806 1011 847 ex
1036 790 1136 847 hac
1158 791 1264 846 vita
1281 791 1529 861 migrare,
1553 806 1674 846 cum
1699 805 1812 846 ma-

219 883 434 941 nifesta
458 885 570 940 sint
590 892 648 940 et
671 893 812 941 nota:
833 901 921 941 res
940 885 1340 953 ecclesiasticae,
1365 900 1470 940 non
1490 884 1814 942 intercidant

220 985 386 1048 atque
415 977 738 1048 depereant.
764 978 873 1034 Sed
906 993 1006 1034 nec
1044 993 1132 1035 res
1156 979 1387 1050 propria:
1424 979 1662 1050 episcopi
1697 989 1813 1034 Ian-

219 1085 384 1142 quam
415 1070 688 1139 obnoxiae,
731 1085 910 1127 rerum
957 1072 1445 1128 ecclesiasticarum
1490 1071 1771 1128 occasione
1794 1111 1809 1138 ,

218 1164 385 1221 ullius
418 1165 695 1236 pulsentur
721 1163 938 1236 injuria,
959 1167 1084 1236 quia
1110 1165 1313 1236 justum
1339 1172 1396 1221 et
1420 1162 1448 1203 h
1478 1163 1708 1220 decibile
1731 1174 1814 1219 est

219 1257 364 1328 apud
402 1257 573 1314 Deum
595 1268 650 1314 et
679 1257 947 1322 homines,
978 1273 1100 1329 quae
1140 1257 1354 1328 propria
1384 1270 1504 1312 sunt
1533 1255 1806 1328 episcopi,

218 1352 420 1422 quibus
438 1352 556 1423 ipse
574 1351 815 1423 jusserit,
837 1351 1136 1424 derelinqui
1153 1369 1168 1420 ;
1187 1360 1242 1408 et
1262 1367 1381 1423 qua:
1405 1351 1660 1407 Ecclesiae
1687 1358 1814 1406 sunt

215 1442 325 1514 ipsi
353 1443 582 1498 servari.
620 1442 695 1498 Ita
722 1443 868 1498 enim
898 1442 1008 1510 ﬁet,
1053 1453 1077 1482 ε
1101 1452 1159 1498 ιιι
1183 1458 1283 1498 nec
1327 1442 1567 1498 Ecclesia
1616 1443 1812 1497 damno

215 1535 404 1607 aliquo
427 1535 716 1607 amigatur,
742 1550 846 1592 nec
872 1535 1158 1607 episcopus
1195 1536 1480 1592 occasione
1509 1550 1691 1592 rerum
1723 1550 1812 1592 ec-

214 1627 646 1685 clesiasticarum
696 1628 1098 1699 proscribatur,
1145 1642 1318 1698 neque
1364 1628 1694 1698 pertinentes
1742 1626 1810 1683 ad

211 1733 343 1776 eum
391 1735 587 1776 causas
632 1720 943 1788 incurrant,
983 1734 1091 1790 quo
1140 1728 1262 1790 post
1291 1729 1520 1776 mortem
1551 1721 1810 1777 memoria

210 1809 337 1881 ejus
357 1809 667 1867 maledictis
694 1810 960 1882 aliquibus
986 1821 1258 1866 oneretur.

289 1903 462 1960 XXV.
492 1903 819 1977 Episcopum
839 1901 867 1941 ά
891 1905 1091 1960 trahere
1111 1903 1596 1962 ecclesiasticarum
1625 1920 1808 1963 rerum

212 2004 570 2069 potestatem,
602 1995 671 2051 ad
695 1995 1110 2068 dispensandum
1152 1997 1403 2053 omnibus
1451 1998 1813 2070 indigentibus

210 2107 342 2150 cum
361 2093 513 2151 omni
541 2093 731 2150 timore
756 2101 812 2150 et
831 2096 1130 2151 reverentia
1167 2095 1281 2150 hei.
1305 2093 1482 2167 Ipsum
1504 2111 1716 2167 quoque
1743 2109 1810 2152 ex

208 2187 295 2243 eis
331 2177 612 2257 percipere
639 2196 799 2258 atque
827 2191 903 2242 uti
926 2187 1124 2244 debere
1164 2189 1356 2259 quibus
1394 2189 1626 2260 indiget,
1655 2189 1700 2245 si
1733 2198 1814 2245 ta-

209 2292 347 2334 men
386 2278 627 2349 indiget,
655 2279 740 2334 vel
766 2278 835 2336 ad
863 2294 988 2336 suas
1019 2281 1351 2336 necessarias
1394 2296 1682 2353 expensas,
1723 2283 1810 2338 vel

211 2371 449 2428 fratrum
477 2372 570 2443 qui
611 2373 751 2443 apud
779 2388 902 2429 eum
953 2373 1334 2443 hospitalitatis
1373 2377 1540 2446 gratia
1571 2390 1812 2431 commo-

209 2475 444 2521 rantur:
480 2475 540 2520 ut
567 2465 715 2521 nulla
743 2481 809 2521 ex
843 2474 994 2536 parte
1023 2481 1119 2537 per
1144 2467 1379 2538 inopiam
1399 2468 1809 2538 defraudentur,

208 2559 518 2616 secundum
549 2559 867 2632 Apostolum
914 2559 1226 2618 dicentem:
1273 2561 1531 2618 Habentes
1565 2574 1588 2601 ο
1624 2565 1814 2619 uictum

208 2653 589 2726 quotidianum
622 2663 670 2710 et
707 2663 1044 2726 tegumentum
1071 2655 1321 2726 corporis,
1367 2656 1446 2710 his
1475 2657 1696 2711 contenti
1719 2673 1813 2711 su-

209 2763 338 2802 mus
369 2746 416 2818 (I
441 2745 573 2801 Tim.
601 2761 672 2812 vi,
696 2746 786 2816 8):
814 2745 971 2813 Quod
999 2746 1047 2802 si
1074 2745 1137 2801 iis
1159 2747 1382 2803 minime
1417 2756 1704 2804 contentus
1731 2757 1814 2804 at-

208 2857 325 2915 que
345 2841 648 2912 sufﬁciens,
675 2843 966 2900 transferat
988 2844 1040 2899 in
1068 2844 1422 2902 necessitates
1445 2845 1606 2919 £33
1635 2847 1814 2904 dome-

209 2942 391 2998 sticas
417 2939 817 2996 ecclesiasticas
845 2955 956 3009 res,
989 2939 1074 2996 vel
1104 2942 1388 2998 commoda
1429 2942 1686 3012 quaelibet
1716 2943 1817 2999 Ec-

207 3032 427 3100 clesia,
461 3042 553 3088 aut
581 3047 834 3103 agrorum
886 3032 1378 3089 ecclesiasticorum
1426 3034 1653 3103 fructus,
1681 3035 1814 3092 citra

211 3127 612 3183 conscientiam
641 3125 1080 3198 presbyterorum
1111 3125 1131 3165 τ
1162 3137 1254 3183 aut
1295 3127 1647 3185 diaconorum
1675 3132 1815 3202 apud

1916 513 2036 569 stici
2081 514 2202 570 laedi
2251 516 2565 584 videantur;
2600 527 2625 565 Β
2653 524 2861 573 reatum
2895 518 3038 574 hunc
3066 520 3156 590 qui
3197 519 3508 590 hujusmodi

1915 613 2019 670 est,
2050 605 2190 673 apud
2221 609 2692 679 metropolitanum
2731 608 3029 680 provincia:
3061 620 3317 680 praestare
3344 613 3508 669 debe-

1916 696 2016 752 bit.
2047 694 2076 733 ¹ι
2101 697 2254 765 Quod
2284 699 2328 754 si
2358 711 2412 755 et
2438 701 2598 756 aliter
2635 702 3064 771 reprehendatur
3085 705 3394 776 episcopus,
3423 707 3508 765 vel

1916 790 1952 845 ii
2000 791 2090 860 qui
2121 807 2242 846 cum
2267 791 2385 862 ipso
2410 802 2535 849 sunt
2579 794 2912 868 presbyteri,
2963 813 3069 866 quo
3117 796 3358 864 dicatur,
3393 798 3508 854 hinc

1916 897 2036 952 qua:
2056 885 2123 937 ad
2154 883 2456 940 Eccleslam
2491 885 2790 955 pertinent,
2833 890 2947 942 sive
2978 889 3046 944 de
3072 890 3244 960 agris,
3276 891 3390 946 sive
3439 892 3509 948 de

1916 974 2035 1028 aliis
2056 975 2357 1047 quibusque
2377 979 2762 1036 ecclesiasticis
2784 983 2957 1035 causis
2984 996 3079 1036 eos
3105 982 3321 1039 sibimet
3345 1000 3507 1040 usur-

1916 1080 2083 1137 pare;
2129 1084 2393 1140 pauperes
2418 1085 2548 1127 vero
2577 1075 2898 1128 necessitate
2923 1075 3227 1142 et'renuria
3250 1080 3506 1146 opprimi,

1916 1169 2078 1231 atque
2098 1177 2164 1217 ex
2195 1164 2311 1233 ipso
2334 1180 2440 1220 non
2465 1165 2638 1220 solum
2662 1165 3046 1221 ecclesiasticae
3074 1169 3294 1234 ratioiii,
3319 1186 3505 1226 verum

1916 1253 2079 1307 etiam
2113 1254 2576 1326 dispensatoribus
2606 1257 2723 1328 ejus
2765 1257 3044 1314 maledicta
3071 1271 3124 1314 et
3154 1261 3508 1330 reprehensio

1915 1354 2246 1414 augeantur;
2282 1347 2380 1403 hos
2421 1349 2585 1418 igitur
2634 1349 3031 1418 correptionem
3057 1364 3270 1422 Oportet
3313 1358 3508 1415 mereri

1916 1449 2036 1504 qua:
2061 1439 2343 1505 condecet,
2377 1450 2560 1496 sancta
2583 1449 2941 1510 cognoscente
2969 1444 3198 1514 synodo.

1988 1528 2256 1587 Eusebius
2283 1531 2534 1587 omnibus
2569 1548 2689 1604 quin
2714 1533 3003 1589 constituta
3035 1545 3158 1590 sunt
3187 1535 3202 1572 ί
3239 1537 3291 1591 in
3323 1549 3508 1594 sancta

1916 1623 2125 1692 synodo
2152 1639 2390 1695 praesens
2423 1627 2704 1692 consensi;
2735 1626 3095 1695 Theodosius,
3132 1627 3364 1696 Nicetas,
3395 1631 3509 1689 Ma-

1915 1719 2196 1786 cedonius,
2219 1727 2276 1774 et
2294 1719 2477 1774 cateri
2502 1720 2873 1788 praenominati
2895 1724 3291 1778 consensimus.

2323 1855 2492 1928 434
2528 1854 2927 1914 CAPITULUM
2967 1859 3082 1915 LX.

1973 1974 1988 2025 l
2029 1971 2227 2045 Incipit
2253 1970 2535 2028 concilium
2559 1969 2820 2027 Laodicia
2850 1971 3098 2045 Phrygia
3124 1973 3451 2034 Pacatiante.

1985 2109 2183 2166 Sancta
2202 2109 2442 2180 synodus
2470 2107 2762 2165 secundum
2791 2107 3098 2163 Laodiciam
3128 2107 3376 2181 Phrygia:
3397 2110 3510 2166 Pa-

1913 2203 2140 2260 catiana:
2161 2211 2452 2257 convocata
2477 2217 2543 2256 ex
2566 2201 2800 2256 diversis
2823 2201 3119 2272 provinciis
3137 2203 3275 2256 Asia:
3300 2205 3512 2276 regulas

1916 2298 2168 2368 exposuit
2196 2295 2615 2361 ecclesiasticas,
2644 2295 2782 2350 sicut
2812 2294 2950 2350 intra
2973 2297 3232 2365 scriptum
3261 2305 3366 2352 est.

1988 2386 2030 2443 I.
2072 2387 2148 2442 De
2175 2401 2244 2444 eo
2284 2386 2427 2458 quod
2472 2394 2718 2457 oportet,
2765 2387 3062 2445 secundum
3091 2391 3514 2448 ecclesiasticum

1915 2499 2204 2556 canonem,
2230 2499 2326 2541 eos
2347 2485 2439 2556 qui
2463 2484 2631 2540 libere
2653 2495 2706 2541 et
2727 2485 2967 2556 legitime
2987 2483 3012 2523 ιι
3038 2487 3290 2542 secundis
3313 2488 3517 2558 nuptiis

1917 2577 2190 2650 conjuncti
2221 2587 2367 2644 sunt,
2400 2592 2503 2633 nec
2544 2577 2814 2632 occultam
2854 2577 3269 2648 permixtionem
3311 2579 3518 2649 operati

1918 2679 2064 2742 sunt,
2095 2685 2268 2742 pauco
2291 2680 2538 2742 tempore
2563 2681 2846 2742 exempto,
2878 2686 3074 2728 vacare
3101 2673 3438 2729 orationibus
3466 2683 3520 2730 et

1916 2763 2160 2836 jejuniis,
2188 2775 2244 2822 et
2271 2764 2574 2822 secundum
2613 2765 2825 2819 veniam
2867 2764 3021 2820 reddi
3061 2765 3139 2821 eis
3177 2766 3520 2821 communio-

1930 2876 2075 2916 nem.

1992 2954 2058 3010 II.
2097 2953 2195 3010 His
2221 2953 2318 3025 qui
2351 2952 2686 3010 diversorum
2726 2961 3070 3022 peccatorum
3112 2951 3298 3021 lapsus
3342 2951 3520 3006 incur-

1919 3055 2071 3114 runt,
2100 3055 2156 3101 et
2182 3045 2386 3102 instant
2406 3045 2658 3109 orationi,
2683 3042 3029 3110 confessioni,
3059 3039 3078 3079 ι
3103 3057 3166 3098 ac
3190 3041 3522 3112 poenitentia:

1922 3138 2186 3193 malorum
2232 3151 2479 3204 suorum,
2525 3134 2816 3207 perfectam
2859 3134 3270 3190 conversionem
3300 3135 3523 3191 demon-

209 3235 276 3280 se
304 3221 546 3293 redigat,
565 3229 621 3278 et
640 3220 948 3278 domesticis
974 3221 1109 3289 suis,
1135 3221 1221 3278 vel
1245 3222 1408 3278 etiam
1430 3222 1702 3293 afﬁnibus,
1725 3236 1818 3282 aut
1843 3213 1890 3278 C
1923 3240 2188 3299 sti-antes,
2238 3244 2337 3302 pro
2380 3229 2636 3301 qualitate
2678 3228 2883 3300 peccati
2932 3228 3268 3298 poenitentiae
3310 3237 3524 3298 tempus

209 3310 505 3383 intribns,
535 3324 626 3371 aut
652 3314 782 3370 ﬁliis
809 3327 996 3371 earum
1025 3328 1204 3371 rerum
1235 3314 1435 3372 tribuat
1462 3325 1810 3389 potestatem,

289 3485 322 3516 ι
347 3476 582 3553 Quesn.,
611 3478 936 3553 conscientia:
964 3481 1372 3552 presbyterorum
1386 3487 1436 3536 et
1461 3481 1820 3553 diaconorum,

211 3549 272 3606 id
292 3559 403 3626 est,
444 3549 532 3617 qui
575 3549 713 3626 circa
751 3550 1046 3626 episcopum
1073 3549 1221 3618 sunt,
1253 3561 1306 3606 ut
1337 3549 1825 3626 non_ignorentinec

211 3621 512 3692 quidquam
538 3636 622 3675 eos
646 3621 820 3689 lateat,
864 3630 972 3679 etc.
1005 3623 1230 3678 Nostros
1258 3622 1418 3678 codd.
1448 3621 1612 3682 Vind.
1640 3635 1695 3681 et
1723 3624 1828 3681 Ve-

212 3691 507 3763 rongcum
533 3694 674 3763 vulg.
704 3691 774 3746 Is.
797 3694 967 3750 secuti
1002 3709 1212 3751 sumus.

289 3761 323 3804 ι’
349 3761 513 3832 Vulg.
545 3761 645 3830 ls.,'
659 3774 919 3836 acceptum
937 3775 1032 3837 est.
1060 3766 1230 3821 Porro
1248 3765 1462 3822 decibile
1486 3782 1583 3837 pro
1605 3782 1671 3824 eo
1690 3768 1827 3837 quod

209 3837 374 3892 decet
417 3837 548 3908 oliui
577 3848 893 3908 usurpatum
921 3836 1243 3908 Quesnellus
1285 3836 1515 3895 notavit.
1550 3836 1828 3908 Dein’pro

212 3909 462 3977 iusserit,
490 3904 650 3979 Vind.
681 3904 843 3979 habet
860 3907 1196 3979 judicaverit.

294 3990 322 4018 ε
356 3984 430 4033 Ita
456 3978 627 4032 nostri
647 3977 806 4034 codd.
835 3977 890 4034 et
918 3979 1063 4050 vulg.
1093 3979 1162 4036 Is.
1197 3979 1350 4049 Apud
1379 3981 1606 4048 Quesn.,
1638 3989 1696 4036 ut
1725 3997 1830 4036 non

210 4047 550 4104 Ecclesia...
593 4050 951 4122 afﬂigantur...
984 4047 1146 4122 n'eque
1191 4047 1496 4121 pertinentes
1533 4053 1600 4106 ad
1630 4069 1747 4108 cum
1777 4054 1830 4107 in

212 4137 420 4176 causa:
448 4129 742 4176 occurrant.

278 4191 324 4232 d
381 4195 586 4266 Quesn.
625 4191 818 4266 inserit
858 4194 1110 4263 convenit,
1158 4193 1582 4266 repugnantibus
1631 4195 1832 4251 nostris

212 4279 370 4325 mss.
407 4273 463 4320 et
488 4265 632 4334 vulg.
659 4263 728 4320 Is.

295 4346 326 4376 ο
357 4334 591 4408 Queen.,
631 4337 824 4390 victum
864 4342 911 4390 et
950 4337 1472 4408 uestitumicorporis,
1497 4337 1577 4391 his
1610 4339 1834 4392 contenti

213 4409 423 4466 simus.
446 4406 756 4462 Lectiouem
780 4415 1089 4462 nostrorum
1117 4406 1385 4475 codicum,
1410 4408 1746 4476 etThuanei,
1770 4423 1835 4464 ac

212 4479 516 4551 7018a)!”
543 4481 866 4551 recepimus.

302 4548 352 4590 Γ
376 4550 537 4620 Vulg.
565 4549 640 4604 Is.
667 4548 724 4606 et
748 4548 909 4604 Vind.
940 4548 1126 4606 delent
1147 4564 1310 4606 voces
1341 4559 1430 4605 aut
1461 4550 1836 4618 diaconorum;

214 4634 365 4684 sunt
396 4631 580 4676 tamen
610 4622 665 4677 in
695 4621 817 4676 aliis
845 4621 1185 4677 versionibus
1215 4630 1268 4676 et
1296 4623 1346 4675 in
1369 4620 1579 4678 Graaco.

302 4705 333 4744 ε
382 4693 615 4760 Quesu.,
637 4708 816 4748 causas
841 4694 886 4765 is
913 4693 1001 4764 qui
1027 4692 1327 4765 hujusmodi
1349 4692 1616 4765 est,iapud
1643 4703 1836 4765 metro-

301 4768 533 4822 litanunt
557 4774 800 4834 praetore
821 4763 984 4819 debet.
1011 4763 1324 4820 Nostrorum
1345 4764 1590 4824 codicum
1615 4774 1666 4819 et
1690 4763 1832 4834 vulg.

301 4784 533 4822 tetanum
557 4784 800 4834 praelate
821 4784 984 4819 αευσι.
1011 4784 1324 4820 Ποδιῐοτιιῐιι
1345 4784 1590 4824 εοιιιειυη
1615 4784 1666 4819 ει
1690 4784 1751 4819 VU

216 4784 533 4899 ﬁtionem
566 4837 918 4907 prmtuIimus.
943 4835 1135 4907 Solum
1168 4835 1525 4907 Vind.~_l_ia_bet
1551 4834 1751 4890 debere.

303 4908 336 4949 ιι
383 4904 589 4977 ριιεεηζ
625 4906 711 4963 hic
749 4905 1436 4980 signavitnumerumjix
1453 4904 1549 4980 Vl,
1578 4921 1641 4961 ac
1673 4908 1716 4960 si
1746 4920 1837 4980 ca-

219 4999 348 5042 non
379 4988 530 5036 esset
555 4993 598 5050 ει
613 4977 935 5050 praecedenti
979 4978 1284 5050 distinctus.
1316 4977 1529 5032 Notavit
1573 4988 1748 5050 tamen
1781 4977 1835 5032 in

221 5071 352 5113 mar
364 5053 495 5133 gjne
517 5047 656 5133 κλεει-
663 5067 789 5133 pars
808 5050 1018 5133 canonis
1038 5049 1536 5133 precedentisapud
1577 5047 1839 5133 Indorum

220 5135 279 5184 et
326 5120 491 5179 alios.
535 5120 679 5181 Nulli
719 5135 850 5177 sane
904 5120 1070 5177 nostri
1110 5120 1324 5176 codices
1352 5120 1618 5186 dividunt,
1662 5135 1839 5188 neque

221 5199 425 5270 ipsum
457 5193 745 5270 exemplar
777 5191 932 5270 Vind.
971 5193 1127 5270 hujus
1163 5191 1518 5270 collectionis.
1562 5191 1839 5270 Quesnelli

220 5263 428 5326 intem
457 5263 746 5321 lectionem
781 5263 931 5330 Quod
954 5265 998 5318 si
1026 5265 1177 5318 aliter
1209 5263 1611 5333 reprehendatur
1637 5263 1836 5333 episco-

220 5357 366 5414 pus,
392 5336 470 5414 uel
491 5337 580 5408 qui
601 5335 738 5407 apud
760 5351 872 5414 eunt
895 5347 1042 5414 sunt,
1063 5333 1128 5414 ad
1153 5343 1367 5390 nostros
1386 5334 1600 5414 codices
1621 5347 1676 5388 et
1695 5333 1838 5414 vulg.

220 5405 564 5482 Exegiinus;
603 5405 815 5482 acnsub
839 5408 999 5461 linem
1031 5405 1190 5482 hujus
1219 5405 1441 5482 canonis
1463 5420 1528 5461 ex
1569 5406 1843 5460 communi

221 5477 571 5542 earumdem
601 5477 856 5548 suﬂ'ragio
887 5480 1211 5533 inseruimus
1232 5477 1411 5547 igitur.

318 5555 340 5592 ί
391 5550 570 5606 Voces
597 5551 652 5603 in
691 5546 871 5604 sancta
917 5551 1114 5620 synodo
1164 5546 1417 5603 omittunt
1464 5547 1634 5620 nostri
1678 5546 1838 5603 codd.

220 5626 413 5684 Vind.
439 5633 497 5677 et
515 5620 719 5676 Veron.
751 5620 920 5676 Porro
948 5619 1110 5676 Vind.
1138 5620 1558 5690 subscriptiones
1585 5619 1664 5674 sic
1685 5620 1839 5672 exlii-
1866 5670 1872 5676 .

217 5699 332 5756 bet
371 5713 387 5751 :
413 5693 689 5763 Eusebius,
716 5690 1011 5747 Theodorus
1037 5702 1082 5747 et
1103 5693 1291 5759 cwteri,
1313 5707 1528 5763 quarunt
1555 5691 1760 5763 nomina
1785 5691 1839 5743 in

220 5770 436 5828 Greece
453 5759 834 5838 jam'superius
872 5764 1197 5838 continentur
1220 5802 1235 5829 ,
1260 5759 1628 5838 consensimus.
1657 5761 1840 5838 Anien.

220 5840 402 5903 Finit
453 5832 731 5891 concilium
799 5834 1186 5892 Antiochenam.
1253 5832 1434 5890 COdI'X
1495 5843 1675 5890 autem
1732 5832 1841 5890 Ve-

540 5931 819 5994 Ρηιοι..
863 5929 1025 5994 LVI.

1921 3317 2266 3380 tribuenddm
2290 3334 2393 3390 est,
2418 3330 2474 3378 et
2499 3331 2722 3392 propter
2744 3320 3174 3375 misericordiam
3202 3319 3523 3376 bonitatem-

1930 3499 2052 3541 ron.
2083 3485 2161 3540 sic
2192 3502 2204 3537 :
2234 3483 2486 3538 Eusebius
2525 3481 2760 3536 omnibus
2786 3498 2902 3552 qua:
2937 3480 3214 3552 constituta
3240 3483 3361 3535 s'unt
3387 3495 3526 3552 pra:-

1929 3573 2045 3611 sens
2067 3558 2332 3621 consensi;
2359 3553 2678 3616 Theodorus,
2710 3551 2917 3617 Niceta,
2945 3551 3305 3615 Macedonius,
3332 3551 3529 3621 Anato-

1932 3626 2054 3692 lius,
2077 3620 2530 3690 Tarcodintantus,
2559 3623 2822 3694 Etherius,
2848 3624 3149 3694 Narcissus,
3172 3623 3409 3692 Alphius,
3429 3620 3526 3676 Ar-

1931 3700 2160 3766 chelaus,
2187 3697 2398 3763 Bassus,
2429 3693 2927 3766 Siricius,Esicius,
2958 3693 3265 3761 Mauricius,
3295 3693 3529 3747 Theodo-

1931 3769 2067 3835 sius,
2100 3765 2291 3835 Moscs,
2325 3767 2605 3833 Mucimus,
2635 3765 2879 3837 Magnus,
2911 3766 3158 3837 Agapiusi
3180 3775 3224 3817 et
3245 3766 3526 3837 _Agapius,

1934 3833 2181 3910 Magnus,
2209 3833 2400 3902 Encas,
2427 3838 2630 3892 Paulus
2657 3833 3026 3910 consensimus.
3055 3833 3320 3910 Vulg._ls.
3338 3833 3528 3891 eadem

1932 3905 2306 3981 episcoporum
2337 3912 2551 3965 nomina
2579 3919 2636 3965 et
2661 3909 2852 3965 eodem
2884 3909 3074 3981 ordine
3105 3905 3408 3981 praeferunt
3431 3920 3528 3981 _us-

1972 3974 2039 4037 ue
2080 3974 2145 4036 ad
2190 3980 2519 4047 Narcissum,
2565 3989 2684 4050 post
2727 3995 2884 4051 quem
2928 3974 3130 4033 addunt
3191 3974 3530 4042 Eustachius,

1972 3999 2039 4037 ue
2080 3997 2145 4036 an
2190 3997 2519 4047 narcissum,
2565 3997 2684 4050 pos:
2727 3997 2884 4051 quem
2928 3997 3130 4033 auuunt
3191 3997 3530 4042 nusracmus,

1932 3997 2214 4125 gisgchius,
2243 4053 2545 4116 Mauricius,
2572 4051 2775 4104 Paulus
2804 4062 2852 4125 et
2874 4051 3043 4105 cwteri
3073 4058 3460 4116 consenserunt,
3483 4058 3533 4102 et

1934 4124 2345 4196 subscripserunt
2375 4125 2582 4191 triginta
2613 4124 2860 4191 episcopi.

2011 4196 2024 4246 i
2085 4191 2178 4251 Est
2213 4212 2275 4250 ca
2303 4197 2480 4250 versio
2522 4195 2738 4264 antiqua
2771 4208 2892 4266 qum
2919 4191 3214 4266 Isidoriaua
3240 4191 3401 4257 volgo
3430 4206 3532 4258 ap-

1935 4267 2186 4338 pellatur.
2222 4267 2409 4338 Exstat
2433 4266 2488 4320 in
2517 4266 2678 4324 codd,
2715 4263 2872 4338 hujus
2896 4263 3255 4338 collectiqnis,
3288 4277 3390 4338 nec
3418 4277 3530 4338 non

1937 4331 1990 4393 in
2019 4338 2166 4407 Ilisp.
2194 4346 2249 4392 et
2269 4337 2417 4400 Isid.,
2443 4352 2507 4390 ac
2530 4331 2795 4402 praeterea
2820 4337 2879 4407 in
2895 4333 3000 4388 alia
3028 4331 3394 4407 vetustissima
3420 4332 3529 4387 col.

1937 4409 2060 4464 Vat.
2092 4402 2230 4464 1⁷542
2259 4423 2321 4462 ac
2348 4408 2401 4462 in
2431 4407 2640 4460 duobus
2671 4420 2800 4460 mss.
2840 4403 3038 4458 Veron.
3069 4403 3137 4457 55
3159 4413 3214 4458 et
3235 4402 3329 4470 58,
3353 4403 3423 4458 ita
3454 4412 3535 4458 ta-

1938 4495 2063 4536 men
2094 4488 2151 4534 nt
2178 4481 2229 4535 in
2262 4479 2363 4533 hoc
2392 4479 2581 4533 ultimo
2610 4477 2829 4545 codice,
2861 4477 2949 4541 qui
2982 4476 3204 4528 mutilus
3234 4484 3348 4540 est,
3382 4475 3531 4530 desi-

1939 4561 2031 4605 nat
2052 4553 2108 4606 in
2132 4565 2339 4605 canone
2368 4549 2454 4605 16.
2487 4548 2722 4602 Titulum
2753 4562 2818 4602 ex
2851 4545 3250 4601 Vindi-bonensi
3279 4547 3534 4615 exemplo

1939 4625 2322 4692 expressimus.
2348 4621 2574 4692 Quem”
2603 4615 2832 4673 Canones
2854 4617 3061 4671 concilii
3082 4617 3364 4692 secundum
3396 4616 3536 4671 Lao-

1939 4685 2127 4748 diciam
2151 4685 2397 4763 Phrygiis
2429 4685 2766 4763 Pat’dtianie;
2795 4700 3048 4763 nutatque
3080 4687 3133 4763 in
3160 4690 3402 4763 margine
3424 4702 3531 4763 _co-

1943 4765 2115 4820 dieem
2145 4758 2356 4820 Thoen.
2392 4763 2590 4818 habere
2616 4779 2628 4813 :
2652 4759 2915 4831 Incipiunt
2945 4758 3139 4831 regula:
3157 4776 3247 4812 seu
3273 4760 3534 4831 deﬁnitio-

1871 4805 1918 4866 ³
1944 4805 2356 4890 ἶιὲἳὲἷεᾶιὶἳιὲὀὶῖ
2378 4805 2675 4888 ἱᾶἕιῖἑοῖάηῖ
2687 4805 2960 4903 "iisin.
2976 4805 3330 4903 ίῖδῖιῐᾶιὲἇιῖιὶξ
3339 4805 3424 4903 Ei
3436 4805 3523 4883 id.

1946 4908 2120 4978 ipsum
2149 4907 2342 4978 legitur
2383 4908 2435 4960 in
2476 4921 2578 4961 ms.
2611 4900 2936 4978 VeronISs.
2957 4901 3058 4978 _De
3101 4910 3344 4969 tempore
3373 4900 3534 4968 hujus

1945 4973 2139 5050 synodi
2171 4973 2291 5034 vide
2314 4992 2433 5048 quae
2464 4975 2842 5033 constituimus
2873 4975 2925 5028 in
2957 4973 3209 5028 Tractatu
3239 4981 3377 5041 part.
3410 4986 3450 5036 ι,
3481 4985 3532 5026 c.

1946 5050 2140 5116 3,§I.

2019 5047 2057 5157 ἓ
2086 5053 2406 5188 διιθεηεηιις
2436 5133 2559 5174 cum
2590 5118 2733 5188 vulg.
2766 5116 2834 5172 Is.
2855 5157 2872 5183 ,
2903 5114 3124 5170 secundo
3165 5113 3360 5188 nuptiis
3404 5128 3534 5166 con-

1947 5191 2065 5246 nexi
2085 5186 2223 5246 sunt.
2245 5191 2566 5260 Scripsimus
2585 5186 2763 5245 autem
2793 5186 3257 5260 secundieuuptiis
3273 5199 3397 5260 cum
3421 5199 3538 5260 om-

1949 5251 2592 5334 nibusquatuor'nostris
2615 5261 2770 5315 codd.
2803 5258 2982 5323 Vind.,
3014 5251 3297 5334 Vahldﬂ
3317 5270 3380 5334 ac
3407 5256 3539 5308 duo-

1955 5333 2057 5389 bus
2080 5329 2279 5389 Ve'ron.
2310 5333 2422 5387 Duo
2455 5334 2664 5401 priores
2689 5338 3074 5401 suggesserunt
3104 5329 3367 5401 conjuncti
3388 5335 3536 5401 sunt.

1954 5405 2086 5460 Dein
2114 5399 2499 5476 permixtioneni
2528 5399 2859 5476 prmtulimus
2879 5415 3000 5455 cum
3023 5399 3274 5455 omnibus
3300 5399 3458 5450 codd.
3487 5408 3541 5452 et

1954 5473 2282 5550 vulgiApud
2313 5473 2542 5542 Quesn.,
2576 5473 3007 5550 contmixtionem.
3199 5548 3205 5550 _
3246 5539 3257 5550 .

2029 5537 2537 5616 1'Conjuncnonem'
2567 5561 2626 5597 ac
2659 5543 2985 5616 inseruimus
3029 5554 3149 5595 cum
3183 5537 3538 5616 _tribus_n_iss.

1951 5617 2073 5673 Vat.
2107 5630 2158 5672 et
2187 5608 2391 5673 duobus
2424 5615 2651 5682 Verou.,
2681 5617 2824 5684 vulg.
2855 5613 2926 5668 Is.
2954 5609 3347 5684 consentiente.
3377 5608 3543 5666 Iidem

1951 5691 2056 5744 duo
2078 5689 2235 5744 codd.
2271 5689 2470 5743 Veron.
2511 5700 2630 5740 cum
2659 5681 2804 5757 vulg'.
2833 5695 3020 5757 postea
3050 5681 3309 5738 omittunt
3337 5691 3384 5736 et
3417 5691 3546 5738 ante

1951 5770 2157 5834 propter
2184 5758 2608 5816 misericordiam.

2987 5922 3082 5984 23
