  <div class='ocr_page' id='page_1' title='image "/cluster/home/n/w/nwhite01/storage/ocr_20150623/56/hvd.32044015471600/369.png"; bbox 0 0 3996 6344; ppageno 0'>
   <div class='ocr_carea' id='block_1_1' title="bbox 529 343 643 403">
    <p class='ocr_par' dir='ltr' id='par_1_1' title="bbox 529 343 643 403">
     <span class='ocr_line' id='line_1_1' title="bbox 529 343 643 403; baseline -0.009 0"><span class='ocrx_word' id='word_1_1' title='bbox 529 343 643 403; x_wconf 75' lang='lat'><strong>727</strong></span> 
     </span>
    </p>
   </div>
   <div class='ocr_carea' id='block_1_2' title="bbox 1474 338 2867 398">
    <p class='ocr_par' dir='ltr' id='par_1_2' title="bbox 1474 338 2867 398">
     <span class='ocr_line' id='line_1_2' title="bbox 1474 338 2867 398; baseline -0.002 -2"><span class='ocrx_word' id='word_1_2' title='bbox 1474 339 1817 397; x_wconf 80' lang='lat' dir='ltr'><strong>APPENDIX</strong></span> <span class='ocrx_word' id='word_1_3' title='bbox 1856 340 1948 395; x_wconf 87' lang='lat' dir='ltr'><strong>AD</strong></span> <span class='ocrx_word' id='word_1_4' title='bbox 1986 338 2045 395; x_wconf 90' lang='lat' dir='ltr'><strong>S.</strong></span> <span class='ocrx_word' id='word_1_5' title='bbox 2086 338 2327 397; x_wconf 80' lang='lat' dir='ltr'><strong>LEONIS</strong></span> <span class='ocrx_word' id='word_1_6' title='bbox 2364 340 2580 398; x_wconf 81' lang='lat' dir='ltr'><strong>MAGNI</strong></span> <span class='ocrx_word' id='word_1_7' title='bbox 2618 340 2867 397; x_wconf 76' lang='lat' dir='ltr'><strong>OPERA.</strong></span> 
     </span>
    </p>
   </div>
   <div class='ocr_carea' id='block_1_3' title="bbox 3700 343 3796 401">
    <p class='ocr_par' dir='ltr' id='par_1_3' title="bbox 3700 343 3796 401">
     <span class='ocr_line' id='line_1_3' title="bbox 3700 343 3796 401; baseline 0.031 -3"><span class='ocrx_word' id='word_1_8' title='bbox 3700 343 3796 401; x_wconf 68' lang='lat'><strong>728</strong></span> 
     </span>
    </p>
   </div>
   <div class='ocr_carea' id='block_1_4' title="bbox 529 419 3794 528">
    <p class='ocr_par' dir='ltr' id='par_1_4' title="bbox 529 419 3794 528">
     <span class='ocr_line' id='line_1_4' title="bbox 529 419 3794 528; baseline 0 -11"><span class='ocrx_word' id='word_1_9' title='bbox 529 467 687 526; x_wconf 86' lang='lat' dir='ltr'><strong>tuta;</strong></span> <span class='ocrx_word' id='word_1_10' title='bbox 732 419 989 527; x_wconf 72' lang='lat' dir='ltr'><strong>scriptum</strong></span> <span class='ocrx_word' id='word_1_11' title='bbox 1025 463 1108 513; x_wconf 89' lang='lat' dir='ltr'><strong>est</strong></span> <span class='ocrx_word' id='word_1_12' title='bbox 1141 454 1281 511; x_wconf 92' lang='lat' dir='ltr'><strong>enim</strong></span> <span class='ocrx_word' id='word_1_13' title='bbox 1322 471 1335 509; x_wconf 91' lang='lat'><strong>:</strong></span> <span class='ocrx_word' id='word_1_14' title='bbox 1370 454 1515 509; x_wconf 88' lang='lat' dir='ltr'><strong>State</strong></span> <span class='ocrx_word' id='word_1_15' title='bbox 1550 464 1597 508; x_wconf 89' lang='lat' dir='ltr'><strong>et</strong></span> <span class='ocrx_word' id='word_1_16' title='bbox 1630 464 1787 509; x_wconf 90' lang='lat' dir='ltr'><strong>tenete</strong></span> <span class='ocrx_word' id='word_1_17' title='bbox 1820 454 2119 509; x_wconf 87' lang='lat' dir='ltr'><strong>traditiones</strong></span> <span class='ocrx_word' id='word_1_18' title='bbox 2142 456 2199 517; x_wconf 73' lang='grc' dir='ltr'><strong>Δ</strong></span> <span class='ocrx_word' id='word_1_19' title='bbox 2222 458 2400 528; x_wconf 86' lang='lat' dir='ltr'><strong>gulum</strong></span> <span class='ocrx_word' id='word_1_20' title='bbox 2429 458 2635 514; x_wconf 88' lang='lat' dir='ltr'><strong>militiae</strong></span> <span class='ocrx_word' id='word_1_21' title='bbox 2664 457 2939 515; x_wconf 66' lang='lat' dir='ltr'><strong>saecularis</strong></span> <span class='ocrx_word' id='word_1_22' title='bbox 2967 455 3233 524; x_wconf 83' lang='lat' dir='ltr'><strong>habuerit,</strong></span> <span class='ocrx_word' id='word_1_23' title='bbox 3267 457 3334 514; x_wconf 89' lang='lat' dir='ltr'><strong>ad</strong></span> <span class='ocrx_word' id='word_1_24' title='bbox 3361 458 3569 516; x_wconf 88' lang='lat' dir='ltr'><strong>clerum</strong></span> <span class='ocrx_word' id='word_1_25' title='bbox 3595 460 3794 519; x_wconf 85' lang='lat' dir='ltr'><strong>admitti</strong></span> 
     </span>
    </p>
   </div>
   <div class='ocr_carea' id='block_1_5' title="bbox 528 548 2116 620">
    <p class='ocr_par' dir='ltr' id='par_1_5' title="bbox 528 548 2116 620">
     <span class='ocr_line' id='line_1_5' title="bbox 528 548 2116 620; baseline -0.004 -10"><span class='ocrx_word' id='word_1_26' title='bbox 528 564 735 611; x_wconf 82' lang='lat' dir='ltr'><strong>nostras</strong></span> <span class='ocrx_word' id='word_1_27' title='bbox 761 555 866 607; x_wconf 79' lang='lat' dir='ltr'><strong>sive</strong></span> <span class='ocrx_word' id='word_1_28' title='bbox 891 568 980 619; x_wconf 83' lang='lat' dir='ltr'><strong>per</strong></span> <span class='ocrx_word' id='word_1_29' title='bbox 1009 550 1215 605; x_wconf 80' lang='lat' dir='ltr'><strong>uerbum</strong></span> <span class='ocrx_word' id='word_1_30' title='bbox 1246 550 1344 603; x_wconf 83' lang='lat' dir='ltr'><strong>sive</strong></span> <span class='ocrx_word' id='word_1_31' title='bbox 1373 565 1459 620; x_wconf 90' lang='lat' dir='ltr'><strong>per</strong></span> <span class='ocrx_word' id='word_1_32' title='bbox 1487 549 1752 619; x_wconf 88' lang='lat' dir='ltr'><strong>epistolam</strong></span> <span class='ocrx_word' id='word_1_33' title='bbox 1776 549 1844 620; x_wconf 89' lang='lat' dir='ltr'><strong>(ll</strong></span> <span class='ocrx_word' id='word_1_34' title='bbox 1873 548 2051 604; x_wconf 80' lang='lat' dir='ltr'><strong>Thess.</strong></span> <span class='ocrx_word' id='word_1_35' title='bbox 2079 566 2116 614; x_wconf 90' lang='lat' dir='ltr'><strong>t,</strong></span> 
     </span>
    </p>
   </div>
   <div class='ocr_carea' id='block_1_6' title="bbox 529 640 2120 717">
    <p class='ocr_par' dir='ltr' id='par_1_6' title="bbox 529 640 2120 717">
     <span class='ocr_line' id='line_1_6' title="bbox 529 640 2120 717; baseline -0.006 -13"><span class='ocrx_word' id='word_1_36' title='bbox 529 646 645 717; x_wconf 69' lang='lat' dir='ltr'><strong>id).</strong></span> <span class='ocrx_word' id='word_1_37' title='bbox 682 646 811 701; x_wconf 92' lang='lat' dir='ltr'><strong>Illud</strong></span> <span class='ocrx_word' id='word_1_38' title='bbox 840 652 986 699; x_wconf 85' lang='lat' dir='ltr'><strong>certe</strong></span> <span class='ocrx_word' id='word_1_39' title='bbox 1026 642 1186 698; x_wconf 91' lang='lat' dir='ltr'><strong>debet</strong></span> <span class='ocrx_word' id='word_1_40' title='bbox 1222 650 1457 696; x_wconf 77' lang='lat' dir='ltr'><strong>mentem</strong></span> <span class='ocrx_word' id='word_1_41' title='bbox 1486 649 1718 696; x_wconf 79' lang='lat' dir='ltr'><strong>vestram</strong></span> <span class='ocrx_word' id='word_1_42' title='bbox 1739 684 1753 707; x_wconf 94' lang='lat'><strong>,</strong></span> <span class='ocrx_word' id='word_1_43' title='bbox 1787 640 2120 697; x_wconf 75' lang='lat' dir='ltr'><strong>dilectissimi</strong></span> 
     </span>
    </p>
   </div>
   <div class='ocr_carea' id='block_1_7' title="bbox 526 734 2117 805">
    <p class='ocr_par' dir='ltr' id='par_1_7' title="bbox 526 734 2117 805">
     <span class='ocr_line' id='line_1_7' title="bbox 526 734 2117 805; baseline -0.004 -10"><span class='ocrx_word' id='word_1_44' title='bbox 526 740 743 805; x_wconf 77' lang='lat' dir='ltr'><strong>fratres,</strong></span> <span class='ocrx_word' id='word_1_45' title='bbox 773 736 1145 794; x_wconf 74' lang='lat' dir='ltr'><strong>vehementius</strong></span> <span class='ocrx_word' id='word_1_46' title='bbox 1173 746 1458 802; x_wconf 74' lang='lat' dir='ltr'><strong>excutere,</strong></span> <span class='ocrx_word' id='word_1_47' title='bbox 1489 743 1546 789; x_wconf 92' lang='lat' dir='ltr'><strong>ut</strong></span> <span class='ocrx_word' id='word_1_48' title='bbox 1576 734 1643 789; x_wconf 92' lang='lat' dir='ltr'><strong>ab</strong></span> <span class='ocrx_word' id='word_1_49' title='bbox 1674 734 1820 789; x_wconf 91' lang='lat' dir='ltr'><strong>omni</strong></span> <span class='ocrx_word' id='word_1_50' title='bbox 1858 734 1977 789; x_wconf 88' lang='lat' dir='ltr'><strong>labe</strong></span> <span class='ocrx_word' id='word_1_51' title='bbox 2015 750 2117 789; x_wconf 76' lang='lat' dir='ltr'><strong>ste-</strong></span> 
     </span>
    </p>
   </div>
   <div class='ocr_carea' id='block_1_8' title="bbox 530 826 2122 897">
    <p class='ocr_par' dir='ltr' id='par_1_8' title="bbox 530 826 2122 897">
     <span class='ocr_line' id='line_1_8' title="bbox 530 826 2122 897; baseline -0.003 -11"><span class='ocrx_word' id='word_1_52' title='bbox 530 832 636 886; x_wconf 90' lang='lat' dir='ltr'><strong>culi</strong></span> <span class='ocrx_word' id='word_1_53' title='bbox 672 830 824 885; x_wconf 77' lang='lat' dir='ltr'><strong>istius</strong></span> <span class='ocrx_word' id='word_1_54' title='bbox 860 828 1126 883; x_wconf 90' lang='lat' dir='ltr'><strong>immunes</strong></span> <span class='ocrx_word' id='word_1_55' title='bbox 1157 836 1182 864; x_wconf 79' lang='grc' dir='ltr'><strong>ει</strong></span> <span class='ocrx_word' id='word_1_56' title='bbox 1213 827 1280 881; x_wconf 93' lang='lat' dir='ltr'><strong>ad</strong></span> <span class='ocrx_word' id='word_1_57' title='bbox 1320 826 1419 882; x_wconf 85' lang='lat' dir='ltr'><strong>Dei</strong></span> <span class='ocrx_word' id='word_1_58' title='bbox 1455 838 1803 896; x_wconf 88' lang='lat' dir='ltr'><strong>conspectum</strong></span> <span class='ocrx_word' id='word_1_59' title='bbox 1839 826 2122 897; x_wconf 87' lang='lat' dir='ltr'><strong>securique</strong></span> 
     </span>
    </p>
   </div>
   <div class='ocr_carea' id='block_1_9' title="bbox 528 916 2123 989">
    <p class='ocr_par' dir='ltr' id='par_1_9' title="bbox 528 916 2123 989">
     <span class='ocr_line' id='line_1_9' title="bbox 528 916 2123 989; baseline -0.005 -10"><span class='ocrx_word' id='word_1_60' title='bbox 528 925 828 979; x_wconf 81' lang='lat' dir='ltr'><strong>veniamus.</strong></span> <span class='ocrx_word' id='word_1_61' title='bbox 859 922 971 976; x_wconf 86' lang='lat' dir='ltr'><strong>Non</strong></span> <span class='ocrx_word' id='word_1_62' title='bbox 1005 922 1148 976; x_wconf 91' lang='lat' dir='ltr'><strong>enim</strong></span> <span class='ocrx_word' id='word_1_63' title='bbox 1179 920 1380 975; x_wconf 88' lang='lat' dir='ltr'><strong>erimus</strong></span> <span class='ocrx_word' id='word_1_64' title='bbox 1415 920 1710 983; x_wconf 87' lang='lat' dir='ltr'><strong>immunes,</strong></span> <span class='ocrx_word' id='word_1_65' title='bbox 1737 916 1766 957; x_wconf 70' lang='grc' dir='ltr'>δ</span> <span class='ocrx_word' id='word_1_66' title='bbox 1793 918 1883 989; x_wconf 89' lang='lat' dir='ltr'><strong>qui</strong></span> <span class='ocrx_word' id='word_1_67' title='bbox 1921 932 2123 988; x_wconf 85' lang='lat' dir='ltr'><strong>praesu-</strong></span> 
     </span>
    </p>
   </div>
   <div class='ocr_carea' id='block_1_10' title="bbox 524 1010 2123 1085">
    <p class='ocr_par' dir='ltr' id='par_1_10' title="bbox 524 1010 2123 1085">
     <span class='ocr_line' id='line_1_10' title="bbox 524 1010 2123 1085; baseline -0.003 -15"><span class='ocrx_word' id='word_1_68' title='bbox 524 1030 649 1071; x_wconf 85' lang='lat' dir='ltr'><strong>mus</strong></span> <span class='ocrx_word' id='word_1_69' title='bbox 686 1014 963 1085; x_wconf 87' lang='lat' dir='ltr'><strong>plebibus,</strong></span> <span class='ocrx_word' id='word_1_70' title='bbox 1002 1027 1124 1069; x_wconf 91' lang='lat' dir='ltr'><strong>cum</strong></span> <span class='ocrx_word' id='word_1_71' title='bbox 1154 1013 1412 1081; x_wconf 88' lang='lat' dir='ltr'><strong>scriptum</strong></span> <span class='ocrx_word' id='word_1_72' title='bbox 1452 1012 1525 1067; x_wconf 94' lang='lat' dir='ltr'><strong>sit</strong></span> <span class='ocrx_word' id='word_1_73' title='bbox 1556 1029 1569 1065; x_wconf 90' lang='lat'><strong>:</strong></span> <span class='ocrx_word' id='word_1_74' title='bbox 1600 1010 1765 1083; x_wconf 65' lang='lat' dir='ltr'><strong>M9</strong></span> <span class='ocrx_word' id='word_1_75' title='bbox 1786 1010 1881 1065; x_wconf 84' lang='lat' dir='ltr'><strong>Cui</strong></span> <span class='ocrx_word' id='word_1_76' title='bbox 1909 1010 2123 1065; x_wconf 82' lang='lat' dir='ltr'><strong>multum</strong></span> 
     </span>
    </p>
   </div>
   <div class='ocr_carea' id='block_1_11' title="bbox 525 1101 2119 1178">
    <p class='ocr_par' dir='ltr' id='par_1_11' title="bbox 525 1101 2119 1178">
     <span class='ocr_line' id='line_1_11' title="bbox 525 1101 2119 1178; baseline -0.008 -14"><span class='ocrx_word' id='word_1_77' title='bbox 525 1109 775 1165; x_wconf 83' lang='lat' dir='ltr'><strong>creditum</strong></span> <span class='ocrx_word' id='word_1_78' title='bbox 795 1108 971 1178; x_wconf 74' lang='lat' dir='ltr'><strong>fuerit,</strong></span> <span class='ocrx_word' id='word_1_79' title='bbox 995 1106 1109 1177; x_wconf 84' lang='lat' dir='ltr'><strong>plus</strong></span> <span class='ocrx_word' id='word_1_80' title='bbox 1132 1106 1194 1160; x_wconf 86' lang='lat' dir='ltr'><strong>ab</strong></span> <span class='ocrx_word' id='word_1_81' title='bbox 1218 1104 1395 1159; x_wconf 89' lang='lat' dir='ltr'><strong>eodem</strong></span> <span class='ocrx_word' id='word_1_82' title='bbox 1415 1105 1689 1174; x_wconf 78' lang='lat' dir='ltr'><strong>requiritur</strong></span> <span class='ocrx_word' id='word_1_83' title='bbox 1710 1102 1861 1175; x_wconf 88' lang='lat' dir='ltr'><strong>(Luc.</strong></span> <span class='ocrx_word' id='word_1_84' title='bbox 1889 1118 1981 1168; x_wconf 86' lang='lat' dir='ltr'><strong>xtt,</strong></span> <span class='ocrx_word' id='word_1_85' title='bbox 2003 1101 2119 1173; x_wconf 77' lang='grc'><strong>48).</strong></span> 
     </span>
    </p>
   </div>
   <div class='ocr_carea' id='block_1_12' title="bbox 527 1195 2119 1273">
    <p class='ocr_par' dir='ltr' id='par_1_12' title="bbox 527 1195 2119 1273">
     <span class='ocr_line' id='line_1_12' title="bbox 527 1195 2119 1273; baseline -0.006 -15"><span class='ocrx_word' id='word_1_86' title='bbox 527 1202 673 1273; x_wconf 84' lang='lat' dir='ltr'><strong>Ergo</strong></span> <span class='ocrx_word' id='word_1_87' title='bbox 703 1202 958 1273; x_wconf 90' lang='lat' dir='ltr'><strong>quoniam</strong></span> <span class='ocrx_word' id='word_1_88' title='bbox 989 1214 1092 1254; x_wconf 92' lang='lat' dir='ltr'><strong>non</strong></span> <span class='ocrx_word' id='word_1_89' title='bbox 1123 1213 1221 1269; x_wconf 91' lang='lat' dir='ltr'><strong>pro</strong></span> <span class='ocrx_word' id='word_1_90' title='bbox 1251 1198 1410 1253; x_wconf 88' lang='lat' dir='ltr'><strong>nobis</strong></span> <span class='ocrx_word' id='word_1_91' title='bbox 1439 1205 1665 1262; x_wconf 87' lang='lat' dir='ltr'><strong>tantum,</strong></span> <span class='ocrx_word' id='word_1_92' title='bbox 1696 1195 1790 1250; x_wconf 88' lang='lat' dir='ltr'><strong>sed</strong></span> <span class='ocrx_word' id='word_1_93' title='bbox 1820 1202 1875 1250; x_wconf 90' lang='lat' dir='ltr'><strong>et</strong></span> <span class='ocrx_word' id='word_1_94' title='bbox 1901 1210 1996 1265; x_wconf 90' lang='lat' dir='ltr'><strong>pro</strong></span> <span class='ocrx_word' id='word_1_95' title='bbox 2022 1208 2119 1264; x_wconf 88' lang='lat' dir='ltr'><strong>po-</strong></span> 
     </span>
    </p>
   </div>
   <div class='ocr_carea' id='block_1_13' title="bbox 524 1288 2123 1365">
    <p class='ocr_par' dir='ltr' id='par_1_13' title="bbox 524 1288 2123 1365">
     <span class='ocr_line' id='line_1_13' title="bbox 524 1288 2123 1365; baseline -0.005 -14"><span class='ocrx_word' id='word_1_96' title='bbox 524 1295 652 1365; x_wconf 90' lang='lat' dir='ltr'><strong>pqu</strong></span> <span class='ocrx_word' id='word_1_97' title='bbox 683 1294 888 1350; x_wconf 91' lang='lat' dir='ltr'><strong>credito</strong></span> <span class='ocrx_word' id='word_1_98' title='bbox 921 1293 1163 1363; x_wconf 83' lang='lat' dir='ltr'><strong>cogimur</strong></span> <span class='ocrx_word' id='word_1_99' title='bbox 1193 1303 1213 1331; x_wconf 81' lang='grc' dir='ltr'><strong>ο</strong></span> <span class='ocrx_word' id='word_1_100' title='bbox 1258 1301 1513 1360; x_wconf 66' lang='lat' dir='ltr'><strong>praestare</strong></span> <span class='ocrx_word' id='word_1_101' title='bbox 1542 1289 1835 1356; x_wconf 90' lang='lat' dir='ltr'><strong>rationem,</strong></span> <span class='ocrx_word' id='word_1_102' title='bbox 1870 1288 2123 1358; x_wconf 88' lang='lat' dir='ltr'><strong>populum</strong></span> 
     </span>
    </p>
   </div>
   <div class='ocr_carea' id='block_1_14' title="bbox 526 1380 2126 1456">
    <p class='ocr_par' dir='ltr' id='par_1_14' title="bbox 526 1380 2126 1456">
     <span class='ocr_line' id='line_1_14' title="bbox 526 1380 2126 1456; baseline -0.004 -15"><span class='ocrx_word' id='word_1_103' title='bbox 526 1386 810 1456; x_wconf 81' lang='lat' dir='ltr'><strong>disciplina</strong></span> <span class='ocrx_word' id='word_1_104' title='bbox 838 1386 1029 1441; x_wconf 87' lang='lat' dir='ltr'><strong>deilica</strong></span> <span class='ocrx_word' id='word_1_105' title='bbox 1058 1383 1315 1439; x_wconf 92' lang='lat' dir='ltr'><strong>humilem</strong></span> <span class='ocrx_word' id='word_1_106' title='bbox 1340 1380 1558 1437; x_wconf 90' lang='lat' dir='ltr'><strong>erudire</strong></span> <span class='ocrx_word' id='word_1_107' title='bbox 1582 1380 1860 1437; x_wconf 90' lang='lat' dir='ltr'><strong>debemus.</strong></span> <span class='ocrx_word' id='word_1_108' title='bbox 1896 1381 2126 1435; x_wconf 78' lang='lat' dir='ltr'><strong>Exstite-</strong></span> 
     </span>
    </p>
   </div>
   <div class='ocr_carea' id='block_1_15' title="bbox 525 1471 2124 1546">
    <p class='ocr_par' dir='ltr' id='par_1_15' title="bbox 525 1471 2124 1546">
     <span class='ocr_line' id='line_1_15' title="bbox 525 1471 2124 1546; baseline -0.003 -13"><span class='ocrx_word' id='word_1_109' title='bbox 525 1488 653 1533; x_wconf 89' lang='lat' dir='ltr'><strong>runt</strong></span> <span class='ocrx_word' id='word_1_110' title='bbox 682 1480 823 1533; x_wconf 90' lang='lat' dir='ltr'><strong>enim</strong></span> <span class='ocrx_word' id='word_1_111' title='bbox 858 1477 1100 1532; x_wconf 90' lang='lat' dir='ltr'><strong>nonnulli</strong></span> <span class='ocrx_word' id='word_1_112' title='bbox 1137 1477 1264 1546; x_wconf 90' lang='lat' dir='ltr'><strong>qui,</strong></span> <span class='ocrx_word' id='word_1_113' title='bbox 1295 1484 1493 1531; x_wconf 85' lang='lat' dir='ltr'><strong>statuta</strong></span> <span class='ocrx_word' id='word_1_114' title='bbox 1523 1474 1784 1543; x_wconf 87' lang='lat' dir='ltr'><strong>majorum</strong></span> <span class='ocrx_word' id='word_1_115' title='bbox 1827 1471 1855 1511; x_wconf 75' lang='grc' dir='ltr'><strong><em>ἀ</em></strong></span> <span class='ocrx_word' id='word_1_116' title='bbox 1893 1489 1997 1529; x_wconf 91' lang='lat' dir='ltr'><strong>non</strong></span> <span class='ocrx_word' id='word_1_117' title='bbox 2044 1484 2124 1529; x_wconf 89' lang='lat' dir='ltr'><strong>te-</strong></span> 
     </span>
    </p>
   </div>
   <div class='ocr_carea' id='block_1_16' title="bbox 528 1565 2126 1636">
    <p class='ocr_par' dir='ltr' id='par_1_16' title="bbox 528 1565 2126 1636">
     <span class='ocr_line' id='line_1_16' title="bbox 528 1565 2126 1636; baseline -0.004 -10"><span class='ocrx_word' id='word_1_118' title='bbox 528 1581 740 1636; x_wconf 89' lang='lat' dir='ltr'><strong>nentes,</strong></span> <span class='ocrx_word' id='word_1_119' title='bbox 776 1573 1077 1625; x_wconf 80' lang='lat' dir='ltr'><strong>cnstitatem</strong></span> <span class='ocrx_word' id='word_1_120' title='bbox 1109 1567 1367 1623; x_wconf 63' lang='lat' dir='ltr'><strong>Ecclesia</strong></span> <span class='ocrx_word' id='word_1_121' title='bbox 1389 1582 1484 1620; x_wconf 90' lang='lat' dir='ltr'><strong>sua</strong></span> <span class='ocrx_word' id='word_1_122' title='bbox 1516 1566 1931 1636; x_wconf 72' lang='lat' dir='ltr'><strong>praesumptione</strong></span> <span class='ocrx_word' id='word_1_123' title='bbox 1957 1565 2126 1620; x_wconf 86' lang='lat' dir='ltr'><strong>viola-</strong></span> 
     </span>
    </p>
   </div>
   <div class='ocr_carea' id='block_1_17' title="bbox 527 1658 2127 1733">
    <p class='ocr_par' dir='ltr' id='par_1_17' title="bbox 527 1658 2127 1733">
     <span class='ocr_line' id='line_1_17' title="bbox 527 1658 2127 1733; baseline -0.004 -14"><span class='ocrx_word' id='word_1_124' title='bbox 527 1674 687 1733; x_wconf 87' lang='lat' dir='ltr'><strong>runt,</strong></span> <span class='ocrx_word' id='word_1_125' title='bbox 722 1665 1051 1718; x_wconf 90' lang='lat' dir='ltr'><strong>voluntatem</strong></span> <span class='ocrx_word' id='word_1_126' title='bbox 1096 1661 1281 1731; x_wconf 88' lang='lat' dir='ltr'><strong>populi</strong></span> <span class='ocrx_word' id='word_1_127' title='bbox 1311 1670 1628 1730; x_wconf 87' lang='lat' dir='ltr'><strong>sequentes,</strong></span> <span class='ocrx_word' id='word_1_128' title='bbox 1655 1668 1710 1715; x_wconf 89' lang='lat' dir='ltr'><strong>et</strong></span> <span class='ocrx_word' id='word_1_129' title='bbox 1740 1659 1831 1713; x_wconf 75' lang='lat' dir='ltr'><strong>liei</strong></span> <span class='ocrx_word' id='word_1_130' title='bbox 1868 1658 2127 1725; x_wconf 88' lang='lat' dir='ltr'><strong>judicium</strong></span> 
     </span>
    </p>
   </div>
   <div class='ocr_carea' id='block_1_18' title="bbox 522 1746 2128 1825">
    <p class='ocr_par' dir='ltr' id='par_1_18' title="bbox 522 1746 2128 1825">
     <span class='ocr_line' id='line_1_18' title="bbox 522 1746 2128 1825; baseline -0.002 -14"><span class='ocrx_word' id='word_1_131' title='bbox 522 1746 638 1811; x_wconf 84' lang='lat' dir='ltr'><strong>non</strong></span> <span class='ocrx_word' id='word_1_132' title='bbox 672 1758 940 1811; x_wconf 84' lang='lat' dir='ltr'><strong>timentes.</strong></span> <span class='ocrx_word' id='word_1_133' title='bbox 975 1756 1117 1825; x_wconf 87' lang='lat' dir='ltr'><strong>Ergo</strong></span> <span class='ocrx_word' id='word_1_134' title='bbox 1154 1770 1222 1810; x_wconf 93' lang='lat' dir='ltr'><strong>ne</strong></span> <span class='ocrx_word' id='word_1_135' title='bbox 1252 1754 1366 1823; x_wconf 87' lang='lat' dir='ltr'><strong>pari</strong></span> <span class='ocrx_word' id='word_1_136' title='bbox 1403 1768 1555 1808; x_wconf 92' lang='lat' dir='ltr'><strong>more</strong></span> <span class='ocrx_word' id='word_1_137' title='bbox 1598 1753 1815 1808; x_wconf 88' lang='lat' dir='ltr'><strong>silentio</strong></span> <span class='ocrx_word' id='word_1_138' title='bbox 1841 1754 2128 1808; x_wconf 86' lang='lat' dir='ltr'><strong>connivere</strong></span> 
     </span>
    </p>
   </div>
   <div class='ocr_carea' id='block_1_19' title="bbox 2227 550 2540 607">
    <p class='ocr_par' dir='ltr' id='par_1_19' title="bbox 2227 550 2540 607">
     <span class='ocr_line' id='line_1_19' title="bbox 2227 550 2540 607; baseline 0 -3"><span class='ocrx_word' id='word_1_139' title='bbox 2227 564 2330 605; x_wconf 90' lang='lat' dir='ltr'><strong>non</strong></span> <span class='ocrx_word' id='word_1_140' title='bbox 2361 550 2540 607; x_wconf 85' lang='lat' dir='ltr'><strong>debet.</strong></span> 
     </span>
    </p>
   </div>
   <div class='ocr_carea' id='block_1_20' title="bbox 2293 644 3797 713">
    <p class='ocr_par' dir='ltr' id='par_1_20' title="bbox 2293 644 3797 713">
     <span class='ocr_line' id='line_1_20' title="bbox 2293 644 3797 713; baseline 0.003 -14"><span class='ocrx_word' id='word_1_141' title='bbox 2293 645 2380 701; x_wconf 84' lang='lat' dir='ltr'><strong>IV.</strong></span> <span class='ocrx_word' id='word_1_142' title='bbox 2403 645 2470 702; x_wconf 91' lang='lat' dir='ltr'><strong>Ut</strong></span> <span class='ocrx_word' id='word_1_143' title='bbox 2500 646 2779 703; x_wconf 88' lang='lat' dir='ltr'><strong>mulierem</strong></span> <span class='ocrx_word' id='word_1_144' title='bbox 2806 644 2850 712; x_wconf 81' lang='grc' dir='ltr'><strong>ί,</strong></span> <span class='ocrx_word' id='word_1_145' title='bbox 2876 645 2929 701; x_wconf 92' lang='lat' dir='ltr'><strong>id</strong></span> <span class='ocrx_word' id='word_1_146' title='bbox 2959 653 3061 713; x_wconf 88' lang='lat' dir='ltr'><strong>est,</strong></span> <span class='ocrx_word' id='word_1_147' title='bbox 3085 644 3302 703; x_wconf 82' lang='lat' dir='ltr'><strong>viduam</strong></span> <span class='ocrx_word' id='word_1_148' title='bbox 3320 644 3553 702; x_wconf 88' lang='lat' dir='ltr'><strong>clericus</strong></span> <span class='ocrx_word' id='word_1_149' title='bbox 3579 661 3688 703; x_wconf 87' lang='lat' dir='ltr'><strong>non</strong></span> <span class='ocrx_word' id='word_1_150' title='bbox 3708 647 3797 704; x_wconf 88' lang='lat' dir='ltr'><strong>du-</strong></span> 
     </span>
    </p>
   </div>
   <div class='ocr_carea' id='block_1_21' title="bbox 2223 744 3381 795">
    <p class='ocr_par' dir='ltr' id='par_1_21' title="bbox 2223 744 3381 795">
     <span class='ocr_line' id='line_1_21' title="bbox 2223 744 3381 795; baseline 0 -2"><span class='ocrx_word' id='word_1_151' title='bbox 2223 748 2308 793; x_wconf 86' lang='lat' dir='ltr'><strong>cat</strong></span> <span class='ocrx_word' id='word_1_152' title='bbox 2324 753 2572 795; x_wconf 83' lang='lat' dir='ltr'><strong>uxorem.</strong></span> <span class='ocrx_word' id='word_1_153' title='bbox 3372 744 3381 751; x_wconf 84' lang='lat'><strong>&#39;</strong></span> 
     </span>
    </p>
   </div>
   <div class='ocr_carea' id='block_1_22' title="bbox 2294 828 3798 903">
    <p class='ocr_par' dir='ltr' id='par_1_22' title="bbox 2294 828 3798 903">
     <span class='ocr_line' id='line_1_22' title="bbox 2294 828 3798 903; baseline 0.001 -18"><span class='ocrx_word' id='word_1_154' title='bbox 2294 830 2456 903; x_wconf 65' lang='lat'><strong>450</strong></span> <span class='ocrx_word' id='word_1_155' title='bbox 2482 830 2545 886; x_wconf 88' lang='lat' dir='ltr'><strong>V.</strong></span> <span class='ocrx_word' id='word_1_156' title='bbox 2571 830 2642 887; x_wconf 90' lang='lat' dir='ltr'><strong>Ut</strong></span> <span class='ocrx_word' id='word_1_157' title='bbox 2669 830 2714 885; x_wconf 90' lang='lat' dir='ltr'><strong>is</strong></span> <span class='ocrx_word' id='word_1_158' title='bbox 2740 829 2828 901; x_wconf 91' lang='lat' dir='ltr'><strong>qui</strong></span> <span class='ocrx_word' id='word_1_159' title='bbox 2864 829 3031 886; x_wconf 85' lang='lat' dir='ltr'><strong>laicus</strong></span> <span class='ocrx_word' id='word_1_160' title='bbox 3058 828 3271 886; x_wconf 85' lang='lat' dir='ltr'><strong>viduam</strong></span> <span class='ocrx_word' id='word_1_161' title='bbox 3309 829 3552 899; x_wconf 80' lang='lat' dir='ltr'><strong>duxerit,</strong></span> <span class='ocrx_word' id='word_1_162' title='bbox 3583 845 3690 886; x_wconf 91' lang='lat' dir='ltr'><strong>non</strong></span> <span class='ocrx_word' id='word_1_163' title='bbox 3712 829 3798 887; x_wconf 83' lang='lat' dir='ltr'><strong>ad-</strong></span> 
     </span>
    </p>
   </div>
   <div class='ocr_carea' id='block_1_23' title="bbox 2226 923 2812 980">
    <p class='ocr_par' dir='ltr' id='par_1_23' title="bbox 2226 923 2812 980">
     <span class='ocr_line' id='line_1_23' title="bbox 2226 923 2812 980; baseline -0.002 -2"><span class='ocrx_word' id='word_1_164' title='bbox 2226 924 2466 980; x_wconf 89' lang='lat' dir='ltr'><strong>mittatur</strong></span> <span class='ocrx_word' id='word_1_165' title='bbox 2494 923 2561 978; x_wconf 90' lang='lat' dir='ltr'><strong>ad</strong></span> <span class='ocrx_word' id='word_1_166' title='bbox 2585 923 2812 979; x_wconf 90' lang='lat' dir='ltr'><strong>clerum.</strong></span> 
     </span>
    </p>
   </div>
   <div class='ocr_carea' id='block_1_24' title="bbox 2296 1013 3800 1074">
    <p class='ocr_par' dir='ltr' id='par_1_24' title="bbox 2296 1013 3800 1074">
     <span class='ocr_line' id='line_1_24' title="bbox 2296 1013 3800 1074; baseline 0.003 -5"><span class='ocrx_word' id='word_1_167' title='bbox 2296 1015 2385 1071; x_wconf 88' lang='lat' dir='ltr'><strong>VI.</strong></span> <span class='ocrx_word' id='word_1_168' title='bbox 2419 1014 2489 1071; x_wconf 94' lang='lat' dir='ltr'><strong>Ut</strong></span> <span class='ocrx_word' id='word_1_169' title='bbox 2507 1015 2573 1071; x_wconf 91' lang='lat' dir='ltr'><strong>de</strong></span> <span class='ocrx_word' id='word_1_170' title='bbox 2595 1014 2770 1071; x_wconf 86' lang='lat' dir='ltr'><strong>aliena</strong></span> <span class='ocrx_word' id='word_1_171' title='bbox 2803 1013 3046 1072; x_wconf 84' lang='lat' dir='ltr'><strong>Ecclesia</strong></span> <span class='ocrx_word' id='word_1_172' title='bbox 3066 1014 3322 1072; x_wconf 84' lang='lat' dir='ltr'><strong>ordinare</strong></span> <span class='ocrx_word' id='word_1_173' title='bbox 3350 1013 3612 1072; x_wconf 88' lang='lat' dir='ltr'><strong>clericum</strong></span> <span class='ocrx_word' id='word_1_174' title='bbox 3636 1015 3800 1074; x_wconf 70' lang='lat' dir='ltr'><strong>nullus</strong></span> 
     </span>
    </p>
   </div>
   <div class='ocr_carea' id='block_1_25' title="bbox 2226 1118 2462 1179">
    <p class='ocr_par' dir='ltr' id='par_1_25' title="bbox 2226 1118 2462 1179">
     <span class='ocr_line' id='line_1_25' title="bbox 2226 1118 2462 1179; baseline -0.013 -13"><span class='ocrx_word' id='word_1_175' title='bbox 2226 1118 2462 1179; x_wconf 90' lang='lat' dir='ltr'><strong>usurpet.</strong></span> 
     </span>
    </p>
   </div>
   <div class='ocr_carea' id='block_1_26' title="bbox 2300 1199 3799 1275">
    <p class='ocr_par' dir='ltr' id='par_1_26' title="bbox 2300 1199 3799 1275">
     <span class='ocr_line' id='line_1_26' title="bbox 2300 1199 3799 1275; baseline 0.001 -20"><span class='ocrx_word' id='word_1_176' title='bbox 2300 1201 2407 1256; x_wconf 88' lang='lat' dir='ltr'><strong>VII.</strong></span> <span class='ocrx_word' id='word_1_177' title='bbox 2435 1200 2505 1258; x_wconf 94' lang='lat' dir='ltr'><strong>Ut</strong></span> <span class='ocrx_word' id='word_1_178' title='bbox 2531 1199 2797 1275; x_wconf 86' lang='lat' dir='ltr'><strong>abjectum</strong></span> <span class='ocrx_word' id='word_1_179' title='bbox 2828 1199 3086 1255; x_wconf 90' lang='lat' dir='ltr'><strong>clericum</strong></span> <span class='ocrx_word' id='word_1_180' title='bbox 3139 1199 3245 1255; x_wconf 89' lang='lat' dir='ltr'><strong>alia</strong></span> <span class='ocrx_word' id='word_1_181' title='bbox 3285 1200 3535 1257; x_wconf 83' lang='lat' dir='ltr'><strong>Ecclesia</strong></span> <span class='ocrx_word' id='word_1_182' title='bbox 3572 1214 3679 1255; x_wconf 92' lang='lat' dir='ltr'><strong>non</strong></span> <span class='ocrx_word' id='word_1_183' title='bbox 3713 1199 3799 1257; x_wconf 84' lang='lat' dir='ltr'><strong>sd-</strong></span> 
     </span>
    </p>
   </div>
   <div class='ocr_carea' id='block_1_27' title="bbox 2226 1296 3073 1349">
    <p class='ocr_par' dir='ltr' id='par_1_27' title="bbox 2226 1296 3073 1349">
     <span class='ocr_line' id='line_1_27' title="bbox 2226 1296 3073 1349; baseline -0.001 0"><span class='ocrx_word' id='word_1_184' title='bbox 2226 1296 2423 1349; x_wconf 86' lang='lat' dir='ltr'><strong>mittat.</strong></span> <span class='ocrx_word' id='word_1_185' title='bbox 3072 1296 3073 1299; x_wconf 64' lang='grc'><em>“</em></span> 
     </span>
    </p>
   </div>
   <div class='ocr_carea' id='block_1_28' title="bbox 2298 1386 3797 1453">
    <p class='ocr_par' dir='ltr' id='par_1_28' title="bbox 2298 1386 3797 1453">
     <span class='ocr_line' id='line_1_28' title="bbox 2298 1386 3797 1453; baseline 0 -10"><span class='ocrx_word' id='word_1_186' title='bbox 2298 1387 2431 1443; x_wconf 94' lang='lat' dir='ltr'><strong>VIII.</strong></span> <span class='ocrx_word' id='word_1_187' title='bbox 2466 1387 2535 1443; x_wconf 93' lang='lat' dir='ltr'><strong>Ut</strong></span> <span class='ocrx_word' id='word_1_188' title='bbox 2559 1386 2836 1443; x_wconf 87' lang='lat' dir='ltr'><strong>venientes</strong></span> <span class='ocrx_word' id='word_1_189' title='bbox 2879 1401 2910 1441; x_wconf 89' lang='lat' dir='ltr'><strong>a</strong></span> <span class='ocrx_word' id='word_1_190' title='bbox 2951 1386 3266 1444; x_wconf 80' lang='lat' dir='ltr'><strong>Novatianis</strong></span> <span class='ocrx_word' id='word_1_191' title='bbox 3293 1387 3382 1443; x_wconf 88' lang='lat' dir='ltr'><strong>vel</strong></span> <span class='ocrx_word' id='word_1_192' title='bbox 3411 1387 3797 1453; x_wconf 79' lang='lat' dir='ltr'><strong>Montensihus,</strong></span> 
     </span>
    </p>
   </div>
   <div class='ocr_carea' id='block_1_29' title="bbox 2230 1478 3801 1553">
    <p class='ocr_par' dir='ltr' id='par_1_29' title="bbox 2230 1478 3801 1553">
     <span class='ocr_line' id='line_1_29' title="bbox 2230 1478 3801 1553; baseline 0.003 -19"><span class='ocrx_word' id='word_1_193' title='bbox 2230 1495 2325 1547; x_wconf 86' lang='lat' dir='ltr'><strong>per</strong></span> <span class='ocrx_word' id='word_1_194' title='bbox 2353 1494 2543 1535; x_wconf 87' lang='lat' dir='ltr'><strong>manus</strong></span> <span class='ocrx_word' id='word_1_195' title='bbox 2573 1478 2969 1548; x_wconf 88' lang='lat' dir='ltr'><strong>impositionem</strong></span> <span class='ocrx_word' id='word_1_196' title='bbox 2999 1480 3383 1552; x_wconf 89' lang='lat' dir='ltr'><strong>suscipiantur,</strong></span> <span class='ocrx_word' id='word_1_197' title='bbox 3429 1479 3445 1530; x_wconf 75' lang='grc' dir='ltr'><strong>ἱ</strong></span> <span class='ocrx_word' id='word_1_198' title='bbox 3478 1495 3553 1537; x_wconf 80' lang='lat' dir='ltr'><strong>ex</strong></span> <span class='ocrx_word' id='word_1_199' title='bbox 3579 1496 3649 1537; x_wconf 88' lang='lat' dir='ltr'><strong>eo</strong></span> <span class='ocrx_word' id='word_1_200' title='bbox 3673 1480 3801 1553; x_wconf 87' lang='lat' dir='ltr'><strong>quod</strong></span> 
     </span>
    </p>
   </div>
   <div class='ocr_carea' id='block_1_30' title="bbox 2229 1571 2584 1639">
    <p class='ocr_par' dir='ltr' id='par_1_30' title="bbox 2229 1571 2584 1639">
     <span class='ocr_line' id='line_1_30' title="bbox 2229 1571 2584 1639; baseline -0.006 -14"><span class='ocrx_word' id='word_1_201' title='bbox 2229 1571 2584 1639; x_wconf 86' lang='lat' dir='ltr'><strong>rebaptizant.</strong></span> 
     </span>
    </p>
   </div>
   <div class='ocr_carea' id='block_1_31' title="bbox 2302 1662 3802 1737">
    <p class='ocr_par' dir='ltr' id='par_1_31' title="bbox 2302 1662 3802 1737">
     <span class='ocr_line' id='line_1_31' title="bbox 2302 1662 3802 1737; baseline 0.006 -21"><span class='ocrx_word' id='word_1_202' title='bbox 2302 1662 2390 1717; x_wconf 77' lang='lat' dir='ltr'><strong>IX.</strong></span> <span class='ocrx_word' id='word_1_203' title='bbox 2424 1663 2713 1729; x_wconf 72' lang='lat' dir='ltr'><strong>Prmterea,</strong></span> <span class='ocrx_word' id='word_1_204' title='bbox 2736 1664 2878 1733; x_wconf 93' lang='lat' dir='ltr'><strong>quod</strong></span> <span class='ocrx_word' id='word_1_205' title='bbox 2912 1665 3132 1737; x_wconf 90' lang='lat' dir='ltr'><strong>dignum</strong></span> <span class='ocrx_word' id='word_1_206' title='bbox 3168 1674 3222 1721; x_wconf 89' lang='lat' dir='ltr'><strong>et</strong></span> <span class='ocrx_word' id='word_1_207' title='bbox 3250 1666 3504 1736; x_wconf 90' lang='lat' dir='ltr'><strong>pudicum</strong></span> <span class='ocrx_word' id='word_1_208' title='bbox 3534 1678 3695 1724; x_wconf 84' lang='lat' dir='ltr'><strong>estet</strong></span> <span class='ocrx_word' id='word_1_209' title='bbox 3720 1669 3802 1726; x_wconf 90' lang='lat' dir='ltr'><strong>ho-</strong></span> 
     </span>
    </p>
   </div>
   <div class='ocr_carea' id='block_1_32' title="bbox 2234 1760 3803 1828">
    <p class='ocr_par' dir='ltr' id='par_1_32' title="bbox 2234 1760 3803 1828">
     <span class='ocr_line' id='line_1_32' title="bbox 2234 1760 3803 1828; baseline 0.003 -13"><span class='ocrx_word' id='word_1_210' title='bbox 2234 1770 2447 1816; x_wconf 88' lang='lat' dir='ltr'><strong>nestum</strong></span> <span class='ocrx_word' id='word_1_211' title='bbox 2474 1760 2785 1828; x_wconf 88' lang='lat' dir='ltr'><strong>suademus,</strong></span> <span class='ocrx_word' id='word_1_212' title='bbox 2815 1769 2875 1815; x_wconf 90' lang='lat' dir='ltr'><strong>ut</strong></span> <span class='ocrx_word' id='word_1_213' title='bbox 2907 1760 3217 1817; x_wconf 87' lang='lat' dir='ltr'><strong>sacerdotes</strong></span> <span class='ocrx_word' id='word_1_214' title='bbox 3240 1771 3295 1817; x_wconf 90' lang='lat' dir='ltr'><strong>et</strong></span> <span class='ocrx_word' id='word_1_215' title='bbox 3323 1762 3506 1818; x_wconf 69' lang='lat' dir='ltr'><strong>levitas</strong></span> <span class='ocrx_word' id='word_1_216' title='bbox 3534 1779 3661 1819; x_wconf 91' lang='lat' dir='ltr'><strong>cum</strong></span> <span class='ocrx_word' id='word_1_217' title='bbox 3690 1779 3803 1820; x_wconf 82' lang='lat' dir='ltr'><strong>uxo-</strong></span> 
     </span>
    </p>
   </div>
   <div class='ocr_carea' id='block_1_33' title="bbox 531 1838 3799 1923">
    <p class='ocr_par' dir='ltr' id='par_1_33' title="bbox 531 1838 3799 1923">
     <span class='ocr_line' id='line_1_33' title="bbox 531 1838 3799 1923; baseline -0.001 -20"><span class='ocrx_word' id='word_1_218' title='bbox 531 1858 695 1919; x_wconf 87' lang='lat' dir='ltr'><strong>atque</strong></span> <span class='ocrx_word' id='word_1_219' title='bbox 742 1848 997 1903; x_wconf 81' lang='lat' dir='ltr'><strong>adhibere</strong></span> <span class='ocrx_word' id='word_1_220' title='bbox 1036 1860 1361 1902; x_wconf 84' lang='lat' dir='ltr'><strong>consensum</strong></span> <span class='ocrx_word' id='word_1_221' title='bbox 1404 1844 1599 1899; x_wconf 86' lang='lat' dir='ltr'><strong>talibus</strong></span> <span class='ocrx_word' id='word_1_222' title='bbox 1638 1844 1941 1907; x_wconf 86' lang='lat' dir='ltr'><strong>videamur,</strong></span> <span class='ocrx_word' id='word_1_223' title='bbox 1989 1843 2130 1899; x_wconf 90' lang='lat' dir='ltr'><strong>unde</strong></span> <span class='ocrx_word' id='word_1_224' title='bbox 2157 1838 2205 1900; x_wconf 87' lang='lat' dir='ltr'><strong>B</strong></span> <span class='ocrx_word' id='word_1_225' title='bbox 2233 1854 2381 1909; x_wconf 72' lang='lat' dir='ltr'><strong>ribus</strong></span> <span class='ocrx_word' id='word_1_226' title='bbox 2428 1854 2538 1908; x_wconf 80' lang='lat' dir='ltr'><strong>suis</strong></span> <span class='ocrx_word' id='word_1_227' title='bbox 2583 1868 2687 1908; x_wconf 81' lang='lat' dir='ltr'><strong>non</strong></span> <span class='ocrx_word' id='word_1_228' title='bbox 2730 1862 2941 1921; x_wconf 64' lang='lat' dir='ltr'><strong>coeant,</strong></span> <span class='ocrx_word' id='word_1_229' title='bbox 2972 1855 3093 1923; x_wconf 75' lang='lat' dir='ltr'><strong>quia</strong></span> <span class='ocrx_word' id='word_1_230' title='bbox 3125 1853 3228 1910; x_wconf 81' lang='lat' dir='ltr'><strong>kin</strong></span> <span class='ocrx_word' id='word_1_231' title='bbox 3252 1854 3563 1912; x_wconf 63' lang='lat' dir='ltr'><strong>ministerio</strong></span> <span class='ocrx_word' id='word_1_232' title='bbox 3584 1856 3799 1913; x_wconf 61' lang='lat' dir='ltr'><strong>ministri</strong></span> 
     </span>
    </p>
   </div>
   <div class='ocr_carea' id='block_1_34' title="bbox 532 1936 2127 2013">
    <p class='ocr_par' dir='ltr' id='par_1_34' title="bbox 532 1936 2127 2013">
     <span class='ocr_line' id='line_1_34' title="bbox 532 1936 2127 2013; baseline -0.004 -15"><span class='ocrx_word' id='word_1_233' title='bbox 532 1944 793 2013; x_wconf 63' lang='lat' dir='ltr'><strong>gehennae</strong></span> <span class='ocrx_word' id='word_1_234' title='bbox 816 1956 1003 2012; x_wconf 66' lang='lat' dir='ltr'><strong>pinnas</strong></span> <span class='ocrx_word' id='word_1_235' title='bbox 1028 1940 1295 2012; x_wconf 88' lang='lat' dir='ltr'><strong>possimus</strong></span> <span class='ocrx_word' id='word_1_236' title='bbox 1318 1940 1614 2004; x_wconf 89' lang='lat' dir='ltr'><strong>incurrere,</strong></span> <span class='ocrx_word' id='word_1_237' title='bbox 1632 1938 1846 1993; x_wconf 89' lang='lat' dir='ltr'><strong>dicente</strong></span> <span class='ocrx_word' id='word_1_238' title='bbox 1868 1936 2127 1991; x_wconf 90' lang='lat' dir='ltr'><strong>Domino:</strong></span> 
     </span>
    </p>
   </div>
   <div class='ocr_carea' id='block_1_35' title="bbox 534 2016 2131 2106">
    <p class='ocr_par' dir='ltr' id='par_1_35' title="bbox 534 2016 2131 2106">
     <span class='ocr_line' id='line_1_35' title="bbox 534 2016 2131 2106; baseline -0.005 -17"><span class='ocrx_word' id='word_1_239' title='bbox 534 2044 559 2073; x_wconf 85' lang='lat'><strong><em>°</em></strong></span> <span class='ocrx_word' id='word_1_240' title='bbox 598 2036 817 2089; x_wconf 83' lang='lat' dir='ltr'><strong>Videbas</strong></span> <span class='ocrx_word' id='word_1_241' title='bbox 848 2039 1013 2106; x_wconf 82' lang='lat' dir='ltr'><strong>furem</strong></span> <span class='ocrx_word' id='word_1_242' title='bbox 1037 2075 1052 2099; x_wconf 93' lang='lat'><strong>,</strong></span> <span class='ocrx_word' id='word_1_243' title='bbox 1081 2016 1328 2086; x_wconf 39' lang='lat' dir='ltr'><strong>&#39;currebas</strong></span> <span class='ocrx_word' id='word_1_244' title='bbox 1371 2048 1484 2085; x_wconf 88' lang='lat' dir='ltr'><strong>cum</strong></span> <span class='ocrx_word' id='word_1_245' title='bbox 1524 2048 1583 2087; x_wconf 91' lang='lat' dir='ltr'><strong>eo</strong></span> <span class='ocrx_word' id='word_1_246' title='bbox 1609 2071 1624 2096; x_wconf 92' lang='lat'><strong>,</strong></span> <span class='ocrx_word' id='word_1_247' title='bbox 1669 2038 1716 2082; x_wconf 88' lang='lat' dir='ltr'><strong>et</strong></span> <span class='ocrx_word' id='word_1_248' title='bbox 1742 2045 1855 2083; x_wconf 90' lang='lat' dir='ltr'><strong>cum</strong></span> <span class='ocrx_word' id='word_1_249' title='bbox 1882 2028 2131 2083; x_wconf 92' lang='lat' dir='ltr'><strong>adulteris</strong></span> 
     </span>
    </p>
   </div>
   <div class='ocr_carea' id='block_1_36' title="bbox 532 2121 2132 2197">
    <p class='ocr_par' dir='ltr' id='par_1_36' title="bbox 532 2121 2132 2197">
     <span class='ocr_line' id='line_1_36' title="bbox 532 2121 2132 2197; baseline -0.004 -16"><span class='ocrx_word' id='word_1_250' title='bbox 532 2129 821 2197; x_wconf 85' lang='lat' dir='ltr'><strong>portionem</strong></span> <span class='ocrx_word' id='word_1_251' title='bbox 865 2137 1005 2179; x_wconf 91' lang='lat' dir='ltr'><strong>tuam</strong></span> <span class='ocrx_word' id='word_1_252' title='bbox 1044 2125 1265 2193; x_wconf 81' lang='lat' dir='ltr'><strong>ponebas</strong></span> <span class='ocrx_word' id='word_1_253' title='bbox 1302 2122 1475 2195; x_wconf 88' lang='lat' dir='ltr'><strong>(Psal.</strong></span> <span class='ocrx_word' id='word_1_254' title='bbox 1521 2137 1664 2188; x_wconf 68' lang='grc' dir='ltr'><strong>χειν,</strong></span> <span class='ocrx_word' id='word_1_255' title='bbox 1701 2121 1821 2192; x_wconf 70' lang='grc'><strong>18);</strong></span> <span class='ocrx_word' id='word_1_256' title='bbox 1856 2122 1969 2175; x_wconf 64' lang='lat' dir='ltr'><strong>haec</strong></span> <span class='ocrx_word' id='word_1_257' title='bbox 2008 2129 2132 2175; x_wconf 80' lang='lat' dir='ltr'><strong>sunt</strong></span> 
     </span>
    </p>
   </div>
   <div class='ocr_carea' id='block_1_37' title="bbox 531 2212 2129 2290">
    <p class='ocr_par' dir='ltr' id='par_1_37' title="bbox 531 2212 2129 2290">
     <span class='ocr_line' id='line_1_37' title="bbox 531 2212 2129 2290; baseline -0.006 -14"><span class='ocrx_word' id='word_1_258' title='bbox 531 2236 651 2290; x_wconf 69' lang='lat' dir='ltr'><strong>quas</strong></span> <span class='ocrx_word' id='word_1_259' title='bbox 679 2220 936 2289; x_wconf 87' lang='lat' dir='ltr'><strong>deinceps</strong></span> <span class='ocrx_word' id='word_1_260' title='bbox 971 2217 989 2256; x_wconf 69' lang='grc' dir='ltr'>ί</span> <span class='ocrx_word' id='word_1_261' title='bbox 1027 2218 1222 2273; x_wconf 89' lang='lat' dir='ltr'><strong>intuitu</strong></span> <span class='ocrx_word' id='word_1_262' title='bbox 1262 2215 1433 2270; x_wconf 85' lang='lat' dir='ltr'><strong>divini</strong></span> <span class='ocrx_word' id='word_1_263' title='bbox 1468 2214 1654 2285; x_wconf 90' lang='lat' dir='ltr'><strong>judicii</strong></span> <span class='ocrx_word' id='word_1_264' title='bbox 1683 2228 1870 2270; x_wconf 90' lang='lat' dir='ltr'><strong>omnes</strong></span> <span class='ocrx_word' id='word_1_265' title='bbox 1897 2212 2129 2268; x_wconf 89' lang='lat' dir='ltr'><strong>catholi-</strong></span> 
     </span>
    </p>
   </div>
   <div class='ocr_carea' id='block_1_38' title="bbox 532 2309 1495 2383">
    <p class='ocr_par' dir='ltr' id='par_1_38' title="bbox 532 2309 1495 2383">
     <span class='ocr_line' id='line_1_38' title="bbox 532 2309 1495 2383; baseline -0.008 -12"><span class='ocrx_word' id='word_1_266' title='bbox 532 2328 628 2371; x_wconf 89' lang='lat' dir='ltr'><strong>cos</strong></span> <span class='ocrx_word' id='word_1_267' title='bbox 655 2313 938 2383; x_wconf 85' lang='lat' dir='ltr'><strong>episcopos</strong></span> <span class='ocrx_word' id='word_1_268' title='bbox 965 2310 1183 2382; x_wconf 90' lang='lat' dir='ltr'><strong>expedit</strong></span> <span class='ocrx_word' id='word_1_269' title='bbox 1201 2309 1495 2365; x_wconf 85' lang='lat' dir='ltr'><strong>custodire.</strong></span> 
     </span>
    </p>
   </div>
   <div class='ocr_carea' id='block_1_39' title="bbox 604 2397 2124 2473">
    <p class='ocr_par' dir='ltr' id='par_1_39' title="bbox 604 2397 2124 2473">
     <span class='ocr_line' id='line_1_39' title="bbox 604 2397 2124 2473; baseline -0.005 -13"><span class='ocrx_word' id='word_1_270' title='bbox 604 2406 842 2460; x_wconf 78' lang='lat' dir='ltr'><strong>Primum</strong></span> <span class='ocrx_word' id='word_1_271' title='bbox 864 2450 878 2473; x_wconf 90' lang='lat'><strong>,</strong></span> <span class='ocrx_word' id='word_1_272' title='bbox 909 2415 965 2458; x_wconf 92' lang='lat' dir='ltr'><strong>ut</strong></span> <span class='ocrx_word' id='word_1_273' title='bbox 998 2413 1147 2459; x_wconf 83' lang='lat' dir='ltr'><strong>extra</strong></span> <span class='ocrx_word' id='word_1_274' title='bbox 1188 2400 1579 2457; x_wconf 89' lang='lat' dir='ltr'><strong>conscientiam</strong></span> <span class='ocrx_word' id='word_1_275' title='bbox 1611 2399 1753 2455; x_wconf 89' lang='lat' dir='ltr'><strong>sedis</strong></span> <span class='ocrx_word' id='word_1_276' title='bbox 1790 2397 2124 2467; x_wconf 61' lang='lat' dir='ltr'><strong>apostolicae,</strong></span> 
     </span>
    </p>
   </div>
   <div class='ocr_carea' id='block_1_40' title="bbox 536 2491 2127 2566">
    <p class='ocr_par' dir='ltr' id='par_1_40' title="bbox 536 2491 2127 2566">
     <span class='ocr_line' id='line_1_40' title="bbox 536 2491 2127 2566; baseline -0.007 -10"><span class='ocrx_word' id='word_1_277' title='bbox 536 2510 562 2547; x_wconf 74' lang='grc' dir='ltr'><strong><em>κ</em></strong></span> <span class='ocrx_word' id='word_1_278' title='bbox 583 2500 687 2555; x_wconf 89' lang='lat' dir='ltr'><strong>hoc</strong></span> <span class='ocrx_word' id='word_1_279' title='bbox 710 2508 795 2555; x_wconf 89' lang='lat' dir='ltr'><strong>est</strong></span> <span class='ocrx_word' id='word_1_280' title='bbox 816 2497 1058 2566; x_wconf 85' lang='lat' dir='ltr'><strong>primatis</strong></span> <span class='ocrx_word' id='word_1_281' title='bbox 1083 2537 1097 2559; x_wconf 87' lang='lat'><strong>,</strong></span> <span class='ocrx_word' id='word_1_282' title='bbox 1129 2510 1288 2551; x_wconf 91' lang='lat' dir='ltr'><strong>nemo</strong></span> <span class='ocrx_word' id='word_1_283' title='bbox 1319 2494 1512 2548; x_wconf 89' lang='lat' dir='ltr'><strong>audeat</strong></span> <span class='ocrx_word' id='word_1_284' title='bbox 1549 2492 1830 2556; x_wconf 78' lang='lat' dir='ltr'><strong>ordinare;</strong></span> <span class='ocrx_word' id='word_1_285' title='bbox 1862 2491 2127 2561; x_wconf 86' lang='lat' dir='ltr'><strong>integrum</strong></span> 
     </span>
    </p>
   </div>
   <div class='ocr_carea' id='block_1_41' title="bbox 533 2579 2129 2661">
    <p class='ocr_par' dir='ltr' id='par_1_41' title="bbox 533 2579 2129 2661">
     <span class='ocr_line' id='line_1_41' title="bbox 533 2579 2129 2661; baseline -0.005 -14"><span class='ocrx_word' id='word_1_286' title='bbox 533 2592 677 2647; x_wconf 91' lang='lat' dir='ltr'><strong>enim</strong></span> <span class='ocrx_word' id='word_1_287' title='bbox 704 2592 966 2661; x_wconf 88' lang='lat' dir='ltr'><strong>judicium</strong></span> <span class='ocrx_word' id='word_1_288' title='bbox 995 2587 1240 2659; x_wconf 89' lang='lat' dir='ltr'><strong>estquod</strong></span> <span class='ocrx_word' id='word_1_289' title='bbox 1262 2587 1615 2657; x_wconf 88' lang='lat' dir='ltr'><strong>plurimorum</strong></span> <span class='ocrx_word' id='word_1_290' title='bbox 1643 2584 1906 2639; x_wconf 88' lang='lat' dir='ltr'><strong>sententia</strong></span> <span class='ocrx_word' id='word_1_291' title='bbox 1936 2579 1964 2618; x_wconf 67' lang='grc' dir='ltr'><strong>ιι</strong></span> <span class='ocrx_word' id='word_1_292' title='bbox 1994 2598 2129 2639; x_wconf 92' lang='lat' dir='ltr'><strong>con-</strong></span> 
     </span>
    </p>
   </div>
   <div class='ocr_carea' id='block_1_42' title="bbox 537 2691 803 2741">
    <p class='ocr_par' dir='ltr' id='par_1_42' title="bbox 537 2691 803 2741">
     <span class='ocr_line' id='line_1_42' title="bbox 537 2691 803 2741; baseline -0.019 0"><span class='ocrx_word' id='word_1_293' title='bbox 537 2691 803 2741; x_wconf 78' lang='lat' dir='ltr'><strong>secralur.</strong></span> 
     </span>
    </p>
   </div>
   <div class='ocr_carea' id='block_1_43' title="bbox 554 2770 2131 2846">
    <p class='ocr_par' dir='ltr' id='par_1_43' title="bbox 554 2770 2131 2846">
     <span class='ocr_line' id='line_1_43' title="bbox 554 2770 2131 2846; baseline -0.006 -15"><span class='ocrx_word' id='word_1_294' title='bbox 554 2802 563 2820; x_wconf 75' lang='grc' dir='ltr'>ι</span> <span class='ocrx_word' id='word_1_295' title='bbox 610 2777 674 2831; x_wconf 91' lang='lat' dir='ltr'><strong>ll.</strong></span> <span class='ocrx_word' id='word_1_296' title='bbox 701 2777 776 2831; x_wconf 86' lang='lat' dir='ltr'><strong>Ne</strong></span> <span class='ocrx_word' id='word_1_297' title='bbox 808 2791 944 2830; x_wconf 89' lang='lat' dir='ltr'><strong>unus</strong></span> <span class='ocrx_word' id='word_1_298' title='bbox 968 2776 1253 2846; x_wconf 83' lang='lat' dir='ltr'><strong>episcopus</strong></span> <span class='ocrx_word' id='word_1_299' title='bbox 1280 2773 1587 2844; x_wconf 89' lang='lat' dir='ltr'><strong>episcopum</strong></span> <span class='ocrx_word' id='word_1_300' title='bbox 1623 2770 1878 2826; x_wconf 87' lang='lat' dir='ltr'><strong>ordinare</strong></span> <span class='ocrx_word' id='word_1_301' title='bbox 1928 2772 2131 2838; x_wconf 67' lang='lat' dir='ltr'><strong>praesu-</strong></span> 
     </span>
    </p>
   </div>
   <div class='ocr_carea' id='block_1_44' title="bbox 542 2863 2126 2939">
    <p class='ocr_par' dir='ltr' id='par_1_44' title="bbox 542 2863 2126 2939">
     <span class='ocr_line' id='line_1_44' title="bbox 542 2863 2126 2939; baseline -0.006 -13"><span class='ocrx_word' id='word_1_302' title='bbox 542 2879 656 2926; x_wconf 85' lang='lat' dir='ltr'><strong>mat</strong></span> <span class='ocrx_word' id='word_1_303' title='bbox 700 2876 917 2939; x_wconf 88' lang='lat' dir='ltr'><strong>propter</strong></span> <span class='ocrx_word' id='word_1_304' title='bbox 962 2868 1344 2938; x_wconf 87' lang='lat' dir='ltr'><strong>arrogantiam,</strong></span> <span class='ocrx_word' id='word_1_305' title='bbox 1384 2882 1451 2922; x_wconf 88' lang='lat' dir='ltr'><strong>ne</strong></span> <span class='ocrx_word' id='word_1_306' title='bbox 1504 2864 1758 2920; x_wconf 83' lang='lat' dir='ltr'><strong>furtivum</strong></span> <span class='ocrx_word' id='word_1_307' title='bbox 1809 2863 2126 2919; x_wconf 74' lang='lat' dir='ltr'><strong>beneﬁcium</strong></span> 
     </span>
    </p>
   </div>
   <div class='ocr_carea' id='block_1_45' title="bbox 538 2962 2128 3037">
    <p class='ocr_par' dir='ltr' id='par_1_45' title="bbox 538 2962 2128 3037">
     <span class='ocr_line' id='line_1_45' title="bbox 538 2962 2128 3037; baseline -0.003 -15"><span class='ocrx_word' id='word_1_308' title='bbox 538 2967 837 3037; x_wconf 67' lang='lat' dir='ltr'><strong>praestitum</strong></span> <span class='ocrx_word' id='word_1_309' title='bbox 880 2967 1155 3031; x_wconf 89' lang='lat' dir='ltr'><strong>videatur;</strong></span> <span class='ocrx_word' id='word_1_310' title='bbox 1208 2967 1308 3021; x_wconf 88' lang='lat' dir='ltr'><strong>hoc</strong></span> <span class='ocrx_word' id='word_1_311' title='bbox 1357 2966 1497 3022; x_wconf 87' lang='lat' dir='ltr'><strong>enim</strong></span> <span class='ocrx_word' id='word_1_312' title='bbox 1559 2966 1611 3018; x_wconf 93' lang='lat' dir='ltr'><strong>in</strong></span> <span class='ocrx_word' id='word_1_313' title='bbox 1653 2963 1861 3035; x_wconf 83' lang='lat' dir='ltr'><strong>synodo</strong></span> <span class='ocrx_word' id='word_1_314' title='bbox 1913 2962 2128 3017; x_wconf 75' lang='lat' dir='ltr'><strong>Nicaena</strong></span> 
     </span>
    </p>
   </div>
   <div class='ocr_carea' id='block_1_46' title="bbox 543 3056 1667 3129">
    <p class='ocr_par' dir='ltr' id='par_1_46' title="bbox 543 3056 1667 3129">
     <span class='ocr_line' id='line_1_46' title="bbox 543 3056 1667 3129; baseline -0.004 -12"><span class='ocrx_word' id='word_1_315' title='bbox 543 3067 757 3117; x_wconf 87' lang='lat' dir='ltr'><strong>constat</strong></span> <span class='ocrx_word' id='word_1_316' title='bbox 784 3075 903 3116; x_wconf 89' lang='lat' dir='ltr'><strong>esse</strong></span> <span class='ocrx_word' id='word_1_317' title='bbox 931 3060 1207 3115; x_wconf 80' lang='lat' dir='ltr'><strong>deﬁnitum</strong></span> <span class='ocrx_word' id='word_1_318' title='bbox 1238 3057 1467 3129; x_wconf 74' lang='lat' dir='ltr'><strong>(Nica&#39;n.</strong></span> <span class='ocrx_word' id='word_1_319' title='bbox 1493 3074 1541 3112; x_wconf 90' lang='lat' dir='ltr'><strong>c.</strong></span> <span class='ocrx_word' id='word_1_320' title='bbox 1573 3056 1606 3109; x_wconf 78' lang='grc'><strong>4</strong></span> <span class='ocrx_word' id='word_1_321' title='bbox 1624 3057 1667 3125; x_wconf 92' lang='grc'><strong>).</strong></span> 
     </span>
    </p>
   </div>
   <div class='ocr_carea' id='block_1_47' title="bbox 611 3147 2131 3222">
    <p class='ocr_par' dir='ltr' id='par_1_47' title="bbox 611 3147 2131 3222">
     <span class='ocr_line' id='line_1_47' title="bbox 611 3147 2131 3222; baseline -0.004 -15"><span class='ocrx_word' id='word_1_322' title='bbox 611 3152 701 3207; x_wconf 92' lang='lat' dir='ltr'><strong>lII.</strong></span> <span class='ocrx_word' id='word_1_323' title='bbox 733 3152 866 3207; x_wconf 91' lang='lat' dir='ltr'><strong>Item</strong></span> <span class='ocrx_word' id='word_1_324' title='bbox 894 3152 938 3207; x_wconf 89' lang='lat' dir='ltr'><strong>si</strong></span> <span class='ocrx_word' id='word_1_325' title='bbox 968 3153 1088 3222; x_wconf 89' lang='lat' dir='ltr'><strong>quis</strong></span> <span class='ocrx_word' id='word_1_326' title='bbox 1111 3150 1620 3222; x_wconf 87' lang='lat' dir='ltr'><strong>postremissionem</strong></span> <span class='ocrx_word' id='word_1_327' title='bbox 1644 3156 1986 3219; x_wconf 85' lang='lat' dir='ltr'><strong>peccatorum</strong></span> <span class='ocrx_word' id='word_1_328' title='bbox 2014 3147 2131 3203; x_wconf 87' lang='lat' dir='ltr'><strong>cin-</strong></span> 
     </span>
    </p>
   </div>
   <div class='ocr_carea' id='block_1_48' title="bbox 2234 1944 3800 2017">
    <p class='ocr_par' dir='ltr' id='par_1_48' title="bbox 2234 1944 3800 2017">
     <span class='ocr_line' id='line_1_48' title="bbox 2234 1944 3800 2017; baseline 0.003 -18"><span class='ocrx_word' id='word_1_329' title='bbox 2234 1944 2559 2015; x_wconf 88' lang='lat' dir='ltr'><strong>quotidianis</strong></span> <span class='ocrx_word' id='word_1_330' title='bbox 2580 1945 2995 2000; x_wconf 90' lang='lat' dir='ltr'><strong>necessitatibus</strong></span> <span class='ocrx_word' id='word_1_331' title='bbox 3016 1954 3378 2017; x_wconf 89' lang='lat' dir='ltr'><strong>occupantur;</strong></span> <span class='ocrx_word' id='word_1_332' title='bbox 3405 1947 3471 2000; x_wconf 90' lang='lat' dir='ltr'><strong>ad</strong></span> <span class='ocrx_word' id='word_1_333' title='bbox 3504 1946 3800 2003; x_wconf 83' lang='lat' dir='ltr'><strong>Corinthios</strong></span> 
     </span>
    </p>
   </div>
   <div class='ocr_carea' id='block_1_49' title="bbox 2234 2037 3797 2105">
    <p class='ocr_par' dir='ltr' id='par_1_49' title="bbox 2234 2037 3797 2105">
     <span class='ocr_line' id='line_1_49' title="bbox 2234 2037 3797 2105; baseline 0.001 -12"><span class='ocrx_word' id='word_1_334' title='bbox 2234 2040 2375 2093; x_wconf 88' lang='lat' dir='ltr'><strong>enim</strong></span> <span class='ocrx_word' id='word_1_335' title='bbox 2398 2038 2595 2093; x_wconf 77' lang='lat' dir='ltr'><strong>Paulus</strong></span> <span class='ocrx_word' id='word_1_336' title='bbox 2623 2038 2701 2093; x_wconf 89' lang='lat' dir='ltr'><strong>sic</strong></span> <span class='ocrx_word' id='word_1_337' title='bbox 2722 2038 2949 2105; x_wconf 88' lang='lat' dir='ltr'><strong>scribit,</strong></span> <span class='ocrx_word' id='word_1_338' title='bbox 2972 2037 3160 2093; x_wconf 90' lang='lat' dir='ltr'><strong>dicens</strong></span> <span class='ocrx_word' id='word_1_339' title='bbox 3189 2056 3201 2090; x_wconf 94' lang='lat'><strong>:</strong></span> <span class='ocrx_word' id='word_1_340' title='bbox 3227 2038 3485 2093; x_wconf 84' lang='lat' dir='ltr'><strong>Abstinete</strong></span> <span class='ocrx_word' id='word_1_341' title='bbox 3514 2056 3607 2095; x_wconf 77' lang='lat' dir='ltr'><strong>vos</strong></span> <span class='ocrx_word' id='word_1_342' title='bbox 3646 2049 3697 2093; x_wconf 83' lang='lat' dir='ltr'><strong>ut</strong></span> <span class='ocrx_word' id='word_1_343' title='bbox 3723 2057 3797 2094; x_wconf 79' lang='lat' dir='ltr'><strong>M-</strong></span> 
     </span>
    </p>
   </div>
   <div class='ocr_carea' id='block_1_50' title="bbox 2234 2131 3796 2204">
    <p class='ocr_par' dir='ltr' id='par_1_50' title="bbox 2234 2131 3796 2204">
     <span class='ocr_line' id='line_1_50' title="bbox 2234 2131 3796 2204; baseline 0.004 -20"><span class='ocrx_word' id='word_1_344' title='bbox 2234 2132 2354 2186; x_wconf 88' lang='lat' dir='ltr'><strong>cetis</strong></span> <span class='ocrx_word' id='word_1_345' title='bbox 2384 2132 2605 2186; x_wconf 87' lang='lat' dir='ltr'><strong>orationi</strong></span> <span class='ocrx_word' id='word_1_346' title='bbox 2626 2132 2674 2202; x_wconf 92' lang='lat' dir='ltr'><strong>(I</strong></span> <span class='ocrx_word' id='word_1_347' title='bbox 2698 2131 2817 2186; x_wconf 86' lang='lat' dir='ltr'><strong>Cor.</strong></span> <span class='ocrx_word' id='word_1_348' title='bbox 2847 2148 2938 2197; x_wconf 86' lang='lat' dir='ltr'><strong>vn,</strong></span> <span class='ocrx_word' id='word_1_349' title='bbox 2971 2131 3051 2204; x_wconf 81' lang='lat'><strong>5).</strong></span> <span class='ocrx_word' id='word_1_350' title='bbox 3084 2133 3139 2188; x_wconf 90' lang='lat' dir='ltr'><strong>Si</strong></span> <span class='ocrx_word' id='word_1_351' title='bbox 3160 2148 3287 2203; x_wconf 89' lang='lat' dir='ltr'><strong>ergo</strong></span> <span class='ocrx_word' id='word_1_352' title='bbox 3317 2133 3648 2190; x_wconf 86' lang='lat' dir='ltr'><strong>abstinentia</strong></span> <span class='ocrx_word' id='word_1_353' title='bbox 3673 2134 3796 2190; x_wconf 84' lang='lat' dir='ltr'><strong>laicis</strong></span> 
     </span>
    </p>
   </div>
   <div class='ocr_carea' id='block_1_51' title="bbox 2232 2226 3797 2299">
    <p class='ocr_par' dir='ltr' id='par_1_51' title="bbox 2232 2226 3797 2299">
     <span class='ocr_line' id='line_1_51' title="bbox 2232 2226 3797 2299; baseline 0.003 -20"><span class='ocrx_word' id='word_1_354' title='bbox 2232 2226 2547 2295; x_wconf 86' lang='lat' dir='ltr'><strong>imperatur,</strong></span> <span class='ocrx_word' id='word_1_355' title='bbox 2573 2234 2629 2279; x_wconf 93' lang='lat' dir='ltr'><strong>ut</strong></span> <span class='ocrx_word' id='word_1_356' title='bbox 2656 2228 2859 2295; x_wconf 90' lang='lat' dir='ltr'><strong>possint</strong></span> <span class='ocrx_word' id='word_1_357' title='bbox 2887 2226 3239 2296; x_wconf 84' lang='lat' dir='ltr'><strong>deprecantes</strong></span> <span class='ocrx_word' id='word_1_358' title='bbox 3267 2227 3464 2295; x_wconf 90' lang='lat' dir='ltr'><strong>audiri,</strong></span> <span class='ocrx_word' id='word_1_359' title='bbox 3483 2237 3688 2299; x_wconf 85' lang='lat' dir='ltr'><strong>quanto</strong></span> <span class='ocrx_word' id='word_1_360' title='bbox 3705 2244 3797 2283; x_wconf 77' lang='lat' dir='ltr'><strong>nta-</strong></span> 
     </span>
    </p>
   </div>
   <div class='ocr_carea' id='block_1_52' title="bbox 2232 2316 3795 2390">
    <p class='ocr_par' dir='ltr' id='par_1_52' title="bbox 2232 2316 3795 2390">
     <span class='ocr_line' id='line_1_52' title="bbox 2232 2316 3795 2390; baseline 0.004 -19"><span class='ocrx_word' id='word_1_361' title='bbox 2232 2320 2313 2388; x_wconf 84' lang='lat' dir='ltr'><strong>gis</strong></span> <span class='ocrx_word' id='word_1_362' title='bbox 2354 2318 2605 2374; x_wconf 90' lang='lat' dir='ltr'><strong>sacerdos</strong></span> <span class='ocrx_word' id='word_1_363' title='bbox 2640 2316 2657 2355; x_wconf 86' lang='lat'>1</span> <span class='ocrx_word' id='word_1_364' title='bbox 2692 2320 2875 2389; x_wconf 88' lang='lat' dir='ltr'><strong>utique</strong></span> <span class='ocrx_word' id='word_1_365' title='bbox 2922 2320 3068 2374; x_wconf 88' lang='lat' dir='ltr'><strong>omni</strong></span> <span class='ocrx_word' id='word_1_366' title='bbox 3119 2332 3394 2377; x_wconf 89' lang='lat' dir='ltr'><strong>momento</strong></span> <span class='ocrx_word' id='word_1_367' title='bbox 3432 2332 3656 2390; x_wconf 89' lang='lat' dir='ltr'><strong>paratus</strong></span> <span class='ocrx_word' id='word_1_368' title='bbox 3695 2336 3795 2377; x_wconf 84' lang='lat' dir='ltr'><strong>esse</strong></span> 
     </span>
    </p>
   </div>
   <div class='ocr_carea' id='block_1_53' title="bbox 2232 2410 3800 2480">
    <p class='ocr_par' dir='ltr' id='par_1_53' title="bbox 2232 2410 3800 2480">
     <span class='ocr_line' id='line_1_53' title="bbox 2232 2410 3800 2480; baseline 0.002 -15"><span class='ocrx_word' id='word_1_369' title='bbox 2232 2410 2392 2466; x_wconf 92' lang='lat' dir='ltr'><strong>dehet</strong></span> <span class='ocrx_word' id='word_1_370' title='bbox 2428 2410 2700 2466; x_wconf 80' lang='lat' dir='ltr'><strong>munditiae</strong></span> <span class='ocrx_word' id='word_1_371' title='bbox 2730 2413 2968 2480; x_wconf 82' lang='lat' dir='ltr'><strong>puritate</strong></span> <span class='ocrx_word' id='word_1_372' title='bbox 2992 2425 3212 2467; x_wconf 87' lang='lat' dir='ltr'><strong>securus</strong></span> <span class='ocrx_word' id='word_1_373' title='bbox 3236 2452 3250 2478; x_wconf 88' lang='lat'><strong>,</strong></span> <span class='ocrx_word' id='word_1_374' title='bbox 3280 2427 3348 2468; x_wconf 90' lang='lat' dir='ltr'><strong>ne</strong></span> <span class='ocrx_word' id='word_1_375' title='bbox 3374 2421 3471 2467; x_wconf 89' lang='lat' dir='ltr'><strong>aut</strong></span> <span class='ocrx_word' id='word_1_376' title='bbox 3498 2412 3800 2468; x_wconf 76' lang='lat' dir='ltr'><strong>sacriﬁcium</strong></span> 
     </span>
    </p>
   </div>
   <div class='ocr_carea' id='block_1_54' title="bbox 2232 2502 3800 2572">
    <p class='ocr_par' dir='ltr' id='par_1_54' title="bbox 2232 2502 3800 2572">
     <span class='ocr_line' id='line_1_54' title="bbox 2232 2502 3800 2572; baseline 0.003 -17"><span class='ocrx_word' id='word_1_377' title='bbox 2232 2502 2445 2570; x_wconf 82' lang='lat' dir='ltr'><strong>oll‘erat,</strong></span> <span class='ocrx_word' id='word_1_378' title='bbox 2489 2512 2581 2557; x_wconf 87' lang='lat' dir='ltr'><strong>aut</strong></span> <span class='ocrx_word' id='word_1_379' title='bbox 2613 2502 2884 2571; x_wconf 82' lang='lat' dir='ltr'><strong>baptizare</strong></span> <span class='ocrx_word' id='word_1_380' title='bbox 2906 2502 3166 2572; x_wconf 76' lang='lat' dir='ltr'><strong>cogatur?</strong></span> <span class='ocrx_word' id='word_1_381' title='bbox 3194 2503 3295 2570; x_wconf 86' lang='lat' dir='ltr'><strong>Qui</strong></span> <span class='ocrx_word' id='word_1_382' title='bbox 3319 2503 3364 2557; x_wconf 89' lang='lat' dir='ltr'><strong>si</strong></span> <span class='ocrx_word' id='word_1_383' title='bbox 3389 2504 3602 2559; x_wconf 85' lang='lat' dir='ltr'><strong>carnali</strong></span> <span class='ocrx_word' id='word_1_384' title='bbox 3630 2518 3800 2560; x_wconf 82' lang='lat' dir='ltr'><strong>concu-</strong></span> 
     </span>
    </p>
   </div>
   <div class='ocr_carea' id='block_1_55' title="bbox 2232 2594 3801 2665">
    <p class='ocr_par' dir='ltr' id='par_1_55' title="bbox 2232 2594 3801 2665">
     <span class='ocr_line' id='line_1_55' title="bbox 2232 2594 3801 2665; baseline 0.002 -19"><span class='ocrx_word' id='word_1_385' title='bbox 2232 2596 2487 2664; x_wconf 89' lang='lat' dir='ltr'><strong>piscentia</strong></span> <span class='ocrx_word' id='word_1_386' title='bbox 2507 2596 2898 2649; x_wconf 85' lang='lat' dir='ltr'><strong>cuntaminatus</strong></span> <span class='ocrx_word' id='word_1_387' title='bbox 2916 2594 3106 2659; x_wconf 80' lang='lat' dir='ltr'><strong>fuerit,</strong></span> <span class='ocrx_word' id='word_1_388' title='bbox 3137 2594 3265 2665; x_wconf 91' lang='lat' dir='ltr'><strong>quid</strong></span> <span class='ocrx_word' id='word_1_389' title='bbox 3292 2594 3489 2650; x_wconf 72' lang='lat' dir='ltr'><strong>faciet?</strong></span> <span class='ocrx_word' id='word_1_390' title='bbox 3510 2594 3801 2651; x_wconf 72' lang='lat' dir='ltr'><strong>excusabit?</strong></span> 
     </span>
    </p>
   </div>
   <div class='ocr_carea' id='block_1_56' title="bbox 2232 2683 3802 2755">
    <p class='ocr_par' dir='ltr' id='par_1_56' title="bbox 2232 2683 3802 2755">
     <span class='ocr_line' id='line_1_56' title="bbox 2232 2683 3802 2755; baseline 0 -15"><span class='ocrx_word' id='word_1_391' title='bbox 2232 2700 2339 2754; x_wconf 90' lang='lat' dir='ltr'><strong>quo</strong></span> <span class='ocrx_word' id='word_1_392' title='bbox 2362 2686 2583 2755; x_wconf 88' lang='lat' dir='ltr'><strong>pudore,</strong></span> <span class='ocrx_word' id='word_1_393' title='bbox 2604 2695 2640 2720; x_wconf 78' lang='grc' dir='ltr'>ω</span> <span class='ocrx_word' id='word_1_394' title='bbox 2655 2701 2757 2755; x_wconf 90' lang='lat' dir='ltr'><strong>qua</strong></span> <span class='ocrx_word' id='word_1_395' title='bbox 2783 2694 2963 2741; x_wconf 85' lang='lat' dir='ltr'><strong>mente</strong></span> <span class='ocrx_word' id='word_1_396' title='bbox 2982 2686 3295 2755; x_wconf 76' lang='lat' dir='ltr'><strong>usurpabiti</strong></span> <span class='ocrx_word' id='word_1_397' title='bbox 3318 2701 3421 2755; x_wconf 91' lang='lat' dir='ltr'><strong>qua</strong></span> <span class='ocrx_word' id='word_1_398' title='bbox 3445 2683 3802 2743; x_wconf 76' lang='lat' dir='ltr'><strong>conscientia?</strong></span> 
     </span>
    </p>
   </div>
   <div class='ocr_carea' id='block_1_57' title="bbox 2232 2776 3799 2844">
    <p class='ocr_par' dir='ltr' id='par_1_57' title="bbox 2232 2776 3799 2844">
     <span class='ocr_line' id='line_1_57' title="bbox 2232 2776 3799 2844; baseline 0.001 -14"><span class='ocrx_word' id='word_1_399' title='bbox 2232 2778 2349 2844; x_wconf 86' lang='lat' dir='ltr'><strong>Quo</strong></span> <span class='ocrx_word' id='word_1_400' title='bbox 2380 2779 2569 2832; x_wconf 89' lang='lat' dir='ltr'><strong>merito</strong></span> <span class='ocrx_word' id='word_1_401' title='bbox 2600 2776 2687 2831; x_wconf 92' lang='lat' dir='ltr'><strong>hic</strong></span> <span class='ocrx_word' id='word_1_402' title='bbox 2730 2776 2969 2833; x_wconf 86' lang='lat' dir='ltr'><strong>exaudiri</strong></span> <span class='ocrx_word' id='word_1_403' title='bbox 2998 2790 3057 2831; x_wconf 89' lang='lat' dir='ltr'><strong>se</strong></span> <span class='ocrx_word' id='word_1_404' title='bbox 3087 2776 3289 2843; x_wconf 88' lang='lat' dir='ltr'><strong>credit,</strong></span> <span class='ocrx_word' id='word_1_405' title='bbox 3312 2792 3434 2832; x_wconf 90' lang='lat' dir='ltr'><strong>cum</strong></span> <span class='ocrx_word' id='word_1_406' title='bbox 3460 2777 3665 2833; x_wconf 92' lang='lat' dir='ltr'><strong>dictum</strong></span> <span class='ocrx_word' id='word_1_407' title='bbox 3696 2779 3757 2833; x_wconf 81' lang='lat' dir='ltr'><strong>sit</strong></span> <span class='ocrx_word' id='word_1_408' title='bbox 3784 2792 3799 2831; x_wconf 88' lang='lat'><strong>:</strong></span> 
     </span>
    </p>
   </div>
   <div class='ocr_carea' id='block_1_58' title="bbox 2236 2868 3799 2939">
    <p class='ocr_par' dir='ltr' id='par_1_58' title="bbox 2236 2868 3799 2939">
     <span class='ocr_line' id='line_1_58' title="bbox 2236 2868 3799 2939; baseline 0.001 -18"><span class='ocrx_word' id='word_1_409' title='bbox 2236 2868 2421 2923; x_wconf 83' lang='lat' dir='ltr'><strong>Omnia</strong></span> <span class='ocrx_word' id='word_1_410' title='bbox 2474 2869 2664 2923; x_wconf 85' lang='lat' dir='ltr'><strong>munda</strong></span> <span class='ocrx_word' id='word_1_411' title='bbox 2714 2869 2951 2931; x_wconf 81' lang='lat' dir='ltr'><strong>mundis;</strong></span> <span class='ocrx_word' id='word_1_412' title='bbox 2993 2869 3333 2938; x_wconf 82' lang='lat' dir='ltr'><strong>coinquinatis</strong></span> <span class='ocrx_word' id='word_1_413' title='bbox 3375 2880 3552 2925; x_wconf 88' lang='lat' dir='ltr'><strong>autem</strong></span> <span class='ocrx_word' id='word_1_414' title='bbox 3591 2880 3638 2925; x_wconf 86' lang='lat' dir='ltr'><strong>et</strong></span> <span class='ocrx_word' id='word_1_415' title='bbox 3706 2870 3799 2939; x_wconf 67' lang='lat' dir='ltr'><strong>inﬁ-</strong></span> 
     </span>
    </p>
   </div>
   <div class='ocr_carea' id='block_1_59' title="bbox 2231 2959 3798 3033">
    <p class='ocr_par' dir='ltr' id='par_1_59' title="bbox 2231 2959 3798 3033">
     <span class='ocr_line' id='line_1_59' title="bbox 2231 2959 3798 3033; baseline 0.003 -18"><span class='ocrx_word' id='word_1_416' title='bbox 2231 2962 2424 3016; x_wconf 85' lang='lat' dir='ltr'><strong>delibus</strong></span> <span class='ocrx_word' id='word_1_417' title='bbox 2454 2963 2585 3015; x_wconf 83' lang='lat' dir='ltr'><strong>nihil</strong></span> <span class='ocrx_word' id='word_1_418' title='bbox 2610 2962 2855 3015; x_wconf 86' lang='lat' dir='ltr'><strong>mundum</strong></span> <span class='ocrx_word' id='word_1_419' title='bbox 2885 2961 2903 3033; x_wconf 97' lang='lat'>(</span> <span class='ocrx_word' id='word_1_420' title='bbox 2938 2959 3042 3017; x_wconf 89' lang='lat' dir='ltr'><strong>Tit.</strong></span> <span class='ocrx_word' id='word_1_421' title='bbox 3065 2978 3108 3027; x_wconf 80' lang='lat' dir='ltr'><strong>t,</strong></span> <span class='ocrx_word' id='word_1_422' title='bbox 3134 2961 3252 3031; x_wconf 76' lang='lat' dir='ltr'><strong>I5)?</strong></span> <span class='ocrx_word' id='word_1_423' title='bbox 3277 2963 3391 3029; x_wconf 87' lang='lat' dir='ltr'><strong>Qua</strong></span> <span class='ocrx_word' id='word_1_424' title='bbox 3423 2964 3492 3018; x_wconf 92' lang='lat' dir='ltr'><strong>de</strong></span> <span class='ocrx_word' id='word_1_425' title='bbox 3523 2979 3585 3019; x_wconf 89' lang='lat' dir='ltr'><strong>re</strong></span> <span class='ocrx_word' id='word_1_426' title='bbox 3616 2963 3798 3027; x_wconf 86' lang='lat' dir='ltr'><strong>hortor,</strong></span> 
     </span>
    </p>
   </div>
   <div class='ocr_carea' id='block_1_60' title="bbox 2232 3054 3800 3127">
    <p class='ocr_par' dir='ltr' id='par_1_60' title="bbox 2232 3054 3800 3127">
     <span class='ocr_line' id='line_1_60' title="bbox 2232 3054 3800 3127; baseline 0.002 -19"><span class='ocrx_word' id='word_1_427' title='bbox 2232 3068 2450 3120; x_wconf 90' lang='lat' dir='ltr'><strong>moneo,</strong></span> <span class='ocrx_word' id='word_1_428' title='bbox 2481 3069 2633 3124; x_wconf 90' lang='lat' dir='ltr'><strong>rogo,</strong></span> <span class='ocrx_word' id='word_1_429' title='bbox 2656 3054 2877 3108; x_wconf 90' lang='lat' dir='ltr'><strong>tollatur</strong></span> <span class='ocrx_word' id='word_1_430' title='bbox 2903 3054 3006 3108; x_wconf 90' lang='lat' dir='ltr'><strong>hoc</strong></span> <span class='ocrx_word' id='word_1_431' title='bbox 3045 3054 3394 3124; x_wconf 88' lang='lat' dir='ltr'><strong>opprobrium</strong></span> <span class='ocrx_word' id='word_1_432' title='bbox 3413 3097 3429 3121; x_wconf 90' lang='lat'><strong>,</strong></span> <span class='ocrx_word' id='word_1_433' title='bbox 3468 3057 3616 3126; x_wconf 89' lang='lat' dir='ltr'><strong>quod</strong></span> <span class='ocrx_word' id='word_1_434' title='bbox 3647 3066 3800 3127; x_wconf 83' lang='lat' dir='ltr'><strong>potest</strong></span> 
     </span>
    </p>
   </div>
   <div class='ocr_carea' id='block_1_61' title="bbox 2241 3143 3793 3223">
    <p class='ocr_par' dir='ltr' id='par_1_61' title="bbox 2241 3143 3793 3223">
     <span class='ocr_line' id='line_1_61' title="bbox 2241 3143 3793 3223; baseline 0.003 -26"><span class='ocrx_word' id='word_1_435' title='bbox 2241 3144 2362 3213; x_wconf 88' lang='lat' dir='ltr'><strong>jure</strong></span> <span class='ocrx_word' id='word_1_436' title='bbox 2388 3144 2545 3199; x_wconf 87' lang='lat' dir='ltr'><strong>etiam</strong></span> <span class='ocrx_word' id='word_1_437' title='bbox 2574 3144 2842 3215; x_wconf 81' lang='lat' dir='ltr'><strong>gentilitas</strong></span> <span class='ocrx_word' id='word_1_438' title='bbox 2868 3158 3145 3223; x_wconf 81' lang='lat' dir='ltr'><strong>accusare.</strong></span> <span class='ocrx_word' id='word_1_439' title='bbox 3176 3143 3339 3201; x_wconf 86' lang='lat' dir='ltr'><strong>Forte</strong></span> <span class='ocrx_word' id='word_1_440' title='bbox 3358 3153 3388 3181; x_wconf 77' lang='grc' dir='ltr'><strong>ιι</strong></span> <span class='ocrx_word' id='word_1_441' title='bbox 3417 3145 3526 3202; x_wconf 89' lang='lat' dir='ltr'><strong>hoc</strong></span> <span class='ocrx_word' id='word_1_442' title='bbox 3563 3146 3793 3212; x_wconf 84' lang='lat' dir='ltr'><strong>creditur,</strong></span> 
     </span>
    </p>
   </div>
   <div class='ocr_carea' id='block_1_62' title="bbox 608 3282 3797 3397">
    <p class='ocr_par' dir='ltr' id='par_1_62' title="bbox 608 3282 3797 3397">
     <span class='ocr_line' id='line_1_62' title="bbox 608 3282 3797 3397; baseline 0 -17"><span class='ocrx_word' id='word_1_443' title='bbox 608 3338 641 3369; x_wconf 80' lang='grc' dir='ltr'>ι</span> <span class='ocrx_word' id='word_1_444' title='bbox 664 3330 785 3382; x_wconf 85' lang='lat' dir='ltr'><strong>Vat.</strong></span> <span class='ocrx_word' id='word_1_445' title='bbox 806 3327 1104 3392; x_wconf 72' lang='lat' dir='ltr'><strong>3827,ante</strong></span> <span class='ocrx_word' id='word_1_446' title='bbox 1124 3326 1216 3379; x_wconf 80' lang='lat' dir='ltr'><strong>Dei</strong></span> <span class='ocrx_word' id='word_1_447' title='bbox 1234 3332 1590 3397; x_wconf 81' lang='lat' dir='ltr'><strong>conspectum,-</strong></span> <span class='ocrx_word' id='word_1_448' title='bbox 1612 3339 1673 3379; x_wconf 92' lang='lat' dir='ltr'><strong>ac</strong></span> <span class='ocrx_word' id='word_1_449' title='bbox 1691 3323 2131 3397; x_wconf 74' lang='lat' dir='ltr'><strong>deletsecurique.</strong></span> <span class='ocrx_word' id='word_1_450' title='bbox 2161 3321 2208 3385; x_wconf 87' lang='lat' dir='ltr'><strong>C</strong></span> <span class='ocrx_word' id='word_1_451' title='bbox 2240 3322 2412 3397; x_wconf 70' lang='lat' dir='ltr'><strong>idest.</strong></span> <span class='ocrx_word' id='word_1_452' title='bbox 2442 3321 2748 3397; x_wconf 76' lang='lat' dir='ltr'><strong>Ferrandus</strong></span> <span class='ocrx_word' id='word_1_453' title='bbox 2774 3322 2856 3397; x_wconf 78' lang='lat' dir='ltr'><strong>tit.</strong></span> <span class='ocrx_word' id='word_1_454' title='bbox 2889 3324 2955 3388; x_wconf 77' lang='lat'><strong>5,</strong></span> <span class='ocrx_word' id='word_1_455' title='bbox 2998 3282 3061 3397; x_wconf 77' lang='lat' dir='ltr'><strong>et</strong></span> <span class='ocrx_word' id='word_1_456' title='bbox 3083 3322 3557 3397; x_wconf 9' lang='lat' dir='ltr'><strong>Innocentiusglin</strong></span> <span class='ocrx_word' id='word_1_457' title='bbox 3590 3327 3797 3397; x_wconf 79' lang='lat' dir='ltr'><strong>epistola</strong></span> 
     </span>
    </p>
   </div>
   <div class='ocr_carea' id='block_1_63' title="bbox 609 3392 2125 3459">
    <p class='ocr_par' dir='ltr' id='par_1_63' title="bbox 609 3392 2125 3459">
     <span class='ocr_line' id='line_1_63' title="bbox 609 3392 2125 3459; baseline -0.005 -3"><span class='ocrx_word' id='word_1_458' title='bbox 609 3398 641 3439; x_wconf 69' lang='grc' dir='ltr'>δ</span> <span class='ocrx_word' id='word_1_459' title='bbox 661 3400 845 3456; x_wconf 89' lang='lat' dir='ltr'><strong>Const.</strong></span> <span class='ocrx_word' id='word_1_460' title='bbox 869 3414 988 3451; x_wconf 88' lang='lat' dir='ltr'><strong>cum</strong></span> <span class='ocrx_word' id='word_1_461' title='bbox 1016 3399 1183 3452; x_wconf 87' lang='lat' dir='ltr'><strong>tribus</strong></span> <span class='ocrx_word' id='word_1_462' title='bbox 1208 3397 1319 3450; x_wconf 88' lang='lat' dir='ltr'><strong>suis</strong></span> <span class='ocrx_word' id='word_1_463' title='bbox 1348 3392 1504 3450; x_wconf 85' lang='lat' dir='ltr'><strong>codd.</strong></span> <span class='ocrx_word' id='word_1_464' title='bbox 1534 3406 1587 3451; x_wconf 90' lang='lat' dir='ltr'><strong>et</strong></span> <span class='ocrx_word' id='word_1_465' title='bbox 1609 3404 1791 3451; x_wconf 92' lang='lat' dir='ltr'><strong>nostro</strong></span> <span class='ocrx_word' id='word_1_466' title='bbox 1817 3394 1935 3449; x_wconf 86' lang='lat' dir='ltr'><strong>Vat.</strong></span> <span class='ocrx_word' id='word_1_467' title='bbox 1964 3392 2125 3459; x_wconf 72' lang='grc'><strong>1540,</strong></span> 
     </span>
    </p>
   </div>
   <div class='ocr_carea' id='block_1_64' title="bbox 535 3469 1659 3544">
    <p class='ocr_par' dir='ltr' id='par_1_64' title="bbox 535 3469 1659 3544">
     <span class='ocr_line' id='line_1_64' title="bbox 535 3469 1659 3544; baseline -0.004 -19"><span class='ocrx_word' id='word_1_468' title='bbox 535 3472 658 3544; x_wconf 79' lang='lat' dir='ltr'><strong>quia</strong></span> <span class='ocrx_word' id='word_1_469' title='bbox 670 3484 982 3544; x_wconf 65' lang='lat' dir='ltr'><strong>praesumus.</strong></span> <span class='ocrx_word' id='word_1_470' title='bbox 1014 3469 1158 3544; x_wconf 54' lang='lat' dir='ltr'><strong>t§_l_ii,_</strong></span> <span class='ocrx_word' id='word_1_471' title='bbox 1173 3470 1334 3544; x_wconf 65' lang='lat' dir='ltr'><strong>quiet</strong></span> <span class='ocrx_word' id='word_1_472' title='bbox 1359 3482 1659 3544; x_wconf 60' lang='lat' dir='ltr'><strong>praesumus.</strong></span> 
     </span>
    </p>
   </div>
   <div class='ocr_carea' id='block_1_65' title="bbox 610 3536 2123 3603">
    <p class='ocr_par' dir='ltr' id='par_1_65' title="bbox 610 3536 2123 3603">
     <span class='ocr_line' id='line_1_65' title="bbox 610 3536 2123 3603; baseline -0.007 -4"><span class='ocrx_word' id='word_1_473' title='bbox 610 3542 749 3599; x_wconf 80' lang='lat' dir='ltr'><strong>cSic</strong></span> <span class='ocrx_word' id='word_1_474' title='bbox 794 3540 953 3594; x_wconf 85' lang='lat' dir='ltr'><strong>codd.</strong></span> <span class='ocrx_word' id='word_1_475' title='bbox 1024 3536 1207 3601; x_wconf 71' lang='lat' dir='ltr'><strong>Vind.,</strong></span> <span class='ocrx_word' id='word_1_476' title='bbox 1249 3536 1367 3592; x_wconf 77' lang='lat' dir='ltr'><strong>Vat.</strong></span> <span class='ocrx_word' id='word_1_477' title='bbox 1428 3537 1587 3599; x_wconf 74' lang='lat' dir='ltr'><strong>l3&#39;t0,</strong></span> <span class='ocrx_word' id='word_1_478' title='bbox 1636 3553 1759 3591; x_wconf 85' lang='lat' dir='ltr'><strong>cum</strong></span> <span class='ocrx_word' id='word_1_479' title='bbox 1816 3537 1937 3591; x_wconf 85' lang='lat' dir='ltr'><strong>aliis</strong></span> <span class='ocrx_word' id='word_1_480' title='bbox 1975 3536 2123 3603; x_wconf 83' lang='lat' dir='ltr'><strong>vulg.</strong></span> 
     </span>
    </p>
   </div>
   <div class='ocr_carea' id='block_1_66' title="bbox 536 3608 2126 3680">
    <p class='ocr_par' dir='ltr' id='par_1_66' title="bbox 536 3608 2126 3680">
     <span class='ocr_line' id='line_1_66' title="bbox 536 3608 2126 3680; baseline -0.003 -18"><span class='ocrx_word' id='word_1_481' title='bbox 536 3612 857 3680; x_wconf 80' lang='lat' dir='ltr'><strong>Quesnellus</strong></span> <span class='ocrx_word' id='word_1_482' title='bbox 884 3625 1004 3663; x_wconf 89' lang='lat' dir='ltr'><strong>cum</strong></span> <span class='ocrx_word' id='word_1_483' title='bbox 1031 3610 1147 3663; x_wconf 87' lang='lat' dir='ltr'><strong>Vat.</strong></span> <span class='ocrx_word' id='word_1_484' title='bbox 1181 3610 1341 3673; x_wconf 71' lang='lat'><strong>3827,</strong></span> <span class='ocrx_word' id='word_1_485' title='bbox 1368 3608 1605 3662; x_wconf 87' lang='lat' dir='ltr'><strong>reddere.</strong></span> <span class='ocrx_word' id='word_1_486' title='bbox 1638 3608 1769 3663; x_wconf 88' lang='lat' dir='ltr'><strong>Dein</strong></span> <span class='ocrx_word' id='word_1_487' title='bbox 1807 3622 1993 3680; x_wconf 81' lang='lat' dir='ltr'><strong>vocem</strong></span> <span class='ocrx_word' id='word_1_488' title='bbox 2026 3608 2126 3659; x_wconf 83' lang='lat' dir='ltr'><strong>Itu-</strong></span> 
     </span>
    </p>
   </div>
   <div class='ocr_carea' id='block_1_67' title="bbox 538 3678 2127 3748">
    <p class='ocr_par' dir='ltr' id='par_1_67' title="bbox 538 3678 2127 3748">
     <span class='ocr_line' id='line_1_67' title="bbox 538 3678 2127 3748; baseline -0.003 -13"><span class='ocrx_word' id='word_1_489' title='bbox 538 3678 739 3748; x_wconf 81' lang='lat' dir='ltr'><strong>milem,</strong></span> <span class='ocrx_word' id='word_1_490' title='bbox 765 3683 1019 3737; x_wconf 82' lang='lat' dir='ltr'><strong>omnibus</strong></span> <span class='ocrx_word' id='word_1_491' title='bbox 1060 3682 1259 3735; x_wconf 89' lang='lat' dir='ltr'><strong>nostris</strong></span> <span class='ocrx_word' id='word_1_492' title='bbox 1310 3693 1441 3733; x_wconf 90' lang='lat' dir='ltr'><strong>mss.</strong></span> <span class='ocrx_word' id='word_1_493' title='bbox 1474 3688 1527 3732; x_wconf 91' lang='lat' dir='ltr'><strong>et</strong></span> <span class='ocrx_word' id='word_1_494' title='bbox 1558 3680 1698 3747; x_wconf 89' lang='lat' dir='ltr'><strong>vulg.</strong></span> <span class='ocrx_word' id='word_1_495' title='bbox 1735 3678 2127 3747; x_wconf 49' lang='lat' dir='ltr'><strong>approbatum”</strong></span> 
     </span>
    </p>
   </div>
   <div class='ocr_carea' id='block_1_68' title="bbox 538 3749 2126 3821">
    <p class='ocr_par' dir='ltr' id='par_1_68' title="bbox 538 3749 2126 3821">
     <span class='ocr_line' id='line_1_68' title="bbox 538 3749 2126 3821; baseline -0.004 -14"><span class='ocrx_word' id='word_1_496' title='bbox 538 3754 683 3808; x_wconf 88' lang='lat' dir='ltr'><strong>idem</strong></span> <span class='ocrx_word' id='word_1_497' title='bbox 730 3753 1045 3821; x_wconf 78' lang='lat' dir='ltr'><strong>Quesnellus</strong></span> <span class='ocrx_word' id='word_1_498' title='bbox 1082 3751 1455 3821; x_wconf 63' lang='lat' dir='ltr'><strong>praetermisit.</strong></span> <span class='ocrx_word' id='word_1_499' title='bbox 1497 3749 1666 3804; x_wconf 87' lang='lat' dir='ltr'><strong>Habet</strong></span> <span class='ocrx_word' id='word_1_500' title='bbox 1701 3765 1827 3821; x_wconf 81' lang='lat' dir='ltr'><strong>vero</strong></span> <span class='ocrx_word' id='word_1_501' title='bbox 1858 3750 2126 3821; x_wconf 19' lang='lat' dir='ltr'><strong>cumbuli-</strong></span> 
     </span>
    </p>
   </div>
   <div class='ocr_carea' id='block_1_69' title="bbox 537 3817 2125 3893">
    <p class='ocr_par' dir='ltr' id='par_1_69' title="bbox 537 3817 2125 3893">
     <span class='ocr_line' id='line_1_69' title="bbox 537 3817 2125 3893; baseline -0.004 -16"><span class='ocrx_word' id='word_1_502' title='bbox 537 3837 666 3893; x_wconf 88' lang='lat' dir='ltr'><strong>qu0t</strong></span> <span class='ocrx_word' id='word_1_503' title='bbox 687 3817 960 3878; x_wconf 72' lang='lat' dir='ltr'><strong>codicibus</strong></span> <span class='ocrx_word' id='word_1_504' title='bbox 983 3817 1597 3893; x_wconf 66' lang='lat' dir='ltr'><strong>disciplinamdciﬁcam.</strong></span> <span class='ocrx_word' id='word_1_505' title='bbox 1618 3819 1944 3893; x_wconf 79' lang='lat' dir='ltr'><strong>Scripsimus</strong></span> <span class='ocrx_word' id='word_1_506' title='bbox 1960 3817 2125 3893; x_wconf 68' lang='lat' dir='ltr'><strong>disci-</strong></span> 
     </span>
    </p>
   </div>
   <div class='ocr_carea' id='block_1_70' title="bbox 538 3889 2126 3963">
    <p class='ocr_par' dir='ltr' id='par_1_70' title="bbox 538 3889 2126 3963">
     <span class='ocr_line' id='line_1_70' title="bbox 538 3889 2126 3963; baseline -0.004 -15"><span class='ocrx_word' id='word_1_507' title='bbox 538 3889 684 3963; x_wconf 79' lang='lat' dir='ltr'><strong>plina</strong></span> <span class='ocrx_word' id='word_1_508' title='bbox 712 3895 895 3963; x_wconf 86' lang='lat' dir='ltr'><strong>dei/ica</strong></span> <span class='ocrx_word' id='word_1_509' title='bbox 926 3909 1045 3946; x_wconf 89' lang='lat' dir='ltr'><strong>cum</strong></span> <span class='ocrx_word' id='word_1_510' title='bbox 1076 3889 1260 3946; x_wconf 85' lang='lat' dir='ltr'><strong>nostro</strong></span> <span class='ocrx_word' id='word_1_511' title='bbox 1290 3891 1412 3963; x_wconf 78' lang='lat' dir='ltr'><strong>Vat.</strong></span> <span class='ocrx_word' id='word_1_512' title='bbox 1449 3891 1587 3963; x_wconf 72' lang='lat'><strong>5827</strong></span> <span class='ocrx_word' id='word_1_513' title='bbox 1616 3906 1676 3944; x_wconf 90' lang='lat' dir='ltr'><strong>ac</strong></span> <span class='ocrx_word' id='word_1_514' title='bbox 1701 3889 1920 3963; x_wconf 79' lang='lat' dir='ltr'><strong>duobus</strong></span> <span class='ocrx_word' id='word_1_515' title='bbox 1949 3889 2126 3963; x_wconf 75' lang='lat' dir='ltr'><strong>Colb.,</strong></span> 
     </span>
    </p>
   </div>
   <div class='ocr_carea' id='block_1_71' title="bbox 540 3959 2129 4031">
    <p class='ocr_par' dir='ltr' id='par_1_71' title="bbox 540 3959 2129 4031">
     <span class='ocr_line' id='line_1_71' title="bbox 540 3959 2129 4031; baseline -0.004 -13"><span class='ocrx_word' id='word_1_516' title='bbox 540 3959 641 4018; x_wconf 79' lang='lat' dir='ltr'><strong>nec</strong></span> <span class='ocrx_word' id='word_1_517' title='bbox 687 3959 806 4020; x_wconf 81' lang='lat' dir='ltr'><strong>non</strong></span> <span class='ocrx_word' id='word_1_518' title='bbox 840 3966 1061 4031; x_wconf 89' lang='lat' dir='ltr'><strong>antiquo</strong></span> <span class='ocrx_word' id='word_1_519' title='bbox 1089 3963 1247 4016; x_wconf 88' lang='lat' dir='ltr'><strong>Corb.</strong></span> <span class='ocrx_word' id='word_1_520' title='bbox 1276 3960 1614 4025; x_wconf 84' lang='lat' dir='ltr'><strong>Constantii;</strong></span> <span class='ocrx_word' id='word_1_521' title='bbox 1648 3960 1713 4012; x_wconf 88' lang='lat' dir='ltr'><strong>ad</strong></span> <span class='ocrx_word' id='word_1_522' title='bbox 1747 3974 1881 4027; x_wconf 87' lang='lat' dir='ltr'><strong>quos</strong></span> <span class='ocrx_word' id='word_1_523' title='bbox 1908 3959 2129 4031; x_wconf 63' lang='lat' dir='ltr'><strong>accedit</strong></span> 
     </span>
    </p>
   </div>
   <div class='ocr_carea' id='block_1_72' title="bbox 540 4029 2129 4101">
    <p class='ocr_par' dir='ltr' id='par_1_72' title="bbox 540 4029 2129 4101">
     <span class='ocr_line' id='line_1_72' title="bbox 540 4029 2129 4101; baseline -0.002 -14"><span class='ocrx_word' id='word_1_524' title='bbox 540 4034 755 4101; x_wconf 69' lang='lat' dir='ltr'><strong>Fussat,</strong></span> <span class='ocrx_word' id='word_1_525' title='bbox 788 4047 841 4088; x_wconf 90' lang='lat' dir='ltr'><strong>et</strong></span> <span class='ocrx_word' id='word_1_526' title='bbox 871 4029 1006 4087; x_wconf 79' lang='lat' dir='ltr'><strong>alius</strong></span> <span class='ocrx_word' id='word_1_527' title='bbox 1035 4031 1186 4087; x_wconf 88' lang='lat' dir='ltr'><strong>Colb.</strong></span> <span class='ocrx_word' id='word_1_528' title='bbox 1223 4033 1310 4086; x_wconf 91' lang='lat' dir='ltr'><strong>ubi</strong></span> <span class='ocrx_word' id='word_1_529' title='bbox 1342 4032 1539 4098; x_wconf 84' lang='lat' dir='ltr'><strong>legitur</strong></span> <span class='ocrx_word' id='word_1_530' title='bbox 1575 4031 1855 4097; x_wconf 75' lang='lat' dir='ltr'><strong>disciplina</strong></span> <span class='ocrx_word' id='word_1_531' title='bbox 1900 4029 1992 4082; x_wconf 90' lang='lat' dir='ltr'><strong>Dei</strong></span> <span class='ocrx_word' id='word_1_532' title='bbox 2030 4030 2129 4084; x_wconf 83' lang='lat' dir='ltr'><strong>Itu-</strong></span> 
     </span>
    </p>
   </div>
   <div class='ocr_carea' id='block_1_73' title="bbox 538 4101 2052 4170">
    <p class='ocr_par' dir='ltr' id='par_1_73' title="bbox 538 4101 2052 4170">
     <span class='ocr_line' id='line_1_73' title="bbox 538 4101 2052 4170; baseline -0.001 -13"><span class='ocrx_word' id='word_1_533' title='bbox 538 4107 731 4159; x_wconf 85' lang='lat' dir='ltr'><strong>milem.</strong></span> <span class='ocrx_word' id='word_1_534' title='bbox 758 4106 906 4160; x_wconf 80' lang='lat' dir='ltr'><strong>Alius</strong></span> <span class='ocrx_word' id='word_1_535' title='bbox 933 4104 1115 4168; x_wconf 76' lang='lat' dir='ltr'><strong>Colli.,</strong></span> <span class='ocrx_word' id='word_1_536' title='bbox 1144 4103 1475 4170; x_wconf 88' lang='lat' dir='ltr'><strong>disciplinam</strong></span> <span class='ocrx_word' id='word_1_537' title='bbox 1499 4102 1733 4168; x_wconf 78' lang='lat' dir='ltr'><strong>deiﬁcum</strong></span> <span class='ocrx_word' id='word_1_538' title='bbox 1766 4101 2052 4155; x_wconf 81' lang='lat' dir='ltr'><strong>humiliter.</strong></span> 
     </span>
    </p>
   </div>
   <div class='ocr_carea' id='block_1_74' title="bbox 611 4171 2129 4241">
    <p class='ocr_par' dir='ltr' id='par_1_74' title="bbox 611 4171 2129 4241">
     <span class='ocr_line' id='line_1_74' title="bbox 611 4171 2129 4241; baseline -0.003 -13"><span class='ocrx_word' id='word_1_539' title='bbox 611 4171 639 4212; x_wconf 74' lang='grc' dir='ltr'><strong>ει</strong></span> <span class='ocrx_word' id='word_1_540' title='bbox 670 4175 825 4238; x_wconf 79' lang='lat' dir='ltr'><strong>Vulg.</strong></span> <span class='ocrx_word' id='word_1_541' title='bbox 858 4173 1065 4227; x_wconf 88' lang='lat' dir='ltr'><strong>Concil.</strong></span> <span class='ocrx_word' id='word_1_542' title='bbox 1087 4189 1206 4227; x_wconf 82' lang='lat' dir='ltr'><strong>cum</strong></span> <span class='ocrx_word' id='word_1_543' title='bbox 1234 4188 1341 4225; x_wconf 83' lang='lat' dir='ltr'><strong>uno</strong></span> <span class='ocrx_word' id='word_1_544' title='bbox 1375 4182 1558 4226; x_wconf 82' lang='lat' dir='ltr'><strong>nostro</strong></span> <span class='ocrx_word' id='word_1_545' title='bbox 1578 4171 1696 4226; x_wconf 88' lang='lat' dir='ltr'><strong>Vat.</strong></span> <span class='ocrx_word' id='word_1_546' title='bbox 1718 4171 1877 4241; x_wconf 68' lang='grc'><strong>1540,</strong></span> <span class='ocrx_word' id='word_1_547' title='bbox 1902 4182 2129 4225; x_wconf 88' lang='lat' dir='ltr'><strong>contem-</strong></span> 
     </span>
    </p>
   </div>
   <div class='ocr_carea' id='block_1_75' title="bbox 537 4243 1551 4300">
    <p class='ocr_par' dir='ltr' id='par_1_75' title="bbox 537 4243 1551 4300">
     <span class='ocr_line' id='line_1_75' title="bbox 537 4243 1551 4300; baseline -0.003 -2"><span class='ocrx_word' id='word_1_548' title='bbox 537 4257 735 4300; x_wconf 82' lang='lat' dir='ltr'><strong>nentes.</strong></span> <span class='ocrx_word' id='word_1_549' title='bbox 769 4247 888 4300; x_wconf 78' lang='lat' dir='ltr'><strong>Mox</strong></span> <span class='ocrx_word' id='word_1_550' title='bbox 918 4246 1024 4299; x_wconf 86' lang='lat' dir='ltr'><strong>duo</strong></span> <span class='ocrx_word' id='word_1_551' title='bbox 1057 4243 1199 4297; x_wconf 88' lang='lat' dir='ltr'><strong>Vatt.</strong></span> <span class='ocrx_word' id='word_1_552' title='bbox 1229 4243 1411 4297; x_wconf 86' lang='lat' dir='ltr'><strong>delent</strong></span> <span class='ocrx_word' id='word_1_553' title='bbox 1436 4259 1551 4295; x_wconf 89' lang='lat' dir='ltr'><strong>sua.</strong></span> 
     </span>
    </p>
   </div>
   <div class='ocr_carea' id='block_1_76' title="bbox 614 4311 2129 4384">
    <p class='ocr_par' dir='ltr' id='par_1_76' title="bbox 614 4311 2129 4384">
     <span class='ocr_line' id='line_1_76' title="bbox 614 4311 2129 4384; baseline -0.003 -13"><span class='ocrx_word' id='word_1_554' title='bbox 614 4325 637 4355; x_wconf 76' lang='grc' dir='ltr'><strong>ε</strong></span> <span class='ocrx_word' id='word_1_555' title='bbox 660 4318 888 4384; x_wconf 83' lang='lat' dir='ltr'><strong>Quesn.,</strong></span> <span class='ocrx_word' id='word_1_556' title='bbox 913 4315 957 4368; x_wconf 88' lang='lat' dir='ltr'><strong>si</strong></span> <span class='ocrx_word' id='word_1_557' title='bbox 985 4315 1208 4369; x_wconf 86' lang='lat' dir='ltr'><strong>videbas.</strong></span> <span class='ocrx_word' id='word_1_558' title='bbox 1237 4314 1539 4384; x_wconf 67' lang='lat' dir='ltr'><strong>Delevjmus</strong></span> <span class='ocrx_word' id='word_1_559' title='bbox 1567 4328 1688 4367; x_wconf 93' lang='lat' dir='ltr'><strong>cum</strong></span> <span class='ocrx_word' id='word_1_560' title='bbox 1724 4311 1878 4384; x_wconf 84' lang='lat' dir='ltr'><strong>Vind.</strong></span> <span class='ocrx_word' id='word_1_561' title='bbox 1905 4312 2129 4383; x_wconf 82' lang='lat' dir='ltr'><strong>aliisque</strong></span> 
     </span>
    </p>
   </div>
   <div class='ocr_carea' id='block_1_77' title="bbox 539 4382 2130 4510">
    <p class='ocr_par' dir='ltr' id='par_1_77' title="bbox 539 4382 2130 4510">
     <span class='ocr_line' id='line_1_77' title="bbox 539 4382 2130 4510; baseline -0.003 -69"><span class='ocrx_word' id='word_1_562' title='bbox 539 4382 701 4510; x_wconf 62' lang='lat' dir='ltr'><strong>:oddI</strong></span> <span class='ocrx_word' id='word_1_563' title='bbox 732 4397 788 4442; x_wconf 90' lang='lat' dir='ltr'><strong>et</strong></span> <span class='ocrx_word' id='word_1_564' title='bbox 828 4388 996 4455; x_wconf 88' lang='lat' dir='ltr'><strong>vulg.,</strong></span> <span class='ocrx_word' id='word_1_565' title='bbox 1025 4388 1076 4441; x_wconf 88' lang='lat' dir='ltr'><strong>in</strong></span> <span class='ocrx_word' id='word_1_566' title='bbox 1104 4386 1295 4456; x_wconf 90' lang='lat' dir='ltr'><strong>quibus</strong></span> <span class='ocrx_word' id='word_1_567' title='bbox 1316 4425 1332 4452; x_wconf 93' lang='lat'><strong>,</strong></span> <span class='ocrx_word' id='word_1_568' title='bbox 1371 4382 1557 4438; x_wconf 85' lang='lat' dir='ltr'><strong>Furem</strong></span> <span class='ocrx_word' id='word_1_569' title='bbox 1606 4383 1845 4451; x_wconf 85' lang='lat' dir='ltr'><strong>videbas,</strong></span> <span class='ocrx_word' id='word_1_570' title='bbox 1878 4392 1925 4437; x_wconf 89' lang='lat' dir='ltr'><strong>et</strong></span> <span class='ocrx_word' id='word_1_571' title='bbox 1958 4382 2130 4437; x_wconf 85' lang='lat' dir='ltr'><strong>curre-</strong></span> 
     </span>
     <span class='ocr_line' id='line_1_78' title="bbox 572 4474 868 4510; baseline 0 0"><span class='ocrx_word' id='word_1_572' title='bbox 572 4476 627 4510; x_wconf 78' lang='grc' dir='ltr'><strong>αδ</strong></span> <span class='ocrx_word' id='word_1_573' title='bbox 656 4474 769 4510; x_wconf 83' lang='lat' dir='ltr'><strong>cum</strong></span> <span class='ocrx_word' id='word_1_574' title='bbox 809 4475 868 4510; x_wconf 85' lang='lat' dir='ltr'><strong>eo</strong></span> 
     </span>
    </p>
   </div>
   <div class='ocr_carea' id='block_1_78' title="bbox 572 4474 868 4512">
    <p class='ocr_par' dir='ltr' id='par_1_78' title="bbox 572 4474 868 4512">
     <span class='ocr_line' id='line_1_79' title="bbox 572 4474 868 4512; baseline -0.003 0"><span class='ocrx_word' id='word_1_575' title='bbox 572 4476 627 4512; x_wconf 79' lang='grc' dir='ltr'><strong>αδ</strong></span> <span class='ocrx_word' id='word_1_576' title='bbox 656 4474 769 4511; x_wconf 87' lang='lat' dir='ltr'><strong>cum</strong></span> <span class='ocrx_word' id='word_1_577' title='bbox 809 4475 868 4511; x_wconf 76' lang='grc' dir='ltr'><strong><em>εο</em></strong></span> 
     </span>
    </p>
   </div>
   <div class='ocr_carea' id='block_1_79' title="bbox 618 4525 2127 4583">
    <p class='ocr_par' dir='ltr' id='par_1_79' title="bbox 618 4525 2127 4583">
     <span class='ocr_line' id='line_1_80' title="bbox 618 4525 2127 4583; baseline 0 -4"><span class='ocrx_word' id='word_1_578' title='bbox 618 4526 635 4565; x_wconf 71' lang='grc' dir='ltr'><strong>ε</strong></span> <span class='ocrx_word' id='word_1_579' title='bbox 662 4528 796 4581; x_wconf 91' lang='lat' dir='ltr'><strong>Cod.</strong></span> <span class='ocrx_word' id='word_1_580' title='bbox 835 4527 1040 4583; x_wconf 84' lang='lat' dir='ltr'><strong>Fossat.</strong></span> <span class='ocrx_word' id='word_1_581' title='bbox 1067 4535 1205 4583; x_wconf 82' lang='lat' dir='ltr'><strong>teste</strong></span> <span class='ocrx_word' id='word_1_582' title='bbox 1233 4525 1547 4581; x_wconf 85' lang='lat' dir='ltr'><strong>Constantio</strong></span> <span class='ocrx_word' id='word_1_583' title='bbox 1568 4525 1714 4581; x_wconf 87' lang='lat' dir='ltr'><strong>delet</strong></span> <span class='ocrx_word' id='word_1_584' title='bbox 1741 4525 1933 4579; x_wconf 89' lang='lat' dir='ltr'><strong>intuitu</strong></span> <span class='ocrx_word' id='word_1_585' title='bbox 1966 4525 2127 4579; x_wconf 86' lang='lat' dir='ltr'><strong>divini</strong></span> 
     </span>
    </p>
   </div>
   <div class='ocr_carea' id='block_1_80' title="bbox 535 4597 946 4672">
    <p class='ocr_par' dir='ltr' id='par_1_80' title="bbox 535 4597 946 4672">
     <span class='ocr_line' id='line_1_81' title="bbox 535 4597 946 4672; baseline 0 0"><span class='ocrx_word' id='word_1_586' title='bbox 535 4597 725 4672; x_wconf 61' lang='lat' dir='ltr'><strong>iudicii</strong></span> <span class='ocrx_word' id='word_1_587' title='bbox 753 4614 946 4672; x_wconf 55' lang='lat' dir='ltr'><strong>me»</strong></span> 
     </span>
    </p>
   </div>
   <div class='ocr_carea' id='block_1_81' title="bbox 612 4666 2122 4736">
    <p class='ocr_par' dir='ltr' id='par_1_81' title="bbox 612 4666 2122 4736">
     <span class='ocr_line' id='line_1_82' title="bbox 612 4666 2122 4736; baseline 0.001 -17"><span class='ocrx_word' id='word_1_588' title='bbox 612 4674 638 4713; x_wconf 81' lang='lat'><strong>8</strong></span> <span class='ocrx_word' id='word_1_589' title='bbox 660 4666 792 4720; x_wconf 82' lang='lat' dir='ltr'><strong>Cod.</strong></span> <span class='ocrx_word' id='word_1_590' title='bbox 825 4667 981 4721; x_wconf 88' lang='lat' dir='ltr'><strong>Vind.</strong></span> <span class='ocrx_word' id='word_1_591' title='bbox 998 4681 1117 4721; x_wconf 92' lang='lat' dir='ltr'><strong>cum</strong></span> <span class='ocrx_word' id='word_1_592' title='bbox 1145 4666 1354 4723; x_wconf 91' lang='lat' dir='ltr'><strong>duobus</strong></span> <span class='ocrx_word' id='word_1_593' title='bbox 1374 4667 1690 4727; x_wconf 86' lang='lat' dir='ltr'><strong>Coustantii,</strong></span> <span class='ocrx_word' id='word_1_594' title='bbox 1715 4667 1808 4720; x_wconf 78' lang='lat' dir='ltr'><strong>hoc</strong></span> <span class='ocrx_word' id='word_1_595' title='bbox 1830 4676 1903 4719; x_wconf 88' lang='lat' dir='ltr'><strong>est</strong></span> <span class='ocrx_word' id='word_1_596' title='bbox 1929 4667 2122 4736; x_wconf 83' lang='lat' dir='ltr'><strong>prima-</strong></span> 
     </span>
    </p>
   </div>
   <div class='ocr_carea' id='block_1_82' title="bbox 540 4737 2118 4805">
    <p class='ocr_par' dir='ltr' id='par_1_82' title="bbox 540 4737 2118 4805">
     <span class='ocr_line' id='line_1_83' title="bbox 540 4737 2118 4805; baseline 0 -14"><span class='ocrx_word' id='word_1_597' title='bbox 540 4746 632 4791; x_wconf 82' lang='lat' dir='ltr'><strong>tes.</strong></span> <span class='ocrx_word' id='word_1_598' title='bbox 668 4738 868 4799; x_wconf 80' lang='lat' dir='ltr'><strong>Quesn.</strong></span> <span class='ocrx_word' id='word_1_599' title='bbox 911 4737 1092 4791; x_wconf 91' lang='lat' dir='ltr'><strong>omisit</strong></span> <span class='ocrx_word' id='word_1_600' title='bbox 1130 4737 1225 4788; x_wconf 85' lang='lat' dir='ltr'><strong>hoc</strong></span> <span class='ocrx_word' id='word_1_601' title='bbox 1269 4748 1376 4803; x_wconf 89' lang='lat' dir='ltr'><strong>est,</strong></span> <span class='ocrx_word' id='word_1_602' title='bbox 1401 4747 1455 4792; x_wconf 89' lang='lat' dir='ltr'><strong>et</strong></span> <span class='ocrx_word' id='word_1_603' title='bbox 1496 4740 1711 4792; x_wconf 90' lang='lat' dir='ltr'><strong>retinuit</strong></span> <span class='ocrx_word' id='word_1_604' title='bbox 1763 4740 2024 4805; x_wconf 82' lang='lat' dir='ltr'><strong>primates.</strong></span> <span class='ocrx_word' id='word_1_605' title='bbox 2063 4738 2118 4791; x_wconf 92' lang='lat' dir='ltr'><strong>In</strong></span> 
     </span>
    </p>
   </div>
   <div class='ocr_carea' id='block_1_83' title="bbox 545 4806 2125 4875">
    <p class='ocr_par' dir='ltr' id='par_1_83' title="bbox 545 4806 2125 4875">
     <span class='ocr_line' id='line_1_84' title="bbox 545 4806 2125 4875; baseline 0 -13"><span class='ocrx_word' id='word_1_606' title='bbox 545 4809 665 4863; x_wconf 88' lang='lat' dir='ltr'><strong>Vat.</strong></span> <span class='ocrx_word' id='word_1_607' title='bbox 691 4808 830 4861; x_wconf 70' lang='lat'><strong>5827</strong></span> <span class='ocrx_word' id='word_1_608' title='bbox 857 4818 909 4863; x_wconf 91' lang='lat' dir='ltr'><strong>et</strong></span> <span class='ocrx_word' id='word_1_609' title='bbox 941 4810 989 4861; x_wconf 90' lang='lat' dir='ltr'><strong>in</strong></span> <span class='ocrx_word' id='word_1_610' title='bbox 1023 4806 1129 4860; x_wconf 91' lang='lat' dir='ltr'><strong>alio</strong></span> <span class='ocrx_word' id='word_1_611' title='bbox 1162 4822 1263 4861; x_wconf 89' lang='lat' dir='ltr'><strong>ms.</strong></span> <span class='ocrx_word' id='word_1_612' title='bbox 1299 4807 1486 4863; x_wconf 86' lang='lat' dir='ltr'><strong>Const.</strong></span> <span class='ocrx_word' id='word_1_613' title='bbox 1521 4809 1779 4863; x_wconf 89' lang='lat' dir='ltr'><strong>mendose</strong></span> <span class='ocrx_word' id='word_1_614' title='bbox 1794 4809 1901 4861; x_wconf 68' lang='lat' dir='ltr'><strong>haec</strong></span> <span class='ocrx_word' id='word_1_615' title='bbox 1918 4818 1991 4861; x_wconf 86' lang='lat' dir='ltr'><strong>est</strong></span> <span class='ocrx_word' id='word_1_616' title='bbox 2015 4810 2125 4875; x_wconf 88' lang='lat' dir='ltr'><strong>pri-</strong></span> 
     </span>
    </p>
   </div>
   <div class='ocr_carea' id='block_1_84' title="bbox 540 4877 2113 4945">
    <p class='ocr_par' dir='ltr' id='par_1_84' title="bbox 540 4877 2113 4945">
     <span class='ocr_line' id='line_1_85' title="bbox 540 4877 2113 4945; baseline -0.001 -12"><span class='ocrx_word' id='word_1_617' title='bbox 540 4895 625 4933; x_wconf 81' lang='lat' dir='ltr'><strong>ma</strong></span> <span class='ocrx_word' id='word_1_618' title='bbox 654 4880 873 4933; x_wconf 80' lang='lat' dir='ltr'><strong>testatio.</strong></span> <span class='ocrx_word' id='word_1_619' title='bbox 910 4878 1099 4934; x_wconf 83' lang='lat' dir='ltr'><strong>Verior</strong></span> <span class='ocrx_word' id='word_1_620' title='bbox 1126 4877 1283 4931; x_wconf 87' lang='lat' dir='ltr'><strong>lectio</strong></span> <span class='ocrx_word' id='word_1_621' title='bbox 1313 4879 1367 4931; x_wconf 88' lang='lat' dir='ltr'><strong>itt</strong></span> <span class='ocrx_word' id='word_1_622' title='bbox 1406 4880 1613 4932; x_wconf 84' lang='lat' dir='ltr'><strong>Thuan.</strong></span> <span class='ocrx_word' id='word_1_623' title='bbox 1642 4879 1798 4945; x_wconf 86' lang='lat' dir='ltr'><strong>hujus</strong></span> <span class='ocrx_word' id='word_1_624' title='bbox 1830 4880 2113 4933; x_wconf 85' lang='lat' dir='ltr'><strong>collectio-</strong></span> 
     </span>
    </p>
   </div>
   <div class='ocr_carea' id='block_1_85' title="bbox 538 4947 2120 5017">
    <p class='ocr_par' dir='ltr' id='par_1_85' title="bbox 538 4947 2120 5017">
     <span class='ocr_line' id='line_1_86' title="bbox 538 4947 2120 5017; baseline -0.001 -13"><span class='ocrx_word' id='word_1_625' title='bbox 538 4950 646 5017; x_wconf 75' lang='lat' dir='ltr'><strong>ttis,</strong></span> <span class='ocrx_word' id='word_1_626' title='bbox 679 4951 730 5004; x_wconf 81' lang='lat' dir='ltr'><strong>in</strong></span> <span class='ocrx_word' id='word_1_627' title='bbox 758 4950 875 5005; x_wconf 87' lang='lat' dir='ltr'><strong>Vat.</strong></span> <span class='ocrx_word' id='word_1_628' title='bbox 914 4948 1086 5011; x_wconf 76' lang='grc'><strong>1540,</strong></span> <span class='ocrx_word' id='word_1_629' title='bbox 1126 4948 1177 5001; x_wconf 89' lang='lat' dir='ltr'><strong>in</strong></span> <span class='ocrx_word' id='word_1_630' title='bbox 1211 4951 1431 5017; x_wconf 89' lang='lat' dir='ltr'><strong>antiquo</strong></span> <span class='ocrx_word' id='word_1_631' title='bbox 1453 4947 1615 5005; x_wconf 91' lang='lat' dir='ltr'><strong>Corb.</strong></span> <span class='ocrx_word' id='word_1_632' title='bbox 1650 4949 1877 5017; x_wconf 88' lang='lat' dir='ltr'><strong>aliisque</strong></span> <span class='ocrx_word' id='word_1_633' title='bbox 1907 4965 2038 5004; x_wconf 75' lang='lat' dir='ltr'><strong>ms=.</strong></span> <span class='ocrx_word' id='word_1_634' title='bbox 2066 4960 2120 5003; x_wconf 89' lang='lat' dir='ltr'><strong>et</strong></span> 
     </span>
    </p>
   </div>
   <div class='ocr_carea' id='block_1_86' title="bbox 538 5019 2121 5090">
    <p class='ocr_par' dir='ltr' id='par_1_86' title="bbox 538 5019 2121 5090">
     <span class='ocr_line' id='line_1_87' title="bbox 538 5019 2121 5090; baseline -0.001 -15"><span class='ocrx_word' id='word_1_635' title='bbox 538 5021 719 5084; x_wconf 77' lang='lat' dir='ltr'><strong>editis,</strong></span> <span class='ocrx_word' id='word_1_636' title='bbox 754 5021 849 5074; x_wconf 81' lang='lat' dir='ltr'><strong>hoc</strong></span> <span class='ocrx_word' id='word_1_637' title='bbox 876 5031 970 5086; x_wconf 88' lang='lat' dir='ltr'><strong>est,</strong></span> <span class='ocrx_word' id='word_1_638' title='bbox 997 5020 1250 5090; x_wconf 84' lang='lat' dir='ltr'><strong>primatis.</strong></span> <span class='ocrx_word' id='word_1_639' title='bbox 1286 5019 1377 5073; x_wconf 68' lang='lat' dir='ltr'><strong>Hae</strong></span> <span class='ocrx_word' id='word_1_640' title='bbox 1404 5034 1562 5074; x_wconf 88' lang='lat' dir='ltr'><strong>voces</strong></span> <span class='ocrx_word' id='word_1_641' title='bbox 1589 5020 1785 5073; x_wconf 68' lang='lat' dir='ltr'><strong>additae</strong></span> <span class='ocrx_word' id='word_1_642' title='bbox 1814 5022 2027 5075; x_wconf 91' lang='lat' dir='ltr'><strong>luerunt</strong></span> <span class='ocrx_word' id='word_1_643' title='bbox 2054 5021 2121 5074; x_wconf 86' lang='lat' dir='ltr'><strong>si-</strong></span> 
     </span>
    </p>
   </div>
   <div class='ocr_carea' id='block_1_87' title="bbox 542 5089 2120 5159">
    <p class='ocr_par' dir='ltr' id='par_1_87' title="bbox 542 5089 2120 5159">
     <span class='ocr_line' id='line_1_88' title="bbox 542 5089 2120 5159; baseline 0.001 -14"><span class='ocrx_word' id='word_1_644' title='bbox 542 5106 609 5146; x_wconf 87' lang='lat' dir='ltr'><strong>ve</strong></span> <span class='ocrx_word' id='word_1_645' title='bbox 631 5107 658 5145; x_wconf 89' lang='lat' dir='ltr'><strong>a</strong></span> <span class='ocrx_word' id='word_1_646' title='bbox 688 5092 902 5159; x_wconf 82' lang='lat' dir='ltr'><strong>Sircio,</strong></span> <span class='ocrx_word' id='word_1_647' title='bbox 932 5089 1045 5146; x_wconf 87' lang='lat' dir='ltr'><strong>sive</strong></span> <span class='ocrx_word' id='word_1_648' title='bbox 1062 5092 1128 5143; x_wconf 86' lang='lat' dir='ltr'><strong>ab</strong></span> <span class='ocrx_word' id='word_1_649' title='bbox 1148 5089 1428 5155; x_wconf 80' lang='lat' dir='ltr'><strong>Africanis,</strong></span> <span class='ocrx_word' id='word_1_650' title='bbox 1455 5102 1512 5143; x_wconf 92' lang='lat' dir='ltr'><strong>ut</strong></span> <span class='ocrx_word' id='word_1_651' title='bbox 1536 5091 1621 5145; x_wconf 91' lang='lat' dir='ltr'><strong>hic</strong></span> <span class='ocrx_word' id='word_1_652' title='bbox 1645 5105 1819 5145; x_wconf 89' lang='lat' dir='ltr'><strong>canon</strong></span> <span class='ocrx_word' id='word_1_653' title='bbox 1845 5100 2120 5158; x_wconf 88' lang='lat' dir='ltr'><strong>aptaretur</strong></span> 
     </span>
    </p>
   </div>
   <div class='ocr_carea' id='block_1_88' title="bbox 537 5160 2125 5232">
    <p class='ocr_par' dir='ltr' id='par_1_88' title="bbox 537 5160 2125 5232">
     <span class='ocr_line' id='line_1_89' title="bbox 537 5160 2125 5232; baseline 0.001 -15"><span class='ocrx_word' id='word_1_654' title='bbox 537 5161 789 5217; x_wconf 80' lang='lat' dir='ltr'><strong>Afrorum</strong></span> <span class='ocrx_word' id='word_1_655' title='bbox 820 5163 1143 5232; x_wconf 81' lang='lat' dir='ltr'><strong>disciplinae;</strong></span> <span class='ocrx_word' id='word_1_656' title='bbox 1177 5160 1316 5215; x_wconf 90' lang='lat' dir='ltr'><strong>sicut</strong></span> <span class='ocrx_word' id='word_1_657' title='bbox 1346 5161 1687 5216; x_wconf 85' lang='lat' dir='ltr'><strong>Innocentius</strong></span> <span class='ocrx_word' id='word_1_658' title='bbox 1714 5161 1767 5214; x_wconf 93' lang='lat' dir='ltr'><strong>in</strong></span> <span class='ocrx_word' id='word_1_659' title='bbox 1798 5163 2021 5228; x_wconf 84' lang='lat' dir='ltr'><strong>epistola</strong></span> <span class='ocrx_word' id='word_1_660' title='bbox 2051 5162 2125 5218; x_wconf 86' lang='lat' dir='ltr'><strong>ad</strong></span> 
     </span>
    </p>
   </div>
   <div class='ocr_carea' id='block_1_89' title="bbox 538 5232 2117 5302">
    <p class='ocr_par' dir='ltr' id='par_1_89' title="bbox 538 5232 2117 5302">
     <span class='ocr_line' id='line_1_90' title="bbox 538 5232 2117 5302; baseline 0.001 -15"><span class='ocrx_word' id='word_1_661' title='bbox 538 5233 850 5288; x_wconf 88' lang='lat' dir='ltr'><strong>Victricium</strong></span> <span class='ocrx_word' id='word_1_662' title='bbox 876 5234 1365 5302; x_wconf 79' lang='lat' dir='ltr'><strong>Rothomagensem</strong></span> <span class='ocrx_word' id='word_1_663' title='bbox 1394 5232 1646 5287; x_wconf 90' lang='lat' dir='ltr'><strong>eumdem</strong></span> <span class='ocrx_word' id='word_1_664' title='bbox 1669 5242 1928 5285; x_wconf 87' lang='lat' dir='ltr'><strong>canonem</strong></span> <span class='ocrx_word' id='word_1_665' title='bbox 1958 5247 2117 5301; x_wconf 91' lang='lat' dir='ltr'><strong>repe-</strong></span> 
     </span>
    </p>
   </div>
   <div class='ocr_carea' id='block_1_90' title="bbox 538 5302 2119 5371">
    <p class='ocr_par' dir='ltr' id='par_1_90' title="bbox 538 5302 2119 5371">
     <span class='ocr_line' id='line_1_91' title="bbox 538 5302 2119 5371; baseline 0 -13"><span class='ocrx_word' id='word_1_666' title='bbox 538 5312 675 5367; x_wconf 82' lang='lat' dir='ltr'><strong>tens,</strong></span> <span class='ocrx_word' id='word_1_667' title='bbox 709 5313 767 5358; x_wconf 94' lang='lat' dir='ltr'><strong>ut</strong></span> <span class='ocrx_word' id='word_1_668' title='bbox 786 5320 908 5359; x_wconf 90' lang='lat' dir='ltr'><strong>eum</strong></span> <span class='ocrx_word' id='word_1_669' title='bbox 938 5304 1229 5359; x_wconf 70' lang='lat' dir='ltr'><strong>Gallicante</strong></span> <span class='ocrx_word' id='word_1_670' title='bbox 1246 5302 1544 5371; x_wconf 75' lang='lat' dir='ltr'><strong>disciplina:</strong></span> <span class='ocrx_word' id='word_1_671' title='bbox 1570 5303 2020 5367; x_wconf 86' lang='lat' dir='ltr'><strong>accommodaret,</strong></span> <span class='ocrx_word' id='word_1_672' title='bbox 2041 5306 2119 5358; x_wconf 88' lang='lat' dir='ltr'><strong>sic</strong></span> 
     </span>
    </p>
   </div>
   <div class='ocr_carea' id='block_1_91' title="bbox 538 5373 2119 5444">
    <p class='ocr_par' dir='ltr' id='par_1_91' title="bbox 538 5373 2119 5444">
     <span class='ocr_line' id='line_1_92' title="bbox 538 5373 2119 5444; baseline -0.001 -15"><span class='ocrx_word' id='word_1_673' title='bbox 538 5377 786 5444; x_wconf 81' lang='lat' dir='ltr'><strong>exposuit</strong></span> <span class='ocrx_word' id='word_1_674' title='bbox 810 5392 824 5428; x_wconf 92' lang='lat'><strong>:</strong></span> <span class='ocrx_word' id='word_1_675' title='bbox 846 5374 1081 5427; x_wconf 89' lang='lat' dir='ltr'><strong>Primum</strong></span> <span class='ocrx_word' id='word_1_676' title='bbox 1114 5382 1168 5426; x_wconf 90' lang='lat' dir='ltr'><strong>ut</strong></span> <span class='ocrx_word' id='word_1_677' title='bbox 1192 5384 1334 5428; x_wconf 71' lang='lat' dir='ltr'><strong>extra</strong></span> <span class='ocrx_word' id='word_1_678' title='bbox 1360 5373 1720 5427; x_wconf 87' lang='lat' dir='ltr'><strong>conscientiam</strong></span> <span class='ocrx_word' id='word_1_679' title='bbox 1741 5376 2119 5443; x_wconf 82' lang='lat' dir='ltr'><strong>metrOpolitani</strong></span> 
     </span>
    </p>
   </div>
   <div class='ocr_carea' id='block_1_92' title="bbox 539 5446 1455 5515">
    <p class='ocr_par' dir='ltr' id='par_1_92' title="bbox 539 5446 1455 5515">
     <span class='ocr_line' id='line_1_93' title="bbox 539 5446 1455 5515; baseline 0.001 -19"><span class='ocrx_word' id='word_1_680' title='bbox 539 5448 764 5515; x_wconf 76' lang='lat' dir='ltr'><strong>episcopi</strong></span> <span class='ocrx_word' id='word_1_681' title='bbox 787 5448 961 5499; x_wconf 89' lang='lat' dir='ltr'><strong>nullus</strong></span> <span class='ocrx_word' id='word_1_682' title='bbox 988 5446 1174 5499; x_wconf 85' lang='lat' dir='ltr'><strong>audeat</strong></span> <span class='ocrx_word' id='word_1_683' title='bbox 1196 5447 1455 5499; x_wconf 89' lang='lat' dir='ltr'><strong>ordinare.</strong></span> 
     </span>
    </p>
   </div>
   <div class='ocr_carea' id='block_1_93' title="bbox 608 5514 2115 5584">
    <p class='ocr_par' dir='ltr' id='par_1_93' title="bbox 608 5514 2115 5584">
     <span class='ocr_line' id='line_1_94' title="bbox 608 5514 2115 5584; baseline 0.001 -15"><span class='ocrx_word' id='word_1_684' title='bbox 608 5515 635 5551; x_wconf 70' lang='grc' dir='ltr'><strong>ιι</strong></span> <span class='ocrx_word' id='word_1_685' title='bbox 670 5517 745 5571; x_wconf 86' lang='lat' dir='ltr'><strong>Ita</strong></span> <span class='ocrx_word' id='word_1_686' title='bbox 783 5532 902 5571; x_wconf 89' lang='lat' dir='ltr'><strong>cum</strong></span> <span class='ocrx_word' id='word_1_687' title='bbox 941 5516 1143 5583; x_wconf 84' lang='lat' dir='ltr'><strong>Quesn.</strong></span> <span class='ocrx_word' id='word_1_688' title='bbox 1176 5518 1297 5570; x_wconf 91' lang='lat' dir='ltr'><strong>cod.</strong></span> <span class='ocrx_word' id='word_1_689' title='bbox 1322 5515 1484 5569; x_wconf 89' lang='lat' dir='ltr'><strong>Vind.</strong></span> <span class='ocrx_word' id='word_1_690' title='bbox 1526 5514 1873 5584; x_wconf 85' lang='lat' dir='ltr'><strong>Exemplaria</strong></span> <span class='ocrx_word' id='word_1_691' title='bbox 1905 5514 2115 5570; x_wconf 89' lang='lat' dir='ltr'><strong>Thuan.</strong></span> 
     </span>
    </p>
   </div>
   <div class='ocr_carea' id='block_1_94' title="bbox 538 5584 2112 5656">
    <p class='ocr_par' dir='ltr' id='par_1_94' title="bbox 538 5584 2112 5656">
     <span class='ocr_line' id='line_1_95' title="bbox 538 5584 2112 5656; baseline -0.004 -12"><span class='ocrx_word' id='word_1_692' title='bbox 538 5594 597 5644; x_wconf 84' lang='lat' dir='ltr'><strong>et</strong></span> <span class='ocrx_word' id='word_1_693' title='bbox 614 5584 738 5641; x_wconf 86' lang='lat' dir='ltr'><strong>Vat.</strong></span> <span class='ocrx_word' id='word_1_694' title='bbox 768 5588 1288 5656; x_wconf 71' lang='lat' dir='ltr'><strong>1340,consequitur.</strong></span> <span class='ocrx_word' id='word_1_695' title='bbox 1325 5586 1485 5656; x_wconf 85' lang='lat' dir='ltr'><strong>Vulg.</strong></span> <span class='ocrx_word' id='word_1_696' title='bbox 1510 5585 1718 5656; x_wconf 82' lang='lat' dir='ltr'><strong>Concil.</strong></span> <span class='ocrx_word' id='word_1_697' title='bbox 1748 5593 1801 5639; x_wconf 90' lang='lat' dir='ltr'><strong>ct</strong></span> <span class='ocrx_word' id='word_1_698' title='bbox 1838 5585 1945 5639; x_wconf 93' lang='lat' dir='ltr'><strong>duo</strong></span> <span class='ocrx_word' id='word_1_699' title='bbox 1965 5600 2112 5656; x_wconf 23' lang='lat' dir='ltr'><strong>Amss.</strong></span> 
     </span>
    </p>
   </div>
   <div class='ocr_carea' id='block_1_95' title="bbox 537 5654 2110 5727">
    <p class='ocr_par' dir='ltr' id='par_1_95' title="bbox 537 5654 2110 5727">
     <span class='ocr_line' id='line_1_96' title="bbox 537 5654 2110 5727; baseline 0.003 -18"><span class='ocrx_word' id='word_1_700' title='bbox 537 5656 679 5727; x_wconf 75' lang='lat' dir='ltr'><strong>apud</strong></span> <span class='ocrx_word' id='word_1_701' title='bbox 708 5656 897 5727; x_wconf 81' lang='lat' dir='ltr'><strong>Goust.</strong></span> <span class='ocrx_word' id='word_1_702' title='bbox 919 5702 934 5725; x_wconf 90' lang='lat'><strong>,</strong></span> <span class='ocrx_word' id='word_1_703' title='bbox 965 5654 1322 5727; x_wconf 84' lang='lat' dir='ltr'><strong>consequatur.</strong></span> <span class='ocrx_word' id='word_1_704' title='bbox 1348 5654 1571 5713; x_wconf 84' lang='lat' dir='ltr'><strong>Rectius</strong></span> <span class='ocrx_word' id='word_1_705' title='bbox 1596 5654 1721 5710; x_wconf 85' lang='lat' dir='ltr'><strong>Vat.</strong></span> <span class='ocrx_word' id='word_1_706' title='bbox 1753 5656 1913 5723; x_wconf 72' lang='lat'><strong>3827,</strong></span> <span class='ocrx_word' id='word_1_707' title='bbox 1945 5654 2110 5713; x_wconf 88' lang='lat' dir='ltr'><strong>Corb.</strong></span> 
     </span>
    </p>
   </div>
   <div class='ocr_carea' id='block_1_96' title="bbox 538 5726 1975 5800">
    <p class='ocr_par' dir='ltr' id='par_1_96' title="bbox 538 5726 1975 5800">
     <span class='ocr_line' id='line_1_97' title="bbox 538 5726 1975 5800; baseline 0 -20"><span class='ocrx_word' id='word_1_708' title='bbox 538 5735 599 5789; x_wconf 72' lang='grc' dir='ltr'><strong>οι</strong></span> <span class='ocrx_word' id='word_1_709' title='bbox 622 5726 730 5800; x_wconf 82' lang='lat' dir='ltr'><strong>_dt_to</strong></span> <span class='ocrx_word' id='word_1_710' title='bbox 752 5726 905 5782; x_wconf 87' lang='lat' dir='ltr'><strong>Colb.</strong></span> <span class='ocrx_word' id='word_1_711' title='bbox 938 5726 1291 5796; x_wconf 79' lang='lat' dir='ltr'><strong>conﬁrmatur,</strong></span> <span class='ocrx_word' id='word_1_712' title='bbox 1321 5730 1399 5800; x_wconf 78' lang='lat' dir='ltr'><strong>uti</strong></span> <span class='ocrx_word' id='word_1_713' title='bbox 1423 5728 1563 5800; x_wconf 77' lang='lat' dir='ltr'><strong>apud</strong></span> <span class='ocrx_word' id='word_1_714' title='bbox 1588 5727 1975 5800; x_wconf 74' lang='lat' dir='ltr'><strong>Innocentium.</strong></span> 
     </span>
    </p>
   </div>
   <div class='ocr_carea' id='block_1_97' title="bbox 618 5796 2116 5871">
    <p class='ocr_par' dir='ltr' id='par_1_97' title="bbox 618 5796 2116 5871">
     <span class='ocr_line' id='line_1_98' title="bbox 618 5796 2116 5871; baseline 0.005 -19"><span class='ocrx_word' id='word_1_715' title='bbox 618 5796 750 5871; x_wconf 58' lang='grc' dir='ltr'><strong>ἰδία</strong></span> <span class='ocrx_word' id='word_1_716' title='bbox 776 5802 944 5857; x_wconf 75' lang='lat' dir='ltr'><strong>nostri</strong></span> <span class='ocrx_word' id='word_1_717' title='bbox 970 5810 1021 5858; x_wconf 86' lang='lat' dir='ltr'><strong>et</strong></span> <span class='ocrx_word' id='word_1_718' title='bbox 1058 5799 1354 5856; x_wconf 83' lang='lat' dir='ltr'><strong>Constantii</strong></span> <span class='ocrx_word' id='word_1_719' title='bbox 1395 5796 1552 5855; x_wconf 88' lang='lat' dir='ltr'><strong>codd.</strong></span> <span class='ocrx_word' id='word_1_720' title='bbox 1587 5798 1909 5869; x_wconf 81' lang='lat' dir='ltr'><strong>Quesnellus</strong></span> <span class='ocrx_word' id='word_1_721' title='bbox 1936 5797 2116 5858; x_wconf 87' lang='lat' dir='ltr'><strong>omisit</strong></span> 
     </span>
    </p>
   </div>
   <div class='ocr_carea' id='block_1_98' title="bbox 2239 3391 3799 3464">
    <p class='ocr_par' dir='ltr' id='par_1_98' title="bbox 2239 3391 3799 3464">
     <span class='ocr_line' id='line_1_99' title="bbox 2239 3391 3799 3464; baseline 0.003 -18"><span class='ocrx_word' id='word_1_722' title='bbox 2239 3394 2306 3447; x_wconf 90' lang='lat' dir='ltr'><strong>ad</strong></span> <span class='ocrx_word' id='word_1_723' title='bbox 2334 3391 2650 3446; x_wconf 87' lang='lat' dir='ltr'><strong>Victricium</strong></span> <span class='ocrx_word' id='word_1_724' title='bbox 2682 3394 2933 3446; x_wconf 88' lang='lat' dir='ltr'><strong>omittunt</strong></span> <span class='ocrx_word' id='word_1_725' title='bbox 2967 3395 3123 3446; x_wconf 89' lang='lat' dir='ltr'><strong>etiam</strong></span> <span class='ocrx_word' id='word_1_726' title='bbox 3149 3394 3380 3449; x_wconf 85' lang='lat' dir='ltr'><strong>viduam.</strong></span> <span class='ocrx_word' id='word_1_727' title='bbox 3424 3391 3696 3464; x_wconf 82' lang='lat' dir='ltr'><strong>Hincjnre</strong></span> <span class='ocrx_word' id='word_1_728' title='bbox 3719 3412 3799 3451; x_wconf 88' lang='lat' dir='ltr'><strong>su-</strong></span> 
     </span>
    </p>
   </div>
   <div class='ocr_carea' id='block_1_99' title="bbox 2233 3464 3796 3537">
    <p class='ocr_par' dir='ltr' id='par_1_99' title="bbox 2233 3464 3796 3537">
     <span class='ocr_line' id='line_1_100' title="bbox 2233 3464 3796 3537; baseline 0.003 -20"><span class='ocrx_word' id='word_1_729' title='bbox 2233 3467 2475 3529; x_wconf 85' lang='lat' dir='ltr'><strong>spicatur</strong></span> <span class='ocrx_word' id='word_1_730' title='bbox 2528 3464 2871 3537; x_wconf 82' lang='lat' dir='ltr'><strong>Constantius</strong></span> <span class='ocrx_word' id='word_1_731' title='bbox 2904 3478 3064 3537; x_wconf 82' lang='lat' dir='ltr'><strong>voces</strong></span> <span class='ocrx_word' id='word_1_732' title='bbox 3090 3465 3155 3537; x_wconf 81' lang='lat' dir='ltr'><strong>id</strong></span> <span class='ocrx_word' id='word_1_733' title='bbox 3192 3474 3264 3517; x_wconf 75' lang='lat' dir='ltr'><strong>est</strong></span> <span class='ocrx_word' id='word_1_734' title='bbox 3302 3467 3512 3519; x_wconf 86' lang='lat' dir='ltr'><strong>viduam</strong></span> <span class='ocrx_word' id='word_1_735' title='bbox 3552 3470 3796 3537; x_wconf 79' lang='lat' dir='ltr'><strong>glossema</strong></span> 
     </span>
    </p>
   </div>
   <div class='ocr_carea' id='block_1_100' title="bbox 2233 3533 3456 3601">
    <p class='ocr_par' dir='ltr' id='par_1_100' title="bbox 2233 3533 3456 3601">
     <span class='ocr_line' id='line_1_101' title="bbox 2233 3533 3456 3601; baseline 0.002 -12"><span class='ocrx_word' id='word_1_736' title='bbox 2233 3548 2375 3593; x_wconf 70' lang='lat' dir='ltr'><strong>esse,</strong></span> <span class='ocrx_word' id='word_1_737' title='bbox 2403 3533 2543 3600; x_wconf 86' lang='lat' dir='ltr'><strong>quod</strong></span> <span class='ocrx_word' id='word_1_738' title='bbox 2584 3550 2613 3587; x_wconf 91' lang='lat' dir='ltr'><strong>e</strong></span> <span class='ocrx_word' id='word_1_739' title='bbox 2646 3534 2885 3601; x_wconf 85' lang='lat' dir='ltr'><strong>margine</strong></span> <span class='ocrx_word' id='word_1_740' title='bbox 2912 3535 3126 3601; x_wconf 84' lang='lat' dir='ltr'><strong>irrepsit</strong></span> <span class='ocrx_word' id='word_1_741' title='bbox 3156 3538 3205 3588; x_wconf 89' lang='lat' dir='ltr'><strong>in</strong></span> <span class='ocrx_word' id='word_1_742' title='bbox 3231 3546 3456 3591; x_wconf 84' lang='lat' dir='ltr'><strong>textum.</strong></span> 
     </span>
    </p>
   </div>
   <div class='ocr_carea' id='block_1_101' title="bbox 2308 3604 3788 3672">
    <p class='ocr_par' dir='ltr' id='par_1_101' title="bbox 2308 3604 3788 3672">
     <span class='ocr_line' id='line_1_102' title="bbox 2308 3604 3788 3672; baseline 0.006 -18"><span class='ocrx_word' id='word_1_743' title='bbox 2308 3605 2322 3654; x_wconf 86' lang='lat' dir='ltr'><strong>l</strong></span> <span class='ocrx_word' id='word_1_744' title='bbox 2354 3604 2444 3660; x_wconf 91' lang='lat' dir='ltr'><strong>Sic</strong></span> <span class='ocrx_word' id='word_1_745' title='bbox 2465 3606 2794 3672; x_wconf 86' lang='lat' dir='ltr'><strong>antiquiores</strong></span> <span class='ocrx_word' id='word_1_746' title='bbox 2816 3605 2985 3659; x_wconf 90' lang='lat' dir='ltr'><strong>nostri</strong></span> <span class='ocrx_word' id='word_1_747' title='bbox 3017 3616 3070 3659; x_wconf 91' lang='lat' dir='ltr'><strong>et</strong></span> <span class='ocrx_word' id='word_1_748' title='bbox 3098 3620 3286 3661; x_wconf 90' lang='lat' dir='ltr'><strong>omnes</strong></span> <span class='ocrx_word' id='word_1_749' title='bbox 3316 3608 3619 3663; x_wconf 85' lang='lat' dir='ltr'><strong>Constantii</strong></span> <span class='ocrx_word' id='word_1_750' title='bbox 3648 3608 3788 3664; x_wconf 92' lang='lat' dir='ltr'><strong>codd.</strong></span> 
     </span>
    </p>
   </div>
   <div class='ocr_carea' id='block_1_102' title="bbox 2232 3675 3788 3743">
    <p class='ocr_par' dir='ltr' id='par_1_102' title="bbox 2232 3675 3788 3743">
     <span class='ocr_line' id='line_1_103' title="bbox 2232 3675 3788 3743; baseline 0.004 -16"><span class='ocrx_word' id='word_1_751' title='bbox 2232 3689 2352 3727; x_wconf 88' lang='lat' dir='ltr'><strong>cum</strong></span> <span class='ocrx_word' id='word_1_752' title='bbox 2391 3676 2536 3742; x_wconf 79' lang='lat' dir='ltr'><strong>vulg.</strong></span> <span class='ocrx_word' id='word_1_753' title='bbox 2567 3677 2732 3729; x_wconf 86' lang='lat' dir='ltr'><strong>Cone.</strong></span> <span class='ocrx_word' id='word_1_754' title='bbox 2768 3675 2897 3730; x_wconf 87' lang='lat' dir='ltr'><strong>Lab.</strong></span> <span class='ocrx_word' id='word_1_755' title='bbox 2920 3716 2934 3735; x_wconf 88' lang='lat'><strong>.</strong></span> <span class='ocrx_word' id='word_1_756' title='bbox 2970 3677 3070 3729; x_wconf 90' lang='lat' dir='ltr'><strong>nisi</strong></span> <span class='ocrx_word' id='word_1_757' title='bbox 3113 3677 3252 3743; x_wconf 88' lang='lat' dir='ltr'><strong>quod</strong></span> <span class='ocrx_word' id='word_1_758' title='bbox 3289 3676 3342 3731; x_wconf 91' lang='lat' dir='ltr'><strong>in</strong></span> <span class='ocrx_word' id='word_1_759' title='bbox 3377 3677 3589 3732; x_wconf 85' lang='lat' dir='ltr'><strong>Thuan.</strong></span> <span class='ocrx_word' id='word_1_760' title='bbox 3621 3688 3699 3734; x_wconf 91' lang='lat' dir='ltr'><strong>est</strong></span> <span class='ocrx_word' id='word_1_761' title='bbox 3722 3696 3788 3733; x_wconf 83' lang='lat' dir='ltr'><strong>re-</strong></span> 
     </span>
    </p>
   </div>
   <div class='ocr_carea' id='block_1_103' title="bbox 2232 3745 3783 3819">
    <p class='ocr_par' dir='ltr' id='par_1_103' title="bbox 2232 3745 3783 3819">
     <span class='ocr_line' id='line_1_104' title="bbox 2232 3745 3783 3819; baseline 0.004 -23"><span class='ocrx_word' id='word_1_762' title='bbox 2232 3747 2575 3819; x_wconf 66' lang='lat' dir='ltr'><strong>oaptizantur,</strong></span> <span class='ocrx_word' id='word_1_763' title='bbox 2602 3746 2653 3800; x_wconf 88' lang='lat' dir='ltr'><strong>in</strong></span> <span class='ocrx_word' id='word_1_764' title='bbox 2676 3746 2800 3800; x_wconf 86' lang='lat' dir='ltr'><strong>Vat.</strong></span> <span class='ocrx_word' id='word_1_765' title='bbox 2836 3745 2973 3801; x_wconf 68' lang='lat'><strong>3827</strong></span> <span class='ocrx_word' id='word_1_766' title='bbox 2993 3746 3114 3819; x_wconf 72' lang='lat' dir='ltr'><strong>etin</strong></span> <span class='ocrx_word' id='word_1_767' title='bbox 3141 3748 3244 3801; x_wconf 89' lang='lat' dir='ltr'><strong>alio</strong></span> <span class='ocrx_word' id='word_1_768' title='bbox 3268 3748 3451 3803; x_wconf 84' lang='lat' dir='ltr'><strong>Coust.</strong></span> <span class='ocrx_word' id='word_1_769' title='bbox 3477 3751 3783 3819; x_wconf 73' lang='lat' dir='ltr'><strong>rebaptizettt.</strong></span> 
     </span>
    </p>
   </div>
   <div class='ocr_carea' id='block_1_104' title="bbox 2232 3816 3784 3887">
    <p class='ocr_par' dir='ltr' id='par_1_104' title="bbox 2232 3816 3784 3887">
     <span class='ocr_line' id='line_1_105' title="bbox 2232 3816 3784 3887; baseline 0.002 -18"><span class='ocrx_word' id='word_1_770' title='bbox 2232 3816 2425 3871; x_wconf 85' lang='lat' dir='ltr'><strong>Verior</strong></span> <span class='ocrx_word' id='word_1_771' title='bbox 2457 3817 2643 3881; x_wconf 90' lang='lat' dir='ltr'><strong>lectio,</strong></span> <span class='ocrx_word' id='word_1_772' title='bbox 2676 3832 2795 3887; x_wconf 71' lang='lat' dir='ltr'><strong>qua:</strong></span> <span class='ocrx_word' id='word_1_773' title='bbox 2825 3817 3118 3871; x_wconf 80' lang='lat' dir='ltr'><strong>concordat</strong></span> <span class='ocrx_word' id='word_1_774' title='bbox 3147 3832 3267 3871; x_wconf 91' lang='lat' dir='ltr'><strong>cum</strong></span> <span class='ocrx_word' id='word_1_775' title='bbox 3304 3828 3452 3873; x_wconf 86' lang='lat' dir='ltr'><strong>textu</strong></span> <span class='ocrx_word' id='word_1_776' title='bbox 3482 3816 3784 3883; x_wconf 86' lang='lat' dir='ltr'><strong>Innocentii,</strong></span> 
     </span>
    </p>
   </div>
   <div class='ocr_carea' id='block_1_105' title="bbox 2232 3887 3784 3955">
    <p class='ocr_par' dir='ltr' id='par_1_105' title="bbox 2232 3887 3784 3955">
     <span class='ocr_line' id='line_1_106' title="bbox 2232 3887 3784 3955; baseline 0.004 -16"><span class='ocrx_word' id='word_1_777' title='bbox 2232 3895 2407 3939; x_wconf 80' lang='lat' dir='ltr'><strong>exstat</strong></span> <span class='ocrx_word' id='word_1_778' title='bbox 2444 3887 2496 3941; x_wconf 90' lang='lat' dir='ltr'><strong>in</strong></span> <span class='ocrx_word' id='word_1_779' title='bbox 2546 3888 2928 3942; x_wconf 86' lang='lat' dir='ltr'><strong>vetustioribus</strong></span> <span class='ocrx_word' id='word_1_780' title='bbox 2974 3887 3295 3943; x_wconf 90' lang='lat' dir='ltr'><strong>editionibus</strong></span> <span class='ocrx_word' id='word_1_781' title='bbox 3343 3898 3464 3955; x_wconf 87' lang='lat' dir='ltr'><strong>post</strong></span> <span class='ocrx_word' id='word_1_782' title='bbox 3499 3891 3784 3951; x_wconf 80' lang='lat' dir='ltr'><strong>Merlinum.</strong></span> 
     </span>
    </p>
   </div>
   <div class='ocr_carea' id='block_1_106' title="bbox 2231 3958 3785 4081">
    <p class='ocr_par' dir='ltr' id='par_1_106' title="bbox 2231 3958 3785 4081">
     <span class='ocr_line' id='line_1_107' title="bbox 2231 3958 3785 4032; baseline 0.004 -23"><span class='ocrx_word' id='word_1_783' title='bbox 2231 3966 2416 4025; x_wconf 78' lang='lat' dir='ltr'><strong>prwter</strong></span> <span class='ocrx_word' id='word_1_784' title='bbox 2463 3974 2547 4011; x_wconf 85' lang='lat' dir='ltr'><strong>eos</strong></span> <span class='ocrx_word' id='word_1_785' title='bbox 2593 3974 2718 4025; x_wconf 85' lang='lat' dir='ltr'><strong>quos</strong></span> <span class='ocrx_word' id='word_1_786' title='bbox 2765 3958 3102 4029; x_wconf 78' lang='lat' dir='ltr'><strong>rebaptizant.</strong></span> <span class='ocrx_word' id='word_1_787' title='bbox 3131 3959 3253 4013; x_wconf 87' lang='lat' dir='ltr'><strong>Vat.</strong></span> <span class='ocrx_word' id='word_1_788' title='bbox 3302 3959 3442 4014; x_wconf 71' lang='lat' dir='ltr'><strong>i540</strong></span> <span class='ocrx_word' id='word_1_789' title='bbox 3488 3971 3687 4032; x_wconf 87' lang='lat' dir='ltr'><strong>prapter</strong></span> <span class='ocrx_word' id='word_1_790' title='bbox 3703 3974 3785 4031; x_wconf 90' lang='lat' dir='ltr'><strong>pro</strong></span> 
     </span>
     <span class='ocr_line' id='line_1_108' title="bbox 2232 4028 2677 4081; baseline -0.004 0"><span class='ocrx_word' id='word_1_791' title='bbox 2232 4037 2413 4081; x_wconf 61' lang='lat' dir='ltr'><strong>pra&#39;ter</strong></span> <span class='ocrx_word' id='word_1_792' title='bbox 2440 4028 2677 4081; x_wconf 77' lang='lat' dir='ltr'><strong>exhibet.</strong></span> 
     </span>
    </p>
   </div>
   <div class='ocr_carea' id='block_1_107' title="bbox 2268 4037 2677 4079">
    <p class='ocr_par' dir='ltr' id='par_1_107' title="bbox 2268 4037 2677 4079">
     <span class='ocr_line' id='line_1_109' title="bbox 2268 4037 2677 4079; baseline 0 0"><span class='ocrx_word' id='word_1_793' title='bbox 2268 4037 2413 4079; x_wconf 67' lang='lat' dir='ltr'><strong>ra&#39;ter</strong></span> <span class='ocrx_word' id='word_1_794' title='bbox 2440 4037 2677 4079; x_wconf 76' lang='lat' dir='ltr'><strong>exhibet.</strong></span> 
     </span>
    </p>
   </div>
   <div class='ocr_carea' id='block_1_108' title="bbox 2231 4030 3776 4157">
    <p class='ocr_par' dir='ltr' id='par_1_108' title="bbox 2231 4030 3776 4157">
     <span class='ocr_line' id='line_1_110' title="bbox 2231 4030 3716 4097; baseline 0.001 -19"><span class='ocrx_word' id='word_1_795' title='bbox 2231 4037 2413 4097; x_wconf 62' lang='lat' dir='ltr'><strong>pra&#39;ter</strong></span> <span class='ocrx_word' id='word_1_796' title='bbox 2440 4030 2677 4083; x_wconf 77' lang='lat' dir='ltr'><strong>exhibet.</strong></span> <span class='ocrx_word' id='word_1_797' title='bbox 3490 4030 3495 4031; x_wconf 55' lang='grc'><strong>“</strong></span> <span class='ocrx_word' id='word_1_798' title='bbox 3586 4030 3593 4032; x_wconf 11' lang='grc' dir='ltr'><em>ἡ</em></span> <span class='ocrx_word' id='word_1_799' title='bbox 3705 4030 3716 4031; x_wconf 49' lang='grc'><strong>“</strong></span> 
     </span>
     <span class='ocr_line' id='line_1_111' title="bbox 2304 4097 3776 4157; baseline 0.002 -5"><span class='ocrx_word' id='word_1_800' title='bbox 2304 4097 2327 4134; x_wconf 75' lang='grc' dir='ltr'><strong>¹ί</strong></span> <span class='ocrx_word' id='word_1_801' title='bbox 2360 4099 2433 4153; x_wconf 90' lang='lat' dir='ltr'><strong>Ita</strong></span> <span class='ocrx_word' id='word_1_802' title='bbox 2476 4114 2595 4154; x_wconf 89' lang='lat' dir='ltr'><strong>cum</strong></span> <span class='ocrx_word' id='word_1_803' title='bbox 2625 4099 2853 4153; x_wconf 77' lang='lat' dir='ltr'><strong>Merlino</strong></span> <span class='ocrx_word' id='word_1_804' title='bbox 2880 4098 2987 4154; x_wconf 93' lang='lat' dir='ltr'><strong>duo</strong></span> <span class='ocrx_word' id='word_1_805' title='bbox 3017 4099 3189 4153; x_wconf 92' lang='lat' dir='ltr'><strong>nostri</strong></span> <span class='ocrx_word' id='word_1_806' title='bbox 3220 4099 3377 4155; x_wconf 92' lang='lat' dir='ltr'><strong>codd.</strong></span> <span class='ocrx_word' id='word_1_807' title='bbox 3410 4101 3569 4157; x_wconf 92' lang='lat' dir='ltr'><strong>Vind.</strong></span> <span class='ocrx_word' id='word_1_808' title='bbox 3600 4112 3648 4157; x_wconf 90' lang='lat' dir='ltr'><strong>et</strong></span> <span class='ocrx_word' id='word_1_809' title='bbox 3674 4100 3776 4155; x_wconf 83' lang='lat' dir='ltr'><strong>Vat.</strong></span> 
     </span>
    </p>
   </div>
   <div class='ocr_carea' id='block_1_109' title="bbox 2232 4168 3778 4241">
    <p class='ocr_par' dir='ltr' id='par_1_109' title="bbox 2232 4168 3778 4241">
     <span class='ocr_line' id='line_1_112' title="bbox 2232 4168 3778 4241; baseline 0.001 -20"><span class='ocrx_word' id='word_1_810' title='bbox 2232 4168 2464 4241; x_wconf 61' lang='lat' dir='ltr'><strong>1550_ac</strong></span> <span class='ocrx_word' id='word_1_811' title='bbox 2497 4182 2604 4241; x_wconf 82' lang='lat' dir='ltr'><strong>tres</strong></span> <span class='ocrx_word' id='word_1_812' title='bbox 2636 4171 2953 4223; x_wconf 88' lang='lat' dir='ltr'><strong>Constantii.</strong></span> <span class='ocrx_word' id='word_1_813' title='bbox 3001 4170 3151 4231; x_wconf 74' lang='lat' dir='ltr'><strong>Vulg.</strong></span> <span class='ocrx_word' id='word_1_814' title='bbox 3180 4171 3347 4224; x_wconf 85' lang='lat' dir='ltr'><strong>Cone.</strong></span> <span class='ocrx_word' id='word_1_815' title='bbox 3390 4182 3514 4241; x_wconf 89' lang='lat' dir='ltr'><strong>post</strong></span> <span class='ocrx_word' id='word_1_816' title='bbox 3542 4173 3778 4227; x_wconf 85' lang='lat' dir='ltr'><strong>Crahbum</strong></span> 
     </span>
    </p>
   </div>
   <div class='ocr_carea' id='block_1_110' title="bbox 2230 4239 3775 4311">
    <p class='ocr_par' dir='ltr' id='par_1_110' title="bbox 2230 4239 3775 4311">
     <span class='ocr_line' id='line_1_113' title="bbox 2230 4239 3775 4311; baseline 0.002 -20"><span class='ocrx_word' id='word_1_817' title='bbox 2230 4253 2351 4311; x_wconf 91' lang='lat' dir='ltr'><strong>cum</strong></span> <span class='ocrx_word' id='word_1_818' title='bbox 2366 4239 2486 4293; x_wconf 89' lang='lat' dir='ltr'><strong>Vat.</strong></span> <span class='ocrx_word' id='word_1_819' title='bbox 2507 4240 2665 4306; x_wconf 73' lang='grc'>5827,</span> <span class='ocrx_word' id='word_1_820' title='bbox 2687 4242 2737 4293; x_wconf 87' lang='lat' dir='ltr'><strong>in</strong></span> <span class='ocrx_word' id='word_1_821' title='bbox 2756 4241 3035 4294; x_wconf 88' lang='lat' dir='ltr'><strong>ministerio</strong></span> <span class='ocrx_word' id='word_1_822' title='bbox 3051 4241 3220 4294; x_wconf 84' lang='lat' dir='ltr'><strong>divino</strong></span> <span class='ocrx_word' id='word_1_823' title='bbox 3234 4239 3568 4311; x_wconf 82' lang='lat' dir='ltr'><strong>quotidianis.</strong></span> <span class='ocrx_word' id='word_1_824' title='bbox 3583 4244 3775 4310; x_wconf 84' lang='lat' dir='ltr'><strong>Quesn.,</strong></span> 
     </span>
    </p>
   </div>
   <div class='ocr_carea' id='block_1_111' title="bbox 2234 4310 3779 4381">
    <p class='ocr_par' dir='ltr' id='par_1_111' title="bbox 2234 4310 3779 4381">
     <span class='ocr_line' id='line_1_114' title="bbox 2234 4310 3779 4381; baseline 0.001 -19"><span class='ocrx_word' id='word_1_825' title='bbox 2234 4310 2286 4362; x_wconf 90' lang='lat' dir='ltr'><strong>in</strong></span> <span class='ocrx_word' id='word_1_826' title='bbox 2320 4312 2580 4365; x_wconf 84' lang='lat' dir='ltr'><strong>ministerii</strong></span> <span class='ocrx_word' id='word_1_827' title='bbox 2609 4312 2943 4381; x_wconf 84' lang='lat' dir='ltr'><strong>quotidianis.</strong></span> <span class='ocrx_word' id='word_1_828' title='bbox 2977 4312 3033 4364; x_wconf 87' lang='lat' dir='ltr'><strong>P.</strong></span> <span class='ocrx_word' id='word_1_829' title='bbox 3059 4310 3387 4366; x_wconf 77' lang='lat' dir='ltr'><strong>Coust.cam</strong></span> <span class='ocrx_word' id='word_1_830' title='bbox 3416 4330 3523 4367; x_wconf 68' lang='lat' dir='ltr'><strong>urso</strong></span> <span class='ocrx_word' id='word_1_831' title='bbox 3547 4314 3706 4375; x_wconf 87' lang='lat' dir='ltr'><strong>Colb.,</strong></span> <span class='ocrx_word' id='word_1_832' title='bbox 3735 4313 3779 4363; x_wconf 82' lang='lat' dir='ltr'><strong>in</strong></span> 
     </span>
    </p>
   </div>
   <div class='ocr_carea' id='block_1_112' title="bbox 2232 4380 3778 4451">
    <p class='ocr_par' dir='ltr' id='par_1_112' title="bbox 2232 4380 3778 4451">
     <span class='ocr_line' id='line_1_115' title="bbox 2232 4380 3778 4451; baseline 0.002 -19"><span class='ocrx_word' id='word_1_833' title='bbox 2232 4380 2512 4435; x_wconf 87' lang='lat' dir='ltr'><strong>ministerio</strong></span> <span class='ocrx_word' id='word_1_834' title='bbox 2537 4422 2551 4446; x_wconf 95' lang='lat'><strong>,</strong></span> <span class='ocrx_word' id='word_1_835' title='bbox 2594 4380 2863 4435; x_wconf 87' lang='lat' dir='ltr'><strong>ministerii</strong></span> <span class='ocrx_word' id='word_1_836' title='bbox 2896 4383 3227 4451; x_wconf 82' lang='lat' dir='ltr'><strong>quotidianis.</strong></span> <span class='ocrx_word' id='word_1_837' title='bbox 3274 4383 3465 4438; x_wconf 77' lang='lat' dir='ltr'><strong>Melius</strong></span> <span class='ocrx_word' id='word_1_838' title='bbox 3506 4395 3557 4439; x_wconf 88' lang='lat' dir='ltr'><strong>et</strong></span> <span class='ocrx_word' id='word_1_839' title='bbox 3590 4383 3778 4437; x_wconf 84' lang='lat' dir='ltr'><strong>brevius</strong></span> 
     </span>
    </p>
   </div>
   <div class='ocr_carea' id='block_1_113' title="bbox 2232 4452 3775 4523">
    <p class='ocr_par' dir='ltr' id='par_1_113' title="bbox 2232 4452 3775 4523">
     <span class='ocr_line' id='line_1_116' title="bbox 2232 4452 3775 4523; baseline 0 -20"><span class='ocrx_word' id='word_1_840' title='bbox 2232 4452 2371 4518; x_wconf 89' lang='lat' dir='ltr'><strong>apud</strong></span> <span class='ocrx_word' id='word_1_841' title='bbox 2397 4453 2763 4507; x_wconf 89' lang='lat' dir='ltr'><strong>Innocentium</strong></span> <span class='ocrx_word' id='word_1_842' title='bbox 2787 4496 2801 4519; x_wconf 92' lang='lat'><strong>,</strong></span> <span class='ocrx_word' id='word_1_843' title='bbox 2827 4456 2948 4519; x_wconf 88' lang='lat' dir='ltr'><strong>quia</strong></span> <span class='ocrx_word' id='word_1_844' title='bbox 2976 4454 3246 4506; x_wconf 83' lang='lat' dir='ltr'><strong>ministerii</strong></span> <span class='ocrx_word' id='word_1_845' title='bbox 3277 4454 3566 4523; x_wconf 87' lang='lat' dir='ltr'><strong>quotidiani</strong></span> <span class='ocrx_word' id='word_1_846' title='bbox 3588 4453 3775 4508; x_wconf 77' lang='lat' dir='ltr'><strong>necessi-</strong></span> 
     </span>
    </p>
   </div>
   <div class='ocr_carea' id='block_1_114' title="bbox 2233 4523 3777 4593">
    <p class='ocr_par' dir='ltr' id='par_1_114' title="bbox 2233 4523 3777 4593">
     <span class='ocr_line' id='line_1_117' title="bbox 2233 4523 3777 4593; baseline 0.003 -21"><span class='ocrx_word' id='word_1_847' title='bbox 2233 4523 2422 4576; x_wconf 88' lang='lat' dir='ltr'><strong>tatibus</strong></span> <span class='ocrx_word' id='word_1_848' title='bbox 2450 4534 2785 4589; x_wconf 87' lang='lat' dir='ltr'><strong>occupantur.</strong></span> <span class='ocrx_word' id='word_1_849' title='bbox 2814 4523 2945 4579; x_wconf 90' lang='lat' dir='ltr'><strong>Dein</strong></span> <span class='ocrx_word' id='word_1_850' title='bbox 2964 4533 3097 4593; x_wconf 77' lang='lat' dir='ltr'><strong>post</strong></span> <span class='ocrx_word' id='word_1_851' title='bbox 3118 4524 3367 4577; x_wconf 85' lang='lat' dir='ltr'><strong>abstinete</strong></span> <span class='ocrx_word' id='word_1_852' title='bbox 3385 4541 3471 4580; x_wconf 82' lang='lat' dir='ltr'><strong>vos</strong></span> <span class='ocrx_word' id='word_1_853' title='bbox 3495 4525 3612 4581; x_wconf 91' lang='lat' dir='ltr'><strong>cod.</strong></span> <span class='ocrx_word' id='word_1_854' title='bbox 3630 4526 3777 4579; x_wconf 89' lang='lat' dir='ltr'><strong>Oxon.</strong></span> 
     </span>
    </p>
   </div>
   <div class='ocr_carea' id='block_1_115' title="bbox 2230 4590 2973 4665">
    <p class='ocr_par' dir='ltr' id='par_1_115' title="bbox 2230 4590 2973 4665">
     <span class='ocr_line' id='line_1_118' title="bbox 2230 4590 2973 4665; baseline 0.004 -20"><span class='ocrx_word' id='word_1_855' title='bbox 2230 4593 2387 4665; x_wconf 72' lang='lat' dir='ltr'><strong>addit</strong></span> <span class='ocrx_word' id='word_1_856' title='bbox 2408 4610 2439 4645; x_wconf 91' lang='lat' dir='ltr'><strong>a</strong></span> <span class='ocrx_word' id='word_1_857' title='bbox 2465 4595 2819 4665; x_wconf 79' lang='lat' dir='ltr'><strong>fornicatione.</strong></span> <span class='ocrx_word' id='word_1_858' title='bbox 2868 4664 2873 4665; x_wconf 14' lang='grc' dir='ltr'>ί</span> <span class='ocrx_word' id='word_1_859' title='bbox 2962 4590 2973 4601; x_wconf 84' lang='grc'><strong>’</strong></span> 
     </span>
    </p>
   </div>
   <div class='ocr_carea' id='block_1_116' title="bbox 2309 4662 3777 4737">
    <p class='ocr_par' dir='ltr' id='par_1_116' title="bbox 2309 4662 3777 4737">
     <span class='ocr_line' id='line_1_119' title="bbox 2309 4662 3777 4737; baseline -0.001 -20"><span class='ocrx_word' id='word_1_860' title='bbox 2309 4662 2324 4737; x_wconf 66' lang='lat'><strong>1</strong></span> <span class='ocrx_word' id='word_1_861' title='bbox 2361 4662 2519 4737; x_wconf 76' lang='lat' dir='ltr'><strong>Solus</strong></span> <span class='ocrx_word' id='word_1_862' title='bbox 2562 4665 2766 4737; x_wconf 79' lang='lat' dir='ltr'><strong>Quesn.</strong></span> <span class='ocrx_word' id='word_1_863' title='bbox 2796 4664 2939 4719; x_wconf 89' lang='lat' dir='ltr'><strong>delet</strong></span> <span class='ocrx_word' id='word_1_864' title='bbox 2973 4665 3286 4737; x_wconf 39' lang='lat' dir='ltr'><strong>utiquesac</strong></span> <span class='ocrx_word' id='word_1_865' title='bbox 3326 4681 3451 4721; x_wconf 80' lang='lat' dir='ltr'><strong>mox</strong></span> <span class='ocrx_word' id='word_1_866' title='bbox 3489 4683 3584 4737; x_wconf 91' lang='lat' dir='ltr'><strong>pro</strong></span> <span class='ocrx_word' id='word_1_867' title='bbox 3612 4664 3777 4737; x_wconf 65' lang='lat' dir='ltr'><strong>olera!</strong></span> 
     </span>
    </p>
   </div>
   <div class='ocr_carea' id='block_1_117' title="bbox 2149 4699 3776 4803">
    <p class='ocr_par' dir='ltr' id='par_1_117' title="bbox 2149 4699 3776 4803">
     <span class='ocr_line' id='line_1_120' title="bbox 2149 4699 3776 4803; baseline 0.001 -17"><span class='ocrx_word' id='word_1_868' title='bbox 2149 4699 2204 4760; x_wconf 78' lang='grc' dir='ltr'><strong>Ι)</strong></span> <span class='ocrx_word' id='word_1_869' title='bbox 2230 4699 2387 4788; x_wconf 68' lang='grc' dir='ltr'><strong>ιιεωῖ</strong></span> <span class='ocrx_word' id='word_1_870' title='bbox 2404 4699 2776 4803; x_wconf 44' lang='lat' dir='ltr'><strong>LKZ-9:733;</strong></span> <span class='ocrx_word' id='word_1_871' title='bbox 2796 4699 3145 4801; x_wconf 59' lang='grc' dir='ltr'><strong>’ῥῗξιῖέξὶῖἕῖῗ</strong></span> <span class='ocrx_word' id='word_1_872' title='bbox 3158 4699 3297 4791; x_wconf 54' lang='lat' dir='ltr'><strong>est?</strong></span> <span class='ocrx_word' id='word_1_873' title='bbox 3321 4699 3451 4792; x_wconf 57' lang='lat' dir='ltr'><strong>Eii;</strong></span> <span class='ocrx_word' id='word_1_874' title='bbox 3471 4699 3584 4793; x_wconf 60' lang='lat' dir='ltr'><strong>u&#39;iiii</strong></span> <span class='ocrx_word' id='word_1_875' title='bbox 3595 4699 3776 4800; x_wconf 66' lang='grc' dir='ltr'><strong>ἀξίιέιῖ</strong></span> 
     </span>
    </p>
   </div>
   <div class='ocr_carea' id='block_1_118' title="bbox 2228 4805 3061 4873">
    <p class='ocr_par' dir='ltr' id='par_1_118' title="bbox 2228 4805 3061 4873">
     <span class='ocr_line' id='line_1_121' title="bbox 2228 4805 3061 4873; baseline 0.002 -16"><span class='ocrx_word' id='word_1_876' title='bbox 2228 4805 2367 4871; x_wconf 81' lang='lat' dir='ltr'><strong>Quid</strong></span> <span class='ocrx_word' id='word_1_877' title='bbox 2392 4808 2577 4873; x_wconf 79' lang='lat' dir='ltr'><strong>faciet?</strong></span> <span class='ocrx_word' id='word_1_878' title='bbox 2607 4806 2742 4871; x_wconf 87' lang='lat' dir='ltr'><strong>Quid</strong></span> <span class='ocrx_word' id='word_1_879' title='bbox 2763 4806 3061 4859; x_wconf 79' lang='lat' dir='ltr'><strong>excusabit?</strong></span> 
     </span>
    </p>
   </div>
   <div class='ocr_carea' id='block_1_119' title="bbox 2294 4876 3778 4948">
    <p class='ocr_par' dir='ltr' id='par_1_119' title="bbox 2294 4876 3778 4948">
     <span class='ocr_line' id='line_1_122' title="bbox 2294 4876 3778 4948; baseline 0 -19"><span class='ocrx_word' id='word_1_880' title='bbox 2294 4885 2331 4911; x_wconf 76' lang='grc' dir='ltr'>ω</span> <span class='ocrx_word' id='word_1_881' title='bbox 2356 4876 2555 4943; x_wconf 86' lang='lat' dir='ltr'><strong>Quesn.</strong></span> <span class='ocrx_word' id='word_1_882' title='bbox 2583 4878 2769 4930; x_wconf 89' lang='lat' dir='ltr'><strong>inserit</strong></span> <span class='ocrx_word' id='word_1_883' title='bbox 2811 4876 3137 4945; x_wconf 84' lang='lat' dir='ltr'><strong>sacri/icaln&#39;t,</strong></span> <span class='ocrx_word' id='word_1_884' title='bbox 3174 4877 3257 4931; x_wconf 91' lang='lat' dir='ltr'><strong>vel</strong></span> <span class='ocrx_word' id='word_1_885' title='bbox 3289 4878 3567 4948; x_wconf 74' lang='lat' dir='ltr'><strong>baptisabit</strong></span> <span class='ocrx_word' id='word_1_886' title='bbox 3590 4921 3606 4946; x_wconf 84' lang='lat'><strong>,</strong></span> <span class='ocrx_word' id='word_1_887' title='bbox 3634 4877 3778 4933; x_wconf 78' lang='lat' dir='ltr'><strong>refra-</strong></span> 
     </span>
    </p>
   </div>
   <div class='ocr_carea' id='block_1_120' title="bbox 2223 4947 3773 5020">
    <p class='ocr_par' dir='ltr' id='par_1_120' title="bbox 2223 4947 3773 5020">
     <span class='ocr_line' id='line_1_123' title="bbox 2223 4947 3773 5020; baseline 0.001 -23"><span class='ocrx_word' id='word_1_888' title='bbox 2223 4947 2472 5020; x_wconf 81' lang='lat' dir='ltr'><strong>gantibus</strong></span> <span class='ocrx_word' id='word_1_889' title='bbox 2494 4948 2971 5020; x_wconf 73' lang='lat' dir='ltr'><strong>omnibusnostris</strong></span> <span class='ocrx_word' id='word_1_890' title='bbox 2999 4956 3053 5001; x_wconf 91' lang='lat' dir='ltr'><strong>et</strong></span> <span class='ocrx_word' id='word_1_891' title='bbox 3070 4948 3259 5020; x_wconf 76' lang='lat' dir='ltr'><strong>Const.</strong></span> <span class='ocrx_word' id='word_1_892' title='bbox 3294 4950 3453 5004; x_wconf 89' lang='lat' dir='ltr'><strong>codd.</strong></span> <span class='ocrx_word' id='word_1_893' title='bbox 3480 4961 3633 5020; x_wconf 89' lang='lat' dir='ltr'><strong>atque</strong></span> <span class='ocrx_word' id='word_1_894' title='bbox 3658 4948 3773 5020; x_wconf 75' lang='lat' dir='ltr'><strong>aliis</strong></span> 
     </span>
    </p>
   </div>
   <div class='ocr_carea' id='block_1_121' title="bbox 2225 5018 3769 5087">
    <p class='ocr_par' dir='ltr' id='par_1_121' title="bbox 2225 5018 3769 5087">
     <span class='ocr_line' id='line_1_124' title="bbox 2225 5018 3769 5087; baseline -0.001 -18"><span class='ocrx_word' id='word_1_895' title='bbox 2225 5019 2477 5086; x_wconf 84' lang='lat' dir='ltr'><strong>vulgatis:</strong></span> <span class='ocrx_word' id='word_1_896' title='bbox 2508 5032 2631 5072; x_wconf 92' lang='lat' dir='ltr'><strong>cum</strong></span> <span class='ocrx_word' id='word_1_897' title='bbox 2657 5018 2847 5087; x_wconf 89' lang='lat' dir='ltr'><strong>quibus</strong></span> <span class='ocrx_word' id='word_1_898' title='bbox 2870 5019 2991 5073; x_wconf 90' lang='lat' dir='ltr'><strong>dein</strong></span> <span class='ocrx_word' id='word_1_899' title='bbox 3018 5018 3312 5084; x_wconf 85' lang='lat' dir='ltr'><strong>adjecimus</strong></span> <span class='ocrx_word' id='word_1_900' title='bbox 3344 5021 3457 5087; x_wconf 81' lang='lat' dir='ltr'><strong>hic,</strong></span> <span class='ocrx_word' id='word_1_901' title='bbox 3483 5033 3535 5076; x_wconf 87' lang='lat' dir='ltr'><strong>et</strong></span> <span class='ocrx_word' id='word_1_902' title='bbox 3557 5018 3769 5086; x_wconf 54' lang='lat' dir='ltr'><strong>‘scripsi-</strong></span> 
     </span>
    </p>
   </div>
   <div class='ocr_carea' id='block_1_122' title="bbox 2224 5088 3763 5169">
    <p class='ocr_par' dir='ltr' id='par_1_122' title="bbox 2224 5088 3763 5169">
     <span class='ocr_line' id='line_1_125' title="bbox 2224 5088 3763 5169; baseline 0 -28"><span class='ocrx_word' id='word_1_903' title='bbox 2224 5102 2342 5169; x_wconf 76' lang='lat' dir='ltr'><strong>mus</strong></span> <span class='ocrx_word' id='word_1_904' title='bbox 2357 5090 2563 5169; x_wconf 72' lang='lat' dir='ltr'><strong>dictum</strong></span> <span class='ocrx_word' id='word_1_905' title='bbox 2584 5090 2672 5153; x_wconf 90' lang='lat' dir='ltr'><strong>sit,</strong></span> <span class='ocrx_word' id='word_1_906' title='bbox 2692 5090 2776 5143; x_wconf 91' lang='lat' dir='ltr'><strong>ubi</strong></span> <span class='ocrx_word' id='word_1_907' title='bbox 2798 5089 2889 5144; x_wconf 82' lang='lat' dir='ltr'><strong>ille</strong></span> <span class='ocrx_word' id='word_1_908' title='bbox 2909 5090 3155 5158; x_wconf 84' lang='lat' dir='ltr'><strong>scriptum</strong></span> <span class='ocrx_word' id='word_1_909' title='bbox 3175 5089 3274 5155; x_wconf 86' lang='lat' dir='ltr'><strong>sit;</strong></span> <span class='ocrx_word' id='word_1_910' title='bbox 3304 5101 3358 5146; x_wconf 92' lang='lat' dir='ltr'><strong>et</strong></span> <span class='ocrx_word' id='word_1_911' title='bbox 3374 5108 3475 5160; x_wconf 89' lang='lat' dir='ltr'><strong>qua</strong></span> <span class='ocrx_word' id='word_1_912' title='bbox 3507 5092 3568 5145; x_wconf 89' lang='lat' dir='ltr'><strong>de</strong></span> <span class='ocrx_word' id='word_1_913' title='bbox 3595 5108 3645 5144; x_wconf 90' lang='lat' dir='ltr'><strong>re</strong></span> <span class='ocrx_word' id='word_1_914' title='bbox 3663 5088 3763 5144; x_wconf 84' lang='lat' dir='ltr'><strong>snb—</strong></span> 
     </span>
    </p>
   </div>
   <div class='ocr_carea' id='block_1_123' title="bbox 2222 5161 3635 5229">
    <p class='ocr_par' dir='ltr' id='par_1_123' title="bbox 2222 5161 3635 5229">
     <span class='ocr_line' id='line_1_126' title="bbox 2222 5161 3635 5229; baseline 0.002 -17"><span class='ocrx_word' id='word_1_915' title='bbox 2222 5161 2492 5229; x_wconf 76' lang='lat' dir='ltr'><strong>Stituimns</strong></span> <span class='ocrx_word' id='word_1_916' title='bbox 2524 5174 2618 5227; x_wconf 89' lang='lat' dir='ltr'><strong>pro</strong></span> <span class='ocrx_word' id='word_1_917' title='bbox 2640 5170 2966 5229; x_wconf 88' lang='lat' dir='ltr'><strong>quapropter.</strong></span> <span class='ocrx_word' id='word_1_918' title='bbox 3624 5182 3635 5193; x_wconf 86' lang='lat'><strong>-</strong></span> 
     </span>
    </p>
   </div>
   <div class='ocr_carea' id='block_1_124' title="bbox 2294 5228 3765 5299">
    <p class='ocr_par' dir='ltr' id='par_1_124' title="bbox 2294 5228 3765 5299">
     <span class='ocr_line' id='line_1_127' title="bbox 2294 5228 3765 5299; baseline -0.001 -17"><span class='ocrx_word' id='word_1_919' title='bbox 2294 5237 2322 5265; x_wconf 77' lang='grc' dir='ltr'><strong>ιι</strong></span> <span class='ocrx_word' id='word_1_920' title='bbox 2350 5228 2606 5284; x_wconf 90' lang='lat' dir='ltr'><strong>Voculam</strong></span> <span class='ocrx_word' id='word_1_921' title='bbox 2660 5231 2756 5283; x_wconf 88' lang='lat' dir='ltr'><strong>hoc</strong></span> <span class='ocrx_word' id='word_1_922' title='bbox 2803 5247 2925 5285; x_wconf 91' lang='lat' dir='ltr'><strong>cum</strong></span> <span class='ocrx_word' id='word_1_923' title='bbox 2956 5230 3253 5285; x_wconf 88' lang='lat' dir='ltr'><strong>Constantii</strong></span> <span class='ocrx_word' id='word_1_924' title='bbox 3292 5247 3421 5287; x_wconf 90' lang='lat' dir='ltr'><strong>mss.</strong></span> <span class='ocrx_word' id='word_1_925' title='bbox 3472 5232 3765 5299; x_wconf 79' lang='lat' dir='ltr'><strong>adiecimus,</strong></span> 
     </span>
    </p>
   </div>
   <div class='ocr_carea' id='block_1_125' title="bbox 2224 5299 3767 5371">
    <p class='ocr_par' dir='ltr' id='par_1_125' title="bbox 2224 5299 3767 5371">
     <span class='ocr_line' id='line_1_128' title="bbox 2224 5299 3767 5371; baseline -0.004 -17"><span class='ocrx_word' id='word_1_926' title='bbox 2224 5314 2449 5367; x_wconf 90' lang='lat' dir='ltr'><strong>eamque</strong></span> <span class='ocrx_word' id='word_1_927' title='bbox 2477 5301 2740 5369; x_wconf 89' lang='lat' dir='ltr'><strong>approbat</strong></span> <span class='ocrx_word' id='word_1_928' title='bbox 2760 5304 3094 5371; x_wconf 80' lang='lat' dir='ltr'><strong>explicatque</strong></span> <span class='ocrx_word' id='word_1_929' title='bbox 3116 5303 3456 5358; x_wconf 87' lang='lat' dir='ltr'><strong>Innocentius</strong></span> <span class='ocrx_word' id='word_1_930' title='bbox 3480 5305 3702 5368; x_wconf 86' lang='lat' dir='ltr'><strong>inquiens</strong></span> <span class='ocrx_word' id='word_1_931' title='bbox 3722 5299 3767 5371; x_wconf 78' lang='lat' dir='ltr'><strong>in</strong></span> 
     </span>
    </p>
   </div>
   <div class='ocr_carea' id='block_1_126' title="bbox 2220 5368 3761 5443">
    <p class='ocr_par' dir='ltr' id='par_1_126' title="bbox 2220 5368 3761 5443">
     <span class='ocr_line' id='line_1_129' title="bbox 2220 5368 3761 5443; baseline -0.001 -20"><span class='ocrx_word' id='word_1_932' title='bbox 2220 5372 2445 5439; x_wconf 89' lang='lat' dir='ltr'><strong>epistola</strong></span> <span class='ocrx_word' id='word_1_933' title='bbox 2501 5368 2713 5443; x_wconf 83' lang='lat' dir='ltr'><strong>laudata</strong></span> <span class='ocrx_word' id='word_1_934' title='bbox 2748 5390 2761 5425; x_wconf 93' lang='lat'><strong>:</strong></span> <span class='ocrx_word' id='word_1_935' title='bbox 2794 5368 2900 5427; x_wconf 85' lang='lat' dir='ltr'><strong>Sed</strong></span> <span class='ocrx_word' id='word_1_936' title='bbox 2949 5368 3077 5443; x_wconf 77' lang='lat' dir='ltr'><strong>forte</strong></span> <span class='ocrx_word' id='word_1_937' title='bbox 3129 5375 3278 5427; x_wconf 89' lang='lat' dir='ltr'><strong>licere</strong></span> <span class='ocrx_word' id='word_1_938' title='bbox 3313 5374 3411 5428; x_wconf 84' lang='lat' dir='ltr'><strong>hoc</strong></span> <span class='ocrx_word' id='word_1_939' title='bbox 3460 5368 3761 5443; x_wconf 81' lang='lat' dir='ltr'><strong>credit,quia_</strong></span> 
     </span>
    </p>
   </div>
   <div class='ocr_carea' id='block_1_127' title="bbox 2222 5435 3762 5512">
    <p class='ocr_par' dir='ltr' id='par_1_127' title="bbox 2222 5435 3762 5512">
     <span class='ocr_line' id='line_1_130' title="bbox 2222 5435 3762 5512; baseline -0.002 -17"><span class='ocrx_word' id='word_1_940' title='bbox 2222 5435 2471 5511; x_wconf 78' lang='lat' dir='ltr'><strong>scriptum</strong></span> <span class='ocrx_word' id='word_1_941' title='bbox 2493 5450 2585 5496; x_wconf 91' lang='lat' dir='ltr'><strong>est.</strong></span> <span class='ocrx_word' id='word_1_942' title='bbox 2629 5442 2793 5512; x_wconf 87' lang='lat' dir='ltr'><strong>Hujus</strong></span> <span class='ocrx_word' id='word_1_943' title='bbox 2822 5435 2967 5497; x_wconf 81' lang='lat' dir='ltr'><strong>vocis</strong></span> <span class='ocrx_word' id='word_1_944' title='bbox 3011 5444 3219 5497; x_wconf 85' lang='lat' dir='ltr'><strong>delectu</strong></span> <span class='ocrx_word' id='word_1_945' title='bbox 3278 5445 3397 5499; x_wconf 75' lang='lat' dir='ltr'><strong>alia:</strong></span> <span class='ocrx_word' id='word_1_946' title='bbox 3452 5459 3601 5498; x_wconf 86' lang='lat' dir='ltr'><strong>voces</strong></span> <span class='ocrx_word' id='word_1_947' title='bbox 3647 5435 3762 5512; x_wconf 79' lang='lat' dir='ltr'><strong>apud</strong></span> 
     </span>
    </p>
   </div>
   <div class='ocr_carea' id='block_1_128' title="bbox 2224 5510 3763 5585">
    <p class='ocr_par' dir='ltr' id='par_1_128' title="bbox 2224 5510 3763 5585">
     <span class='ocr_line' id='line_1_131' title="bbox 2224 5510 3763 5585; baseline 0 -20"><span class='ocrx_word' id='word_1_948' title='bbox 2224 5510 2567 5585; x_wconf 80' lang='lat' dir='ltr'><strong>Quesnellum</strong></span> <span class='ocrx_word' id='word_1_949' title='bbox 2593 5510 2939 5569; x_wconf 76' lang='lat' dir='ltr'><strong>inseruntur:</strong></span> <span class='ocrx_word' id='word_1_950' title='bbox 2973 5512 3135 5567; x_wconf 85' lang='lat' dir='ltr'><strong>Forte</strong></span> <span class='ocrx_word' id='word_1_951' title='bbox 3156 5515 3383 5569; x_wconf 86' lang='lat' dir='ltr'><strong>creditur</strong></span> <span class='ocrx_word' id='word_1_952' title='bbox 3430 5532 3569 5584; x_wconf 85' lang='lat' dir='ltr'><strong>posse</strong></span> <span class='ocrx_word' id='word_1_953' title='bbox 3590 5510 3763 5585; x_wconf 71' lang='lat' dir='ltr'><strong>presbr</strong></span> 
     </span>
    </p>
   </div>
   <div class='ocr_carea' id='block_1_129' title="bbox 2224 5584 3763 5657">
    <p class='ocr_par' dir='ltr' id='par_1_129' title="bbox 2224 5584 3763 5657">
     <span class='ocr_line' id='line_1_132' title="bbox 2224 5584 3763 5657; baseline 0 -20"><span class='ocrx_word' id='word_1_954' title='bbox 2224 5594 2409 5657; x_wconf 77' lang='lat' dir='ltr'><strong>terum,</strong></span> <span class='ocrx_word' id='word_1_955' title='bbox 2434 5584 2511 5657; x_wconf 85' lang='lat' dir='ltr'><strong>vel</strong></span> <span class='ocrx_word' id='word_1_956' title='bbox 2538 5585 2915 5657; x_wconf 67' lang='lat' dir='ltr'><strong>potiusdelrere</strong></span> <span class='ocrx_word' id='word_1_957' title='bbox 2940 5600 3153 5657; x_wconf 50' lang='lat' dir='ltr'><strong>uagorcm</strong></span> <span class='ocrx_word' id='word_1_958' title='bbox 3180 5585 3381 5657; x_wconf 75' lang='lat' dir='ltr'><strong>haltere,</strong></span> <span class='ocrx_word' id='word_1_959' title='bbox 3409 5589 3527 5657; x_wconf 88' lang='lat' dir='ltr'><strong>quia</strong></span> <span class='ocrx_word' id='word_1_960' title='bbox 3550 5584 3763 5657; x_wconf 64' lang='lat' dir='ltr'><strong>scriptum</strong></span> 
     </span>
    </p>
   </div>
   <div class='ocr_carea' id='block_1_130' title="bbox 2219 5651 3759 5730">
    <p class='ocr_par' dir='ltr' id='par_1_130' title="bbox 2219 5651 3759 5730">
     <span class='ocr_line' id='line_1_133' title="bbox 2219 5651 3759 5730; baseline -0.001 -21"><span class='ocrx_word' id='word_1_961' title='bbox 2219 5664 2311 5709; x_wconf 88' lang='lat' dir='ltr'><strong>est.</strong></span> <span class='ocrx_word' id='word_1_962' title='bbox 2332 5651 2731 5730; x_wconf 28' lang='lat' dir='ltr'><strong>‘Iduglossemati</strong></span> <span class='ocrx_word' id='word_1_963' title='bbox 2758 5656 2946 5712; x_wconf 89' lang='lat' dir='ltr'><strong>tribuit</strong></span> <span class='ocrx_word' id='word_1_964' title='bbox 2985 5656 3351 5730; x_wconf 82' lang='lat' dir='ltr'><strong>Constantius,</strong></span> <span class='ocrx_word' id='word_1_965' title='bbox 3383 5651 3609 5730; x_wconf 81' lang='lat' dir='ltr'><strong>nihilque</strong></span> <span class='ocrx_word' id='word_1_966' title='bbox 3625 5651 3759 5730; x_wconf 39' lang='lat' dir='ltr'><strong>.ejttsj</strong></span> 
     </span>
    </p>
   </div>
   <div class='ocr_carea' id='block_1_131' title="bbox 2219 5722 3756 5817">
    <p class='ocr_par' dir='ltr' id='par_1_131' title="bbox 2219 5722 3756 5817">
     <span class='ocr_line' id='line_1_134' title="bbox 2219 5722 3756 5817; baseline -0.003 -36"><span class='ocrx_word' id='word_1_967' title='bbox 2219 5725 2365 5817; x_wconf 69' lang='lat' dir='ltr'><strong>qui</strong></span> <span class='ocrx_word' id='word_1_968' title='bbox 2394 5722 2481 5817; x_wconf 75' lang='lat' dir='ltr'><strong>ille</strong></span> <span class='ocrx_word' id='word_1_969' title='bbox 2507 5727 2559 5807; x_wconf 82' lang='lat' dir='ltr'><strong>i_n</strong></span> <span class='ocrx_word' id='word_1_970' title='bbox 2581 5726 2712 5792; x_wconf 91' lang='lat' dir='ltr'><strong>suis,</strong></span> <span class='ocrx_word' id='word_1_971' title='bbox 2746 5742 2845 5810; x_wconf 72' lang='lat' dir='ltr'><strong>nec</strong></span> <span class='ocrx_word' id='word_1_972' title='bbox 2875 5742 2980 5783; x_wconf 91' lang='lat' dir='ltr'><strong>non</strong></span> <span class='ocrx_word' id='word_1_973' title='bbox 3006 5727 3059 5783; x_wconf 88' lang='lat' dir='ltr'><strong>iu</strong></span> <span class='ocrx_word' id='word_1_974' title='bbox 3076 5728 3277 5785; x_wconf 87' lang='lat' dir='ltr'><strong>nostris</strong></span> <span class='ocrx_word' id='word_1_975' title='bbox 3297 5742 3426 5787; x_wconf 86' lang='lat' dir='ltr'><strong>mss.</strong></span> <span class='ocrx_word' id='word_1_976' title='bbox 3453 5722 3602 5785; x_wconf 71' lang='lat' dir='ltr'><strong>etiam</strong></span> <span class='ocrx_word' id='word_1_977' title='bbox 3621 5722 3756 5817; x_wconf 67' lang='lat' dir='ltr'><strong>hujus</strong></span> 
     </span>
    </p>
   </div>
   <div class='ocr_carea' id='block_1_132' title="bbox 2220 5797 3579 5883">
    <p class='ocr_par' dir='ltr' id='par_1_132' title="bbox 2220 5797 3579 5883">
     <span class='ocr_line' id='line_1_135' title="bbox 2220 5797 3579 5883; baseline 0 -26"><span class='ocrx_word' id='word_1_978' title='bbox 2220 5797 2558 5859; x_wconf 80' lang='lat' dir='ltr'><strong>collectionis</strong></span> <span class='ocrx_word' id='word_1_979' title='bbox 2584 5797 2906 5883; x_wconf 86' lang='lat' dir='ltr'><strong>reperimus.</strong></span> <span class='ocrx_word' id='word_1_980' title='bbox 3516 5810 3521 5817; x_wconf 91' lang='lat'><strong><em>&#39;</em></strong></span> <span class='ocrx_word' id='word_1_981' title='bbox 3578 5810 3579 5817; x_wconf 80' lang='lat'>‘</span> 
     </span>
    </p>
   </div>
  </div>
