3996 6344
224 388 328 448 ’129

675 381 906 441 CODEX
941 378 1273 438 CANONUM
1313 375 1597 433 ECCLES.
1638 373 1726 430 ET
1764 357 2339 429 CONSTITUTORUM
2381 371 2440 429 3.
2482 369 2675 437 SEDIS
2712 369 3047 427 APOSTOL.

3395 376 3505 436 750

226 510 349 579 quia
378 507 639 575 scriptum
677 510 799 559 est:
827 498 993 559 Unius
1040 499 1215 553 uxoris
1265 499 1427 552 uirum
1457 496 1515 567 (l
1545 495 1678 549 Tim.
1710 509 1802 560 ιιι,
1833 500 1886 559 Α
1912 504 1961 547 ta
1993 507 2152 561 opera
2192 508 2307 548 sua.
2335 494 2390 551 Si
2418 493 2538 563 quis
2574 506 2705 549 sane
2732 493 2948 549 innatus
2976 506 3155 549 mente
3181 497 3363 551 carnis
3388 512 3503 555 suat

220 600 328 672 2)?
357 600 475 655 Non
505 603 907 667 permanentem
952 594 1005 647 in
1033 591 1466 660 concupiscentia
1515 588 1675 661 451
1717 602 1809 655 ge-

224 691 453 750 nerandi
490 690 665 755 dixit,
700 687 796 743 sed
828 694 1046 757 propter
1095 684 1486 739 continentiam
1539 683 1804 745 futuram;

223 797 399 855 neque
429 783 570 837 enim
601 780 836 849 integros
859 791 966 832 non
992 774 1227 841 admisit,
1249 774 1337 845 qui
1367 773 1475 828 ait:
1502 771 1696 826 Vellem
1716 788 1809 825 au-

222 886 324 931 tem
354 890 528 929 omnes
558 872 791 927 homines
812 872 885 924 sic
906 886 1013 925 esse
1035 869 1165 923 sicut
1190 877 1237 923 et
1259 883 1350 938 ego
1376 865 1440 937 (ll
1460 865 1581 919 Cor.
1606 880 1699 933 vit,
1728 865 1807 933 7).

221 969 292 1027 Et
310 968 552 1040 apertius
581 975 607 1003 ιι
646 963 888 1019 declarat
930 961 1114 1017 dicens
1146 977 1162 1018 :
1194 960 1294 1029 Qui
1336 970 1503 1014 autem
1548 958 1603 1012 in
1658 972 1811 1011 carne

220 1070 364 1127 sunt,
405 1059 511 1115 Deo
539 1058 742 1130 placere
790 1072 895 1112 non
942 1063 1185 1126 possunt;
1216 1069 1304 1108 vos
1348 1060 1518 1105 autem
1549 1052 1666 1121 jam
1709 1064 1811 1104 non

219 1157 344 1211 estis
363 1156 416 1209 in
446 1169 618 1219 carne,
645 1151 734 1208 sed
764 1151 817 1204 in
848 1150 1034 1219 spiritu
1070 1148 1090 1220 (
1120 1148 1271 1203 Rom.
1304 1162 1419 1216 vut,
1444 1144 1524 1215 8).

296 1251 425 1307 Haec
452 1250 653 1320 itaque,
681 1246 874 1303 fratres
896 1286 912 1313 ,
949 1245 992 1300 si
1025 1244 1181 1314 plena
1218 1243 1488 1314 vigilantia
1521 1242 1717 1298 fuerint
1744 1240 1811 1295 ab

223 1343 477 1401 omnibus
502 1341 807 1407 observata,
841 1332 1075 1394 cess'abit
1105 1336 1328 1391 ambitio
1346 1378 1360 1401 ,
1389 1334 1658 1391 dissensio
1682 1348 1813 1390 con-

222 1436 489 1509 quiescet,
523 1434 757 1490 hereses
781 1442 835 1489 et
855 1432 1142 1487 schismata
1172 1446 1279 1485 non
1300 1432 1601 1499 emet-gent,
1634 1428 1811 1483 locum

222 1544 332 1586 non
362 1527 590 1597 accipiet
609 1524 855 1582 diabolus
879 1522 1178 1591 saeviendi,
1206 1521 1444 1577 manebit
1464 1520 1810 1585 unanimitas,

227 1621 483 1693 iniquitas
520 1626 771 1688 superata
796 1615 1112 1680 calcabitur,
1145 1614 1385 1669 charitas
1412 1612 1673 1683 spirituali
1706 1611 1814 1667 fer-

222 1728 358 1770 vore
389 1711 654 1781 flagrabit,
705 1725 806 1779 pax
846 1708 1133 1778 praedicata
1179 1705 1335 1760 labiis
1371 1721 1492 1761 cum
1538 1706 1814 1760 voluntate

224 1803 583 1863 concordabit
626 1819 640 1856 :
676 1817 776 1871 pax
832 1802 1017 1872 utique
1051 1798 1079 1838 δ
1125 1799 1220 1854 Dei
1263 1798 1434 1853 nostri
1482 1797 1808 1867 Salvatoris,
1850 1854 1859 1863 ,

1912 584 1938 623 ά
1966 588 2032 642 ab
2072 588 2171 643 hac
2211 603 2473 643 canonum
2529 590 2738 645 ratione
2776 588 3008 645 voluerit
3045 588 3206 661 552
3245 591 3499 661 evagari,

1911 681 2045 736 sciat
2074 695 2134 735 se
2169 695 2198 733 a
2230 690 2409 737 nostra
2455 682 2833 739 communione
2859 683 3125 739 seclusum
3157 692 3212 739 et
3240 683 3500 754 gehennte

1912 787 2099 845 pinnas
2132 771 2459 829 habiturum.
2490 773 2753 831 Prmterea
2788 774 3155 831 misericordia
3202 790 3322 830 cum
3362 776 3502 846 judi-

1912 866 1997 921 cio
2039 880 2160 921 esse
2205 865 2383 921 debet.
2426 865 2646 923 Talibus
2690 870 2831 923 enim
2880 877 3093 938 oportet
3131 878 3154 906 ε
3198 867 3504 929 labentibus

1913 973 2131 1014 manum
2156 957 2426 1029 porrigere
2453 1000 2469 1024 ,
2498 974 2617 1029 qua:
2646 960 2723 1017 sic
2749 971 3054 1017 currentem
3082 975 3191 1017 non
3225 959 3504 1032 pertrahat

1915 1050 1970 1106 in
1992 1049 2223 1105 ruinam.
2258 1048 2389 1103 Data
2416 1048 2601 1105 Romae
2622 1052 2674 1105 in
2697 1052 2929 1107 concilio
2954 1053 3329 1124 episcoporum
3350 1062 3503 1109 octo-
3578 1084 3591 1096 ο

1915 1147 2082 1216 ginta,
2111 1146 2211 1202 sub
2235 1146 2324 1201 die
2354 1154 2547 1202 octavo
2570 1145 2688 1202 idus
2708 1147 2982 1214 Januarii,
3019 1158 3139 1220 post
3160 1150 3500 1208 consulatum

1914 1237 2128 1295 Arcadii
2152 1237 2377 1311 Augusti
2399 1248 2452 1295 et
2483 1239 2735 1295 Bautonis
2759 1256 2811 1295 ν.
2841 1256 2890 1296 c.
2924 1241 3225 1299 consulum.

2388 1394 2788 1453 CAPITULUM
2817 1395 2999 1452 LXIII.

2366 1508 2384 1549 ί
2433 1510 2631 1582 Regula
2660 1511 3023 1579 formularum.

1986 1622 2171 1680 Graica
2202 1622 2469 1679 elementa
2504 1624 2807 1679 litterarum
2850 1637 3104 1679 numeros
3130 1622 3291 1679 etiam
3320 1624 3502 1694 expri-

1916 1729 2087 1781 mere,
2117 1714 2295 1769 nullus
2313 1714 2403 1784 qui
2424 1714 2505 1769 vel
2531 1714 2765 1770 tenuiter
2776 1714 2951 1771 Graeci
2976 1714 3242 1770 sermonis
3259 1714 3503 1777 notitiam

1916 1805 2100 1870 habet,
2129 1805 2355 1875 ignorat.
2388 1804 2464 1860 Ne
2499 1807 2658 1875 igitur
2684 1806 2735 1861 in
2770 1804 3029 1861 faciendis
3065 1805 3306 1876 epistolis
3335 1818 3503 1859 cano-

222 1913 388 1971 quam
418 1897 701 1967 proximus
740 1895 974 1967 passioni
1021 1892 1343 1949 servandam
1378 1907 1499 1949 esse
1531 1892 1803 1964 ρι’ίιτεθυὶῑ.
1837 1905 1885 1966 Β
1914 1899 2050 1954 uicis
2076 1913 2209 1969 quas
2257 1912 2373 1953 mos
2422 1897 2645 1953 Latinus
2692 1898 2949 1953 formatas
2996 1897 3230 1967 appellat
3259 1939 3273 1961 ,
3332 1895 3507 1968 aliqua

221 2002 278 2050 et
304 1991 651 2047 hereditario
680 2006 796 2046 eam
830 1989 953 2059 jure
990 1988 1305 2059 dereliquit,
1358 1987 1544 2043 dicens
1572 2005 1585 2040 :
1618 1986 1808 2041 Pacem

222 2101 389 2141 meam
412 2084 481 2138 do
503 2083 660 2148 vobis,
694 2098 868 2153 pacem
898 2082 1130 2151 relinquo
1157 2081 1295 2135 vobis
1321 2078 1517 2152 (Joan.
1551 2096 1661 2146 xiv,
1688 2080 1807 2151 27).

224 2178 290 2233 Et
315 2175 519 2231 dictum
564 2174 847 2244 Apostoli:
882 2172 950 2227 Ut
991 2174 1257 2226 unanimes
1306 2189 1461 2226 unum
1506 2173 1808 2239 sentientes,

222 2285 618 2341 maneamus
646 2271 699 2321 in
726 2265 948 2323 Christo.
976 2265 1125 2319 Nihil
1146 2284 1235 2337 per
1256 2268 1626 2321 contentionem
1646 2266 1811 2333 nobis,

221 2378 387 2433 neque
418 2376 509 2431 per
532 2360 739 2414 inanem
767 2358 985 2431 gloriam
1007 2358 1323 2412 rindican‘tes
1354 2358 1372 2429 (
1406 2356 1604 2430 Philip.
1639 2374 1698 2426 ιι,
1728 2358 1813 2431 2),

226 2465 250 2494 ε
278 2470 389 2511 non
426 2452 767 2517 hominibus,
807 2452 900 2507 sed
934 2452 1047 2507 Deo
1081 2451 1345 2507 Salvatori
1381 2461 1566 2508 nostro
1595 2454 1809 2523 placea-

224 2562 369 2603 mus.
416 2546 513 2601 His
545 2544 827 2616 praeceptis
853 2543 1102 2599 omnibus
1145 2544 1189 2598 si
1224 2544 1456 2600 fideliter
1486 2545 1812 2603 voluerimus

224 2638 486 2704 obedire,
532 2637 802 2693 custodiet
830 2637 1087 2691 Dominus
1117 2651 1343 2707 corpora
1385 2646 1572 2693 nostra
1611 2649 1666 2695 et
1690 2639 1810 2696 ani-

226 2748 346 2791 mas
366 2741 581 2790 nostras
611 2731 665 2787 in
692 2730 779 2786 die
805 2746 908 2801 qua
930 2729 1238 2786 redditurus
1270 2740 1351 2787 est
1382 2731 1673 2803 unicuique
1690 2733 1813 2804 jux-

301 2903 328 2933 ⁸
356 2896 563 2964 Quesu.
592 2893 741 2949 addit
765 2891 909 2959 alibi,
935 2892 1096 2949 nullis
1126 2892 1325 2949 nostris
1353 2892 1515 2947 codd.
1549 2900 1641 2948 aut
1672 2894 1814 2965 vulg.

227 2966 675 3036 suifragantibus.

297 3036 329 3077 δ
360 3034 486 3092 Vat.
507 3036 644 3092 3827
675 3050 797 3091 cum
831 3034 951 3090 aliis
975 3034 1145 3105 vulg.,
1170 3035 1263 3091 Dei
1292 3037 1453 3089 nostri
1472 3078 1485 3103 ,
1511 3052 1661 3105 quam
1695 3034 1821 3091 Sol-

227 3117 381 3194 ναίει-
406 3109 517 3194 ipse
536 3110 651 3194 jam
696 3106 961 3194 prosimus
996 3108 1337 3177 passioni.....
1367 3116 1416 3162 et
1440 3106 1823 3163 nareditariam

230 3180 387 3234 nobis
408 3178 547 3249 jure
569 3178 861 3249 dereliquit.

309 3262 332 3290 ο
364 3247 529 3321 Vulg.
577 3247 750 3321 Cone.
770 3257 828 3321 et
876 3247 1062 3321 Const.
1114 3264 1235 3303 cum
1274 3250 1477 3319 aliquot
1513 3248 1696 3316 codd.,
1730 3265 1824 3303 nec

232 3320 577 3385 hominibus;
607 3336 669 3373 ac
694 3320 841 3383 dein,
871 3320 1152 3373 secundum
1183 3336 1339 3388 Opera
1369 3338 1486 3375 sua.

306 3390 335 3431 δ
370 3393 497 3447 Vat.
528 3391 689 3455 5827,
714 3408 747 3444 a
774 3392 1033 3444 canonicis
1061 3390 1367 3446 rationibus.
1399 3391 1555 3458 Vulg.
1585 3390 1751 3447 Conc.
1772 3400 1829 3447 et

233 3463 427 3521 Const.
458 3478 579 3518 cum
611 3462 730 3516 aliis
758 3460 939 3525 codd.,
970 3462 1033 3514 ab
1065 3462 1159 3514 hac
1181 3464 1398 3515 canonis
1423 3466 1641 3516 ratione.

312 3545 337 3574 ο
363 3536 569 3601 Quesn.
595 3533 744 3587 addit
774 3547 897 3595 nos;
917 3532 1212 3588 delevimns
1242 3548 1362 3586 cum
1393 3535 1595 3587 nostris
1613 3549 1741 3587 mss.
1774 3543 1830 3589 et

237 3606 498 3678 vulgatis.
532 3608 654 3678 Mox
694 3603 801 3659 duo
832 3603 978 3658 Vatt.
1003 3614 1056 3659 et
1084 3605 1228 3675 vulg.
1250 3644 1264 3668 ,
1294 3605 1386 3674 qui
1429 3606 1503 3660 sic
1544 3616 1829 3659 currentem

236 3675 361 3733 non'
387 3675 707 3733 pertrahunt.

318 3746 340 3787 ί
378 3746 504 3802 llaec
527 3747 875 3801 formatarum
906 3746 1091 3815 regula
1121 3762 1228 3801 non
1262 3747 1434 3801 solum
1482 3747 1533 3801 in
1567 3763 1697 3803 mss.
1726 3749 1827 3803 bu-

232 3820 329 3891 jus
356 3818 690 3874 collectionis
716 3859 732 3883 ,
777 3833 963 3891 verum
995 3819 1156 3871 etiam
1202 3820 1252 3891 in
1302 3819 1421 3891 aliis
1456 3818 1684 3891 aliarum
1719 3829 1827 3872 tum

237 3888 603 3947 vetustiorum
630 3897 740 3943 tum
761 3888 1119 3943 recentiorum
1139 3889 1513 3943 collectionum
1535 3890 1729 3945 inserta
1756 3892 1834 3945 le-

237 3959 578 4033 gitur.'_l‘res
601 3960 1309 4033 vetustiorescollectiones
1330 3959 1536 4033 halica:
1562 3960 1683 4033 Vat.
1726 3960 1831 4017 Re-

240 4029 388 4103 gina:
410 4031 584 4103 i997,
601 4030 859 4103 Lucensis
886 4029 955 4083 88
983 4041 1037 4085 et
1064 4029 1183 4083 Vat.
1218 4030 1354 4085 ηιξ
1382 4046 1499 4085 eam
1544 4031 1833 4101 prmfcrunt

239 4100 368 4174 post
394 4102 681 4174 concilium
698 4100 1129 4174 Carthaginense
1162 4102 1284 4155 anni
1314 4103 1516 4174 ll9._in
1540 4100 1645 4170 ouo
1676 4104 1831 4171 primi

238 4170 486 4232 canones
510 4174 579 4228 33
601 4171 815 4227 Codicis
842 4170 1076 4227 Africani
1104 4187 1223 4225 cum
1249 4172 1569 4227 lectionibus
1607 4174 1834 4242 peculia-

241 4247 401 4301 ribus
452 4243 850 4312 distinguuntur
898 4244 950 4297 in
998 4256 1233 4309 canones
1264 4260 1350 4298 ιιι.
1390 4243 1464 4297 lbi
1509 4254 1685 4298 autem
1718 4246 1833 4301 sine

242 4317 357 4372 ullo
391 4314 546 4370 titulo
576 4314 867 4369 exhibetur
898 4313 950 4366 in
982 4313 1085 4365 fine
1110 4322 1306 4381 postea
1338 4314 1499 4369 verba
1526 4330 1539 4366 :
1565 4314 1725 4368 Edidi
1746 4334 1835 4369 ca-

244 4402 412 4442 nones
440 4394 735 4439 sanctorum
760 4382 979 4437 Patrum
1001 4384 1285 4457 olograplta
1319 4402 1473 4438 manu
1504 4396 1549 4457 et
1579 4387 1836 4457 subscrip-

247 4467 326 4513 tos
350 4475 386 4511 a
418 4472 518 4510 me.
549 4457 754 4509 Amen:
778 4470 898 4525 qua:
926 4456 1087 4510 Attici
1112 4456 1692 4526 Constantinopolitani
1722 4456 1837 4526 epi-

245 4527 403 4595 sc0pi
425 4527 875 4594 subscriptionem
912 4539 1035 4580 esse
1079 4525 1309 4580 Nicrenis
1332 4527 1628 4581 canonibus
1650 4525 1830 4583 abs'se

244 4600 310 4654 ad
344 4599 634 4655 Africanos
659 4596 987 4651 transmissis
1018 4597 1312 4665 subji-ctani
1333 4638 1347 4663 ,
1378 4607 1433 4651 ut
1460 4598 1619 4665 hujus
1646 4614 1831 4652 exem-

1918 1996 2064 2048 fraus
2088 1992 2335 2046 falsitatis
2366 2000 2569 2047 temere
2607 2001 3051 2062 praesumeretur,
3080 1991 3181 2046 hoc
3204 2006 3233 2045 a
3261 1988 3509 2045 Patribus

1918 2085 2023 2141 518
2070 2084 2261 2140 Nicaeae
2310 2084 2647 2155 congregatis
2693 2083 3046 2139 saluberrime
3101 2082 3375 2138 inventum
3422 2085 3511 2137 est

1920 2187 1974 2234 et
2025 2178 2395 2245 constitutum,
2430 2185 2487 2233 ut
2538 2176 2777 2233 formata:
2812 2176 3053 2246 epistolae.
3090 2175 3226 2229 hanc
3272 2172 3508 2229 calcula-

1924 2270 2086 2325 tionis
2128 2284 2223 2325 seu
2263 2269 2661 2340 supputationis
2700 2268 2930 2325 habeant
2980 2267 3273 2331 rationem;
3316 2265 3369 2321 id
3396 2272 3502 2333 est,

1924 2371 1981 2417 ut
2009 2370 2349 2417 assumantur
2376 2362 2426 2415 in
2455 2361 2830 2431 supputatione
2862 2370 2886 2408 ε
2915 2360 3144 2431 primum
3181 2358 3366 2414 Grzca
3395 2355 3509 2413 ele-

1922 2462 2102 2511 menta
2123 2453 2316 2524 Patris,
2340 2462 2395 2510 et
2425 2453 2545 2507 Filii
2564 2452 2747 2525 5.53,
2784 2463 2838 2507 et
2863 2452 3095 2523 Spiritus
3120 2446 3337 2507 sanctiII
3365 2456 3505 2515 nu.

1920 2563 2039 2619 qua:
2059 2548 2321 2604 elementa
2349 2546 2777 2618 octogenarium,
2808 2543 3421 2617 quadringentesimum,
3452 2548 3509 2597 et

1920 2643 2151 2714 primum
2184 2640 2487 2713 significant
2515 2654 2808 2705 numeros;
2850 2638 2995 2695 Petri
3025 2651 3238 2709 quoque
3278 2634 3516 2709 apostoli

1920 2736 2093 2807 prima
2122 2735 2327 2803 littera,
2360 2734 2413 2790 id
2442 2744 2527 2790 est
2548 2746 2607 2803 ιι,
2640 2734 2732 2805 qui
2769 2747 3026 2789 numerus
3058 2729 3331 2802 octoginta
3353 2728 3516 2801 signi-

1938 2894 2086 2966 litani
2109 2895 2355 2966 episcopi.
2384 2894 2460 2949 Ex
2508 2893 2592 2950 bis
2633 2893 2739 2966 duo
2780 2899 3185 2966 consequuntur
3227 2888 3330 2966 ες
3374 2887 3513 2966 hanc

1941 2959 2223 3020 formatam
2256 2959 2435 3019 Attico
2462 2959 3059 3033 Constantinopolitano
3084 2964 3136 3016 in
3164 2960 3411 3033 omnibus
3430 2959 3516 3014 his

1931 3036 2209 3093 codicibus
2243 3046 2296 3090 et
2326 3035 2733 3091 collectionibus
2769 3030 2968 3097 tribui;
2993 3034 3051 3086 2°
3078 3033 3237 3101 hujus
3270 3030 3515 3086 scriben-

1931 3108 2014 3164 das
2036 3108 2373 3164 occasionem
2400 3105 2642 3175 praeferri
2670 3106 3006 3161 Nicaenorum
3032 3117 3307 3175 canonum
3326 3116 3513 3175 exem-

1932 3180 2100 3249 plum,
2126 3178 2267 3249 quod
2294 3173 2414 3232 cuni
2452 3177 2663 3232 Atticus
2692 3177 2759 3232 ad
2800 3177 3105 3249 Africanos,
3138 3174 3228 3249 qui
3256 3173 3403 3249 illud
3423 3188 3519 3241 pe-

1934 3244 2166 3315 iierant',
2202 3250 2425 3314 direxit,
2458 3251 2632 3319 ipsum
2660 3264 2753 3304 sua
2787 3248 3093 3304 authentica
3119 3244 3516 3319 subscriptione

1850 3311 1898 3375 C
1930 3311 2175 3377 munivit.
2206 3311 2421 3376 Confer
2443 3311 2561 3385 «una:
2592 3320 2689 3375 hac
2734 3320 2803 3375 de
2847 3334 2905 3373 re
2954 3311 3432 3373 animadvertimus
3462 3314 3516 3371 in

1935 3394 2186 3448 Tractatn
2219 3394 2337 3446 loco
2368 3392 2553 3446 citato.
2575 3390 2708 3447 Cum
2728 3405 2891 3457 porro
2919 3390 3107 3443 harum
3143 3387 3371 3442 diversa:
3401 3386 3514 3440 ori-

1930 3465 2071 3532 ginis
2097 3463 2475 3518 collec1ionum
2509 3462 2796 3517 concordia
2828 3462 2929 3514 hoc
2952 3460 3334 3514 documentum
3375 3457 3515 3532 inter

1933 3526 2152 3590 Latinos
2197 3535 2467 3601 vulgatum
2502 3532 2735 3597 evincit,
2772 3543 2881 3585 tum
2914 3546 3043 3585 vero
3082 3544 3267 3601 earum
3296 3526 3520 3601 antiqui-

1934 3615 2036 3671 tas,
2068 3620 2188 3675 qua:
2214 3598 2401 3662 lsidori
2426 3613 2643 3675 pietatem
2676 3603 2845 3657 multo
2864 3608 3180 3675 exsuperat,
3206 3598 3518 3675 lsidorianas

1934 3668 2244 3745 impostura:
2291 3674 2656 3743 suSpicinnem
2703 3688 2922 3743 prorsus
2969 3668 3228 3727 excludit.
3270 3668 3423 3745 Quod
3470 3668 3515 3745 si

1938 3740 2232 3816 impostura
2259 3740 2532 3814 credatur,
2561 3740 3086 3816 hanc—formatarum
3144 3742 3385 3816 regulam
3431 3740 3518 3793 vel

1933 3811 2163 3874 Niémnis
2218 3811 2526 3881 Patribus,’
2557 3818 2641 3872 vel
2696 3817 2870 3871 Attico
2923 3811 3522 3880 Constantinopolitano

1935 3890 2192 3950 tribuere.
2227 3889 2505 3959 Latinique
2536 3889 2713 3957 potius
2732 3902 2890 3956 quam
2916 3885 3087 3959 (ἶνινρὶ
3111 3882 3347 3959 auctoris
3383 3882 3523 3936 fetus

1935 3960 2122 4017 eadem
2149 3952 2459 4029 judicetnr':
2493 3952 2697 4013 certum
2721 3952 2898 4012 tamen
2928 3965 3012 4011 est
3036 3957 3201 4029 ipsam
3234 3954 3285 4007 in
3321 3952 3521 4029 forma-

1938 4032 2004 4085 tis
2030 4023 2332 4086 scribendis
2361 4047 2457 4085 usu
2488 4030 2651 4085 fuisse
2689 4039 3000 4098 receptam,
3032 4034 3090 4081 ut
3114 4025 3297 4098 videre
3325 4032 3410 4098 est
3429 4023 3527 4098 in-

1936 4110 2020 4157 ter
2061 4111 2291 4157 crateras
2323 4100 2460 4171 apud
2495 4093 2831 4169 lleginoneni
2856 4099 2949 4171 lib.
2982 4113 2998 4151 ι
3029 4098 3095 4171 de
3133 4093 3526 4171 Ecclesiasticis

1935 4172 2250 4243 disciplinis.
2278 4189 2327 4228 c.
2356 4166 2465 4227 158
2491 4182 2546 4226 et
2566 4166 2691 4238 £39,
2727 4170 2971 4243 ubidum
3000 4168 3255 4243 epistolze
3285 4166 3527 4243 formata:

1937 4236 2264 4306 referuntur,
2297 4243 2461 4298 altera
2496 4236 2760 4297 Rathb'idi
2803 4236 3149 4296 Trevirensis
3191 4237 3257 4291 ad
3292 4236 3522 4290 Botber-

1938 4324 2048 4369 tum
2084 4316 2372 4370 Meteusem
2402 4357 2416 4377 ,
2447 4315 2611 4368 altera
2647 4312 2879 4367 Dadonis
2906 4308 3283 4366 Wirdunensis
3321 4306 3387 4361 ad
3419 4306 3525 4359 Ba-

1940 4385 2196 4439 thbodum
2239 4385 2634 4440 Trevirensem.
2688 4384 2858 4437 Aliam
2916 4378 3183 4449 ejusmodi
3236 4377 3525 4447 epistolam

1938 4457 2146 4511 Liutadi
2174 4455 2458 4511 Vincensis
2479 4455 2544 4508 ad
2571 4454 2906 4508 Wonilonem
2932 4451 3417 4519 Rotliomagensem
3438 4462 3525 4503 re-

1937 4527 2173 4590 perimus
2226 4529 2277 4580 in
2325 4526 2445 4580 cod.
2472 4524 2591 4579 Vat.
2617 4524 2741 4586 650,
2786 4538 2905 4590 pag.
2937 4524 2989 4576 l.
3026 4520 3081 4575 ln
3110 4520 3285 4589 primo
3308 4532 3525 4590 quoque

1938 4589 2066 4654 folio
2090 4613 2190 4652 ms.
2226 4597 2346 4653 Vat.
2380 4596 2598 4664 Regina:
2648 4596 2782 4649 1997
2814 4594 2949 4649 duas
2990 4592 3124 4647 alias
3166 4590 3371 4647 similes
3400 4589 3521 4660 epi-

246 4672 320 4739 pli
366 4673 628 4725 αὐϐιντίαν
676 4668 931 4732 firmaret,
977 4670 1310 4737 conjecimus
1365 4667 1417 4721 in
1472 4668 1727 4721 Tractatu
1766 4668 1832 4724 de
1860 4701 1913 4761 Ι)
1940 4670 2105 4725 stolas
2134 4668 2271 4721 nacti
2302 4683 2507 4723 sumus.

246 4739 285 4761 I‘
328 4739 671 4761 II--.:..-.:L..-
704 4748 815 4761 ---Α
863 4754 895 4761 -.
964 4754 987 4761 -
1039 4740 1069 4761 ⁸1
1123 4737 1145 4761 Ω
1177 4738 1206 4761 ο
1272 4756 1299 4761 --
1360 4739 1389 4761 ο
1456 4738 1505 4761 Ι-
1540 4754 1645 4761 -..ηρ
1704 4755 1828 4761 υ---
2011 4750 2033 4761 η
2076 4738 2221 4761 [πμιλι
2301 4738 2507 4761 l‘..lL....i

244 4737 897 4820 C«_il_l‘ectiouibusnpart..tt
916 4754 1008 4820 ἃς..
1039 4740 1092 4804 3,
1121 4737 1148 4820 ᾗ
1175 4738 1208 4793 8
1230 4780 1245 4805 ,
1272 4756 1323 4791 ιι.
1358 4738 1510 4820 8.uln
1540 4754 1669 4820 mss.
1704 4755 1833 4820 vero

244 4812 588 4868 additionum
649 4809 883 4879 Dionysii
936 4808 1167 4864 Nicmnis
1230 4808 1524 4863 canonibus
1588 4809 1833 4864 subditur

246 4899 376 4938 cum
413 4882 566 4935 titulo
600 4897 611 4933 :
646 4878 832 4949 Incipit
877 4879 1307 4949 quemadmodum
1350 4880 1568 4949 formata
1595 4880 1707 4948 ﬁeri
1743 4881 1829 4935 de-

248 4953 387 5009 beat.
414 4952 480 5006 Et
508 4962 626 5021 post
647 4952 865 5021 brevem
888 4952 1290 5005 annotationem
1319 4951 1386 5005 de
1410 4952 1639 5005 concilio
1663 4952 1833 5006 Niem-

248 5041 319 5079 no
346 5022 593 5091 sequitur
626 5039 637 5073 :
664 5020 852 5075 Etaliu
884 5038 1039 5074 manu
1070 5037 1090 5075 :
1119 5023 1315 5091 Atticus
1352 5023 1617 5090 episcopus
1650 5021 1831 5077 Eccle-

245 5096 338 5150 siz
379 5090 963 5161 Constantinopolitano:
993 5093 1122 5145 dixit
1149 5108 1167 5145 :
1199 5090 1355 5145 Edidi
1380 5108 1595 5147 canones
1624 5103 1831 5147 sancto-

247 5182 367 5235 rum
397 5163 613 5217 Patrum
640 5162 923 5235 olographa
950 5179 1107 5235 manu
1125 5180 1157 5215 a
1187 5180 1263 5216 me
1292 5162 1619 5232 subscriptos.
1649 5165 1827 5218 Amen.

248 5234 390 5293 Tum
426 5236 708 5302 subjicitur
728 5231 987 5289 'formata
1019 5252 1031 5287 :
1066 5231 1249 5287 erca
1276 5231 1522 5287 elementa
1542 5278 1556 5297 ,
1590 5244 1694 5289 etc.
1726 5234 1829 5287 Ea-

249 5305 376 5362 dem
412 5306 618 5360 ratione
650 5314 771 5374 post
800 5305 1043 5359 Nicasnos
1078 5305 1206 5358 item
1239 5320 1475 5359 canones
1498 5306 1685 5360 eadem
1722 5305 1831 5360 for-

252 5389 396 5431 mata
424 5376 749 5431 describitur
778 5376 831 5430 in
863 5375 1177 5431 collectione
1201 5375 1319 5430 Vat.
1352 5375 1515 5445 1562,
1541 5376 1593 5431 in
1618 5392 1719 5446 qua
1749 5392 1833 5432 ea-

251 5448 376 5505 dem
407 5460 627 5519 postea,
660 5458 718 5502 ut
766 5446 1325 5519 diximuerepetitur
1372 5458 1503 5519 post
1542 5449 1828 5519 concilium

249 5516 680 5589 Cartliaginense
717 5518 843 5573 anni
870 5516 1277 5589 419.71‘andem
1322 5516 1383 5589 in,
1407 5516 1682 5574 codicibus
1722 5535 1830 5574 non

252 5591 432 5645 solum
464 5588 795 5656 lsidorianis,
821 5602 888 5644 ex
919 5588 1113 5657 quibus
1142 5588 1311 5657 ipsam
1340 5588 1621 5644 formatam
1651 5590 1832 5646 Merli-

251 5674 359 5716 nus
380 5660 587 5725 edidit,
611 5676 795 5715 verum
820 5659 982 5714 etiam
1012 5659 1065 5714 in
1102 5674 1231 5714 mss.
1264 5660 1598 5715 collectionis
1637 5661 1829 5727 Hispa-

252 5732 415 5798 nicm,
443 5748 513 5786 ex
557 5732 749 5802 quibus
796 5731 941 5786 illam
990 5728 1228 5785 Isidorus
1267 5732 1584 5800 exscripsit,
1629 5733 1681 5786 in
1726 5735 1831 5787 ﬁne

254 5801 609 5858 conciliorum
639 5801 950 5858 Graecorum
980 5802 1293 5873 proponitur
1314 5816 1433 5873 cap.
1471 5803 1533 5859 tt
1568 5817 1690 5858 cum
1732 5804 1829 5858 hac

255 5875 609 5955 inscriptione
639 5891 654 5929 :
685 5873 922 5949 Epistola
957 5877 1180 5953 {armata
1203 5870 1831 5959 Attici'ConstantinOpO-

2010 4750 2033 4785 8
2076 4738 2245 4793 Codd.
2301 4738 2566 4801 Colbcrt.,
2614 4736 2705 4804 qui
2751 4746 2904 4791 antea
2960 4733 3250 4790 Thuaneus
3307 4733 3526 4804 fuerat,

1939 4810 2078 4877 apud
2123 4809 2408 4869 Justellum
2466 4818 2503 4865 t.
2536 4809 2551 4861 ι
2604 4802 2856 4863 ΒίιιΙὶοιιι.
2909 4806 3203 4875 canonice,
3231 4819 3357 4876 pag.
3379 4802 3526 4870 με,

1941 4881 2065 4936 Vat.
2092 4881 2331 4950 Reginus,
2355 4891 2409 4934 et
2437 4883 2582 4948 vulg.
2618 4880 2770 4943 lsid.,
2809 4879 2993 4950 prima.

2008 4952 2034 4989 δ
2065 4953 2153 5007 Sic
2175 4943 2364 5006 uoster
2393 4943 2561 5007 codex
2593 4943 2818 5006 Vindeb.
2851 4948 3097 5004 Concinit
3121 4947 3269 5015 vulg.
3301 4944 3397 5012 ls.,
3430 4943 3525 5015 hoc

1936 5033 2008 5078 est
2053 5033 2190 5079 lll‘A.
2251 5023 2570 5089 Quesnollus
2617 5023 2784 5077 solam
2841 5020 3072 5076 litteram
3118 5014 3360 5089 Crtecant
3400 5024 3437 5068 tl
3466 5014 3523 5089 in

1939 5104 2082 5150 textu
2167 5085 2477 5162 expressit,
2553 5094 2854 5162 adjecitque
2924 5104 3202 5145 numerum
3266 5087 3394 5162 f8l.
3461 5085 3526 5162 _ln

1938 5182 2068 5220 mss.
2101 5166 2214 5220 Vat.
2246 5155 2488 5235 Regia-te.
2521 5155 2637 5220 Vat'.
2688 5155 2825 5235 1552
2862 5172 2916 5219 et
2940 5158 3359 5235 Colbcrtq‘alim
3394 5155 3526 5211 sub-

1929 5239 2229 5299 stituuntur
2246 5229 2447 5290 Graeca:
2468 5237 2662 5290 littera:
2687 5234 2883 5305 quibus
2904 5234 2990 5287 alii
3016 5229 3224 5286 numeri
3248 5229 3533 5299 designan-

1937 5317 2048 5373 tur,
2078 5309 2130 5361 id
2160 5318 2231 5362 est
2264 5318 2435 5373 nocA,
2471 5323 2586 5377 qua:
2612 5304 2861 5361 elementa
2891 5304 3288 5377 octogenarium,
3323 5308 3532 5368 septua-

1934 5382 2184 5450 gesimum
2200 5422 2214 5445 ,
2240 5373 2643 5433 ducentesimum
2667 5419 2679 5439 ,
2705 5388 2752 5432 et
2768 5378 3004 5450 primum
3025 5373 3317 5450 signiﬁcant
3348 5384 3530 5450 nurne-

1938 5440 2044 5504 ἱοε.
2072 5450 2178 5505 Sed
2203 5440 2383 5504 minus
2413 5460 2586 5514 recte;
2614 5464 2734 5503 nam
2767 5440 2959 5501 litterae
2987 5440 3144 5500 noua
3162 5440 3359 5507 Patris,
3386 5440 3530 5514 Filii,

1934 5531 1988 5575 et
2016 5520 2248 5589 Spiritus
2276 5520 2446 5575 sancti
2475 5565 2489 5587 ,
2521 5513 2786 5575 elementa
2830 5533 2934 5589 non
2964 5515 3241 5571 exhibent.
3268 5513 3530 5589 Justellus

1934 5592 2031 5647 has
2061 5584 2268 5648 litteras
2291 5584 2655 5647 emendandas
2678 5587 2909 5645 credidit
2944 5589 3023 5643 sic
3052 5594 3247 5651 III'IIA;
3281 5584 3377 5641 sed
3415 5593 3529 5639 tum

1935 5665 2147 5720 numeri
2216 5679 2322 5718 non
2387 5660 2758 5731 reSpondent',
2825 5658 2902 5714 uti
2954 5657 3289 5731 respondent
3338 5653 3532 5731 litteris

1934 5744 2107 5791 nom.
2142 5734 2331 5789 Nostra
2360 5727 2495 5788 vero
2532 5732 2715 5793 lectio,
2745 5727 2921 5801 quam
2952 5743 3141 5785 omnes
3167 5728 3381 5798 quidem
3414 5727 3530 5781 for-

1934 5816 2091 5864 mata:
2120 5806 2367 5875 epistolae
2404 5811 2521 5859 not.
2553 5806 2577 5859 l
2613 5802 2859 5857 indicata:
2890 5809 3238 5875 receperunt,
3276 5814 3398 5863 cum
3427 5811 3531 5866 nu—

1932 5878 2098 5949 meris
2127 5872 2179 5940 id
2210 5885 2364 5938 textu
2386 5875 2658 5957 expressis
2679 5872 2994 5941 concordat.
