3996 6344
491 280 596 349 πί

1446 282 1791 349 APPENDIX
1828 281 1923 339 AD
1959 281 2019 338 S.
2060 278 2305 339 LEONIS
2343 280 2560 339 MAGNI
2599 273 2829 359 OPERA

3607 325 3695 381 753

490 408 661 465 ﬁcat:
703 404 820 483 ejus
860 406 951 479 qui
998 405 1186 463 scribit
1217 406 1456 510 episcopi
1513 408 1683 475 prima
1716 404 1892 457 littera
1926 447 1939 471 ,
1989 400 2153 463 euiA
2184 401 2273 472 qui
2321 401 2422 456 fuit
2470 402 2721 475 primitiae
2777 404 3056 460 electionis
3111 405 3345 491 Domini,
3395 413 3704 482 ερωιοιοωιη

491 501 747 559 scribitur
795 501 1027 575 secunda
1059 502 1271 569 littera,
1312 496 1623 569 accipientis
1672 498 1827 553 tertia
1877 496 2075 550 littera.

492 594 737 651 Civitatis
757 609 968 666 quoque
990 593 1057 649 de
1081 576 1181 667 qua
1214 591 1486 658 scribitur,
1512 600 1721 664 quarta,
1753 597 1806 645 et
1833 589 2084 644 indictio-

496 688 603 759 nis,
628 703 962 763 quaecunque
1006 684 1057 741 id
1092 686 1350 760 temporis
1402 684 1582 751 fuerit,
1620 694 1644 721 α
1678 683 1819 745 idem
1846 682 1934 752 qui
1966 681 2082 738 fue-

495 764 571 861 rit.
607 794 866 861 numerus
909 788 1253 861 assumatur;
1286 786 1447 850 atque
1494 776 1578 853 his
1608 777 1859 832 omnibus
1888 775 2082 851 litteris

495 874 737 953 Graecis,
780 888 899 949 qua;
947 879 1004 949 ut
1054 869 1310 940 diximus,
1343 884 1598 926 numeros
1639 868 1985 939 exprimunt,
2028 867 2081 922 in

495 980 658 1021 unum
682 962 709 1003 δ
739 954 947 1030 ductis,
987 978 1181 1030 unam,
1216 976 1550 1034 quaecunque
1592 959 1785 1029 luerit,
1814 972 2079 1013 summam

491 1055 717 1128 epistola
744 1064 941 1112 teneat.
978 1054 1126 1111 Hanc
1154 1054 1245 1126 qui
1277 1054 1535 1125 suscipit,
1570 1053 1719 1107 omni
1743 1046 1865 1108 cum
1891 1058 2077 1106 caute-

493 1147 545 1203 la
587 1148 826 1217 requirat
871 1132 1203 1218 expressam.
1240 1157 1261 1186 ε
1294 1144 1472 1201 Addat
1500 1154 1760 1216 praeterea
1790 1142 2079 1214 separatim

491 1236 545 1295 in
575 1239 803 1309 epistola
828 1240 988 1296 etiam
1015 1240 1454 1311 jnonagenarium
1482 1237 1648 1311 454
1669 1246 1724 1293 et
1752 1218 1952 1292 non'um
1980 1248 2080 1289 nu-

493 1348 731 1398 merum,
761 1334 851 1405 qui
893 1335 1189 1391 secundum
1229 1333 1417 1392 Graeca
1463 1334 1733 1403 elementa
1780 1331 2082 1404 signiﬁcant

492 1433 651 1486 AMHN
679 1424 727 1483 ά.
764 1436 788 1465 ο
821 1427 1123 1483 Επυιὶεἱιιηι
1155 1444 1395 1484 canones.

972 1566 1373 1625 CAPITULUM
1416 1565 1601 1623 LXIV.

498 1676 518 1718 ί
560 1676 794 1751 Epistota
812 1679 1082 1738 Clementis
1103 1698 1250 1754 papae
1287 1683 1438 1754 ads.
1491 1679 1747 1736 Iacobum
1790 1678 2083 1751 apostolum

1060 1758 1273 1824 fratrem
1300 1753 1525 1809 Domini.

491 1865 652 1939 455
671 1866 921 1924 (Σιεηαε
949 1869 1151 1925 ιΑοοιο
1171 1877 1197 1916 8
1215 1868 1433 1922 domino
1454 1878 1507 1921 et
1529 1867 1781 1939 episcopo
1796 1867 2081 1939 episcopo-

563 1938 701 2004 i'ntn,
733 1942 935 2011 regenti
954 1940 1301 2011 Hebraeorum
1321 1947 1559 1995 sanctam
1580 1938 1876 2011 Ecclesiatn
1896 1938 2084 2011 Hiero:

562 2008 817 2081 solymis{
829 2011 922 2068 sed
952 2009 983 2049 ιι
1005 2023 1055 2066 et
1087 2025 1273 2067 omnes
1306 2011 1575 2067 Ecclesias
1616 2026 1734 2081 quae
1768 2010 1961 2081 ubique
1992 2008 2084 2065 Dei

565 2080 893 2149 providentia
924 2082 1155 2138 fundata:
1183 2090 1324 2147 sunt,
1341 2099 1461 2138 cum
1485 2080 1813 2153 presbyteris
1836 2080 2084 2153 etdiaco-

562 2152 749 2218 nibus,
796 2164 849 2209 et
889 2156 1103 2210 caneris
1131 2154 1380 2209 omnibus
1420 2150 1693 2209 fratribus.
1738 2152 1844 2206 Pax
1879 2153 1972 2206 tibi
2015 2150 2087 2207 sit

560 2238 792 2294 semper.

561 2359 755 2415 Notum
790 2358 885 2415 tibi
912 2360 1080 2427 facio,
1106 2359 1322 2417 domine
1341 2402 1356 2429 ,
1387 2361 1512 2433 quia
1543 2358 1726 2417 Simon
1757 2358 1800 2428 ί,
1825 2360 1912 2431 qui
1941 2372 2085 2415 verae

496 2451 622 2507 ﬁdei
650 2453 844 2508 merito
892 2462 945 2509 et
974 2453 1213 2523 integra:
1252 2452 1649 2522 praedicationis
1678 2452 1921 2520 obtentu,
1965 2452 2085 2507 fun-

490 2541 799 2619 damentum
834 2556 956 2600 esse
986 2543 1242 2599 Ecclesiae
1272 2542 1526 2600 deﬁnitus
1553 2553 1657 2609 est,
1690 2559 1796 2616 qua
1828 2544 1895 2599 de
1924 2559 2087 2620 causa

491 2640 652 2695 ctiam
699 2639 913 2696 Domini
943 2655 1038 2697 ore
1080 2640 1263 2696 divino
1292 2640 1702 2710 cognominatus
1747 2647 1831 2696 est
1865 2640 2083 2725 Petrus,

529 2876 587 2951 μ’·
615 2864 785 2922 Codd.
821 2867 937 2923 Vat.
969 2866 1187 2939 Reginae
1213 2875 1267 2923 et
1296 2867 1476 2937 Colb.,
1515 2867 1812 2924 earumdem
1838 2867 1931 2933 qui
1958 2870 2074 2938 [αα.

495 2947 561 2993 rit
587 2954 847 2993 numerus.

565 3008 594 3049 ι’
626 3010 715 3065 Sic
740 3023 929 3067 omnes
957 3011 1123 3065 nostri
1147 3018 1201 3065 et
1229 3010 1443 3067 Justelli
1477 3010 1711 3067 codices.
1740 3010 2081 3078 Quesnellns,

494 3081 742 3138 collectis.
764 3081 905 3153 iMox
940 3082 994 3136 in
1036 3096 1136 3136 ms.
1174 3081 1329 3136 Vind.
1374 3090 1495 3151 post
1534 3097 1843 3153 quaecunque
1871 3081 2084 3136 additur

495 3154 727 3223 collecta.
758 3152 887 3207 Dein
914 3168 1007 3223 pro
1028 3169 1319 3223 expressam
1346 3154 1485 3223 vulg.
1509 3152 1659 3217 Isid.,
1684 3168 1937 3221 expresse.

568 3234 591 3263 ο
626 3222 752 3277 Mss.
789 3222 923 3278 Vat.
944 3225 1100 3293 lteg.,
1127 3222 1279 3279 Coll).
1305 3232 1360 3278 et
1390 3222 1506 3277 vat.
1532 3224 1695 3287 5815,
1722 3237 1843 3278 cum
1872 3222 2086 3278 caeteris

2188 496 2416 566 primus,
2462 498 2546 551 cui
2576 504 2630 551 et
2656 495 2831 567 primo
2860 496 3002 553 Deus
3049 498 3204 555 Pater
3236 500 3416 558 Filium
3458 509 3709 583 revalsvit,

2185 590 2270 645 cui
2308 598 2361 645 et
2395 589 2644 645 Christus
2691 598 3059 662 competenter
3100 592 3465 655 beatitudinem
3505 604 3708 671 contulit,

2185 682 2278 754 qui
2306 692 2361 737 et
2389 690 2613 738 vocatus
2669 690 2753 739 est
2796 691 2852 738 et
2903 683 3141 755 electus,
3187 696 3239 742 et
3292 691 3499 747 conviva
3540 692 3710 752 Domini

2185 787 2240 834 et
2266 793 2448 834 comes
2489 776 2732 845 euectus,
2778 787 3029 851 tanquam
3070 781 3238 837 bonus
3282 794 3335 839 et
3362 764 3731 856 probatissimos.

2184 871 2497 942 discipulus,
2525 871 2616 944 qui
2639 872 3007 930 obscuriorem
3035 874 3216 930 mundi
3248 876 3447 949 plagam
3467 879 3713 938 occidentis

2186 964 2368 1038 (velut
2397 966 2634 1020 omnium
2668 963 2978 1043 potentior)
3002 964 3303 1024 illuminare
3325 979 3602 1043 praeceptus
3628 978 3735 1039 αι(

2184 1058 2381 1129 quique
2424 1066 2479 1113 et
2534 1058 2741 1131 integre
2782 1057 2955 1130 potuit
3007 1059 3230 1132 implere
3277 1073 3597 1133 praeceptum.
3635 1065 3717 1123 Sed

2183 1165 2464 1222 quousque
2515 1164 2821 1206 sermonem
2876 1150 3166 1220 protraho,
3212 1146 3472 1225 refugiens
3522 1154 3719 1213 indicare

2182 1244 2324 1315 quod
2350 1244 2500 1299 triste
2527 1252 2631 1311 est,
2660 1243 2802 1314 quod
2833 1243 3050 1313 quidem
3078 1259 3300 1301 necesse
3321 1253 3417 1312 est,
3443 1246 3556 1303 licet
3578 1248 3715 1318 tarde,

2184 1335 2462 1407 proferre?
2484 1333 2581 1391 Hic
2610 1335 2843 1407 denique
2869 1336 2983 1406 ipse
3013 1335 3224 1404 Petrus,
3252 1338 3342 1407 qui
3379 1354 3471 1409 pro
3502 1338 3718 1398 immensa

2183 1427 2445 1484 charitate
2474 1442 2630 1498 quam
2656 1441 2781 1498 erga
2811 1442 3000 1484 omnes
3044 1427 3293 1485 homines
3327 1429 3552 1501 gerebat,
3582 1432 3720 1504 palam

2184 1536 2304 1578 cum
2332 1522 2479 1577 omni
2515 1521 2706 1577 ﬁducia
2752 1522 3116 1593 (adversante
3154 1524 3318 1581 etiam
3349 1532 3561 1596 tyranno
3597 1530 3721 1583 totius

2185 1614 2407 1684 mundi)
2437 1614 2635 1670 bonum
2662 1616 2955 1686 praedicare
2979 1632 3085 1672 non
3115 1616 3341 1686 destitit,
3371 1628 3423 1673 et
3442 1618 3618 1690 Regem
3636 1634 3722 1675 ont-

2188 1708 2337 1765 nium
2365 1712 2686 1765 saeculorum
2737 1726 2834 1781 per
2880 1710 3065 1767 orbem
3110 1717 3271 1767 terrae
3303 1721 3358 1769 et
3392 1727 3547 1784 usque
3579 1714 3634 1768 ad
3665 1716 3725 1789 ip.

2109 1792 2298 1877 Bsius
2331 1800 2589 1857 Romana:
2630 1802 2779 1858 urbis
2829 1801 2987 1873 hujus
3038 1804 3415 1874 notitiamhut
3460 1806 3603 1861 etiam
3638 1806 3725 1878 ipsa

2191 1898 2511 1965 salvaretur,
2546 1896 2778 1964 invexit;
2819 1897 2926 1967 hic,
2964 1898 3211 1968 inquam,
3256 1912 3351 1966 pro
3382 1898 3564 1968 pietate
3602 1899 3614 1949 i
3652 1915 3727 1970 pa-

2194 1992 2376 2051 tiendo
2399 1994 2588 2046 volens
2610 1991 3125 2061 praesentemfvitam
3155 1991 3348 2047 ﬁnivit.
3370 1982 3423 2046 in
3448 1990 3567 2061 ipsis
3588 2000 3727 2046 autem

2192 2084 2383 2139 diebus
2407 2084 2601 2155 quibus
2624 2084 2748 2137 vitae
2771 2081 2931 2137 ﬁnem
2960 2083 3061 2137 sibi
3095 2082 3378 2138 imminere
3408 2084 3672 2155 praesensit,
3689 2083 3729 2147 in

2194 2184 2462 2235 conventu
2510 2176 2733 2231 fratrum
2784 2177 3010 2247 positus,
3049 2178 3388 2247 apprehensa
3429 2193 3574 2232 manu
3604 2191 3728 2242 mea,

2194 2280 2417 2342 repente
2445 2284 2800 2339 consurgens,
2830 2270 2881 2323 in
2922 2268 3143 2325 auribus
3191 2269 3356 2325 totius
3395 2268 3617 2325 ecclesiae
3643 2267 3732 2324 haec

2194 2362 2416 2435 protulit
2445 2361 2607 2417 verba
2638 2380 2649 2415 :
2682 2356 2878 2417 'Audite
2908 2377 3021 2430 me,
3068 2361 3263 2421 fratres
3299 2368 3352 2417 et
3386 2362 3610 2421 conservi
3633 2361 3725 2417 mei.

2194 2457 2479 2525 Quoniam,
2510 2457 2649 2511 sicut
2670 2454 2895 2512 edoctus
2920 2470 3038 2512 sum
3066 2455 3135 2511 ab
3161 2472 3231 2512 eo
3256 2456 3345 2533 qui
3369 2457 3508 2512 misit
3534 2472 3625 2525 me,
3649 2455 3731 2511 Do-

2196 2550 2342 2604 mino
2368 2556 2421 2603 et
2452 2547 2709 2619 magistro
2734 2562 2855 2602 meo
2876 2547 3005 2603 Jesu
3034 2547 3280 2616 Christo,
3310 2549 3423 2604 dies
3442 2549 3613 2604 mortis
3630 2561 3732 2609 mea

2198 2641 2382 2707 instat,
2416 2639 2752 2696 Clementem
2784 2639 2923 2695 hunc
2946 2640 3263 2715 episc0pum
3289 2640 3436 2699 vobis
3460 2640 3648 2705 ordino,
3669 2635 3733 2695 cui

2189 2865 2349 2938 liaﬁnae
2380 2865 2863 2938 interpretationis,
2889 2880 2995 2938 qua
3026 2867 3163 2921 hanc
3192 2865 3486 2922 clausulam
3520 2866 3580 2922 ad
3608 2864 3733 2922 ﬁnem

2189 2937 2546 3017 collectionis.
2574 2937 2919 3017 indicandum
2958 2938 3267 3017 appositam
3304 2938 3558 3017 venditat,
3590 2938 3733 3017 inani-

2193 3018 2377 3074 tatem,
2408 3008 2712 3081 nosti-aeque
2738 3009 3111 3080 explicationis
3148 3010 3567 3079 probabilitatem
3600 3008 3734 3065 multo

2192 3080 2501 3151 evidentius
2525 3082 2843 3151 perspicies.

2270 3150 2557 3207 fTametsi
2606 3152 2721 3206 bare
2761 3153 2986 3221 epistola
3033 3154 3085 3207 in
3136 3167 3243 3209 ms.
3294 3152 3570 3209 Osoniensi
3610 3150 3735 3221 hujus

2193 3223 2526 3295 collectionis
2556 3222 2909 3295 desideretur,
2939 3239 3112 3295 eaque
3138 3222 3209 3279 de
3242 3238 3401 3280 causa
3432 3240 3459 3278 a
3486 3221 3733 3293 Quesnello

496 3294 833 3352 additionum
868 3281 1102 3366 Dionysii
1132 3312 1144 3346 ε
1170 3294 1393 3365 Addatq
1426 3304 1466 3350 Θ
1498 3281 1741 3363 ρνωτρνὲα
1770 3296 2044 3366 separatim
2069 3309 2088 3346 :
2113 3281 2161 3345 C
2193 3294 2389 3349 omissa
2427 3293 2629 3366 fuerit,
2660 3296 2827 3349 nihilo
2856 3281 3039 3351 tamen
3066 3296 3245 3351 minus
3273 3310 3394 3351 cum
3425 3281 3598 3351 eadem
3624 3295 3736 3366 legas

498 3366 709 3433 melius,
742 3380 863 3420 nam
905 3367 986 3420 hac
1025 3364 1232 3421 Grates:
1280 3364 1473 3422 litterae
1521 3367 1763 3423 referunt
1804 3364 2086 3421 numerum

498 3452 644 3493 παι.

568 3510 592 3545 α
629 3507 791 3563 Iidem
823 3508 1037 3565 codices
1062 3509 1355 3579 subjiciunt
1383 3523 1639 3565 numeros
1670 3508 1753 3564 his
1783 3507 1987 3563 Graecis
2008 3508 2089 3562 lit-

498 3579 627 3636 teris
654 3580 1042 3650 respondentes
1068 3597 1115 3647 ι,
1141 3598 1205 3635 xL
1226 3623 1240 3646 ,
1273 3597 1400 3649 Vill,
1434 3598 1484 3635 ι..
1616 3626 1623 3639 ,
2063 3614 2067 3619 ς

571 3660 596 3689 ε
629 3652 734 3705 llas
770 3653 901 3705 duas
930 3666 1091 3707 voces
1126 3653 1453 3718 Qucsnellus
1501 3652 1655 3707 titulo
1693 3651 1852 3719 hujns
1894 3650 2087 3720 capitis

501 3722 759 3794 preﬁxit,
777 3729 833 3776 et
854 3724 1200 3794 inynotatione
1222 3740 1380 3794 quam
1409 3724 1735 3783 inseruimus
1756 3732 1954 3794 nostrae
1975 3731 2085 3776 not.

502 3792 567 3875 μ
591 3792 765 3875 (χιορἱ
779 3792 1153 3875 ςριῶύῖιηβ)
1186 3792 1498 3875 ἰῃ’[θι)υιθιη
1527 3796 1761 3875 capitum
1787 3793 1946 3875 hujus
1974 3794 2086 3875 col-

501 3861 768 3927 lectionis,
788 3863 867 3917 his
879 3865 1079 3928 verbis,
1095 3861 1370 3929 empticium
1387 3861 1628 3930 canones,
1642 3862 1799 3918 ﬁnem
1814 3861 2088 3918 collectio-

503 3934 588 3988 nis
606 3933 827 3987 indicari
846 3937 1065 4003 putavit.
1082 3936 1149 3989 At
1163 3936 1276 3989 haec
1287 3936 1523 3989 clausula
1542 3948 1647 3989 tum
1665 3935 1717 3989 in
1732 3934 1851 3989 cod.
1866 3935 2087 3989 Vindeh.

503 4007 683 4057 tumin
697 4003 976 4075 Thuaneo,
996 4007 1114 4075 ipso
1140 4006 1429 4071 Quesnello
1453 4007 1646 4060 ibidem
1672 4006 1890 4067 fatente.
1916 4016 1967 4060 et
1988 4007 2088 4061 ite-

503 4089 624 4128 rum
640 4072 994 4147 conﬁrmante
1011 4070 1226 4131 dissert.
1247 4078 1330 4141 1'2,
1356 4077 1464 4142 αἳ,
1490 4085 1608 4146 post
1630 4078 1866 4147 regulam
1888 4076 2089 4130 forma-

505 4154 678 4199 tarum
698 4145 995 4213 subjicitur.
1014 4147 1103 4201 His
1115 4158 1290 4203 autem
1305 4145 1525 4203 vocibus
1540 4145 1778 4202 innniiur
1793 4148 1912 4202 linis
1928 4162 2094 4203 cano-

508 4230 631 4289 num
646 4214 1008 4284 Nisa-norum,
1025 4220 1112 4289 qui
1133 4219 1201 4273 ah
1219 4218 1392 4273 Attico
1404 4216 1998 4289 Constantinopolitano
2022 4220 2089 4275 ad

504 4287 787 4343 Africanos
812 4287 1140 4360 transmissi,
1166 4291 1471 4345 authentico
1499 4291 1662 4360 ipsius
1687 4287 1842 4345 Attici
1858 4291 2093 4345 subscri-

506 4360 687 4427 ptione
715 4366 770 4414 et
789 4360 885 4415 hac
907 4359 1255 4417 formatarum
1281 4362 1460 4431 regula
1486 4359 1679 4416 firmati
1704 4366 2088 4427 inerant,utex

507 4438 618 4484 not.
647 4431 670 4484 1
708 4432 872 4501 (nobis
894 4433 995 4487 col.
1021 4431 1148 4498 ηρ,
1180 4450 1236 4488 n.
1276 4431 1321 4505 ί)
1355 4433 1653 4505 intelligere
1690 4433 1832 4488 licet.
1868 4433 1966 4502 Ipsi
2004 4448 2094 4488 ca-

506 4514 675 4555 nones
722 4516 786 4557 ex
838 4505 1085 4558 versione
1139 4504 1375 4560 Philonis
1423 4514 1477 4559 et
1528 4504 1754 4559 Evaristi
1797 4507 1864 4559 ab
1917 4505 2092 4559 Attico

508 4573 825 4645 transmissa
843 4614 860 4640 ,
883 4583 937 4626 et
957 4575 1281 4643 subscriptio
1305 4575 1464 4630 Attici
1492 4575 1848 4645 pra-mittendi
1883 4574 2093 4630 fuerant

506 4640 774 4725 (armatis,
812 4657 972 4725 quam
1015 4646 1129 4701 luce
1172 4640 1408 4725 clausula
1446 4640 1755 4725 eieiperet.
1780 4651 1846 4702 At
1876 4661 1996 4725 eum
2029 4648 2093 4701 ii-
2119 4664 2173 4725 Ι)

507 4713 630 4767 detn
682 4713 915 4768 canones
954 4730 981 4767 a
1024 4726 1204 4771 nostro
1245 4718 1532 4773 collectore
1573 4713 1643 4773 ex
1690 4718 1789 4771 alia
1846 4719 2090 4773 versione

509 4782 737 4838 exhibiti
784 4783 1005 4841 fuissent
1053 4801 1171 4855 cap.
1212 4787 1275 4857 1,
1326 4788 1411 4842 hic
1462 4788 1787 4845 omittendos
1826 4790 2087 4858 credidit;

509 4858 819 4931 omissaque
852 4859 1048 4931 pariter
1083 4858 1479 4931 subscriptione
1507 4861 1703 4926 Attici,
1745 4875 1903 4931 quam
1942 4862 2091 4913 codi-

510 4926 961 5001 ces_additi0num
988 4928 1222 5001 Dionysii
1252 4929 1450 5000 aliique
1472 4926 1960 5001 antiquissimarum
1986 4932 2096 4986 col-

513 4996 802 5067 lectionum
835 5000 997 5054 not.i
1033 4996 1227 5054 laudati
1268 4996 1423 5057 nobis
1468 4996 1888 5067 conservorum,
1921 5002 2089 5057 solam

512 5066 795 5142 formatam
809 5084 929 5124 cum
945 5072 1180 5127 clausula
1196 5072 1477 5142 expliciunt
1491 5089 1706 5128 canones
1723 5072 1789 5128 ad
1807 5066 1903 5129 nos
1917 5082 2093 5129 trans-

513 5136 677 5193 misit.
702 5140 967 5203 Caeterum
994 5157 1113 5212 cum
1142 5141 1195 5197 in
1227 5136 1409 5198 nostra
1435 5144 1752 5202 collectione
1785 5155 1977 5212 praeter
2001 5159 2089 5199 ca-

512 5222 681 5286 nones
707 5213 1053 5286 conciliorum
1084 5211 1456 5271 describantur
1484 5218 1644 5272 etiam
1678 5211 1857 5286 plures
1886 5216 2089 5271 consti-

511 5284 746 5355 tutiones
795 5283 1158 5341 Romanorum
1208 5286 1549 5355 pontiﬁcum;
1598 5290 1645 5343 si
1680 5283 1945 5343 colle-olor
1993 5288 2090 5343 hac

511 5352 755 5427 clausula
776 5364 940 5411 tonus
970 5352 1304 5414 collectionis
1334 5360 1496 5413 tinem
1529 5352 1768 5414 indicare
1811 5359 2090 5427 voluisset,

512 5424 854 5481 scribendum
885 5428 982 5497 ipsi
1010 5428 1184 5485 fuerat
1210 5430 1547 5487 cohaerenter
1572 5446 1692 5486 cum
1721 5424 2086 5499 inscriptione,

512 5508 672 5572 quam
697 5499 1004 5572 collectioni
1035 5502 1300 5571 praeﬁxit:
1338 5501 1638 5572 Expliciunt
1670 5518 1888 5555 canones
1926 5499 2088 5556 eccle-

512 5566 1084 5644 siasticieLconstituia
1115 5572 1248 5644 sedis
1286 5566 1603 5641 apostolicis.
1642 5574 1782 5644 Lege
1825 5582 1939 5644 not.
1974 5575 1998 5627 1
2034 5574 2086 5627 in

514 5636 726 5717 δηλοῖ]
749 5639 885 5708 (Cat.
920 5643 1045 5711 745,
1078 5661 1142 5717 τι.Δ
1164 5643 1233 5715 Ιι),
1263 5636 1332 5701 θή
1357 5661 1457 5715 qua
1496 5660 1616 5701 cum
1650 5636 1791 5714 ips'as
1811 5642 2096 5717 S.Leonis

514 5710 933 5789 epistolas__cum
966 5710 1175 5771 caéteris
1194 5710 1316 5789 qua:
1346 5710 1692 5789 subjiciemus
1740 5716 2003 5786 capitibus
2029 5714 2095 5789 ad

516 5776 659 5841 hanc
708 5780 1075 5842 collectionem
1111 5776 1383 5861 periinere
1441 5776 2098 5858 intellexerim-Quosne!-

2197 3375 2282 3420 tur
2312 3368 2363 3419 in
2388 3365 2507 3420 aliis
2536 3368 2785 3421 omnibus
2812 3378 2865 3421 et
2896 3367 3308 3435 vetustioribus,
3340 3375 3394 3421 et
3422 3364 3737 3429 exactioribus

2193 3437 2434 3507 ejusdem
2466 3437 2803 3493 collectionis
2839 3439 3272 3506 exemplaribus,
3312 3437 3588 3498 Thuaneo,
3619 3434 3736 3507 inro-

2192 3505 2298 3586 que
2328 3507 2726 3586 Vindehonensi
2747 3550 2761 3575 ,
2790 3505 3736 3586 Trecopithaa:ino,_duobusBellova-

2193 3575 2465 3651 censibus,
2498 3590 2630 3648 etc.,
2663 3595 2895 3650 cumque
2927 3575 3189 3651 praeterea
3222 3580 3481 3650 allegetur
3515 3581 3562 3633 in
3594 3575 3735 3632 tabula

2194 3649 2581 3719 capitulorum,
2629 3666 2749 3718 qua:
2790 3649 3060 3720 primaeva
3106 3649 3349 3721 originis
3373 3651 3608 3706 indicium
3642 3659 3737 3721 esse

2194 3723 2365 3787 solet;
2413 3722 2545 3775 nihil
2576 3722 2928 3778 dubitandum
2969 3723 3099 3793 quin
3129 3720 3236 3778 hoc
3265 3729 3424 3792 caput
3453 3721 3515 3777 ad
3536 3720 3735 3793 eamdem

2194 3793 2569 3865 collectionem
2635 3794 2923 3862 pertineat.
2989 3789 3346 3865 Supposititia
3393 3793 3594 3865 quidem
3648 3789 3738 3865 hate

2194 3863 2420 3934 epistola
2467 3872 2583 3929 est,
2626 3860 2685 3941 ut
2737 3866 2920 3941 plures
2953 3860 3160 3941 eruditi
3203 3860 3631 3941 manifestissime
3661 3860 3736 3941 de;

2198 3932 2587 4012 monstrarunt.
2613 3939 2681 4012 at
2707 3951 2827 3991 cum
2859 3936 3058 4012 Ruﬁno
3090 3937 3393 4012 interprete
3438 3935 3571 4012 edita
3612 3932 3735 4012 hient

2195 4021 2257 4060 ac
2294 4007 2363 4061 ita
2402 4006 2687 4061 invaluerit
2722 4009 3016 4076 praesertim
3046 4008 3102 4062 in
3145 4003 3337 4075 Gallis,
3381 4016 3436 4062 ut
3465 4003 3737 4060 Iaudeturia

2196 4079 2403 4148 synodo
2438 4077 2663 4155 Vasensi
2691 4080 2818 4155 anni
2847 4079 2984 4155 “ig,
3015 4093 3137 4155 can.
3169 4080 3225 4155 6,
3261 4080 3563 4155 nonsolum
3595 4077 3738 4155 inpo-

2197 4144 2305 4220 sira
2328 4190 2342 4214 ,
2375 4163 2562 4205 verum
2592 4144 2755 4204 etiam
2782 4151 2833 4205 in
2863 4144 2984 4205 aliis
3011 4150 3247 4220 antiquis
3276 4150 3554 4205 Gallicanis
3578 4144 3738 4202 codici-

2196 4219 2295 4273 bus
2337 4229 2554 4288 recepta
2590 4220 2802 4289 legitur.
2846 4221 3101 4276 Nonnulli
3143 4219 3369 4276 dubium
3419 4222 3739 4289 insperserant

2197 4291 2265 4346 de
2298 4291 2510 4363 Ruﬁno,
2552 4305 2679 4363 nu_m
2722 4292 2879 4362 huius
2916 4292 3243 4363 supposititii
3271 4290 3566 4363 documenti
3591 4294 3739 4341 auctor

2196 4361 2481 4434 exstiterit.
2515 4364 2584 4415 At
2607 4359 2825 4434 Gmcus
2855 4359 3051 4429 textus,
3077 4364 3164 4434 qui
3188 4378 3218 4416 a
3242 4361 3737 4434 Coteierioinyentus

2195 4440 2251 4489 et
2285 4433 2580 4503 impressus
2609 4433 2739 4501 fuit,
2774 4435 2944 4503 ipsum
2975 4431 3360 4489 documentum
3398 4432 3532 4502 apud
3560 4431 3735 4485 Graecos

2196 4504 2478 4559 conﬁctam
2522 4504 2731 4560 suadet.
2764 4503 2947 4561 Solum
2988 4504 3212 4560 Ruﬁnus
3256 4520 3407 4560 more
3444 4517 3537 4557 suo
3565 4503 3609 4555 in
3645 4511 3738 4552 ver-

2197 4577 2352 4630 sione
2389 4575 2608 4630 liherius
2634 4577 2899 4641 excurrit,
2944 4584 3003 4632 ut
3031 4592 3098 4630 ex
3123 4576 3409 4632 collatione
3447 4588 3558 4628 cum
3586 4570 3739 4626 Graeco

2198 4647 2501 4719 quicunque
2540 4647 2775 4719 voluerit
2820 4646 3100 4719 intelliget.
3154 4647 3357 4719 Praeter
3394 4645 3620 4719 codicem
3655 4652 3736 4719 ms:

2198 4711 2356 4771 Vind.
2400 4711 2559 4786 iinjtis
2602 4711 3131 4783 collectionisftres
3176 4717 3265 4772 alii
3317 4717 3470 4772 nobis
3511 4711 3737 4786 suﬁragati

2196 4797 2352 4855 sunt,
2386 4782 2523 4842 unus
2567 4788 2764 4844 Labbei
2792 4799 2843 4861 et
2873 4791 3011 4846 alter
3043 4787 3286 4861 Justelli,
3320 4782 3738 4861 quummaxim-

2198 4867 2281 4913 tes
2324 4867 2523 4913 notatae
2551 4869 2674 4913 sunt
2722 4862 2774 4915 in
2821 4855 3061 4929 margine
3108 4855 3364 4915 editionis
3390 4855 3736 4929 Conciliorum;

2199 4931 2393 5012 tertips
2416 4944 2546 5012 vero
2576 4931 2788 5012 collegii
2824 4928 3165 5012 PariSiensis_
3178 4929 3463 5012 societatis
3488 4928 3741 5012 desunfluf

2198 5000 2501 5056 Harduinus
2530 5000 2582 5055 in
2632 4998 2771 5057 notis
2810 5016 2939 5057 usus
2978 5012 3080 5059 est.
3130 5002 3330 5056 Eadem
3377 4998 3586 5070 epistola
3610 4998 3739 5070 etiam

2199 5072 2390 5143 legitur
2417 5073 2469 5127 in
2499 5080 2807 5142 pervetusta
2836 5072 3159 5143 collectione
3185 5073 3364 5127 ltalica
3392 5068 3505 5143 qua:
3531 5068 3738 5139 contine-

2198 5142 2284 5198 tur
2307 5144 2359 5199 in
2391 5157 2521 5198 mss.
2554 5143 2846 5199 Barberino
2872 5144 3017 5201 2888
3040 5153 3095 5199 et
3122 5142 3242 5199 Vat.
3274 5142 3435 5199 1342.

2268 5224 2293 5262 κ
2326 5215 2402 5270 Ita
2425 5225 2609 5270 noster
2633 5215 2803 5270 codex
2832 5213 2989 5269 Vind.
3018 5215 3223 5278 Vulgati
3244 5213 3473 5278 Concil.,
3498 5210 3631 5278 fratri
3657 5204 3738 5278 Do.

2194 5286 2342 5340 mini.
2368 5285 2588 5341 Graecus
2620 5294 2799 5343 textus
2826 5286 2968 5354 apud
2996 5276 3321 5342 Cotelerlum
3355 5276 3737 5355 pro'discrimitte

2197 5357 2442 5429 codicum
2468 5367 2747 5429 utramque
2771 5359 3058 5429 lectionem
3084 5357 3325 5429 e_xhibet.

2268 5426 2451 5484 hCod.
2495 5415 2681 5495 Vind;
2723 5430 2785 5484 et
2821 5426 3053 5485 omnibus
3095 5426 3363 5483 Ecclesiis.
3408 5415 3737 5495 Vulgatam_le-

2193 5500 2431 5557 ctionem
2471 5516 2592 5556 cum
2621 5488 2810 5557 Graeco
2840 5502 3213 5558 concinentem
3240 5496 3379 5555 haud
3404 5488 3737 5553 itntnutandam

2196 5581 2744 5713 puilaVnglfsinserunt
2769 5643 2973 5699 Petrus.
3003 5644 3308 5702 Delevimus
3329 5639 3629 5697 auctoritate
3652 5643 3732 5686 ms.

2197 5712 2540 5771 Harduiniani
2561 5758 2577 5783 ,
2602 5731 2727 5772 cum
2757 5725 2810 5772 et
2840 5716 2892 5771 in
2918 5715 3107 5774 Graeco
3136 5717 3247 5772 hare
3271 5728 3374 5769 vox
3396 5712 3545 5769 desit.

2275 5786 2287 5838 i
2329 5786 2404 5845 Ita
2433 5788 2591 5845 codd.
2629 5789 2785 5846 Vind.
2814 5797 2869 5848 et
2903 5789 3062 5847 Hard.
3089 5788 3145 5845 ln
3175 5789 3343 5859 vulg.,
3372 5785 3495 5860 pati.
