3996 6344
226 304 334 366 735

680 300 907 360 CODEX
945 299 1277 360 CANONUM
1316 299 1593 358 ECCLES.
1635 298 1726 356 ET
1763 297 2350 382 CONSTITUTORUM
2391 302 2450 368 S.
2493 297 2690 380 δβῡιε
2729 301 3064 361 APOSTOL.

3413 301 3528 374 736

222 383 324 483 soli
377 435 514 479 mete
577 418 972 514 praedicationis
1039 429 1099 514 et
1158 417 1416 514 doctrinas
1452 511 1461 514 Α
1496 415 1819 514 cathedram
1843 419 1898 482 Δ
1921 417 2053 485 Quis
2075 379 2365 514 nonetiam
2392 419 2544 489 parvi
2565 433 2758 476 sensus
2779 420 3072 514 intelligat,
3097 425 3238 514 quod
3270 423 3410 481 istud
3432 379 3522 486 est

225 515 468 591 (Corruit.
508 511 603 581 ni,
642 509 738 583 46)
774 509 930 567 trado
959 528 975 566 :
1012 511 1104 583 qui
1135 511 1270 567 mihi
1297 513 1363 566 ab
1390 509 1546 566 initio
1573 525 1746 580 usque
1767 509 1819 566 in

224 611 386 667 ﬁnem
410 621 593 665 comes
615 608 668 662 in
686 605 933 662 omnibus
959 603 1080 672 fuit,
1113 615 1167 661 et
1192 620 1287 676 per
1309 605 1413 662 hoc
1437 605 1717 662 veritatem
1739 613 1822 660 to-

223 702 326 757 tius
355 714 491 755 meat
518 696 914 772 praedicationis
937 697 1190 771 agnovit;
1221 697 1314 768 qui
1344 696 1401 752 in
1431 698 1684 753 omnibus
1706 681 1823 753 ten-

221 793 513 851 tationihus
540 794 674 848 meis
701 794 879 848 socius
907 780 1139 858 exstitit,
1167 791 1401 848 fideliter
1429 805 1818 863 perseverans;

219 903 380 960 quem
414 877 528 960 prae
556 886 770 943 caeteris
789 895 1042 957 expertus
1067 899 1186 940 sum
1214 885 1383 941 Deum
1404 886 1692 953 colentem,
1725 884 1824 942 bo-

221 983 398 1050 mines
427 977 762 1051 diligentem,
789 965 1024 1048 castum,
1053 978 1298 1044 discendi
1329 979 1523 1035 studiis
1551 978 1818 1046 deditum,

220 1073 489 1142 sobrium,
523 1059 851 1143 “benignum,
879 1072 1103 1142 justum,
1139 1074 1454 1143 patientem,
1478 1081 1534 1152 et
1561 1073 1819 1152 scientem

219 1165 364 1223 ferre
395 1165 778 1232 nonnullorum
823 1165 1028 1238 (etiam
1059 1183 1128 1223 ex
1164 1168 1246 1223 his
1289 1168 1379 1240 qui
1420 1169 1475 1224 in
1515 1149 1680 1223 verbo
1727 1149 1820 1226 Dei

222 1245 872 1408 instruunturzdnjurias.
897 1259 1127 1342 Propter
1154 1259 1296 1331 quod
1327 1261 1425 1331 ipsi
1469 1260 1620 1317 trado
1647 1276 1677 1316 a
1712 1259 1820 1316 Do-

222 1353 372 1408 mino
417 1351 550 1408 mihi
605 1352 833 1408 raditam
868 1363 1192 1408 potestatem
1224 1354 1423 1408 ligandi
1465 1363 1519 1408 et
1544 1353 1816 1408 solvendi:

221 1335 382 1409 mino“
417 1351 550 1409 milii
579 1335 833 1430 traditam
868 1335 1192 1426 potestatem
1224 1354 1423 1426 ligandi
1465 1363 1519 1432 et
1544 1353 1816 1423 solvendi;

219 1457 280 1502 nt
301 1445 372 1501 de
392 1446 646 1530 omnibus
672 1431 1083 1528 quibuscunque
1111 1443 1274 1530 456
1303 1447 1606 1504 decreverit
1634 1449 1689 1512 in
1715 1459 1818 1526 ter-

218 1539 315 1622 ris,
479 1523 758 1622 decretum
783 1536 853 1594 sit
878 1547 935 1596 et
967 1523 1226 1597 in‘cmli's.
1251 1523 1469 1612 Ligabit
1505 1542 1648 1598 enim
1676 1523 1818 1614 quod

217 1640 438 1710 oportet
460 1621 635 1712 ligari,
668 1640 724 1701 et
745 1631 924 1708 solvet
947 1632 1090 1705 quod
1119 1633 1337 1712 expedit
1359 1634 1516 1705 solvi,
1565 1645 1816 1707 tanquam

216 1727 308 1799 qui
333 1707 420 1808 ad
463 1707 728 1814 liquidum
769 1724 1028 1784 Ecclesiae
1069 1707 1306 1800 regulam
1360 1728 1594 1784 noverit.
1639 1727 1814 1799 ipsum

1926 517 2139 581 tempus
2163 510 2216 565 in
2247 526 2354 582 quo
2381 525 2603 582 operam
2636 520 2784 576 tuam
2812 509 3061 569 Christus
3099 509 3361 586 requirit?
3389 516 3524 576 Tota

1925 605 2089 676 igitur
2127 613 2308 661 mente
2340 605 2393 662 in
2442 607 2698 677 praesenti
2743 608 3066 664 necessitate
3096 609 3276 682 praebe
3305 626 3523 682 operam

1925 709 2101 766 tuam,
2137 705 2190 754 et
2219 698 2477 755 auxilium
2516 699 2571 756 in
2615 698 2818 778 prmliis
2846 700 3043 758 exhibe
3087 699 3248 778 457
3280 703 3393 774 regi
3427 719 3524 776 op-

1923 783 2573 864 timo,'remunerationes
2604 797 2918 876 magniﬁcas
2947 804 3069 872 post
3090 797 3372 853 victoriam
3403 797 3526 854 red-

1923 887 2122 943 dituro.
2156 885 2417 958 Libenter
2455 903 2586 964 ergo
2627 878 2842 995 suscipe
2884 888 3225 964 episcopatus
3254 889 3522 957 ofﬁcium,

1922 993 1990 1038 eo
2030 980 2258 1034 maxime
2309 978 2450 1050 quod
2499 978 2896 1058 ecclesiasticas
2937 982 3322 1054 dispositiones
3363 997 3394 1038 a
3436 997 3523 1038 me

1928 1071 2282 1142 probabiliter
2323 1072 2595 1142 didicisti,
2642 1087 2698 1130 ut
2743 1075 2887 1131 salus
2935 1090 3123 1131 eorum
3169 1077 3257 1146 qui
3291 1090 3386 1146 per
3425 1089 3523 1131 nos

1922 1164 2277 1235 confugerunt
2303 1165 2369 1219 ad
2405 1165 2568 1222 Deum
2592 1208 2606 1233 ,
2640 1183 2976 1240 nequaquam
3025 1169 3260 1225 vacillet.
3295 1167 3523 1224 Verum-

1923 1267 2100 1338 tamen
2142 1267 2196 1315 et
2223 1257 2459 1314 breviter
2506 1271 2558 1314 te
2585 1260 2653 1317 de
2683 1257 2854 1332 ipsius
2883 1259 3305 1334 dispensationis
3333 1261 3525 1318 ordine

1920 1368 2100 1412 coram
2129 1353 2378 1410 omnibus
2406 1368 2752 1432 commonere
2775 1357 3138 1412 necessarium
3165 1367 3188 1396 ο
3212 1355 3373 1411 duco.

1989 1445 2067 1503 Te
2117 1446 2333 1518 quidem
2389 1456 2603 1518 oportet
2657 1446 3200 1520 irreprehensibiliter
3244 1450 3423 1504 vivere
3463 1453 3519 1503 et

1919 1553 2133 1595 summo
2152 1537 2330 1594 studio
2359 1540 2453 1594 niti
2489 1548 2544 1593 ut
2572 1553 2760 1595 omnes
2783 1539 2906 1594 vita:
2949 1539 3107 1612 hujus
3132 1541 3517 1610 occupationes

1918 1637 2169 1714 abjicias,
2199 1651 2265 1692 ne
2294 1636 2400 1692 fide
2441 1635 2626 1708 jussor
2652 1637 2854 1694 existas
2876 1678 2891 1703 ,
2933 1651 2999 1694 ne
3029 1634 3319 1692 advocatus
3350 1635 3521 1691 litium

1920 1729 2037 1800 ﬁas,
2068 1744 2202 1786 neve
2223 1726 2275 1786 in
2301 1729 2408 1786 ulla
2434 1728 2609 1802 aliqua
2639 1729 2995 1806 occupatione
3022 1743 3248 1801 prorsus
3277 1726 3522 1784 invenia-

213 1835 349 1900 ergo
378 1819 581 1896 audite,
627 1821 861 1876 scientes
902 1819 1025 1900 quia
1067 1820 1371 1894 quicunque
1416 1819 1815 1878 contristaverit
1920 1822 1995 1904 ris
2042 1819 2329 1877 mundialis
2377 1819 2579 1892 negotii
2636 1821 2922 1878 occasione
2969 1820 3281 1894 perplexus.
3334 1818 3518 1890 Neque

213 1914 498 1994 doctorem
544 1912 806 1992 veritatis,
840 1923 1026 1992 peccat
1055 1913 1109 1968 in
1149 1911 1453 1980 Christum,
1499 1922 1552 1969 et
1596 1913 1808 1994 Patrem

213 2006 463 2063 omnium
487 1991 780 2063 dexacerbat
823 2001 1020 2071 Deum,
1067 2013 1286 2080 prepter
1316 1997 1457 2082 quod
1496 2014 1551 2064 et
1576 1991 1684 2060 vita
1723 2018 1812 2078 ca-

213 2098 378 2156 rebit.
402 2083 582 2174 Ipsum
604 2107 784 2174 autem
807 2097 894 2174 qui
923 2095 1117 2170 praeest
1137 2099 1367 2164 caeteris,
1386 2107 1601 2172 oportet
1619 2097 1812 2156 medici

211 2171 606 2272 vicem‘agere,
641 2171 696 2245 et
731 2171 839 2270 non
870 2188 997 2246 fera:
1023 2191 1208 2246 bestia:
1243 2171 1429 2246 furore
1459 2189 1809 2246 commoveri.

215 2283 349 2340 Haec
378 2297 446 2340 eo
467 2282 700 2356 dicente,
732 2297 834 2354 ego
864 2283 1149 2356 procidens
1187 2281 1252 2339 ad
1286 2282 1448 2354 pedes
1486 2284 1624 2354 ejus,
1652 2298 1813 2356 roga-

212 2375 362 2440 bam,
391 2390 657 2432 excusans
696 2389 782 2431 me
828 2381 882 2430 et
920 2372 1202 2432 declinans
1233 2375 1492 2431 honorem
1541 2374 1816 2432 cathedrae

211 2467 295 2524 vel
323 2461 668 2540 potestatem.
702 2471 770 2524 At
795 2467 884 2524 ille
916 2467 1252 2546 respondens
1287 2486 1300 2524 :
1332 2467 1438 2523 Pro
1469 2467 1594 2533 hoc,
1622 2467 1810 2538 inquit,

210 2580 283 2622 ne
313 2579 403 2620 me
433 2562 732 2646 rogaveris.
777 2562 892 2630 Hoc
921 2563 1069 2620 enim
1111 2562 1227 2620 ﬁeri
1259 2572 1520 2618 statutum
1550 2569 1635 2617 est
1661 2559 1814 2628 milii,

209 2667 265 2716 et
306 2672 378 2714 eo
417 2645 588 2728 magis
635 2655 781 2728 quod
812 2671 1074 2724 excusas;
1110 2656 1233 2734 quia
1262 2655 1378 2711 haec
1412 2653 1666 2734 cathedra
1694 2668 1817 2709 eum

1913 1917 2054 1974 enim
2081 1915 2316 1986 judicem
2337 1923 2430 1994 aut
2459 1913 2792 1986 cognitorem
2807 1914 3148 1988 saecularium
3178 1911 3517 1984 negotiorum

1915 2006 2075 2063 hodie
2115 2016 2168 2062 te
2196 2008 2447 2063 ordinare
2496 2006 2612 2064 vult
2656 2004 2924 2072 Christus,
2959 2006 3035 2061 uti
3087 2021 3154 2061 ne
3196 2004 3520 2078 przelocatus

1915 2099 2270 2171 praesentibus
2287 2099 2564 2154 hominum
2589 2099 2755 2168 curis,
2787 2114 2894 2153 non
2919 2097 3092 2170 possis
3119 2095 3287 2152 verbo
3318 2094 3414 2152 Dei
3437 2111 3524 2152 va-

1915 2205 2063 2255 care,
2083 2199 2138 2246 et
2161 2190 2455 2248 secundum
2489 2190 2731 2250 veritatis
2764 2189 3004 2261 regulam
3038 2203 3328 2244 secernere
3360 2187 3527 2242 honos

1917 2300 1945 2336 a
1969 2283 2142 2338 malis.
2171 2283 2272 2338 ista
2305 2297 2533 2354 namque
2560 2296 2749 2354 opera,
2775 2296 2895 2352 quze
2929 2279 3024 2336 tibi
3059 2283 3236 2336 minus
3259 2295 3527 2352 congrue-

1917 2390 1977 2432 re
2005 2376 2254 2447 superius
2279 2375 2651 2446 exposuimus,
2694 2370 2985 2430 exhibeant
3037 2372 3136 2428 sibi
3181 2372 3411 2428 invicem
3442 2370 3526 2427 di-

1917 2476 2152 2534 scentes,
2187 2466 2238 2520 id
2262 2475 2344 2522 est
2375 2465 2525 2532 laici;
2549 2473 2604 2520 et
2628 2475 2679 2521 te
2701 2479 2861 2520 nemo
2890 2473 3118 2544 occupet
3135 2464 3202 2519 ah
3232 2463 3315 2519 his
3331 2462 3526 2519 studiis

1923 2571 2019 2627 per
2042 2571 2163 2628 quae
2189 2557 2335 2612 salus
2366 2555 2618 2612 omnibus
2646 2555 2826 2612 datur.

1992 2649 2148 2706 Sicut
2179 2650 2323 2705 enim
2385 2649 2478 2706 tibi
2529 2649 2825 2720 impietatis
2855 2649 3061 2704 crimen
3120 2657 3226 2718 est,
3270 2647 3527 2720 neglectis

209 2749 302 2822 qui
325 2745 478 2820 cupit
511 2762 655 2812 eam,
687 2757 743 2803 et
766 2745 1025 2804 audacter
1051 2746 1277 2822 expetit,
1309 2761 1420 2803 non
1448 2742 1695 2816 requirit,
1723 2741 1819 2814 sed
1922 2741 2070 2798 verbi
2106 2741 2200 2798 Dei
2229 2741 2442 2812 studiis,
2467 2741 2859 2799 sollicitudines
2888 2744 3166 2813 suscipere
3192 2740 3480 2822 saeculares
3510 2757 3525 2795 :

208 2819 464 2916 ornatum
487 2837 730 2895 moribus
749 2848 804 2894 et
830 2839 882 2894 in
908 2837 1089 2895 verbis
1113 2819 1406 2894 eruditum.
1433 2835 1590 2905 Quod
1613 2834 1659 2891 si
1680 2844 1824 2914 esset
1926 2837 1999 2892 ita
2029 2846 2083 2892 et
2115 2837 2403 2908 unicuique
2428 2837 2685 2892 laicorum
2713 2845 2991 2907 peccatum
3016 2845 3118 2901 est,
3149 2835 3252 2890 nisi
3297 2819 3526 2890 invicem

209 2931 350 2990 alius
373 2915 589 3004 melior,
613 2932 656 2987 si
683 2932 805 3005 quis
826 2931 1110 2990 mihialius
1130 2932 1342 3008 adjutor
1367 2941 1473 2988 tam
1495 2930 1712 2987 sedulus
1740 2945 1824 2984 as-
1927 2927 2026 2984 sibi
2057 2930 2217 2985 etiam
2250 2931 2301 2984 in
2335 2931 2420 2996 his
2450 2947 2570 3002 quae
2601 2929 2669 2986 ad
2693 2932 2995 3008 communis
3023 2929 3142 2985 vitae
3169 2945 3325 2985 usum
3356 2931 3526 3000 perti-

209 3021 428 3098 titisset,
463 3023 508 3080 si
534 3023 654 3096 quis
682 3032 790 3078 tam
824 3023 979 3100 plene
1003 3024 1264 3080 doctrinas
1289 3039 1422 3079 mete
1445 3023 1712 3079 rationem
1733 3035 1823 3076 ce-
1927 3034 2077 3090 nent,
2107 3039 2327 3094 operam
2358 3023 2588 3081 ﬁdeliter
2607 3025 2876 3081 dederint.
2901 3025 2978 3082 Te
3004 3040 3138 3081 vero
3165 3039 3416 3082 securum
3445 3023 3526 3079 fa-

207 3117 399 3196 pisset,
419 3109 516 3190 sed
530 3123 584 3173 et
595 3116 987 3198 ecclesiasticas
1002 3115 1385 3189 diapositiones
1398 3133 1426 3196 a
1440 3133 1524 3175 me
1539 3125 1647 3173 tam
1666 3117 1825 3190 plene
1929 3131 2054 3174 cere
2069 3114 2096 3155 ἀ
2113 3126 2166 3172 et
2198 3117 2279 3173 his
2292 3117 2485 3189 quibus
2502 3115 2666 3175 debes
2689 3127 2991 3185 vacantem,
3009 3131 3198 3172 omnes
3219 3115 3522 3173 communi-

209 3201 525 3279 didiciSaet;
564 3208 764 3264 habens
791 3207 952 3264 alium
982 3209 1169 3279 talem,
1197 3224 1304 3266 non
1329 3220 1379 3266 te
1402 3226 1651 3286 cogerem
1671 3227 1806 3288 opus
1835 3201 1882 3268 C
1913 3215 1996 3266 ter
2017 3210 2315 3266 elaborent.
2344 3209 2498 3277 Quod
2526 3211 2567 3264 si
2589 3211 2725 3265 forte
2755 3225 2784 3266 a
2806 3209 3111 3281 semetipsis
3129 3209 3231 3265 hoc
3251 3207 3367 3263 laici
3400 3223 3509 3263 non

209 3300 413 3382 bonum
465 3301 740 3373 suscipere
785 3301 1084 3378 nolentem.
1140 3303 1483 3375 Superlluum
1543 3318 1626 3362 est
1689 3321 1818 3380 ergo
1921 3301 2249 3373 intelligunt,
2271 3317 2364 3370 per
2390 3301 2923 3358 diaconosedocendl
2951 3309 3098 3368 sunt,
3128 3309 3188 3357 ut
3212 3300 3310 3356 tibi
3339 3298 3506 3356 solius

209 3385 378 3453 alium
410 3409 680 3477 quaerere,
704 3410 823 3470 cum
851 3395 1118 3467 primitias
1138 3409 1326 3452 eorum
1359 3397 1451 3469 qui
1478 3414 1546 3454 ex
1568 3399 1818 3471 gentibus
1921 3395 2179 3452 Ecclesiae
2210 3394 2604 3450 sollicitudines
2632 3394 3037 3464 derelinquant;
3067 3407 3173 3464 quo
3212 3393 3382 3463 ipsam
3404 3433 3419 3460 ,
3458 3400 3517 3446 ut

209 3501 304 3558 per
337 3469 754 3553 meisalvantur,
785 3495 842 3542 et
880 3486 1154 3559 prazcipue
1198 3487 1356 3560 hujus
1398 3491 1546 3547 urbis
1566 3469 1592 3560 ,⁷
1629 3501 1679 3547 te
1708 3492 1810 3564 pri-

211 3593 363 3635 mum
391 3577 680 3634 obtulerim
713 3577 842 3635 Deo.
885 3578 992 3635 Sed
1016 3589 1042 3618 ι
1074 3589 1128 3636 et
1172 3581 1315 3646 aliud
1347 3581 1576 3654 intuere,
1622 3584 1742 3655 quia
1771 3586 1817 3641 si

213 3671 526 3744 periculum
553 3673 758 3752 peccati
791 3672 1004 3739 timens,
1033 3675 1308 3744 suscipere
1331 3675 1532 3750 refugis
1565 3677 1817 3735 Ecclesiae

209 3755 601 3836 gubernacula,
631 3773 810 3820 certus
832 3775 949 3820 esto
972 3766 1094 3837 quia
1120 3767 1351 3839 amplius
1372 3784 1585 3840 peccas,
1610 3771 1699 3843 qui
1725 3787 1820 3842 po-

208 3859 400 3931 pulum
434 3855 527 3914 Dei
549 3857 693 3914 velut
711 3859 764 3914 in
786 3849 1040 3916 ﬂuctibus
1061 3864 1297 3932 positum
1324 3874 1379 3920 et
1397 3866 1813 3938 periclitantem,

209 3966 332 4007 cum
359 3950 556 4022 juvare
584 3951 793 4021 possis,
827 3951 1182 4026 subterfugis:
1218 3955 1291 4010 tui
1324 3957 1694 4016 tantummodo
1723 3959 1817 4014 ha-

208 4042 347 4100 bens
378 4042 901 4126 considerationem,
931 4055 984 4100 et
1013 4059 1118 4100 non
1143 4045 1286 4118 quod
1309 4047 1362 4102 in
1388 4063 1677 4106 commune
1700 4065 1816 4107 om-

208 4136 376 4208 nibus
420 4127 992 4208 expedit’providens.
1041 4137 1147 4194 Sed
1195 4127 1370 4195 certus
1400 4125 1517 4216 esto
1545 4143 1686 4216 quod
1719 4159 1814 4198 ne-

214 4217 375 4290 cesse
406 4221 492 4288 est
521 4219 874 4301 te'suscipere
902 4247 1061 4288 omne
1089 4217 1413 4303 periculum,
1444 4237 1567 4308 quia
1594 4252 1692 4293 nec
1717 4253 1817 4310 ego

209 4313 314 4396 pro
359 4311 806 4380 salute'omnium
845 4324 914 4398 ab
944 4324 1282 4384 obsecrando
1323 4331 1569 4386 cessabo.
1606 4332 1817 4399 Quanto

209 4409 339 4490 ergo
371 4416 505 4500 mihi
536 4417 692 4472 citius
725 4418 1078 4487 acquieveris,
1109 4429 1258 4477 tanto
1302 4437 1385 4476 me
1424 4421 1580 4478 citius
1619 4423 1818 4479 laboris

208 4519 263 4567 et
289 4508 536 4566 tristitiae
563 4524 696 4566 mea:
728 4524 962 4566 maerore
1002 4512 1285 4569 relevabis.
1316 4513 1451 4569 Novi
1491 4517 1652 4571 etiam
1693 4516 1813 4586 hoc,

1919 3489 2138 3560 dignum
2173 3499 2287 3554 est,
2319 3487 2633 3558 dispensare
2678 3486 2947 3568 sufﬁcias,
2995 3493 3051 3542 et
3082 3484 3320 3540 veritatis
3348 3484 3519 3540 verbo

1919 3585 2276 3642 abundantius
2297 3593 2352 3640 et
2374 3584 2668 3641 studiosius
2698 3583 2989 3639 deservire.
3019 3579 3078 3638 Si
3100 3582 3244 3635 enim
3272 3578 3521 3634 mundia-

1920 3677 2060 3735 libus
2089 3679 2234 3734 curis
2265 3677 2430 3734 fueris
2461 3686 2786 3748 occupatus,
2811 3683 2865 3731 et
2893 3677 3122 3746 teipsum
3155 3673 3426 3743 decipies,
3460 3679 3515 3728 et

1919 3787 2014 3826 eos
2041 3771 2129 3844 qui
2155 3780 2206 3827 te
2237 3771 2479 3834 audiunt.
2511 3770 2628 3827 Non
2652 3770 2794 3826 enim
2823 3769 3026 3842 poteris
3047 3783 3167 3838 quas
3195 3767 3261 3821 ad
3286 3765 3516 3822 salutem

1919 3863 2191 3935 pertinent
2223 3849 2694 3935 plenius‘singulis
2740 3858 3037 3940 quibusque
3065 3859 3414 3930 distinguere.
3450 3857 3515 3912 Et

1919 3971 1985 4013 ex
2013 3972 2078 4012 eo
2112 3956 2202 4011 ﬁet
2234 3962 2292 4010 ut
2317 3965 2371 4012 et
2402 3965 2454 4011 tu
2490 3965 2739 4026 tanquam
2768 3953 2861 4026 qui
2890 3968 2996 4008 non
3034 3949 3282 4007 docueris
3305 3963 3424 4020 qum
3447 3946 3514 4003 ad

1920 4049 2149 4105 salutem
2197 4049 2471 4105 hominum
2512 4039 2804 4124 pertinent,
2853 4045 3112 4118 puniaris,
3162 4052 3218 4102 et
3264 4042 3517 4116 discipuli

1927 4156 2024 4214 per
2065 4143 2422 4208 ignorantiam
2456 4149 2702 4213 pereant.
3443 4195 3456 4208 ,

1994 4241 2200 4322 idcirco
2232 4255 2284 4298 ιιι
2317 4243 2532 4316 quidem
2565 4243 2632 4298 ad
2667 4243 2769 4297 hoc
2802 4241 2975 4298 solum
2996 4246 3203 4305 vacato,
3235 4246 3292 4290 nt
3328 4249 3520 4306 oppor-

1923 4348 2049 4393 tune
2076 4347 2130 4394 et
2156 4336 2270 4393 sine
2299 4336 2701 4404 intermissione
2735 4334 2932 4404 doceas
2976 4332 3200 4386 verbum
3246 4327 3384 4395 Dei,
3433 4341 3522 4398 pet

1920 4431 2066 4502 quod
2089 4430 2322 4487 salutem
2351 4430 2606 4501 consequi
2639 4428 2869 4506 possint.
2922 4424 3004 4506 illi
3035 4437 3166 4479 vero
3205 4437 3325 4478 cum
3376 4430 3520 4476 tanta

1925 4523 2224 4578 reverentia
2251 4533 2338 4577 tua
2371 4517 2544 4576 verba
2565 4503 2884 4590 suscipiant,
2920 4503 2942 4555 έ
2976 4525 3034 4571 ut
3061 4514 3151 4586 qni
3180 4513 3353 4570 sciant
3381 4511 3524 4584 lega-

208 4614 243 4657 ο
275 4593 566 4688 Clemens,
607 4592 751 4672 quod
797 4603 892 4684 tibi
939 4603 1092 4680 taedia
1136 4613 1191 4661 et
1229 4607 1523 4674 molestias,
1572 4611 1808 4678 pericula
1848 4589 1900 4648 D
1928 4629 2038 4678 tum
2071 4629 2122 4690 te
2154 4626 2210 4672 et
2254 4631 2556 4690 praeconem
2602 4589 2727 4678 esse
2772 4612 3036 4682 veritatis,
3068 4617 3121 4665 et
3169 4607 3523 4682 quodcunqut

209 4679 380 4752 etiam
426 4680 484 4750 et
537 4697 822 4765 opprobria
867 4681 1132 4754 iineruditi
1189 4701 1331 4773 vulgi
1372 4700 1400 4742 ι’
1447 4703 1806 4776 indocilisque

209 4787 538 4872 concilient;
576 4800 698 4859 quae
729 4798 783 4844 tu
834 4798 1044 4866 tamen,
1076 4793 1189 4872 scio
1228 4795 1370 4867 quod
1417 4807 1730 4856 constanter
1757 4809 1813 4857 et

213 4879 440 4937 fortiter
465 4869 638 4966 feres,
659 4883 960 4966 respiciens
979 4881 1045 4940 ad
1078 4869 1222 4966 illam
1247 4875 1398 4966 spem
1421 4906 1540 4964 quae
1564 4893 1659 4947 tibi
1681 4894 1821 4963 apud

214 4971 388 5028 Deum
454 4963 729 5044 patientia:
794 4963 1398 5048 praeparat'coronam.
1433 4963 1539 5040 Sed
1599 4995 1654 5041 et
1697 4985 1822 5041 illud

209 5067 400 5152 cupio,
527 5079 740 5154 mecum
781 5061 923 5139 Iusta
966 5070 1194 5138 ratione,
1237 5073 1565 5146 perspicere,
1605 5077 1819 5152 quando

212 5147 652 5244 maxime‘opera
685 5147 1019 5244 tua'indiget
1048 5164 1314 5235 Christus,
1368 5185 1508 5230 nunc
1551 5147 1670 5225 cum
1718 5147 1820 5227 ini?

213 5251 396 5322 micus
424 5239 684 5342 adversus
716 5239 1117 5342 sponsam'ejtts
1144 5270 1454 5326 commovet
1482 5261 1712 5331 bellum,
1750 5279 1816 5319 an

216 5343 412 5400 futuro
433 5337 495 5402 in
529 5337 794 5418 tempore,
825 5337 1044 5419 quando
1075 5351 1187 5422 jam
1217 5351 1466 5410 Christus
1501 5367 1623 5425 post
1651 5358 1818 5412 victo-

213 5438 360 5494 riam
405 5439 784 5511 triumphabit,
811 5457 913 5499 nec
942 5443 1082 5500 ultra
1119 5446 1284 5502 ullius
1312 5462 1479 5520 opera
1521 5450 1818 5522 indigebit?

289 5610 321 5642 ι
357 5600 539 5674 Vulg.,
563 5613 610 5685 et
651 5601 790 5668 illud
815 5604 1046 5685 intgera._
1075 5605 1265 5668 Melius
1309 5608 1435 5670 cod.
1480 5609 1664 5685 Vind"
1696 5626 1816 5670 cum
1902 5643 1914 5652 -

213 5674 428 5760 612299
445 5675 760 5760 concinens,
778 5685 829 5760 et
853 5675 998 5760 aliud
1027 5678 1241 5736 intuere.

290 5746 320 5785 δ
353 5743 454 5802 Ms.
487 5743 668 5813 Vind.,
697 5743 1108 5823 indocibt‘liaque.

296 5827 322 5859 ⁸
370 5818 456 5878 ΑΙ.
481 5857 496 5886 ,
527 5817 672 5874 duxi.

1927 4727 2087 4784 super
2127 4697 2322 4766 terram
2366 4709 2649 4780 ligaveris,
2680 4722 2800 4780 esse
2836 4708 3050 4781 ligatum
3081 4716 3134 4762 et
3179 4707 3230 4759 in
3276 4704 3446 4769 cmlo;
3478 4710 3526 4760 et

1927 4804 2282 4878 quodcunque
2308 4799 2537 4870 solveris
2553 4816 2716 4872 super
2746 4814 2964 4878 terram,
2991 4799 3153 4854 etiam
3175 4797 3247 4853 ibi
3272 4811 3392 4851 esse
3422 4793 3525 4849 sol-

1927 4899 2180 4954 vendum.
2215 4894 2476 4964 Quoniam
2503 4895 2717 4964 quidem
2748 4906 2799 4950 et
2831 4903 2910 4957 tu,
2939 4901 2998 4948 ut
3019 4892 3152 4960 dixi,
3171 4905 3290 4964 quas
3317 4895 3526 4957 oportet

1928 4988 2142 5063 ligahis,
2172 4997 2225 5044 et
2253 5001 2373 5058 quae
2409 4987 2624 5056 expedit
2671 4986 2871 5042 solves.
2911 4984 2977 5038 Et
3022 4983 3090 5038 ad
3122 4991 3172 5037 te
3198 4979 3414 5052 quidem
3439 4980 3527 5048 qui

1923 5094 2118 5154 praees,
2147 5080 2247 5136 ista
2281 5079 2385 5135 sint
2413 5079 2637 5144 monita,
2669 5090 2721 5134 et
2750 5078 2836 5133 his
2857 5075 3071 5131 similia.

1994 5172 2074 5230 Ad
2104 5172 2446 5245 presbyteros
2471 5187 2599 5226 vero
2630 5171 2738 5226 sint
2765 5170 2865 5224 ista
2899 5184 2916 5226 :
2949 5170 3087 5222 Ante
3115 5163 3329 5230 omnia,
3364 5160 3524 5234 ἥδε

1922 5276 1983 5323 ιιι
2011 5265 2278 5339 pudicitiae
2310 5264 2612 5330 studentes,
2651 5261 3022 5326 adolescentes
3049 5255 3249 5327 nuptiis
3276 5249 3525 5326 jungam.

1923 5373 2030 5429 quo
2063 5358 2301 5415 calorem
2333 5355 2588 5413 ferventis
2632 5353 2808 5409 aetatis
2853 5349 3121 5419 conjugali
3173 5347 3291 5416 lege
3322 5359 3504 5414 prteve

1924 5453 2099 5509 niant.
2129 5451 2236 5508 Sed
2262 5465 2332 5506 ne
2357 5439 2410 5505 in
2438 5445 2865 5519 provectioribus
2885 5439 3100 5513 quidem
3125 5452 3310 5496 curam
3332 5437 3528 5493 habent

1999 5612 2026 5649 ά
2067 5612 2143 5668 Ita
2173 5610 2331 5667 codd.
2365 5609 2525 5666 Vind.
2556 5614 2609 5664 et
2637 5605 2780 5676 alias,
2824 5600 3052 5660 Justelli.
3104 5597 3292 5671 Vulg.,
3338 5611 3405 5653 aa;
3442 5596 3523 5651 his

1933 5684 2118 5755 quibus
2148 5682 2424 5755 uendebas
2450 5694 2652 5755 vacare,
2731 5749 2743 5755 _
3244 5741 3260 5755 ‘
3333 5739 3368 5755 Δ,

2004 5765 2029 5793 ο
2073 5753 2259 5825 Ῡυιεη
2299 5762 2543 5823 tanquam
2559 5749 2646 5821 qui
2669 5749 2856 5804 sciant.
2877 5741 3222 5804 Praetulimus
3244 5741 3529 5811 lectionem

1936 5840 2041 5886 ms.
2070 5823 2234 5883 Vind.
