3996 6344
434 355 541 415 755

1393 347 1737 408 APPENDIX
1779 349 1871 405 AD
1908 347 1967 405 S.
2009 348 2255 409 LEONIS
2293 349 2506 407 MAGNI
2544 351 2797 409 OPERA.

3618 357 3728 417 758

435 465 804 538 hujuscemodi
831 464 1123 538 negligant,
1153 465 1276 537 quia
1296 466 1351 521 in
1369 464 1571 533 multis,
1594 464 1755 518 etiam
1778 477 1901 520 cum
1933 477 2019 518 se-
2043 467 2099 526 Α
2126 464 2231 520 tius
2261 452 2561 522 esurientes
2590 466 2819 532 reficite,
2843 476 2899 523 et
2918 468 3230 525 sitientibus
3251 477 3437 539 potum
3453 467 3608 539 date,
3630 488 3730 529 nu-

435 562 613 618 nuerit
642 576 860 630 corpus,
890 559 1325 630 concupiscentia
1372 560 1533 629 viget.
1588 557 1665 613 Ne
1712 558 1852 612 forte
1899 571 2029 627 ergo

435 656 803 713 fornicationis
832 653 1004 721 labes,
1037 653 1323 709 occasione
1364 662 1610 722 accepta,
1652 661 1905 723 tanquam
1939 666 2031 707 ve-

433 765 630 805 nenum
658 748 951 819 pessimum
978 754 1160 818 serpat
1204 748 1257 801 in
1287 746 1462 814 vobis,
1490 761 1686 802 cavere
1719 754 1774 802 et
1796 754 2030 816 anteve-

432 844 549 898 nire
575 842 933 898 necessarium
966 850 1069 906 est,
1102 857 1170 897 ne
1200 841 1344 911 quod
1375 841 1427 896 in
1470 840 1623 896 vobis
1657 840 1907 897 adulterii
1938 856 2030 898 oc-

432 936 633 989 cultum
662 942 689 971 λ
720 933 988 990 coalescat
1042 932 1375 990 incendium.
1422 933 1490 989 Et
1536 932 1663 1003 quid
1695 933 1747 988 in
1777 934 2029 989 omnibus

431 1027 663 1097 peccatis
687 1027 948 1082 adulterio
974 1027 1224 1098 gravius?
1253 1025 1561 1084 Secundum
1588 1028 1818 1097 namque
1845 1026 1896 1080 in
1917 1041 2030 1096 poe-

432 1121 513 1176 nis
538 1120 744 1177 obtinet
783 1121 983 1188 locum,
1014 1122 1267 1191 quoniam
1301 1121 1519 1191 quidem
1546 1121 1777 1191 primum
1822 1121 1897 1177 illi
1934 1122 2030 1178 ha-

430 1214 557 1268 bent
585 1214 672 1283 qui
704 1212 956 1268 aberrant
984 1228 1014 1268 a
1040 1213 1173 1281 Deo,
1215 1214 1375 1269 etiam
1408 1214 1479 1269 'si
1528 1214 1709 1269 sobrie
1762 1214 2021 1269 vixerint.

429 1308 654 1380 PrOpter
682 1310 823 1380 quod
849 1324 944 1365 vos
962 1352 976 1377 ,
1010 1325 1043 1364 ο
1072 1309 1401 1381 presbyteri,
1433 1310 1731 1366 Ecclesiam
1761 1311 2024 1378 excolite,

428 1410 483 1458 et
502 1401 530 1440 δ
559 1403 804 1458 ordinate
827 1417 1078 1470 sponsam
1098 1401 1295 1457 Christi
1316 1402 1382 1458 ad
1403 1418 1469 1472 pu
1490 1404 1733 1459 licitiam.
1761 1403 2026 1474 Sponsam

429 1506 606 1552 autem
647 1495 768 1550 dico
796 1510 1011 1549 omnem
1056 1494 1311 1550 Ecclesiae
1356 1497 1822 1566 congregationem
1851 1538 1866 1562 ,
1909 1512 2029 1566 quae

430 1589 472 1643 si
503 1588 687 1662 pudica
718 1589 934 1642 inventa
968 1586 1129 1642 fuerit
1168 1604 1199 1643 a
1230 1602 1431 1658 sponso
1458 1603 1585 1653 suo,
1632 1589 1936 1658 ingentibus
1961 1589 2028 1644 ab

430 1695 497 1734 eo
526 1681 683 1735 donis
706 1689 759 1735 et
787 1679 1099 1735 muneribus
1122 1679 1505 1745 honorabitur;
1532 1689 1586 1735 et
1606 1695 1726 1747 vos,
1758 1680 1906 1736 velut
1928 1682 2037 1762 mi-.

430 1774 586 1829 nistri
606 1786 844 1844 sponsae,
872 1781 928 1828 et
950 1773 1108 1828 amici
1135 1777 1339 1843 sponsi,
1362 1775 1563 1845 ingenti
1592 1774 1786 1844 gaudio
1817 1784 1871 1829 et
1893 1775 2029 1830 lacti-

2134 557 2218 612 dis
2264 559 2676 627 vestimentum;
2716 575 2888 630 aegros
2917 560 3154 631 visitate,
3186 570 3239 617 et
3273 577 3364 619 eos
3392 564 3484 634 qui
3526 564 3583 621 in
3614 580 3731 623 car-

2133 665 2258 705 cere
2285 662 2428 717 sunt,
2460 662 2619 722 prout
2644 653 2898 722 possibile
2926 662 3033 719 est,
3058 654 3276 724 juvate;
3300 657 3619 725 peregrinos
3648 674 3731 712 sa-

2135 744 2203 798 tis
2232 753 2478 814 prompte
2506 746 2561 801 in
2588 745 2835 800 domibus
2862 747 3055 801 vestris
3082 748 3360 818 suscipite.
3379 747 3534 803 Etne
3548 751 3729 805 omnia

2134 851 2277 891 nunc
2304 836 2607 906 singulatim
2643 837 2839 902 dicam,
2871 852 3033 892 omne
3060 837 3259 893 bonum
3286 838 3400 907 ipsa
3432 854 3533 910 per
3560 854 3625 895 se
3654 840 3729 912 (si

2133 928 2187 983 in
2213 928 2365 983 vobis
2396 926 2578 999 fuerit)
2606 929 2843 984 charitas
2872 945 2969 985 vos
3001 929 3179 986 facere
3202 930 3437 999 docebit,
3487 932 3636 987 sicut
3681 943 3730 989 et

2133 1034 2166 1075 e
2186 1020 2457 1075 contrario
2484 1036 2578 1076 eos
2603 1020 2696 1090 qui
2726 1036 2755 1076 a
2785 1020 2958 1077 salute
2980 1021 3143 1078 alieni
3168 1030 3313 1090 sunt,
3336 1036 3501 1079 omne
3522 1023 3727 1079 malum

2134 1111 2313 1168 facere
2342 1112 2522 1167 odium
2548 1112 2727 1169 docet.

2204 1205 2260 1262 Si
2301 1205 2391 1275 qui
2414 1221 2479 1262 ex
2510 1206 2764 1262 fratribus
2798 1207 3009 1277 negotia
3056 1206 3257 1263 habent
3284 1207 3428 1265 inter
3454 1222 3539 1278 se,
3586 1209 3726 1279 apud

2132 1302 2439 1370 cognitores
2463 1300 2645 1356 saeculi
2674 1315 2778 1354 non
2802 1299 3132 1369 iudicentur,
3160 1299 3256 1355 sed
3286 1300 3429 1371 apud
3449 1300 3730 1372 presbyte-

2134 1408 2225 1448 ros
2255 1393 2536 1459 Ecclesiae,
2562 1392 2820 1463 quidquid
2850 1392 2981 1447 illud
3027 1400 3112 1447 est
3140 1390 3457 1457 dirimatur;
3490 1401 3549 1448 et
3576 1394 3727 1449 omni

2134 1486 2295 1540 modo
2323 1485 2575 1540 obediant
2614 1484 2828 1540 statutis
2856 1499 3069 1539 eorum.
3099 1484 3276 1553 Super
3319 1484 3504 1538 omnia
3549 1494 3731 1541 autem

2134 1578 2415 1633 avaritiam
2452 1577 2636 1647 fugite,
2679 1591 2798 1646 quae
2842 1575 3092 1631 homines
3122 1575 3406 1631 occasione
3444 1576 3731 1644 praesentis

2134 1671 2269 1726 lucri
2290 1671 2358 1725 ab
2390 1670 2605 1724 aeternis
2635 1677 2850 1738 separat
2881 1668 3058 1723 bonis.
3102 1667 3371 1733 Pondera,
3404 1681 3731 1737 mensuras,

2134 1773 2386 1829 stateras,
2438 1775 2533 1830 pro
2564 1762 2695 1815 locis
2724 1760 3028 1830 quibusque
3074 1758 3382 1829 aequissima
3418 1758 3730 1825 custodite;

431 1868 500 1922 lia
530 1867 893 1937 perfruemini.
923 1866 978 1922 Si
1001 1882 1128 1923 vero
1173 1882 1371 1938 sponsa
1422 1867 1537 1923 haec
1589 1878 1802 1937 reperta
1860 1869 2021 1924 fuerit

2141 1857 2373 1925 ieposita
2420 1854 2654 1909 fideliter
2682 1853 2971 1909 restituite.
3002 1851 3135 1919 Quae
3174 1852 3391 1917 omnia,
3439 1860 3495 1906 et
3534 1852 3582 1906 si
3626 1868 3732 1922 qua

431 1960 817 2015 commaculata
834 1960 1087 2028 peccatis,
1114 1960 1226 2028 ipsa
1244 1960 1482 2029 quidem,
1506 1969 1758 2031 tanquam
1783 1959 2021 2031 indigna,

434 2064 457 2093 ε
490 2052 807 2108 extrudetur
832 2067 861 2107 a
899 2051 1165 2122 regalibus
1196 2054 1347 2108 toris.
1378 2052 1482 2108 Vos
1512 2063 1691 2109 autem
1719 2068 1907 2124 poenas
1928 2055 2028 2108 da-

432 2142 576 2212 bitis,
607 2145 653 2200 si
688 2144 826 2201 forte
856 2160 951 2214 per
977 2154 1212 2201 vestram
1242 2146 1619 2217 negligentiam
1651 2147 1737 2201 vel
1762 2146 2025 2202 desidiam

432 2238 733 2309 obrepserit
755 2240 1001 2308 contagio
1042 2255 1182 2294 saeva
1211 2239 1435 2309 peccati.
1454 2238 1662 2294 Idcirco
1690 2248 1815 2294 ante
1845 2240 2025 2294 omnia

430 2332 735 2388 sobrietatis
770 2340 825 2388 et
869 2332 1138 2402 pudicitia:
1184 2331 1605 2387 sollicitudinem
1636 2333 1827 2401 gerite.
1862 2332 2029 2389 Valde

432 2422 577 2479 enim
600 2423 740 2493 apud
772 2423 938 2479 Deum
966 2438 1128 2494 grave
1156 2425 1360 2478 crimen
1382 2423 1907 2488 duciturfornicatio,
1936 2439 2031 2479 cu-

433 2514 517 2583 jus
550 2514 757 2582 species
787 2523 913 2569 sunt
952 2514 1170 2583 quidem
1220 2515 1426 2583 plures,
1476 2514 1615 2568 sicut
1644 2514 1795 2570 vobis
1824 2522 1881 2570 et
1915 2515 2032 2585 ipse

433 2602 685 2660 Clemens
714 2604 999 2674 diligenter
1013 2612 1268 2675 exponet.
1289 2605 1670 2661 Verumtamen
1702 2606 1875 2675 prima
1906 2620 2030 2676 spe-

435 2696 546 2751 cies
570 2696 817 2751 adulterii
846 2704 948 2762 est,
988 2697 1163 2751 virum
1210 2698 1426 2767 propria
1474 2714 1643 2754 uxore
1693 2698 2035 2755 solummodo

437 2804 543 2846 non
569 2804 690 2846 esse
711 2800 1047 2855 contentum,
1064 2800 1117 2845 et
1145 2791 1427 2846 mulierem
1464 2806 1568 2846 non
1586 2793 1806 2861 proprio
1830 2801 2035 2848 tantum

436 2900 659 2941 servare
686 2900 746 2941 se
775 2886 909 2940 viro.
943 2885 999 2941 Si
1028 2900 1161 2955 ergo
1192 2893 1374 2939 castus
1414 2884 1575 2940 fuerit
1602 2885 1743 2955 quis,
1776 2894 1956 2955 potest
1983 2894 2040 2943 et

428 2978 703 3041 humanus
724 2986 778 3034 et
806 2978 1115 3034 misericors
1158 2978 1306 3046 ﬁeri,
1351 2992 1445 3048 per
1470 2978 1613 3048 quod
1644 2986 1701 3034 et
1728 2978 1845 3049 ipse
1886 2990 2038 3037 mter-

438 3085 560 3128 nam
586 3088 617 3126 a
647 3073 759 3128 Deo
803 3072 1230 3128 misericordiam
1262 3079 1649 3143 consequatur.
1702 3071 1846 3128 Sane
1900 3074 2041 3129 sicut

439 3164 691 3222 adulterii
719 3181 986 3220 venenum
1016 3165 1223 3220 cunctis
1248 3163 1405 3218 malis
1436 3164 1793 3233 perniciosius
1819 3175 1922 3228 est,
1970 3166 2041 3221 ita

2131 1958 2255 2005 sunt
2282 1948 2478 2002 similia
2509 1947 2613 2011 his,
2644 1946 2717 1999 ita
2746 1945 2964 2000 demum
2987 1942 3224 2000 sollicite
3252 1954 3305 1999 et
3326 1943 3617 2015 diligenter
3631 1943 3733 1997 im-

2134 2042 2369 2114 plebitis,
2398 2042 2444 2095 si
2472 2038 2709 2094 futurum
2749 2039 2846 2094 Dei
2880 2038 3143 2108 judicium
3175 2038 3294 2093 sine
3324 2037 3733 2093 intermissione

2133 2136 2189 2190 in
2218 2144 2398 2190 vestro
2425 2132 2590 2187 corde
2612 2131 2863 2186 volvatis.
2892 2130 3024 2199 Quis
3058 2129 3203 2185 enim
3235 2145 3464 2201 peccare
3494 2131 3729 2202 poterit,

2134 2229 2181 2283 si
2204 2242 2417 2297 semper
2431 2234 2555 2281 ante
2575 2226 2763 2280 oculos
2790 2239 2917 2279 suos
2942 2223 3038 2279 Dei
3055 2223 3315 2292 judicium
3340 2225 3547 2295 ponat?
3575 2224 3733 2293 Quod

2133 2322 2188 2376 in
2217 2319 2321 2374 ﬁne
2350 2318 2532 2373 mundi
2554 2325 2758 2373 certum
2789 2325 2875 2372 est
2898 2314 3225 2385 agitandum,
3264 2323 3324 2370 ut
3368 2316 3588 2371 tandem
3633 2316 3730 2387 qui

2134 2414 2274 2469 bene
2314 2413 2366 2465 in
2406 2411 2505 2465 hac
2532 2412 2635 2465 vita
2666 2417 2913 2481 egerunt,
2956 2418 3355 2478 consequantur
3395 2409 3535 2463 bona
3568 2423 3736 2480 repo-

2137 2504 2275 2567 sita;
2308 2512 2618 2574 peccatores
2664 2511 2843 2557 autem
2876 2512 2933 2556 ut
2978 2510 3379 2572 consequamur
3406 2512 3737 2571 praeparatas

2138 2605 2193 2651 et
2214 2595 2519 2650 reconditas
2541 2608 2752 2666 pinnas,
2781 2594 2848 2647 de
2875 2575 3071 2664 quibus
3098 2594 3173 2646 ita
3216 2593 3453 2647 futurum
3483 2593 3737 2649 dubitare

2140 2688 2360 2744 omnino
2388 2702 2492 2742 non
2516 2701 2818 2758 possumus.
2848 2685 3123 2755 Siquidem
3154 2686 3271 2740 haec
3296 2686 3476 2740 omnia
3514 2686 3587 2740 ita
3612 2700 3737 2742 esse

2141 2788 2367 2836 ventura
2393 2795 2553 2834 verus
2583 2778 2738 2833 nobis
2769 2778 3025 2848 propheta
3052 2777 3298 2848 pnedixit
3332 2795 3344 2829 :
3369 2776 3511 2832 unde
3536 2786 3592 2833 et
3610 2791 3734 2843 vos,

2142 2876 2231 2944 qui
2256 2873 2388 2928 estis
2422 2871 2536 2925 veri
2566 2869 2850 2941 Prophetas
2878 2869 3151 2939 discipuli,
3180 2869 3397 2939 abjicite
3418 2884 3451 2924 a
3480 2868 3736 2925 cordibus

2142 2965 2337 3021 vestris
2360 2975 2484 3019 ante
2503 2964 2681 3018 omnia
2708 2963 3005 3019 discordias
3022 2972 3075 3017 et
3101 2964 3407 3017 animorum
3438 2960 3737 3018 dissensio-

2145 3074 2262 3126 nes,
2294 3074 2359 3113 ex
2391 3058 2584 3129 quibus
2611 3072 2769 3112 omne
2797 3057 2995 3112 malum
3031 3071 3165 3127 opus
3194 3055 3457 3126 procedit,
3498 3064 3555 3112 et
3580 3056 3735 3112 heni-

2145 3152 2400 3222 gnitatem
2445 3165 2507 3205 ac
2536 3149 2932 3221 simplicitatem
2960 3158 3072 3205 tota
3101 3158 3282 3205 mente
3309 3158 3545 3205 servate.
3579 3149 3734 3218 Quod

440 3276 594 3317 amor
622 3260 892 3316 fraternus
906 3269 960 3315 et
984 3260 1220 3313 charitas
1246 3258 1409 3313 totius
1431 3258 1555 3313 boni
1582 3258 1848 3329 fastigium
1868 3268 2031 3315 tenet.

2141 3244 2185 3299 si
2209 3244 2347 3298 forte
2375 3242 2605 3311 alicujus
2626 3257 2744 3310 cor,
2788 3245 2872 3298 vel
2908 3242 3067 3308 livor,
3099 3242 3187 3297 vel
3230 3241 3544 3309 infidelitas,
3595 3240 3624 3280 ά
3655 3243 3733 3301 vel

442 3358 510 3413 Et
538 3357 659 3413 ideo
685 3355 889 3425 diligite
916 3370 1107 3411 omnes
1152 3355 1343 3409 fratres
1366 3363 1598 3419 vestros,
1653 3363 1857 3409 etcum
1908 3355 2035 3409 reli-

442 3448 603 3518 gione
632 3463 695 3503 ac
724 3447 1092 3504 misericordia
1114 3445 1365 3516 respicite
1394 3445 1460 3501 ad
1491 3460 1701 3502 omnes.
1732 3446 1931 3518 (Const.
1959 3462 2032 3511 iv,

444 3542 497 3612 2)
531 3540 797 3611 Orphanis
844 3540 1095 3595 exhibete
1140 3539 1498 3609 vosmetipsos
1543 3548 1817 3609 parentes.
1848 3538 2037 3595 Viduis

444 3635 682 3691 virorum
712 3647 896 3688 curam
929 3631 1248 3701 impendite,
1278 3646 1401 3687 cum
1432 3631 1580 3686 omni
1618 3630 1886 3695 castitate,
1917 3646 2036 3701 quae

444 3725 747 3784 necessaria
790 3733 917 3779 sunt
963 3723 1285 3794 praebentes.
1335 3722 1589 3778 Juniores
1648 3732 1824 3777 tamen
1851 3722 2038 3777 viduas

444 3819 645 3889 nuptiis
671 3816 940 3887 copulate.
971 3816 1064 3871 His
1093 3815 1183 3886 qui
1213 3816 1461 3884 ignorant
1492 3813 1743 3883 artiﬁcia,
1774 3816 2041 3884 exquirite

445 3913 710 3969 honestas.
733 3910 938 3979 aliquas
966 3908 1280 3963 occasiones
1315 3907 1509 3977 quibus
1545 3907 1744 3961 victum
1787 3922 2041 3963 necessa-

446 4004 585 4061 rium
621 4010 898 4070 quaerant;
945 4000 1244 4057 artiﬁcibus
1286 4014 1417 4055 vero
1464 4013 1684 4068 operam
1727 3999 2035 4069 providete,

447 4093 714 4150 debilibus
740 4091 1166 4148 misericordiam
1209 4090 1385 4146 facile.
1417 4090 1541 4146 Scio
1566 4100 1745 4146 autem
1778 4091 1893 4145 haec
1922 4107 2040 4145 om-

447 4187 536 4243 nia
565 4186 798 4242 facturos
827 4199 943 4254 vos,
990 4188 1034 4240 si
1065 4183 1383 4240 cbaritatem
1430 4198 1539 4252 prae
1566 4184 1778 4240 caeteris
1824 4194 1877 4240 et
1918 4194 2043 4241 ante

448 4280 626 4337 omnia
651 4279 703 4335 in
733 4286 914 4335 vestro
944 4278 1107 4334 corde
1133 4277 1327 4348 ﬁgatis.
1351 4275 1520 4347 Cujus
1548 4276 1845 4346 charitatis,
1878 4287 1932 4334 et
1957 4294 2043 4333 re-

448 4371 729 4444 cipiendm,
760 4380 813 4428 et
845 4370 1126 4438 habendae,
1172 4371 1469 4426 maximum
1498 4372 1600 4426 erit
1641 4368 1960 4437 fomentum,
1994 4371 2039 4425 si

449 4464 759 4534 frequenter
788 4465 928 4519 inter
956 4464 1317 4534 vosmetipsos
1362 4477 1704 4518 communem
1732 4462 1911 4517 cibum
1948 4478 2040 4518 ve-

450 4567 622 4612 strum
649 4571 1000 4628 mensamque
1033 4556 1256 4620 faciatis,
1288 4565 1343 4611 et
1368 4556 1421 4611 in
1458 4564 1721 4627 quantum
1753 4556 2041 4627 unusquis-

2140 3334 2355 3406 aliquod
2382 3334 2580 3389 malum
2610 3350 2678 3390 ex
2708 3334 2792 3391 his
2834 3351 2954 3405 qua:
2984 3335 3238 3405 superius
3279 3335 3732 3406 memoravimus,

2140 3430 2367 3485 latenter
2398 3430 2706 3499 irrepserit;
2756 3443 2861 3485 non
2910 3429 3214 3497 erubescat,
3246 3428 3337 3500 qui
3384 3428 3580 3483 animae
3621 3443 3732 3485 sua)

2142 3538 2323 3578 curam
2347 3522 2505 3592 gerit,
2530 3524 2772 3579 conﬁteri
2805 3523 2920 3578 haec
2947 3523 3070 3579 huic
3086 3539 3172 3594 qut
3204 3531 3418 3593 praeest,
3452 3523 3731 3594 utabipso

2143 3630 2238 3684 per
2259 3614 2478 3669 verbum
2528 3614 2622 3669 Dei
2661 3624 2717 3669 et
2759 3615 3044 3670 consilium
3088 3609 3305 3672 s'alubre
3354 3626 3596 3682 curetur,
3628 3630 3729 3686 quo

2142 3707 2311 3777 possit
2341 3709 2540 3777 integra
2586 3706 2689 3763 ﬁde
2716 3717 2771 3764 et
2813 3708 3068 3777 cperibus
3107 3709 3266 3764 bonis
3307 3724 3499 3781 poenas
3547 3708 3730 3767 aeterni

2143 3804 2281 3874 ignis
2303 3801 2537 3873 eﬁ'ugere
2557 3812 2613 3858 et
2642 3803 2709 3857 ad
2744 3812 3015 3873 perpetuae
3041 3804 3162 3857 vita:
3185 3803 3400 3873 praemia
3429 3803 3729 3874 pervenire.

2218 3894 2436 3950 Diaconi
2482 3910 2610 3950 vero
2665 3894 2926 3950 Ecclesiae
2981 3905 3232 3967 tanquam
3282 3894 3485 3965 (Const.
3515 3912 3585 3962 ιι,
3641 3894 3728 3965 44)

2144 3989 2283 4044 oculi
2319 3987 2428 4043 sint
2473 3988 2744 4059 episcopi,
2785 3987 3101 4044 oberrantes
3145 3997 3202 4043 et
3239 3988 3729 4044 circumlustrantes

2143 4084 2308 4156 [.60
2335 4099 2457 4138 cum
2486 4081 2812 4139 verecundia
2838 4091 2990 4139 actus
3019 4067 3184 4137 tetii'is
3215 4080 3500 4151 Ecclesiae,
3532 4091 3589 4138 et
3618 4097 3728 4150 per-

2145 4188 2450 4232 scrutantes
2473 4176 2782 4247 diligentius
2810 4177 2854 4232 si
2898 4191 3058 4248 quem
3085 4178 3303 4233 videant
3352 4178 3589 4232 vicinum
3618 4176 3729 4231 ﬁeri

2145 4272 2441 4342 prmcipitio
2462 4282 2516 4328 et
2543 4272 2844 4342 proximum
2864 4286 2985 4327 esse
3010 4278 3251 4341 peccato,
3272 4279 3333 4326 ut
3362 4270 3601 4327 referant
3622 4270 3727 4325 haec

2143 4365 2210 4419 ad
2246 4366 2579 4435 episcopum,
2613 4372 2669 4420 et
2708 4365 3040 4421 commoneri
3068 4365 3137 4420 ab
3169 4379 3236 4420 eo
3279 4367 3449 4435 possit
3492 4366 3537 4421 is
3567 4364 3653 4435 qui
3679 4363 3726 4419 in

2144 4457 2499 4527 praecipitium
2530 4457 2776 4527 lapsurus
2813 4464 2918 4522 est,
2952 4457 3025 4511 uti
3057 4464 3362 4525 revocetur,
3394 4465 3452 4513 et
3484 4471 3589 4512 non
3614 4469 3726 4510 cor-

2144 4559 2263 4604 ruat
2291 4551 2342 4603 in
2372 4559 2673 4620 peccatum.
2717 4549 3141 4619 Negligentiores
3168 4565 3402 4620 quoque,
3450 4559 3505 4605 et
3531 4541 3622 4604 eos
3641 4546 3725 4617 qui

448 4664 554 4721 que
576 4650 859 4721 prmvalei,
884 4650 1127 4706 crebrius
1157 4664 1322 4720 panes
1345 4665 1405 4705 ac
1420 4650 1564 4705 sales
1592 4666 1720 4706 suos
1741 4665 1862 4705 cum
1878 4649 2041 4722 559
2071 4632 2122 4693 D
2148 4642 2321 4696 rarius
2344 4640 2412 4696 ad
2445 4641 2766 4697 audiendum
2802 4642 3025 4697 verbum
3066 4641 3162 4697 Dei
3183 4641 3466 4712 accedunt,
3499 4656 3595 4698 nec
3621 4637 3725 4694 sol-

450 4740 708 4797 fratribus
735 4741 847 4796 suis
887 4750 1083 4795 sumat.
1114 4741 1217 4795 Per
1258 4741 1373 4795 haec
1401 4743 1544 4798 enim
1570 4743 1839 4811 praecipue
1863 4742 2040 4796 chari-

452 4844 534 4889 tas
559 4842 921 4905 comparatur,
968 4842 1024 4888 et
1063 4847 1225 4888 causa
1272 4831 1435 4888 totius
1466 4832 1593 4888 boni
1646 4833 1697 4887 in
1730 4831 2039 4901 hiijusmodl

449 4927 829 4982 communione
858 4924 1125 4980 consiStit.
1156 4923 1258 4980 Ubi
1286 4934 1462 4978 autem
1494 4940 1597 4993 pax
1623 4933 1676 4978 et
1707 4924 1940 4992 bonitas,
1967 4924 2037 4979 ibi

448 5027 505 5075 et
530 5020 693 5079 salus.
740 5018 974 5088 PrOptcr
1013 5016 1158 5086 quod
1206 5032 1518 5072 communes
1563 5017 1720 5073 facite
1768 5017 1919 5073 cibos
1946 5034 2039 5073 ve-

449 5120 591 5168 stros
614 5128 735 5170 cum
766 5112 849 5168 his
878 5111 968 5184 qui
996 5112 1294 5168 secundum
1322 5110 1491 5167 Deum
1522 5110 1716 5166 fratres
1747 5119 1891 5175 sunt,
1914 5112 2037 5181 quia

450 5220 545 5274 per
564 5204 680 5260 haec
708 5204 1024 5273 temporalia
1046 5203 1244 5272 officia,
1274 5203 1424 5275 pacis
1452 5211 1507 5259 et
1531 5203 1812 5260 charitatis
1843 5204 2037 5260 fructi-

451 5294 548 5352 bus
577 5295 769 5368 gaudia
808 5306 1006 5354 aeterna
1042 5295 1402 5353 merebimini.
1443 5294 1611 5354 Multo
1639 5304 1819 5353 autem
1842 5295 2039 5354 sollici-

524 5558 549 5586 η
587 5547 719 5603 Cod.
752 5540 985 5615 Labbei,
1018 5548 1256 5605 calescat.

521 5616 551 5656 δ
590 5620 754 5675 Idem.
795 5618 917 5674 cod.
938 5663 953 5687 ,
984 5620 1252 5676 adornata.

528 5698 551 5764 ξ
586 5690 685 5743 Ms.
723 5690 939 5764 Vinda,’
968 5692 1197 5764 tradetur
1243 5693 1539 5763 regalibus;
1587 5692 1729 5764 quod
1761 5705 1881 5764 cum
1930 5706 2035 5747 non

456 5761 743 5834 cohaereat,
775 5760 827 5834 in
855 5762 973 5817 aliis
1002 5762 1273 5818 codicibus
1290 5760 1418 5821 mss.
1450 5773 1503 5820 et
1521 5760 1667 5834 vulg.
1690 5763 2034 5819 emendatum

458 5831 556 5911 fuit
576 5846 679 5899 non
711 5832 936 5897 tradetur
963 5835 1239 5917 regalibus.
1263 5835 1544 5909 Yeriorem
1582 5831 1868 5897 lcetionem
1908 5850 2036 5925 δυρ-

2148 4734 2292 4789 licita
2320 4733 2385 4788 ad
2416 4734 2654 4803 episcopi
2678 4742 2963 4788 tractatum
2995 4734 3345 4801 conveniunt,
3365 4733 3465 4804 ipsi
3496 4745 3725 4788 commo-

2144 4836 2308 4881 neaut
2334 4834 2388 4880 et
2415 4826 2716 4882 hortentur.
2759 4825 2816 4881 Si
2845 4810 2987 4881 enim
3017 4825 3223 4882 assidui
3270 4825 3381 4881 sint
3418 4825 3486 4880 ad
3515 4824 3724 4880 audien-

2143 4926 2291 4993 dum,
2335 4940 2442 4981 non
2479 4926 2652 4982 solum
2683 4926 2810 4981 vitae
2839 4935 3057 4981 aeternae
3098 4940 3163 4979 ex
3192 4922 3396 4979 salubri
3440 4917 3724 4979 commoni-

2147 5017 2294 5072 tione
2319 5018 2537 5087 capiunt
2575 5019 2743 5081 lucra,
2781 5032 2968 5074 verum
2998 5025 3052 5073 et
3085 5030 3421 5088 quaecunque
3466 5014 3566 5069 illa:
3602 5018 3724 5066 sunt

2144 5111 2374 5165 tristitia:
2399 5110 2483 5165 vel
2506 5125 2766 5165 mmrores
2799 5119 2821 5147 ο
2840 5126 2959 5181 quae
2988 5123 3055 5165 ex
3086 5106 3371 5179 praesentis
3395 5106 3518 5163 vitae
3545 5116 3723 5158 neces-

2140 5203 2390 5260 sitatibus
2416 5211 2471 5258 et
2494 5203 2736 5261 cladibus
2766 5212 3070 5273 temporum
3097 5203 3344 5269 veniunt,
3378 5209 3596 5270 quaeque
3618 5206 3724 5248 ma~

2140 5296 2315 5352 lorum
2344 5295 2682 5353 sermonibus
2710 5295 2769 5353 in
2815 5296 2980 5353 corde
3023 5309 3124 5353 suo
3160 5293 3310 5352 velut
3346 5291 3525 5365 iacula
3555 5284 3725 5343 deﬁxa

2140 5549 2396 5622 peditavit
2427 5548 2600 5622 codex
2630 5547 2853 5622 Labbei,
2887 5547 3075 5622 Graeco
3106 5551 3255 5622 textu
3287 5542 3628 5622 approbante.

2210 5620 2239 5659 ἀ
2278 5622 2411 5695 god.
2446 5621 2602 5695 Yind.
2636 5621 2832 5695 omittit
2855 5620 2934 5675 uel
2954 5620 3172 5695 aliquod
3195 5620 3410 5672 malum.
3445 5686 3455 5695 _
3519 5683 3530 5695 .

2214 5702 2236 5730 ο
2276 5693 2408 5749 Cod.
2442 5693 2605 5749 llard.
2638 5692 2810 5764 prima
2841 5707 3005 5747 manu
3025 5686 3049 5760 ,’
3082 5692 3207 5763 qui,
3257 5686 3531 5764 recentiori
3565 5694 3712 5761 qua}

2138 5773 2359 5890 οιιιίοει
2385 5780 2586 5839 pauca,
2640 5755 2889 5835 veniunt,
2936 5755 3247 5842 quiscunque
3275 5755 3577 5820 sermonibus
3605 5755 3711 5823 sui!

2138 5852 2193 5890 ιέ
2217 5852 2247 5890 ιι
2278 5876 2292 5890 ι
