3996 6344
311 316 415 391 7δῖ

758 328 987 387 CODEX
1022 317 1349 387 οΑΝοΝυΜ
1389 322 1668 386 EGCl-ES.
1712 324 1800 384 ET
1835 317 2419 384 CONSTITUTORUM
2464 320 2524 382 S.
2568 320 2767 383 SEDIS
2804 318 3120 379 APOSTOL

3488 312 3596 379 738

309 443 714 514 circumferunt,
739 444 1057 515 abjiciuntur
1082 440 1265 499 omnia
1295 442 1676 516 praedicatione
1700 441 1898 497 verita-
1923 444 1981 508 Α
2002 448 2183 496 mente
2209 447 2265 497 et
2284 438 2353 495 de
2376 437 2858 511 repromissionum
2887 432 3452 497 veritatenutantibus
3469 447 3601 490 con-

311 542 379 595 tis
396 580 410 604 ,
436 547 464 576 ι
490 547 546 593 et
571 538 693 593 vita:
719 546 935 593 aeternae
952 536 1218 603 doctrina,
1241 546 1296 593 et
1318 535 1625 593 eruditione
1648 541 1892 605 purgata.

306 631 559 701 Alioquin
574 630 622 685 si
641 629 812 685 multo
827 638 1069 702 tempore
1088 628 1326 685 auditum
1341 628 1660 684 subtraham
1686 639 1718 679 a
1733 625 1903 682 verbo

305 724 435 790 Dei,
486 739 542 780 et
584 733 898 780 remaneant
932 721 960 761 δ
992 725 1045 779 in
1089 725 1235 779 cultu
1266 722 1541 789 vitiorum,
1572 721 1691 777 sine
1734 719 1901 777 dubio

305 817 477 889 spinis
496 828 653 874 erunt
678 833 741 875 ac
773 818 1012 874 sentibus
1040 815 1306 888 occupati.
1341 816 1408 871 Et
1432 815 1560 887 quid
1598 813 1767 881 aliud,
1795 814 1903 870 nisi

306 914 370 966 Ill
395 914 574 982 ignem
606 911 729 967 talis
758 910 876 967 haec
898 920 1040 966 terra
1069 907 1494 980 praeparabitur?
1520 908 1596 963 De
1626 907 1711 962 bis
1733 922 1863 976 ergo
1882 946 1898 972 ,

307 1018 363 1059 ut
391 1005 646 1071 diximus,
681 1015 704 1043 ε
730 1004 975 1060 diaconis
993 1018 1121 1060 cura
1144 1002 1235 1058 sit.
1264 1001 1372 1058 Sed
1402 1012 1455 1056 et
1477 1014 1572 1056 eos
1598 998 1689 1070 qui
1714 1014 1907 1054 secun-

308 1097 433 1151 dum
479 1111 698 1152 carnem
727 1104 1022 1167 mgrotant,
1054 1095 1284 1150 sollicite
1320 1092 1653 1164 perquirant,
1678 1099 1734 1146 et
1761 1089 1903 1159 plebi

309 1188 377 1259 (si
404 1188 542 1251 forte
571 1189 719 1260 plebs
746 1189 979 1259 ignorat)
1018 1186 1260 1243 indicent
1279 1186 1347 1241 de
1375 1184 1479 1251 bis,
1504 1192 1563 1239 ut
1588 1192 1643 1238 et
1690 1181 1792 1253 ipsi
1825 1181 1906 1235 vi-

309 1282 475 1337 sitent
496 1295 611 1345 eos,
644 1290 699 1337 et
727 1296 848 1351 quas
882 1280 1193 1336 necessaria
1221 1286 1347 1333 sunt
1382 1278 1659 1348 praebeant
1679 1276 1760 1331 eis
1782 1290 1904 1330 cunt

310 1376 640 1432 conscientia
664 1376 782 1446 ejus
800 1376 891 1445 qui
920 1382 1136 1445 praeest.
1154 1372 1309 1442 Quod
1335 1381 1514 1428 tamen
1542 1371 1752 1427 etiamsi
1768 1370 1906 1425 clam

310 1472 559 1538 fecerint,
586 1485 694 1525 non
721 1469 1041 1541 peccabunt.
1071 1468 1177 1525 Sed
1208 1476 1265 1523 et
1290 1466 1359 1522 de
1390 1465 1687 1537 peregrinis
1716 1460 1910 1518 simili-

310 1567 393 1617 ter
416 1560 672 1631 episcopo
700 1567 991 1631 suggerant
1023 1557 1368 1623 refovendis;
1408 1565 1463 1612 ct
1491 1566 1688 1612 caetera
1716 1554 1799 1610 his
1828 1553 1906 1609 si-

312 1653 461 1711 milia
498 1667 620 1724 qua:
661 1651 728 1707 ad
758 1652 961 1707 cultum
998 1650 1272 1725 .Eccles'ta:
1313 1658 1367 1706 et
1406 1649 1741 1719 disciplinam
1790 1646 1909 1717 ejus

311 1748 605 1819 pertinent,
646 1745 887 1801 diaconis
914 1742 943 1782 ά
974 1759 1120 1801 cura:
1148 1744 1279 1799 sint.
1322 1744 1425 1811 Qui
1458 1742 1826 1809 catechizant,
1854 1740 1907 1795 id

2010 533 2273 601 ferantur,
2290 542 2449 604 atque
2471 533 2556 588 his
2576 532 2665 601 qui
2690 530 3042 587 irrationabili
3064 530 3223 585 ﬁdem
3252 536 3487 585 nostram
3510 543 3601 585 ra-

2010 629 2157 685 tione
2188 629 2507 684 discutiunt.
2534 626 2843 699 Hypocrita:
2871 636 3051 681 autem
3083 636 3137 681 et
3162 624 3336 680 dolosi
3362 664 3379 690 ,
3411 622 3601 694 piratis

2010 720 2217 778 similes
2260 721 2580 777 habeantur.
2622 720 2737 775 Jam
2766 735 2895 775 vero
2925 718 3144 789 rapidus
3173 726 3384 784 vortex,
3414 724 3473 773 et
3492 726 3605 773 tar-

2011 824 2161 870 tarea
2186 814 2472 885 charybdis
2502 854 2518 880 ,
2549 820 2605 869 et
2633 813 2778 868 saxis
2808 812 2942 869 illisa
2972 810 3247 882 naufragia
3271 854 3287 879 ,
3317 824 3380 866 ac
3410 809 3603 865 morti-

2012 909 2141 965 ferae
2186 906 2624 973 submersiones,
2655 906 2785 977 quid
2841 904 3045 973 aliquid
3094 904 3237 960 aliud
3280 901 3599 959 aestimanda

2012 1013 2160 1071 sunt,
2185 1018 2343 1073 quam
2368 1005 2622 1075 peccata?
2644 1003 2831 1058 Restat
2855 1003 3017 1075 igitur
3040 1010 3097 1057 ut
3119 1002 3235 1057 haec
3262 1002 3414 1056 navis
3440 1014 3604 1056 cursu

2012 1114 2273 1170 proSpero
2296 1108 2404 1154 tuta
2429 1098 2597 1170 possit
2620 1106 2831 1168 portum
2858 1096 3176 1153 desiderata;
3205 1095 3351 1151 urbis
3376 1094 3602 1161 intrare,

2004 1192 2089 1249 ‘ita
2109 1193 2221 1248 Dee
2244 1208 2458 1263 precem
2487 1191 2709 1249 fundere
2729 1192 3064 1263 navigantes,
3091 1200 3148 1245 ut
3174 1198 3483 1246 mereantur
3507 1202 3603 1244 au-

2016 1285 2142 1340 diri.
2174 1284 2362 1339 Audiri
2392 1293 2571 1341 autem
2601 1301 2629 1338 a
2664 1284 2774 1340 Deo
2802 1284 2875 1339 ita
2898 1284 3114 1339 demum
3143 1283 3436 1339 merebitur
3457 1279 3602 1352 quis,

2014 1379 2061 1433 si
2093 1377 2364 1433 orationes
2393 1376 2407 1414 ί
2457 1379 2583 1447 ipsae
2615 1378 2771 1433 bonis
2817 1377 3059 1433 moribus
3086 1385 3141 1431 et
3168 1376 3324 1431 bonis
3352 1375 3606 1445 operibus

2016 1470 2360 1539 adjuventur.
2403 1469 2509 1525 Sed
2548 1482 2673 1525 ante
2717 1470 2897 1525 omnia
2928 1483 3052 1523 cum
3079 1468 3259 1538 quiete
3287 1476 3343 1523 et
3366 1465 3608 1533 silentio,

2016 1564 2245 1632 epibatae
2277 1562 2353 1633 (id
2396 1571 2477 1617 est
2525 1561 2667 1633 laici)
2712 1563 2766 1617 in
2811 1563 2922 1616 suis
2951 1561 3313 1631 unusquisque
3338 1559 3609 1615 resideant

2018 1655 2175 1723 locis,
2216 1670 2282 1710 ne
2320 1655 2457 1709 forte
2488 1670 2585 1725 per
2613 1654 3034 1725 inquietudinem
3070 1662 3125 1708 et
3151 1652 3451 1708 inconditos
3492 1652 3611 1707 inu-

2020 1748 2248 1818 tilesque
2276 1747 2550 1802 discursus
2570 1786 2585 1812 ,
2621 1748 2663 1801 si
2694 1748 2889 1815 passim
2915 1746 3095 1816 vagari
3117 1744 3400 1813 coeperint,
3432 1743 3517 1799 vel
3542 1744 3611 1799 ab

310 1850 427 1905 est,
474 1839 565 1911 qui
592 1838 759 1895 verbo
789 1840 1061 1893 insuuunt
1108 1838 1426 1907 incipientes
1446 1875 1463 1902 ι
1496 1836 1670 1905 Primo
1699 1843 1913 1913 οροτιει
1940 1839 1992 1901 Β
2020 1840 2200 1896 ofﬁcio
2226 1855 2325 1895 suo
2346 1851 2536 1895 nautas
2559 1839 2875 1909 impediant,
2906 1839 2991 1893 vel
3014 1836 3067 1892 in
3097 1837 3323 1892 alterum
3349 1836 3485 1891 latus
3512 1849 3611 1907 per

316 1940 377 1987 ut
406 1932 510 2002 ipsi
538 1931 786 1986 instructi
814 1931 942 1995 sint,
958 1930 1025 1985 de
1047 1930 1223 1985 anima
1242 1929 1384 1984 enim
1412 1927 1588 1998 agitur
1604 1925 1905 1982 hominum.

314 2023 383 2081 Et
414 2030 627 2094 oportet
650 2036 774 2079 eum
803 2023 893 2094 qui
924 2021 1085 2077 docet
1123 2029 1179 2077 et
1219 2020 1433 2076 instruit
1461 2019 1670 2075 animas
1716 2018 1906 2083 rudes,

312 2129 434 2173 esse
456 2116 619 2171 talem
635 2125 694 2171 ut
717 2130 813 2186 pro
834 2116 1047 2185 ingenio
1064 2114 1385 2170 discentium
1413 2113 1763 2181 semetipsum
1786 2125 1913 2181 pos-

313 2208 387 2265 sit
410 2217 599 2279 aptare
615 2248 631 2273 ,
655 2216 711 2263 et
734 2208 886 2264 verbi
914 2207 1160 2262 ordinem
1196 2221 1294 2276 pro
1322 2204 1588 2261 audientis
1610 2202 1913 2273 capacitate

318 2297 578 2370 dirigere.
600 2298 767 2355 Debet
794 2313 922 2369 ergo
963 2298 1078 2369 ipse
1107 2306 1132 2334 °
1157 2298 1401 2367 apprime
1438 2309 1559 2351 esse
1587 2294 1831 2351 eruditus
1859 2302 1915 2349 et

317 2391 535 2460 doctus,
561 2392 1075 2464 irreprehensibilis,
1109 2400 1374 2455 maturus,
1407 2388 1729 2459 impavidus,
1773 2386 1915 2442 sicut

316 2482 420 2554 ipsi
451 2484 746 2554 probabitis
776 2484 891 2540 fore
939 2483 1271 2539 Clementem
1303 2488 1442 2538 hunc
1490 2490 1613 2552 post
1642 2496 1747 2536 me.
1780 2479 1915 2534 Mul-

318 2588 433 2635 tum
465 2590 548 2637 est
562 2590 763 2646 autem,
792 2579 837 2634 si
865 2594 966 2651 ego
995 2594 1138 2634 nunc
1157 2579 1223 2634 de
1253 2576 1477 2647 singulis
1489 2591 1610 2645 qua:
1625 2572 1915 2644 unusquis-

316 2693 426 2751 que
446 2677 650 2733 habere
671 2675 865 2731 debeat
892 2687 1204 2743 prosequar.

390 2772 775 2829 Verumtamen
801 2768 933 2824 illud
958 2775 1037 2823 est
1058 2766 1201 2837 quod
1227 2780 1336 2835 prae
1360 2766 1574 2820 caeteris
1586 2764 1653 2819 ab
1669 2764 1919 2819 omnibus

320 2863 477 2922 vobis
516 2862 676 2934 cupio
704 2862 759 2917 in
788 2875 1073 2916 commune
1116 2857 1344 2921 servari,
1377 2867 1435 2912 ut
1464 2856 1809 2912 concordiam
1835 2865 1919 2911 te-

321 2958 516 3025 neatis,
551 2956 570 2993 ¹
608 2970 706 3027 per
756 2955 899 3026 quod
950 2954 1123 3010 solum
1186 2952 1408 3022 potestis
1469 2961 1683 3022 portum
1726 2950 1924 3022 quietis

325 3052 531 3110 intrare
582 3056 640 3106 et
688 3048 961 3104 civitatem
1012 3046 1209 3101 summi
1251 3046 1452 3116 Regis,
1506 3061 1625 3116 qua:
1674 3060 1777 3115 pax
1828 3058 1926 3099 no-

326 3146 587 3202 minatur.
655 3142 860 3199 Similis
928 3154 1160 3210 namque
1213 3148 1296 3195 est
1362 3149 1532 3194 status
1596 3138 1773 3194 omnis
1822 3137 1927 3192 Ec-

2016 1934 2445 2003 inquietudinem
2476 1948 2663 1989 eorum
2693 1932 2844 1986 navis
2868 1945 3050 1999 pressa
3074 1929 3439 1998 demergatur.
3466 1925 3579 1982 Nau
3598 1956 3612 1967 -

2016 2029 2209 2098 stologi
2232 2030 2244 2078 i
2279 2027 2347 2083 de
2368 2026 2709 2083 mercedibus
2726 2034 3127 2092 commoneant,
3151 2033 3208 2079 et
3233 2022 3365 2079 nihil
3392 2022 3614 2077 omnino

2016 2120 2161 2193 quod
2192 2121 2257 2176 ad
2287 2120 2618 2190 diligentiam
2643 2120 2725 2175 vel
2757 2119 2824 2174 ad
2852 2117 3195 2187 disciplinam
3223 2117 3471 2186 pertinet,
3495 2114 3614 2170 dia-

2017 2214 2141 2269 coni
2169 2213 2461 2283 negligant.
2480 2212 2812 2283 Presbyteri,
2830 2212 2973 2266 velut
2995 2218 3169 2266 nauta:
3190 2216 3377 2279 aptent
3403 2206 3613 2278 singula

2019 2308 2087 2362 ad
2122 2306 2531 2363 instructionem
2548 2307 2695 2361 navis
2715 2306 3021 2377 diligenter,
3044 2312 3101 2359 et
3126 2304 3389 2359 instruant
3416 2315 3535 2372 qua:
3558 2299 3615 2358 in

2020 2415 2120 2457 suo
2155 2409 2397 2469 tempore
2441 2398 2765 2468 requirenda
2823 2406 2970 2452 sunt.
3014 2396 3313 2465 Episcopus
3361 2402 3615 2462 tanquam

2020 2506 2237 2569 proreta
2270 2495 2551 2565 vigilanter
2579 2504 2634 2549 et
2669 2493 2900 2549 sollicite
2922 2488 3300 2561 gubernatoris
3328 2488 3492 2543 verba
3524 2500 3620 2541 cu-

2022 2591 2224 2646 stodiat
2250 2587 2475 2644 Christi.
2492 2586 2740 2643 Salvator
2772 2585 3052 2648 Dominus,
3078 2587 3409 2653 gubernator
3430 2578 3619 2634 Eccle-

2024 2686 2121 2741 siae
2147 2698 2280 2749 suae,
2326 2683 2579 2753 diligatur
2608 2680 2677 2735 ab
2702 2679 2977 2745 omnibus,
3000 2687 3053 2733 et
3089 2676 3257 2747 ipsius
3286 2674 3453 2729 solius
3476 2685 3621 2743 prte-

2026 2777 2200 2847 ceptis
2225 2791 2287 2831 ac
2304 2776 2471 2845 jussis
2498 2774 2684 2831 credat
2708 2782 2763 2829 et
2783 2772 3004 2829 obediat
3027 2770 3205 2825 omnis
3220 2768 3483 2825 Ecclesia.
3512 2765 3625 2822 Deo

2027 2884 2243 2940 quoque
2275 2869 2645 2924 indesinenter
2665 2865 2997 2937 supplicetur
3023 2880 3053 2919 a
3075 2864 3280 2920 cunctis
3304 2862 3374 2918 de
3401 2873 3623 2933 prospe~

2029 2963 2191 3017 ritate
2217 2972 2499 3017 ventorum
2532 2960 2579 3014 ιι.
2628 2959 2953 3029 Navigantes
2973 2972 3187 3013 omnem
3219 2954 3623 3011 tribulationem

2032 3064 2088 3109 et
2106 3070 2270 3110 omne
2303 3054 2596 3123 periculum
2628 3060 2916 3122 superent,
2942 3058 3195 3119 tanquam
3225 3061 3375 3102 mare
3406 3043 3625 3115 profun-

2034 3149 2161 3205 dum
2182 3149 2362 3203 mundi
2388 3150 2542 3203 istius
2567 3158 2621 3202 et
2644 3149 2765 3202 vitae
2783 3146 3031 3201 humanae
3055 3144 3273 3215 pelagus
3290 3142 3624 3211 navigantes,

329 3239 509 3295 διεβίω
527 3251 732 3306 magna
762 3234 884 3290 navi
912 3247 1031 3304 (ιυω
1068 3248 1165 3303 per
1193 3232 1461 3289 undosum
1502 3233 1723 3304 pelagus
1747 3234 1928 3289 diver—
1956 3212 2005 3277 C
2038 3243 2091 3298 in
2122 3258 2228 3313 quo
2250 3240 2594 3297 esuriendum
2624 3239 2693 3297 sit
2711 3249 2764 3295 et
2791 3212 3115 3304 sitiendum;
3145 3212 3306 3309 πε
3329 3234 3626 3289 nuditatem

330 3334 405 3388 sis
446 3346 479 3387 e
533 3330 667 3386 locis
714 3338 771 3385 et
818 3328 1125 3397 regionibus
1176 3328 1323 3383 'viros
1373 3336 1590 3396 portat,
1647 3328 1711 3381 ad
1763 3342 1926 3381 unam

330 3422 491 3495 ‘61
525 3423 758 3493 potentis
788 3420 937 3492 regni
964 3421 1150 3476 urbem
1180 3436 1473 3491 properare
1502 3420 1804 3489 cupientes.
1837 3419 1925 3475 Sit

334 3531 464 3586 ergo
514 3516 667 3571 navis
699 3513 857 3585 hujus
888 3514 1138 3569 dominus
1162 3513 1359 3584 (Const.
1393 3529 1463 3581 tt,
1488 3513 1581 3582 6i)
1608 3512 1724 3581 ipse
1750 3512 1928 3567 omni-

334 3620 529 3682 potens
584 3612 760 3679 Deus,
814 3612 1144 3683 gubernator
1190 3626 1320 3666 vero
1376 3612 1447 3665 sit
1486 3609 1756 3665 Christus.
1792 3610 1928 3664 Tum

335 3704 533 3759 deinde
560 3712 795 3775 proreta;
823 3704 1058 3760 officium
1100 3704 1387 3775 episcopus
1416 3704 1640 3773 impleat
1664 3745 1678 3768 ,
1707 3702 1931 3772 presbyo

314 3832 321 3837 ο
336 3798 438 3852 teri
462 3805 768 3861 nautarum,
784 3797 994 3851 diaconi
1011 3796 1447 3865 dispettsatorum
1479 3795 1655 3849 locum
1682 3803 1928 3859 teneant;

338 3887 395 3944 bi
425 3891 518 3959 qui
542 3889 901 3954 catechizant,
936 3888 1263 3956 naustologis
1297 3887 1670 3953 conterantur;
1704 3886 1933 3955 epibatis

338 3989 519 4037 autem
551 3983 715 4037 totius
742 3981 1093 4035 fraternitatis
1124 3978 1414 4034 multitudo
1457 3977 1652 4033 similis
1694 3980 1764 4033 sit
1796 3995 1811 4044 ;
1846 3979 1928 4048 ip-

336 4085 457 4129 sum
489 4088 703 4145 quoque
748 4088 897 4129 mare
940 4074 1027 4128 hic
1064 4074 1293 4129 mundus
1318 4075 1607 4139 habeatur;
1649 4085 1932 4129 ventorum

337 4176 468 4222 vero
501 4167 792 4222 varietates
832 4175 886 4221 et
917 4166 1186 4222 turbinum
1219 4208 1235 4233 ,
1267 4167 1498 4222 diversis
1546 4150 1935 4222 téhtationibus

337 4260 718 4327 conferantur;
744 4262 1149 4331 persecutiones
1180 4261 1547 4316 tribulationes
1581 4269 1637 4315 et
1672 4261 1932 4329 pericula,

339 4353 589 4411 ﬂuetibus
629 4363 999 4425 exatquentur.
1028 4354 1252 4408 Terreni
1291 4371 1419 4409 vero
1443 4356 1695 4424 spiritus,
1726 4352 1820 4423 qui
1849 4352 1933 4408 vel

339 4448 407 4505 de
430 4449 781 4515 torrentibus,
801 4449 887 4504 vel
912 4450 979 4504 de
998 4448 1331 4503 convallibus
1352 4449 1579 4516 spirant,
1606 4448 1937 4516 pseudOpro-

338 4542 627 4613 phetarum
657 4550 713 4597 et
740 4541 1107 4603 seductorum,
1139 4556 1234 4595 seu
1262 4554 1442 4610 pravae
1475 4541 1737 4595 doctrinae
1769 4539 1935 4595 verba

2038 3350 2252 3406 quoque
2282 3334 2581 3399 ferendam,
2632 3334 2848 3388 morbos
2880 3332 3043 3388 etiam
3065 3331 3310 3399 corporis
3336 3338 3388 3382 et
3414 3323 3629 3395 aegritus

2038 3429 2193 3483 dines
2216 3425 2541 3481 tolerandas.
2557 3426 2779 3494 Insuper
2799 3434 2853 3480 et
2885 3424 3160 3478 hominum
3186 3419 3393 3475 insidiis
3422 3432 3485 3473 ac
3504 3415 3631 3472 dolo

2038 3535 2184 3591 saepe
2211 3519 2583 3584 laborandum,
2619 3519 2816 3588 quippe
2852 3516 2941 3586 qui
2994 3511 3383 3583 dispergeudos
3411 3524 3471 3565 se
3496 3522 3630 3564 non-

2039 3614 2311 3684 nunquam
2343 3612 2596 3667 noverint
2620 3651 2638 3679 ,
2664 3611 2758 3665 sed
2790 3607 3078 3679 aliquando
3102 3606 3265 3661 etiam
3292 3615 3630 3673 congregan-

2039 3706 2175 3772 dos;
2210 3706 2442 3761 vomitus
2465 3718 2679 3773 quoque
2704 3710 2760 3757 et
2800 3699 3172 3771 sugillationes
3199 3695 3479 3761 ferendas,
3507 3706 3631 3749 cum

2040 3815 2109 3857 ex
2158 3799 2477 3855 confusione
2520 3805 2864 3868 peccatorum
2902 3803 2957 3851 et
2993 3793 3285 3864 reiectione
3322 3790 3630 3854 criminum,

2040 3892 2186 3947 velut
2218 3891 2359 3946 male
2384 3889 2694 3961 congregati
2722 3890 2773 3943 in
2798 3888 3094 3942 visceribus
3126 3884 3287 3951 fellis,
3310 3882 3517 3953 jactura
3549 3879 3633 3934 fa-

2041 3986 2231 4041 cienda
2258 3993 2377 4053 est,
2409 3994 2465 4041 et
2491 3984 2787 4055 alijicienda
2817 3986 3039 4052 prors‘us
3068 3995 3100 4035 e
3128 3978 3296 4035 corde
3324 3976 3501 4032 omnis
3551 3974 3633 4029 in«

2043 4081 2310 4136 trinsecus
2337 4094 2457 4150 quae
2492 4078 2621 4134 latet
2649 4075 2953 4132 amaritudo
2983 4072 3228 4145 peccati,
3272 4074 3317 4126 si
3349 4084 3451 4141 qua
3491 4068 3634 4123 forte

2042 4189 2109 4229 ex
2139 4173 2421 4228 desideriis
2465 4172 2664 4242 iniquis
2688 4211 2705 4239 ,
2736 4168 2884 4226 velut
2911 4184 2976 4223 ex
3011 4167 3145 4221 cibis
3174 4164 3379 4226 noxiis.
3410 4174 3616 4232 congre

2040 4274 2163 4338 gata
2190 4276 2294 4321 est.
2312 4266 2481 4332 Quam
2510 4265 2693 4334 utique
2721 4278 2841 4318 cum
2870 4260 3168 4317 evomuerit
3194 4259 3312 4327 quis
3339 4264 3393 4310 et
3421 4254 3609 4324 ahjece

2041 4362 2133 4430 rit,
2157 4360 2387 4431 ingentis
2416 4357 2753 4429 aegritudinis
2784 4352 3101 4409 liberabitur
3126 4350 3347 4414 morbo;
3377 4348 3422 4403 si
3455 4359 3630 4402 tamen

2041 4464 2167 4525 post
2210 4453 2465 4508 vomitum
2488 4492 2502 4517 ,
2554 4466 2673 4520 quae
2717 4448 2783 4503 ad
2811 4447 3095 4503 sanitatem
3128 4443 3402 4513 pertinent
3430 4450 3632 4496 sumat.

2042 4548 2427 4604 Verumtamen
2450 4546 2645 4602 scitote
2664 4544 2840 4599 cuncti
2868 4538 3010 4612 quod
3028 4553 3189 4608 supra
3220 4550 3409 4592 omnes
3440 4551 3537 4590 vos
3561 4537 3609 4589 la

341 4649 368 4688 ι
389 4640 686 4707 ducantur;
720 4643 1086 4711 promontoria
1119 4656 1245 4696 vero
1287 4651 1339 4695 et
1368 4640 1484 4695 loca
1508 4641 1851 4712 confragosa,
1881 4639 1936 4695 hi
1962 4602 2019 4664 Β
2044 4642 2204 4699 boret
2227 4641 2545 4711 episcopus;
2600 4636 2723 4707 quia
2780 4632 3149 4703 unusquisque
3191 4642 3430 4686 vestrum
3481 4644 3636 4683 suum

339 4735 431 4808 qui
478 4737 531 4791 in
561 4737 919 4807 potestatibus
948 4736 1133 4791 saeculi
1173 4745 1297 4791 sunt
1318 4735 1533 4806 iudices
1554 4777 1569 4801 ,
1603 4746 1657 4792 et
1696 4736 1933 4807 pericula

342 4828 621 4885 minantur
648 4838 706 4884 et
730 4839 955 4884 mortes.
980 4826 1010 4864 ιι
1041 4826 1343 4882 Dithalassa
1374 4844 1503 4883 vero
1525 4830 1663 4899 loca,
1692 4844 1814 4900 qua:
1833 4831 1934 4885 du-

340 4922 569 4995 plicibus
612 4920 777 4979 undae
820 4919 1030 4978 fallacis
1059 4920 1279 4977 aestibus
1319 4921 1709 4991 verberantur,
1752 4921 1932 4978 dubiis

368 5159 379 5171 _
482 5087 630 5143 Idem
668 5082 872 5152 codex,
907 5083 1024 5138 vita!
1067 5084 1351 5138 aeternitate
1399 5085 1634 5139 doctrina
1670 5098 1719 5143 et
1761 5086 1936 5142 erudi-

338 5169 650 5285 ml’thndd.
680 5225 841 5282 Vind.
872 5234 929 5281 et
972 5225 1176 5291 Hard.,
1218 5242 1251 5279 a
1280 5226 1438 5281 cultu.
1470 5228 1568 5291 Ms,
1609 5227 1781 5283 Lahb.
1802 5268 1816 5293 ,
1859 5229 1940 5282 in-

340 5301 464 5355 culti
492 5303 753 5356 uitiorum.
805 5300 960 5363 Mox,
1008 5298 1119 5351 sine
1164 5297 1321 5351 dubio
1365 5299 1668 5353 dimiserunt
1724 5299 1776 5352 in
1833 5314 1939 5357 ms.

342 5371 501 5426 Vind.
522 5415 539 5439 ,
568 5384 827 5436 erronee,
860 5368 950 5439 ubi
976 5383 1074 5438 pro
1090 5368 1390 5423 dimiserunt
1412 5370 1623 5423 videtur
1644 5368 1934 5439 legendum

343 5445 513 5525 dantis
545 5449 719 5527 erant.
746 5440 880 5496 Cod.
907 5438 1075 5495 Labb.
1094 5480 1110 5507 ,
1138 5440 1247 5495 sine
1279 5439 1430 5494 dubio
1456 5440 1621 5495 Deum
1648 5438 1936 5494 amiserunt

344 5524 853 5668 ψὲιξῇῗιῖοίὶεςᾱη
886 5582 1135 5668 Diaconi,
1167 5592 1221 5639 et
1250 5592 1371 5655 post
1398 5597 1565 5653 pauca
1597 5582 1740 5641 delet
1773 5583 1935 5654 plebs.

416 5653 446 5694 ἀ
484 5657 631 5713 idem
661 5656 783 5711 cod.
804 5696 821 5721 ,
849 5670 977 5709 cura
1006 5658 1092 5711 sit.

422 5738 447 5766 ε
492 5728 642 5799 Vulg.
693 5727 897 5782 addunt
940 5729 1198 5799 praecipue
1231 5743 1250 5782 :
1289 5727 1586 5783 delevimus
1634 5742 1758 5783 cum
1804 5740 1938 5782 mss.

353 5797 509 5856 Vind.
540 5797 613 5855 et
630 5798 795 5855 Hard.

421 5867 445 5913 ι
489 5870 681 5930 Melius
721 5871 847 5930 cod.
898 5871 1107 5940 Labb.,
1126 5887 1223 5940 per
1247 5887 1401 5939 quam
1424 5871 1614 5930 solam.
1656 5868 1793 5929 Dein
1817 5877 1946 5937 post

2046 4736 2323 4809 proprium
2354 4734 2459 4789 fert
2480 4732 2718 4788 laborem
2741 4770 2756 4795 ,
2781 4729 2869 4785 ille
2894 4742 3023 4783 vero
3055 4736 3110 4782 et
3140 4742 3293 4782 suum
3325 4735 3377 4780 et
3401 4725 3635 4792 singulo-

2045 4845 2188 4886 rum.
2221 4828 2445 4898 Propter
2462 4824 2676 4898 quod,o
2696 4822 2967 4885 Clemens,
2994 4828 3247 4891 tanquam
3276 4818 3366 4887 qui
3388 4817 3639 4871 omnibus

2046 4938 2283 4998 prmesse
2312 4931 2368 4980 te
2396 4921 2647 4990 noveris,
2696 4918 2936 4991 singulos
2980 4916 3165 4983 (prout
3197 4910 3458 4981 potueris)
3493 4910 3671 4968 iuva.’
3746 4900 3753 4907 ί

2040 5082 2265 5139 verbum
2308 5080 2607 5135 nominatur
2638 5078 2783 5147 vttlg.
2826 5074 3030 5130 addunt
3052 5065 3640 5147 _I_t_ab_itare.__Reduudat

2042 5138 2149 5210 hoc
2169 5153 2393 5208 verbum
2412 5193 2425 5212 ,
2453 5165 2553 5205 nec
2581 5138 2772 5217 legitu'r
2803 5148 2857 5201 in
2878 5159 3019 5217 mss.
3052 5140 3211 5217 Vind.
3240 5150 3295 5195 et
3323 5138 3489 5217 Harii.

2120 5207 2145 5272 ἓ
2186 5224 2281 5278 Ms.
2335 5207 2529 5287 Labb.,
2574 5207 2837 5275 vocentur.
2877 5213 3066 5281 Vind.,
3112 5212 3167 5266 in
3192 5225 3361 5282 praete
3388 5207 3639 5263 doctrina:

2044 5296 2197 5351 verba
2226 5296 2493 5347 docentur.

2121 5365 2145 5403 δ
2187 5366 2285 5421 Ms.
2313 5364 2477 5419 Hard.
2495 5406 2509 5429 ,
2538 5356 2853 5416 Bithalassa.

2129 5437 2145 5476 ί
2191 5436 2323 5491 Cod.
2358 5430 2547 5498 Labb.,
2580 5432 2762 5501 ipsius.

2125 5511 2139 5560 i
2196 5509 2340 5563 Idem
2368 5520 2471 5561 ms.
2501 5498 2662 5567 male,
2693 5502 2754 5554 de
2776 5498 3043 5553 mercibus.

2122 5580 2146 5617 ³*
2192 5578 2346 5649 Vulg.
2365 5578 2464 5630 alia
2497 5571 2926 5649 interpunctimie
2945 5570 3187 5625 inserunt
3214 5575 3486 5649 unquam
3512 5576 3638 5637 par-

2050 5651 2271 5707 ticulam
2294 5638 2423 5703 cum
2471 5660 2573 5699 ms.
2602 5638 2759 5698 Vind.
2792 5650 2846 5697 et
2884 5640 3072 5696 Graeco
3118 5649 3270 5696 textu
3313 5638 3635 5697 delevimus.

2052 5724 2193 5783 Mor
2210 5734 2305 5789 pro
2334 5726 2567 5787 superent
2597 5714 2719 5770 cod.
2756 5712 2912 5770 Vind.
2938 5720 3172 5785 sperent;
3197 5728 3265 5770 ex
3290 5712 3483 5771 Graeco
3502 5707 3635 5768 red-

2052 5791 2287 5852 dendum
2316 5794 2625 5858 exspectent.
