3996 6344
390 324 497 396 πυ

1328 324 1671 394 ΔΡΡΕΝΟΙΧ
1709 336 1802 393 ΑΒ
1841 337 1897 393 s.
1942 316 2184 394 Leonis
2218 318 2436 395 mam
2476 338 2726 397 orans.

3562 342 3683 410 uo

386 460 445 510 et
476 448 713 521 singulos
740 428 940 516 releva,
974 445 1065 519 qui
1106 454 1161 503 et
1190 445 1518 519 singulorum
1540 464 1678 505 onus
1698 455 1752 507 et
1778 434 1976 507 sollici-
2003 461 2056 519 Α
2085 451 2186 535 tias
2209 467 2481 521 reparare,
2516 452 2732 509 festinet
2758 452 2915 509 citius
2935 453 3272 513 reconciliari
3300 453 3356 514 ei
3374 459 3466 529 qui
3495 462 3676 521 omni-

386 538 626 605 tudinem
646 551 844 613 portas.
874 539 1023 597 Unde
1041 549 1094 597 et
1116 554 1215 612 ego
1233 556 1375 596 nunc
1397 541 1536 598 hanc
1560 542 1654 599 tibi
1686 542 1972 614 injungens

386 631 865 707 dispensationem,
882 633 992 689 scio
1008 634 1133 704 quia
1154 631 1360 704 accipio
1380 635 1608 706 gratiam
1625 637 1792 705 magis
1812 650 1970 706 quam

386 728 606 805 praesto.
636 716 744 787 Sed
770 736 888 785 esto
919 726 1196 784 conlidens
1223 737 1277 783 et
1305 726 1520 784 fortiter
1550 725 1759 796 ferens;
1788 739 1969 785 certus

385 820 510 900 (uia
554 823 756 881 laboris
798 823 877 878 tui
922 822 1173 879 meritum
1205 823 1464 892 recipies,
1512 832 1634 880 cum
1667 823 1731 878 ad
1760 834 1970 895 portum

385 916 584 991 quietis
618 917 937 974 incolumem
971 915 1107 972 hanc
1135 916 1447 989 provexeris
1476 932 1691 973 navem.
1722 916 1798 972 lbi
1830 930 1974 972 mer-

383 1013 545 1071 cedes
574 1023 630 1069 et
656 1012 872 1084 prtemia
896 1028 992 1085 pro
1021 1011 1262 1068 omnium
1291 1009 1467 1066 salute
1498 1011 1782 1079 suscipias,
1812 1010 1856 1066 si
1886 1009 1971 1065 hic

384 1102 485 1179 pro
531 1104 772 1161 omnium
818 1102 1187 1161 incolumitate
1225 1102 1549 1175 vigilaveris.
1602 1102 1787 1173 Itaque
1825 1103 1870 1158 si
1917 1109 1971 1157 te

382 1198 535 1261 inuiti
556 1218 587 1260 e
612 1200 862 1259 fratribus
879 1211 1099 1273 propter
1126 1200 1360 1273 rigorem
1384 1199 1605 1271 iustitia:
1618 1198 1744 1255 odio
1771 1198 1972 1254 habue-

382 1298 527 1367 rint,
555 1314 621 1355 ex
663 1296 771 1353 hoc
812 1295 1029 1369 Quidem
1062 1311 1169 1351 non
1213 1294 1455 1363 laederis,
1502 1292 1596 1350 sed
1624 1309 1692 1348 ex
1723 1292 1969 1363 hujusce-

384 1388 531 1447 modi
559 1389 698 1445 odiis
727 1403 881 1444 amor
905 1387 999 1443 tibi
1016 1384 1392 1443 conciliabitur
1424 1384 1536 1438 Dei.
1581 1386 1645 1439 Et
1677 1384 1797 1441 ideo
1827 1394 1971 1440 sata~

380 1499 450 1556 ge
480 1482 650 1554 magis
674 1490 727 1538 et
747 1480 931 1551 reluge
953 1495 1022 1536 ne
1048 1478 1285 1535 lauderis
1312 1477 1380 1532 ab
1406 1477 1624 1548 iniquis,
1650 1486 1787 1532 etne
1803 1493 1833 1530 a
1850 1492 1970 1547 pes-

382 1574 520 1634 sime
552 1576 838 1649 agentibus
860 1573 1135 1645 diligaris;
1160 1571 1255 1628 sed
1280 1574 1456 1642 potius
1484 1580 1703 1641 propter
1722 1580 1743 1605 δ
1768 1567 1968 1639 justam

379 1668 841 1741 dispensationem
887 1677 938 1722 et
982 1665 1342 1736 aequissimam
1389 1663 1626 1734 regulam
1674 1660 1969 1741 disciplinae

381 1777 411 1817 a
433 1760 651 1817 Christo
700 1758 997 1815 collaudari
1023 1756 1302 1813 merearis.
1338 1752 1463 1810 llaec
1491 1771 1613 1811 cum
1645 1754 1888 1821 dixisset,
1915 1764 1969 1809 et

2078 547 2179 627 bus
2212 557 2425 623 praeest,
2452 558 2506 604 et
2536 563 2627 619 per
2667 548 2768 605 hoc
2796 548 2982 605 redeat
3006 549 3075 606 ad
3105 550 3355 620 salutem,
3386 566 3511 611 eum
3532 555 3665 612 obe-

2078 640 2195 697 dire
2223 641 2450 712 coeperit
2478 643 2698 699 monitis
2734 644 3097 713 praesidentis.
3126 645 3186 703 Si
3222 661 3356 705 vero
3380 648 3501 717 quis
3530 651 3671 707 ami-

2076 750 2172 815 cus
2199 734 2359 791 fuerit
2390 736 2489 813 his,
2510 737 2701 807 quibus
2732 738 2848 808 ipse
2875 739 3082 796 amicus
3108 757 3215 815 non
3243 751 3349 809 est,
3377 751 3435 799 et
3453 747 3670 802 locutus

2076 814 2235 883 fuerit
2260 827 2344 882 his
2381 824 2576 898 quibus
2604 829 2720 899 ipse
2766 845 2873 885 non
2898 830 3175 901 loquitur,
3198 814 3346 891 unus
3375 844 3542 892 estet
3565 836 3681 905 ipse

2075 920 2140 978 ex
2169 922 2273 978 illis
2303 923 2392 993 qui
2415 924 2775 980 exterminare
2796 924 2985 982 volunt
3003 926 3302 985 Ecclesiam
3325 928 3458 995 Dei;
3480 938 3678 986 etcum

2075 1029 2301 1086 corpore
2360 1017 2635 1073 vobiscum
2674 1033 2799 1074 esse
2827 1018 3105 1087 videatur,
3158 1030 3343 1078 mente
3389 1031 3449 1085 et
3497 1023 3680 1080 animt!

2075 1117 2261 1163 contra
2294 1122 2399 1163 vos
2416 1117 2517 1166 est.
2545 1110 2614 1164 Et
2641 1120 2728 1165 est
2755 1111 2925 1168 multo
2947 1112 3172 1182 nequior
3199 1113 3371 1170 hostis
3401 1111 3492 1168 hie
3515 1127 3677 1183 qualn

2075 1200 2151 1256 illi
2170 1200 2262 1272 qui
2289 1200 2419 1257 foris
2442 1210 2587 1267 sunt,
2604 1210 2660 1258 et
2686 1203 2968 1259 evidenter
2997 1203 3202 1273 inimici
3230 1213 3378 1261 sunt.
3406 1204 3514 1261 llie
3532 1205 3678 1263 enim

2074 1306 2173 1367 per
2197 1291 2555 1369 amicitiarum
2577 1293 2814 1362 speciem
2837 1334 2853 1361 ,
2883 1310 3005 1366 qua:
3040 1292 3059 1332 ί
3095 1296 3297 1351 inimici
3342 1305 3476 1351 sunt
3514 1296 3676 1367 gerit,

2074 1393 2127 1440 et
2152 1383 2446 1440 Ecclesiam
2471 1385 2739 1461 dispergit
2765 1400 2827 1442 ac
2842 1395 3036 1441 vaStat.
3061 1387 3270 1443 Etcum
3285 1387 3401 1443 haec
3423 1386 3675 1455 dixisset,

2074 1476 2127 1530 in
2159 1460 2336 1532 medio
2363 1491 2544 1532 coram
2571 1460 2822 1533 omnibus
2850 1492 3045 1534 manus
3070 1478 3203 1548 mihi
3228 1478 3493 1548 imposuit
3512 1479 3677 1546 ,et'n

2074 1567 2330 1623 cathedra
2357 1584 2456 1625 sua
2481 1610 2499 1636 ,
2529 1569 2731 1642 ingenti
2760 1570 3083 1626 verecundia
3131 1544 3415 1643 fatigatum
3439 1614 3459 1641 ,

2074 1676 2160 1716 me
2186 1662 2463 1732 compulit.
2487 1662 2733 1734 Cumque
2759 1665 3054 1730 sedissem,
3089 1664 3207 1720 hzec
3229 1664 3299 1720 ad
3342 1680 3432 1719 me
3457 1679 3677 1721 rursum

2075 1758 2281 1815 locutus
2311 1767 2394 1815 est
2426 1776 2441 1814 :
2464 1760 2737 1831 Deprecor
2756 1770 2830 1827 te,
2855 1774 2889 1815 ο
2916 1758 3189 1827 Clemens,
3213 1759 3678 1816 coramomnibas

380 1846 469 1916 his
492 1856 683 1913 similia
709 1854 1123 1927 quamplurima,
1158 1867 1368 1908 rursum
1393 1847 1688 1920 respiciens
1710 1849 1776 1905 ad
1803 1865 1970 1920 popu-
2000 1856 2048 1918 Β
2075 1853 2161 1922 qui
2200 1864 2495 1920 prasentes
2522 1863 2652 1910 sunt
2676 1896 2692 1919 ,
2717 1864 2775 1910 ut
2813 1861 3162 1924 posteaquam
3208 1854 3376 1925 (sicut
3406 1864 3432 1900 κ
3464 1862 3677 1911 natura

374 1951 509 2023 lum,
538 1948 702 2006 dixit:
724 1949 828 2006 Sed
864 1960 917 2005 et
942 1964 1058 2018 vos,
1091 1946 1397 2004 charissimi
1428 1946 1620 2003 fratres
1642 1955 1697 2002 et
1720 1948 1965 2027 conservi

373 2043 504 2113 mei,
531 2042 655 2098 huic
682 2027 777 2113 qui
796 2040 1049 2112 praesidet
1069 2038 1220 2096 vobis
1247 2038 1314 2096 ad
1340 2040 1625 2095 veritatem
1644 2039 1962 2107 docendam,

372 2116 429 2192 in
451 2133 700 2190 omnibus
728 2132 981 2199 obedite;
1015 2133 1250 2189 scientes
1279 2132 1424 2203 quod
1449 2132 1494 2187 si
1517 2133 1636 2204 quis
1663 2132 1802 2187 hunc
1830 2146 1961 2188 con-

372 2210 997 2296 tristaverit,Christum,
1015 2224 1109 2296 qui
1131 2208 1179 2279 ei
1210 2218 1240 2263 ³
1264 2221 1493 2281 docendi
1520 2222 1749 2280 credidit
1776 2223 1960 2279 cathe—

370 2314 545 2389 dram,
566 2334 675 2375 non
707 2318 915 2390 recipit.
944 2318 1010 2372 Et
1039 2326 1294 2387 tanquam
1316 2316 1407 2386 qui
1434 2314 1708 2371 Christum
1742 2330 1848 2371 non
1871 2330 1962 2371 su-

369 2412 624 2483 sceperit,
647 2427 748 2468 nec
772 2411 941 2466 Deum
973 2410 1186 2465 Patrem
1214 2408 1517 2479 suscepisse
1535 2408 1886 2479 iudicabitur,
1910 2419 1963 2464 et

370 2502 497 2561 ideo
530 2518 632 2560 nec
666 2502 781 2572 ipse
806 2498 1128 2571 suscipietur
1150 2501 1204 2557 in
1233 2515 1401 2571 regno
1432 2501 1715 2556 ctelorum.
1743 2492 1965 2573 Propter

368 2594 516 2669 quod
532 2594 763 2667 satagite
786 2592 853 2649 ad
876 2608 1090 2649 omnem
1108 2574 1391 2649 collectam
1417 2602 1470 2648 et
1493 2594 1962 2666 congregationem

369 2705 590 2761 semper
607 2689 922 2758 convenire,
942 2698 998 2744 ut
1024 2686 1130 2744 non
1160 2688 1305 2766 velut
1324 2688 1651 2759 negligentes
1673 2700 1726 2744 et
1752 2688 1961 2746 desides

367 2780 399 2841 a
442 2776 627 2857 judice
668 2776 883 2838 Christo
913 2780 1366 2838 condemnemini.
1407 2781 1807 2837 Convenientes
1839 2796 1962 2835 vero

366 2874 580 2949 Semper
599 2873 669 2931 ad
696 2870 1057 2941 Clementem,
1082 2872 1206 2929 date
1229 2888 1417 2929 omnes
1459 2889 1678 2943 operam
1723 2889 1819 2944 pro
1846 2871 1961 2944 ipSo

364 2964 565 3027 sentire
588 3012 602 3036 ,
633 2979 688 3024 et
727 2966 940 3023 summo
972 2964 1149 3022 studio
1187 2954 1434 3022 favorem
1461 2976 1699 3021 vestrum
1730 2982 1853 3036 erga
1883 2965 1960 3036 ip-

362 3078 482 3121 sum
513 3073 535 3101 ο
565 3061 883 3128 ostendere;
912 3052 1073 3132 463
1093 3060 1325 3115 scientes
1338 3061 1459 3129 quia
1482 3068 1700 3130 propter
1720 3058 1959 3130 singulos

362 3165 621 3221 vestrum,
656 3153 759 3224 ipsi
788 3154 957 3222 magis
988 3150 1089 3206 soli
1118 3148 1146 3188 ά
1169 3150 1389 3205 infestat
1418 3150 1688 3220 inimicus,
1715 3160 1769 3205 et
1800 3151 1851 3205 in
1881 3148 1961 3222 ip-

360 3261 482 3305 sum
511 3246 719 3316 majora
748 3247 975 3300 suseitat
995 3244 1155 3300 bella.
1330 3320 1333 3323 _

432 3326 658 3410 Oportet
685 3338 816 3409 ergo
857 3353 950 3393 vos
974 3352 1188 3394 summo
1216 3337 1393 3394 studio
1415 3338 1512 3393 niti
1536 3348 1629 3407 ut,
1650 3339 1796 3395 omni
1824 3353 1951 3409 erga

362 3428 513 3488 illum
563 3432 776 3487 vinculo
824 3430 1025 3487 amoris
1056 3430 1242 3488 innexi
1273 3472 1289 3497 ,
1323 3429 1639 3502 plenissimo
1677 3446 1801 3502 erga
1832 3447 1952 3485 eum

363 3525 670 3581 inlitereatis
702 3524 915 3580 affectu.
944 3524 1049 3582 Sed
1079 3535 1134 3581 et
1166 3539 1261 3581 vos
1288 3540 1504 3598 quoque
1526 3526 1629 3597 ipsi
1670 3522 1953 3581 unanimes

361 3619 414 3675 in
447 3620 596 3675 omni
625 3620 913 3676 concordia
962 3606 1267 3701 perdurate,
1309 3636 1416 3692 quo
1453 3620 1661 3676 facilius
1689 3621 1849 3676 etiam
1878 3620 1950 3675 illi

359 3700 582 3769 obedire
599 3729 790 3770 omnes
822 3716 933 3784 pari
964 3723 1018 3769 et
1067 3700 1337 3770 consensu
1359 3725 1414 3771 et
1440 3715 1794 3770 unanimitate
1826 3708 1949 3785 poS-

358 3805 495 3863 sitis.
528 3806 755 3877 Propter
782 3806 923 3878 quod
954 3815 1010 3863 et
1039 3823 1135 3863 vos
1180 3808 1407 3862 salutem
1452 3807 1711 3879 consequi
1737 3851 1751 3874 ,
1779 3819 1832 3864 et
1864 3809 1951 3863 ille

359 3901 559 3969 possit,
584 3897 1078 3968 obtemperantibus
1105 3898 1210 3953 sibi
1240 3898 1393 3955 vobis
1412 3945 1425 3969 ,
1453 3900 1749 3969 promptius
1780 3899 1949 3970 impo-

360 3991 447 4049 siti
474 3993 661 4047 oneris
696 3994 901 4062 pondus
926 3992 1176 4049 evehere.
1205 3991 1386 4065 (Cone.
1424 3993 1641 4050 Vascnse
1666 4012 1725 4068 tt,
1748 4012 1864 4068 cap.
1890 3995 1943 4052 6.

357 4100 446 4138 an.
470 4082 625 4153 442.)
658 4074 912 4152 Quadam
957 4086 1118 4139 etiam
1166 4100 1233 4141 cx
1261 4074 1435 4155 [vobis
1474 4087 1607 4158 ipsis
1650 4088 1950 4160 intelligere

358 4174 587 4243 debetis,
614 4176 658 4231 si
685 4191 787 4246 qua
817 4185 943 4232 sunt
981 4193 1103 4249 quae
1134 4179 1247 4249 ipse
1276 4189 1497 4250 propter
1528 4168 1748 4238 insndias
1778 4184 1949 4239 homi-

359 4285 486 4325 num
535 4270 795 4326 malorum
828 4280 935 4326 non
976 4282 1154 4343 potest
1178 4274 1480 4329 evidentius
1523 4286 1569 4330 et
1612 4278 1948 4335 manifestius

357 4364 797 4438 proloqui.Verbi
820 4369 991 4439 gratia
1008 4368 1419 4441 (C0nc.Metense
1442 4387 1567 4426 ann.
1583 4373 1706 4439 888,
1724 4390 1839 4443 cap.
1857 4374 1912 4442 8)
1931 4392 1943 4429 :

359 4460 418 4518 Si
448 4460 697 4517 inimicus
723 4470 807 4517 est
836 4462 994 4517 alicui
1026 4478 1123 4533 pro
1152 4465 1358 4521 actibus
1375 4464 1507 4532 suis,
1536 4481 1631 4521 vos
1660 4468 1826 4522 nolite
1848 4483 1943 4522 cx-

357 4560 606 4623 spectare
650 4561 708 4607 ut
755 4554 871 4623 ipse
911 4552 1064 4609 vobis
1093 4554 1237 4619 dicat
1267 4572 1281 4609 :
1312 4557 1443 4611 Cum
1475 4556 1566 4612 illo
1597 4559 1762 4613 nolite
1786 4559 1943 4614 amici
1974 4594 2019 4629 ει
2050 4552 2484 4629 ι¹⁸ᾲ¹¹¹ξ¹θν³τ¹υπ¹
2510 4552 2525 4586 ³
2560 4552 2956 4629 mmmam”
2978 4552 3143 4595 retr"
3238 4628 3241 4629 ν
3302 4624 3308 4629 ⁴
3426 4612 3449 4629 ,.
3566 4614 3567 4621 η

1970 4616 2025 4679 D
2118 4626 2222 4682 Sed
2248 4636 2301 4682 et
2329 4642 2471 4683 nunc
2514 4626 2787 4699 erponere
2808 4630 2921 4702 jam
2950 4648 3070 4703 quae
3099 4624 3379 4705 praecepit,
3411 4616 3637 4693 liomino

356 4659 510 4710 esse;
543 4644 639 4701 sed
674 4644 971 4715 prudenter
999 4646 1289 4703 observare
1314 4647 1520 4705 debetis
1542 4692 1557 4717 ,
1591 4660 1645 4706 et
1688 4648 1945 4708 voluntati

359 4738 480 4809 ejus
515 4739 717 4810 absque
744 4740 1166 4796 commonitione
1198 4740 1563 4799 obsecundare
1606 4752 1662 4799 et
1705 4753 1947 4804 avertere

360 4846 457 4887 vos
483 4830 553 4887 ab
584 4846 649 4887 eo
677 4832 764 4888 cui
816 4832 993 4904 ipsum
1045 4835 1256 4890 sentitis
1290 4844 1312 4872 ο
1354 4834 1673 4902 adversum;
1705 4837 1800 4893 sed
1846 4853 1947 4898 nec

316 4947 327 5003 ί
354 4925 501 4996 loqui
549 4926 630 4982 liis
655 4925 852 4998 quibus
898 4925 1014 4998 ipse
1044 4944 1153 4983 non
1180 4924 1419 5000 loquitur
1443 4971 1460 4997 ,
1492 4938 1550 4985 ut
1577 4933 1944 5003 unusquisque

323 5022 440 5097 j'qui
468 5023 521 5079 in
545 5024 702 5095 culpa
742 5032 859 5091 est,
888 5023 1017 5081 dum
1046 5026 1194 5096 cupit
1222 5026 1461 5081 omnium
1485 5034 1724 5083 vestrum
1746 5029 1942 5086 amici-
1970 5022 1980 5033 '

324 5138 327 5141 ’
422 5146 450 5210 ξι
489 5122 819 5210 ΜωΗῄᾳτᾶε,
844 5141 1068 5210 jtt'stitite
1096 5141 1550 5210 dispensationem;
1600 5200 1609 5205 η

422 5160 450 5177 ’⁵
489 5160 585 5195 tus.
619 5160 819 5206 naru.,
879 5160 1068 5196 υδιιηίε
1096 5160 1550 5210 aispensauonem.
1600 5200 1609 5205 η

421 5207 449 5246 ι’
488 5208 625 5265 Cod.
650 5200 809 5266 Vind.
841 5160 985 5267 delet
1005 5210 1243 5268 debendi.
1269 5200 1393 5269 Mox
1412 5220 1479 5270 ex
1506 5212 1695 5271 eodem
1712 5230 1817 5274 ms.
1846 5216 1943 5276 ad-

356 5280 596 5354 didimus,
614 5290 881 5354 tanquam.

426 5362 449 5426 ξ
489 5350 624 5426 Cod.
652 5350 850 5426 Labb”
879 5356 1183 5426 dependere.

422 5418 451 5459 δ
490 5424 565 5502 [ιιι
586 5425 742 5502 codd.
780 5418 1024 5502 _Vind.'et
1046 5426 1212 5502 Hard.
1233 5424 1293 5485 tn
1318 5426 1491 5502 vuig.,
1522 5427 1742 5501 infestus
1769 5439 1868 5488 est.

425 5502 450 5564 ε
488 5494 621 5553 Cod.
654 5496 843 5564 Hard.,
871 5500 1125 5554 avertunt.

428 5556 451 5633 ζ
489 5564 622 5633 Cod.
650 5556 842 5633 liabb.,
866 5569 1096 5624 inimica.

426 5627 457 5707 ς
626 5638 787 5703 [ἰατά.
801 5627 1099 5707 ,λ’ἠαιαναιε.

424 5700 459 5745 θ
490 5700 661 5764 Codd.
692 5700 855 5768 Labb.
888 5716 942 5767 et
960 5708 1124 5781 Just,
1147 5711 1507 5772 ministerium.

429 5780 449 5819 ί
493 5781 592 5835 Ms.
622 5782 784 5837 Hard.
801 5823 816 5847 ,
838 5785 1076 5840 inuoluti.

430 5852 448 5905 i
498 5852 649 5923 Vulg.
680 5854 1438 5931 ittseruntnan;cxpunximus
1461 5857 1782 5919 auctoritate
1798 5870 1949 5919 Illa

2068 1944 2307 2001 debitum
2362 1947 2466 2017 est)
2514 1947 2641 2002 vitae
2669 1947 2954 2017 praesentis
2996 1946 3154 2005 finem
3208 1946 3416 2013 iccero,
3470 1946 3678 2003 Jacobo

2067 2034 2216 2091 fratri
2246 2035 2478 2104 Domini,
2512 2036 2783 2108 descripta
2809 2038 3066 2108 breviter,
3092 2039 3177 2096 vel
3206 2056 3328 2111 quae
3354 2039 3425 2096 ad
3457 2039 3675 2096 initium

2068 2127 2196 2184 fidei
2221 2137 2326 2184 tum
2355 2140 2600 2200 spectant
2618 2171 2634 2198 ,
2654 2132 2737 2187 vel
2764 2133 2926 2187 etiam
2957 2147 3094 2203 quos
3116 2142 3242 2190 ante
3268 2132 3433 2190 fidem
3457 2134 3677 2189 animos
3766 2188 3774 2197 _

2064 2225 2320 2295 gesseris,
2352 2226 2446 2281 sed
2467 2235 2519 2280 et
2535 2226 2767 2296 qualiter
2788 2226 2920 2283 mihi
2945 2227 3014 2305 ab
3035 2229 3187 2284 initio
3211 2242 3391 2298 usque.
3409 2228 3487 2284 ad
3511 2228 3676 2285 tinem

2066 2332 2249 2373 comes
2271 2318 2481 2375 itineris
2502 2327 2557 2376 et
2583 2328 2799 2375 actuum
2827 2319 3014 2385 fueris,
3039 2334 3267 2390 quaeque
3296 2334 3395 2390 per
3427 2321 3675 2391 singulas

2068 2409 2315 2467 civitates
2342 2412 2451 2482 (me
2467 2411 2794 2483 disputante)
2809 2412 3077 2468 sollicitus
3096 2411 3314 2469 auditor
3342 2413 3635 2481 exeeperis
3654 2452 3671 2477 ,

2064 2503 2261 2574 quique
2291 2502 2343 2556 in
2399 2502 2866 2572 praedicationibus
2893 2504 3029 2560 meis
3057 2503 3143 2558 vel
3178 2503 3475 2559 verborum
3501 2502 3668 2559 fuerit

2065 2595 2200 2649 ordo
2226 2595 2310 2649 vel
2344 2606 2580 2663 actuum,
2611 2595 2708 2651 sed
2745 2595 2837 2667 qui
2868 2610 2953 2651 me
2984 2595 3111 2651 finis
3136 2596 3193 2652 in
3223 2595 3326 2652 hac
3346 2594 3481 2652 urbe
3505 2608 3677 2666 repet-

2065 2687 2199 2763 rerit
2220 2727 2236 2751 ,
2261 2688 2401 2741 sicut
2443 2687 2553 2742 dixi
2581 2728 2599 2753 ,
2625 2688 2803 2742 omnia
2823 2728 2839 2753 ,
2870 2703 3029 2756 quam
3055 2699 3228 2758 potes,
3254 2689 3495 2745 breviter
3516 2678 3673 2744 eom-

2067 2779 2357 2848 prehensa,
2376 2777 2805 2852 Madipsum
2838 2791 2889 2837 te
2915 2782 3187 2840 destinare
3209 2796 3318 2840 non
3337 2784 3544 2854 pigeat.
3562 2783 3671 2840 Nec

2065 2874 2329 2940 verearis,
2354 2887 2423 2929 ne
2443 2872 2583 2928 forte
2604 2874 2832 2929 multum
2853 2873 2924 2931 de
2944 2889 3067 2931 meo
3082 2875 3232 2931 exitu
3260 2875 3671 2945 contristamus

2063 2964 2151 3039 sit,
2186 2979 2307 3019 cum
2335 2964 2387 3019 id
2418 2980 2503 3019 me
2545 2980 2641 3035 pro
2692 2964 2896 3035 pietate
2941 2966 3217 3037 sustinere
3241 2960 3350 3024 non
3395 2967 3663 3040 ambigat.

2063 3042 2181 3111 Erit
2202 3064 2379 3112 autem
2411 3054 2460 3111 ei
2490 3058 2693 3129 grande
2720 3059 2981 3114 solatium
3010 3062 3053 3114 si
3085 3058 3336 3117 didicerit
3366 3062 3527 3132 quod
3546 3070 3667 3132 put

2065 3161 2153 3203 Ine
2199 3161 2307 3201 non
2356 3146 2639 3216 imperitus
2667 3151 2750 3225 vir
2792 3150 2985 3221 aliquis
3011 3190 3029 3217 ,
3052 3159 3149 3207 aut
3172 3150 3425 3208 indoctus
3448 3194 3473 3218 ,.
3501 3160 3666 3225 atque

1985 3235 2031 3300 C
2062 3238 2316 3311 ignorans
2368 3239 2537 3295 divini
2561 3242 2711 3298 verbi
2737 3238 2768 3280 ι
2816 3241 3134 3314 mysterium
3158 3283 3174 3310 ,
3204 3251 3261 3298 et
3302 3242 3664 3300 ecclesiastici

2057 3331 2266 3387 ordinis
2297 3331 2637 3403 disciplinam
2664 3372 2680 3400 ,
2711 3333 2797 3390 vel
2825 3332 3087 3390 doctrinm
3112 3334 3356 3406 regulam
3380 3335 3660 3421 nescieris,

2057 3428 2358 3491 susceperit
2384 3426 2696 3483 cathedram
2724 3442 2930 3494 meam;
2954 3428 3061 3484 scit
3083 3430 3227 3484 enim
3263 3430 3397 3503 quia
3420 3430 3467 3484 si
3504 3422 3663 3486 itide-

2055 3528 2176 3573 ctus
2210 3528 2265 3573 et
2303 3520 2503 3574 inscius
2532 3520 2767 3576 officium
2797 3520 3033 3577 doctoris
3064 3521 3317 3591 accipiat,
3349 3522 3473 3579 sine
3494 3522 3661 3595 dubio

2057 3606 2307 3679 discipuli
2341 3623 2396 3666 et
2422 3611 2698 3668 auditores
2724 3614 3043 3684 ignorantiae
3067 3614 3306 3670 tenebris
3343 3614 3360 3653 ί
3391 3615 3655 3689 obvoluti,

2068 3703 2119 3757 in
2149 3702 2418 3758 interitum
2450 3702 2851 3777 demergentur.
2889 3706 3040 3763 Unde
3084 3717 3139 3762 et
3168 3721 3293 3777 ego,
3333 3704 3406 3763 mi
3437 3706 3691 3765 domine‘

2060 3778 2279 3859 Jacobe,
2301 3811 2421 3850 cum
2447 3794 2565 3851 haec
2587 3797 2655 3850 ab
2679 3811 2749 3852 eo
2770 3806 3033 3868 praecepta
3056 3798 3659 3876 susceperinn,.necess_e

2062 3883 2221 3940 habui
2253 3886 2481 3954 implere
2511 3888 2652 3957 quod
2694 3888 2931 3958 iusserat
2958 3930 2972 3954 ,
2996 3888 3238 3944 indicans
3270 3889 3364 3945 tibi
3397 3896 3456 3946 et
3479 3884 3549 3946 de
3575 3890 3655 3946 his

2054 3976 2205 4047 ipsis,
2245 3979 2406 4033 simul
2433 3989 2488 4035 et
2519 3978 2586 4034 de
2616 3978 2720 4035 illis
2752 3980 2984 4037 breviter
3005 3982 3498 4052 comprehenderis,
3531 3998 3653 4059 qua

2054 4086 2153 4165 per
2175 4072 2677 4165 singulﬂquasque
2712 4074 2871 4157 urbes
2892 4075 3223 4147 digrediens,
3253 4072 3351 4133 aut
3375 4078 3429 4133 in
3451 4078 3650 4148 praedi-

2053 4164 2280 4218 cationis
2310 4164 2590 4222 sermones
2622 4168 2924 4237 protulerit,
2947 4178 3044 4223 aut
3074 4170 3125 4224 in
3149 4178 3427 4241 gestorum
3455 4171 3651 4245 virtute

2052 4255 2371 4327 perfecerit;
2406 4258 2653 4327 quamvis
2675 4260 2769 4313 tibi
2794 4258 2860 4315 dé
2877 4259 2959 4315 his
2974 4261 3201 4331 plurima
3224 4262 3337 4332 jam
3359 4271 3415 4319 et
3438 4263 3648 4334 plenius

2050 4348 2175 4403 ante
2200 4347 2498 4417 descripta,
2534 4351 2650 4420 ipso
2676 4350 2900 4422 iubente
2929 4395 2942 4417 ,
2976 4354 3363 4410 transmiserim
3388 4395 3433 4429 ,κ
3456 4357 3557 4413 sub
3584 4371 3648 4412 eo

2050 4442 2167 4510 ipso
2198 4440 2353 4496 titulo
2384 4457 2541 4511 quem
2576 4442 2689 4511 ipse
2710 4443 2968 4514 praecepit
2990 4445 3158 4517 afﬁgi,
3188 4430 3376 4515 idest,
3396 4432 3646 4505 Clemen-

2050 4538 2116 4588 tis
2150 4533 2525 4589 itinerariuml
2560 4535 2956 4606 praedicationis
2978 4538 3143 4595 Petri.

2053 4733 2208 4790 opem
2237 4717 2444 4778 ferente
2460 4763 2479 4791 ,
2503 4721 2778 4793 incipiam.

2039 4836 2080 4912 ⁸⁸
2114 4872 2343 4956 Septicit
2369 4853 2891 4956 epistola-Glaucum
2914 4881 2985 4956 at!
3285 4880 3509 4956 Μετριῆ
3525 4874 3633 4942 Do-

2122 4948 2246 5002 mini
2270 4948 2487 5005 deobittt
2513 4949 2655 5006 Petri
2682 4960 2731 5007 et
2759 4953 2823 5008 de
2850 4954 3173 5011 ordinatione
3199 4948 3296 5011 sud
3323 4959 3561 5029 feliciter.

2049 5150 2207 5236 Vind.
2258 5161 2317 5210 et
2346 5153 2541 5236 Labb.,
2576 5156 2907 5236 concinente
2932 5157 3123 5236 Graiae
3154 5162 3496 5236 terimnein
3517 5176 3628 5236 post

2045 5225 2266 5310 verbum
2291 5228 2531 5298 prweepit
2573 5227 2739 5285 iidem
2768 5229 2973 5301 vulgati
2995 5231 3201 5288 addunt
3230 5233 3461 5291 Βοπιίπσ
3488 5225 3625 5310 ᾡεικ

2044 5293 2334 5455 fingi“
2364 5337 2658 5455 ο¹²ξι¹³υ¹³ίιι
2686 5371 2909 5455 “silibet
2936 5368 3107 5431 εσθαι
3142 5350 3627 5455 Visst-From“?

2042 5430 2409 5520 Concilliorutn
2436 5442 2655 5520 longum
2689 5430 3123 5520 additamentum
3144 5430 3621 5520 subiicimrjquod

2043 5510 2358 5586 ex‘ol’licina
2391 5511 2577 5568 lsidori
2606 5514 2919 5572 Mercatoris
2954 5518 3171 5586 prodiit.
3206 5510 3619 5577 Gracuste'xtus

2041 5576 2295 5660 etliuﬁtli
2321 5584 2688 5660 interpretatio
2720 5587 2856 5660 nihil
2881 5576 3468 5660 amplius-prtinus;
3486 5576 3621 5647 sicut

2041 5651 2170 5729 nihil
2192 5655 2434 5729 amplius
2466 5651 2717 5729 similiter
2758 5657 2956 5729 legitur
2975 5651 3049 5723 in
3063 5651 3622 5729 aliisantiqnis'eolle-

2040 5720 2331 5806 ctionibus,
2352 5741 2473 5806 quae
2496 5726 2635 5806 hanc
2653 5720 2937 5797 epistolam
2959 5748 2995 5790 e
3010 5720 3191 5791 Rufini
3218 5720 3497 5803 varicae,
3517 5742 3621 5794 ια

2042 5806 2176 5850 vero
2197 5808 2266 5851 ex
2297 5793 2509 5853 Isidoro
2518 5793 2865 5858 deriserunt.
