3996 6344
261 441 356 496 741

751 555 1147 616 οΑΡιτυιυΜ
1181 551 1338 614 LXV.

261 672 492 746 Domino
532 671 718 731 Sancto
753 674 1066 732 beatissimo
1110 675 1254 731 Patri
1291 677 1346 731 et
1391 674 1684 746 apostolica
1721 678 1852 735 sede

329 745 652 872 ἐξιίέεὲωο
693 761 849 818 papa
901 747 1065 804 Lont
1131 745 1448 816 Culmus,
1490 749 1753 806 Sasernas
1799 759 1853 806 et

451 833 481 870 Α
561 833 607 872 s.

451 833 607 873 Αιωε.

326 905 617 964 Recensita
665 909 892 979 epistola
941 909 1284 970 beatitudinis
1314 920 1508 967 vestra:
1535 956 1549 981 ,
1578 921 1686 978 etc.
1721 954 1736 978 ,
1772 914 1849 967 uti

253 998 496 1066 habetur,
529 1000 706 1056 tom.l
757 1001 916 1076 Itujus
943 1003 1206 1071 editionis,
1253 1004 1384 1060 inter
1429 1001 1616 1060 Leonis
1656 1005 1852 1060 litteras

255 1103 408 1164 em"
442 1092 534 1149 ω’
631 1153 792 1240 465
829 1164 1235 1226 CAPITULUM
1280 1153 1469 1225 1.th.

289 1289 316 1318 ⁸
357 1280 588 1352 Cyrillus
615 1280 879 1349 Nestorio,
903 1293 956 1338 ut
977 1295 1169 1340 rectum
1195 1285 1319 1355 ﬁdei
1344 1287 1529 1358 dogma
1555 1294 1815 1356 aequatur.

320 1395 571 1467 Comperi
612 1403 872 1468 quosdam
900 1401 1282 1455 existimationi
1315 1416 1451 1457 mem
1477 1401 1850 1469 detrahentes,

251 1489 390 1558 apud
419 1488 786 1545 reverentiam
818 1499 962 1545 tuam
995 1491 1157 1546 multa
1187 1491 1395 1561 garrire
1421 1533 1437 1558 ,
1491 1502 1544 1547 et
1574 1492 1624 1546 id
1657 1491 1850 1548 crebro

249 1579 668 1653 frequenterque
695 1595 855 1651 agere
879 1622 894 1647 ,
946 1590 1002 1637 et
1032 1583 1267 1637 maxime
1301 1593 1426 1638 tunc
1463 1599 1582 1638 cum
1613 1584 1848 1639 virorum

248 1663 543 1728 illustrium
588 1681 749 1743 atque
779 1672 1120 1743 prudentium
1174 1685 1371 1745 praesto
1419 1690 1543 1732 esse
1586 1675 1852 1748 plurimos

248 1763 472 1829 vident;
513 1773 568 1818 et
613 1763 838 1819 fortasse
886 1765 1168 1835 opinantes
1224 1777 1342 1821 tuas
1381 1781 1541 1822 aures
1569 1767 1843 1834 delectari,

245 1873 357 1916 non
406 1857 542 1916 adeo
571 1872 638 1914 ex
685 1857 1002 1924 voluntate,
1053 1859 1189 1915 tales
1227 1859 1515 1929 adversum
1561 1875 1660 1916 nos
1687 1865 1849 1917 voces

712 440 948 500 OODEX
977 440 1309 500 CANONUH
1347 442 1631 502 ECCLES.
1673 444 1766 502 ET
1803 444 2378 508 GONSTITUTORUM
2417 449 2476 508 8.
2516 450 2713 510 SEDIS
2751 449 3081 510 APOSTOL.

3435 454 3544 514 742

1867 567 1921 626 Δ
1953 560 1974 600 ί
2004 565 2282 620 nitendum
2314 577 2397 623 est
2441 573 2504 621 ut
2530 567 2980 624 circumcidamus
3027 568 3303 634 scandala,
3341 578 3397 625 et
3435 568 3545 626 iilts

1954 657 2047 728 qui
2075 667 2323 728 quaerunt
2348 662 2657 729 veritatem,
2684 676 2872 718 sanam
2915 670 3226 734 rectamque
3264 661 3389 728 iidei
3413 670 3442 710 ε
3463 661 3544 717 di-

1952 747 2187 820 rigamus
2231 751 2516 806 rationem.
2569 752 2622 805 id
2668 763 2847 809 autem
2901 753 3059 810 facile
3088 754 3202 820 ﬂet,
3249 752 3294 808 si
3325 753 3542 808 Patrum

1952 855 2298 898 recensentes
2327 844 2527 914 scripta
2550 854 2881 913 sanctorum,
2897 860 2992 902 eos
3012 846 3228 919 plurimi
3252 844 3541 910 iaciamus;

1952 942 2007 990 et
2033 935 2394 1006 nosmetipsos
2439 935 2803 1005 consulentes,
2853 937 2898 993 si
2948 937 2998 994 in
3045 939 3150 994 lide
3175 938 3542 1003 consistimus,

1951 1027 2246 1083 secundum
2276 1028 2418 1099 quod
2447 1031 2702 1099 scriptum
2732 1031 2818 1087 est
2856 1029 2942 1105 (11
2968 1029 3088 1089 Cor.
3119 1047 3157 1100 ι,
3187 1032 3220 1086 5
3239 1031 3282 1103 ),
3309 1042 3422 1096 tum.
3447 1029 3546 1087 de-

1953 1134 2099 1176 mum
2133 1122 2294 1176 rectis
2325 1120 2542 1177 illorum
2585 1130 2748 1194 atque
2794 1123 3360 1194 irrcprehensibilibus
3394 1121 3425 1161 λ
3463 1123 3546 1180 in-

1951 1215 2148 1270 stitutis
2179 1229 2370 1270 sensus
2397 1223 2612 1271 nostros
2642 1218 2960 1288 animosque
2984 1217 3301 1274 formemus.

2029 1303 2045 1342 ί
2097 1305 2193 1360 Ait
2237 1305 2396 1375 igitur
2418 1316 2601 1362 sancta
2632 1315 2688 1362 et
2726 1319 2917 1378 magna
2957 1308 3219 1379 synodus,
3251 1307 3425 1378 ipsum
3452 1309 3544 1379 qui

1952 1405 2038 1454 est
2064 1412 2130 1452 ex
2161 1397 2271 1454 Deo
2299 1398 2457 1455 Patre
2482 1401 2802 1458 naturaliter
2852 1409 3046 1468 natus,
3100 1402 3429 1472 unigenitum
3458 1401 3544 1456 Fi-

1953 1488 2104 1556 lium,
2136 1487 2304 1544 Deum
2334 1505 2520 1545 verum
2548 1490 2614 1546 de
2642 1490 2754 1546 Deo
2792 1490 2806 1542 i
2838 1505 2989 1558 vero,
3025 1491 3202 1548 lumen
3230 1491 3298 1547 de
3321 1491 3542 1557 lumine,

1953 1581 2049 1650 per
2074 1597 2231 1650 quem
2263 1577 2318 1638 et
2346 1598 2466 1638 cum
2497 1599 2604 1654 quo
2629 1584 2810 1640 omnia
2843 1584 3032 1641 fecerit
3061 1575 3240 1652 Pater,
3283 1583 3422 1640 hunc
3450 1584 3544 1642 de-

1952 1675 2248 1743 scendisse,
2285 1675 2619 1732 incarnatum
2651 1693 2770 1733 esse
2794 1687 2848 1735 et
2878 1677 3150 1734 hominem
3185 1675 3544 1748 factum,paso

1951 1779 2070 1821 sum
2101 1781 2244 1833 esse,
2279 1769 2640 1826 resurrexisse
2664 1771 2824 1826 tertia
2852 1771 2960 1839 die,
2989 1781 3045 1827 et
3071 1770 3381 1827 ascendisse
3423 1785 3544 1826 rur-

1949 1849 2044 1913 sus
2091 1860 2142 1914 in
2189 1860 2375 1915 caelos.
2409 1859 2535 1916 [huc
2586 1877 2685 1919 nos
2729 1863 2879 1934 sequi
2904 1866 3068 1920 verba
3121 1861 3414 1929 debemus;
3455 1863 3542 1921 his

247 1953 503 2007 emittunt
547 1968 560 2004 :
608 1949 854 2006 homines
885 1951 1030 2006 nulla
1053 1952 1269 2021 quidem
1303 1953 1353 2007 in
1384 1968 1442 2007 re
1468 1951 1495 1991 δ
1521 1969 1740 2023 prorsus
1770 1954 1850 2009 of-
1880 1956 1926 2020 Β
1953 1965 2054 2007 nos
2076 1954 2330 2010 convenit
2352 1955 2729 2025 obtemperare
2756 1955 3116 2027 dogmatibus,
3136 1952 3543 2013 considerantes

247 2041 386 2098 fensi
409 2083 426 2108 ,
479 2057 577 2098 nec
611 2043 742 2108 laesi,
771 2043 866 2098 sed
897 2043 1144 2100 modeste
1173 2057 1204 2098 a
1236 2045 1392 2100 nobis
1439 2047 1844 2118 clementerque

245 2135 510 2191 convicti.
539 2134 687 2192 Unus
715 2177 730 2203 ,
788 2135 911 2204 quia
945 2136 1102 2191 caecis
1131 2133 1521 2208 egentibu‘sque
1549 2138 1655 2193 vim
1686 2139 1848 2195 facie-

244 2225 366 2290 bat;
409 2228 565 2289 alter.
595 2227 716 2298 quia
743 2243 906 2296 super
935 2239 1165 2284 matrem
1195 2243 1344 2283 suam
1376 2231 1548 2285 erexit
1572 2231 1842 2300 gladium;

241 2316 405 2387 illius,
432 2322 558 2390 quia
591 2323 710 2375 cum
745 2319 936 2376 ancilla
965 2335 1155 2377 aurum
1183 2323 1360 2393 rapuit
1383 2323 1640 2390 alienum,
1665 2333 1720 2380 et
1745 2324 1844 2379 hac

242 2424 461 2481 semper
488 2411 886 2468 existimatione
919 2411 1076 2482 vixit,
1108 2428 1268 2484 quam
1313 2412 1494 2470 nullus
1523 2425 1544 2454 ε
1587 2415 1844 2472 inimicis-

239 2504 384 2561 simo
413 2518 514 2560 suo
559 2511 708 2575 cptet
755 2504 1001 2561 evenire.
1029 2503 1298 2560 Ceterum
1345 2506 1533 2560 talium
1567 2507 1842 2562 hominum

241 2600 448 2656 nullam
477 2601 698 2655 omnino
727 2597 755 2636 ἀ
799 2599 971 2656 habeo
1000 2614 1205 2665 curam,
1239 2615 1306 2656 ne
1333 2599 1521 2656 videar
1551 2615 1710 2670 supra
1740 2601 1844 2655 Dn-

239 2692 446 2749 tninum
495 2699 588 2747 aut
641 2692 996 2763 magistrum,
1046 2689 1133 2748 vel
1185 2703 1347 2762 supra
1399 2705 1578 2764 patres
1629 2703 1843 2750 nostros

239 2796 554 2841 mensuram
585 2799 719 2838 ineat:
747 2783 1136 2841 mediocritatis
1155 2784 1476 2840 extendere.
1494 2785 1678 2854 Nequa
1697 2785 1841 2841 enim

240 2880 361 2935 fieri
418 2887 593 2948 potest
637 2888 696 2932 ut
743 2876 937 2947 aliquis
982 2876 1370 2934 maledicorum
1400 2879 1546 2934 virus
1588 2888 1645 2935 et
1674 2882 1842 2934 mole-

239 2972 400 3028 stiam
444 2970 617 3026 vitare
665 2971 876 3040 possit,
927 2971 1172 3041 quamvis
1201 2971 1504 3026 rectissime
1532 2972 1703 3040 vivat;
1746 2973 1841 3028 sed

241 3062 318 3120 illi
339 3061 732 3119 maledictionls
748 3073 802 3119 et
825 3063 1196 3119 amaritudinis
1217 3077 1279 3120 os
1309 3065 1524 3132 plenum
1559 3065 1834 3132 habentes,

241 3158 512 3214 rationem
545 3166 569 3194 ο
589 3157 752 3226 judici
778 3159 1020 3214 omnium
1053 3157 1315 3214 reddituri
1343 3167 1490 3214 sunt.
1523 3158 1634 3228 Ego
1659 3171 1837 3216 autem

241 3259 332 3305 me
359 3256 620 3304 converto
647 3248 714 3304 ad
744 3249 794 3304 id
821 3288 838 3315 ,
883 3249 1025 3320 quod
1058 3265 1146 3306 me
1187 3252 1419 3306 maxime
1462 3251 1652 3318 decet,
1703 3261 1760 3309 et
1788 3261 1840 3310 te

1949 2044 2074 2112 quid
2108 2044 2181 2100 sit
2210 2045 2544 2100 incarnatum
2592 2057 2750 2115 esse,
2803 2055 2858 2102 et
2900 2043 3173 2104 hominem
3217 2046 3416 2103 factum
3442 2046 3542 2106 Dei

1947 2133 2207 2190 Verbum.
2238 2135 2353 2191 Non
2377 2137 2520 2192 enim
2551 2138 2778 2194 dicimus
2800 2137 2944 2209 quod
2973 2138 3070 2194 Dei
3113 2148 3301 2194 natura
3346 2139 3542 2194 itn'mu-
3637 2149 3646 2154 ‘

1952 2233 2058 2281 tata
2082 2227 2166 2282 vel
2196 2241 2452 2284 conversa
2490 2229 2634 2285 facta
2690 2231 2760 2284 sit
2787 2244 2948 2297 caro;
2991 2245 3090 2286 nec
3117 2230 3259 2300 quod
3291 2231 3343 2286 in
3373 2240 3540 2287 totum

1949 2318 2244 2388 hominem,
2275 2321 2366 2390 qui
2395 2334 2479 2376 est
2506 2335 2575 2376 ex
2606 2321 2782 2376 anima
2805 2331 2861 2378 et
2889 2336 3136 2392 corpore,
3161 2323 3540 2380 transformata

1947 2411 2050 2477 sit;
2091 2412 2185 2472 sed
2215 2412 2346 2468 illud
2391 2413 2562 2484 magis
2590 2413 2736 2485 quod
2762 2429 2979 2471 carnem
3025 2415 3316 2472 animatam
3359 2416 3539 2474 anima

1948 2504 2191 2559 rationali
2219 2506 2319 2561 sibi
2336 2507 2693 2577 copulaverit,
2718 2505 2742 2545 ¹ι
2759 2515 2815 2562 et
2836 2506 3068 2562 Verbum
3091 2506 3537 2575 substantialiter,

1947 2594 2289 2654 ineﬂabiliter
2308 2605 2364 2654 et
2388 2595 2403 2634 ι
2431 2596 2996 2668 indeprehensibititer
3016 2596 3190 2654 iactus
3211 2598 3280 2653 sit
3303 2597 3466 2653 homo
3484 2607 3540 2654 et

1947 2698 2287 2759 nuncupatus
2311 2689 2382 2744 sit
2397 2689 2561 2746 etiam
2584 2689 2722 2744 illius
2741 2689 2997 2758 hominis,
3015 2703 3121 2746 non
3141 2688 3282 2746 nuda
3309 2697 3540 2746 tantum-

1945 2783 2106 2836 modo
2137 2783 2428 2844 voluntate,
2467 2791 2504 2818 ω
2531 2781 2626 2836 sed
2668 2796 2768 2838 nec
2809 2781 3174 2852 assumptione
3203 2780 3542 2838 solummodo

1945 2889 2219 2944 personae;
2261 2873 2354 2929 sed
2384 2875 2536 2944 quod
2569 2875 2794 2929 diversae
2818 2874 3036 2945 quidem
3075 2883 3276 2930 natura:
3299 2877 3350 2930 in
3375 2891 3538 2932 unum
3594 2947 3597 2949 _

1957 2968 2133 3022 tamen
2150 2967 2520 3032 convenerint,
2542 2979 2679 3022 unus
2695 2975 2870 3021 tamen
2884 2973 2946 3022 ex
2963 2961 3475 3024 ambabusChrlstus
3488 2976 3541 3023 et

1949 3053 2118 3114 Filius
2141 3076 2246 3115 non
2277 3069 2525 3116 evacuata
2549 3069 2642 3114 aut
2665 3060 2868 3115 sublata
2895 3058 3210 3116 diversitate
3233 3066 3540 3117 naturarum

1947 3152 2598 3226 perconjunctionem,sed
2609 3153 2734 3224 quia
2747 3153 2900 3208 nobis
2914 3151 3072 3210 simul
3084 3150 3542 3224 eiieceruntm

1947 3262 2107 3300 unum
2132 3239 2417 3302 Dominum
2436 3255 2490 3302 et
2505 3243 2816 3300 Christumn
2837 3253 2893 3302 et
2908 3241 3120 3299 Filium.
3144 3231 3208 3298 Et
3229 3255 3408 3301 cetera
3431 3256 3542 3316 qua

241 3331 388 3395 illinc
417 3353 631 3409 quoque
657 3337 944 3407 admoneo,
976 3341 1125 3410 quasi
1159 3339 1379 3398 fratrem
1423 3342 1472 3395 in
1507 3340 1750 3410 Domino,
1781 3352 1840 3399 ut
1863 3331 1910 3394 C
1933 3339 2252 3410 jamscripta
2272 3338 2459 3390 suntin
2474 3334 2699 3408 capitulo
2712 3347 2819 3401 xu,
2841 3334 2917 3390 De
2936 3334 3234 3389 testimoniis
3247 3344 3543 3392 sanctorum

241 3431 547 3485 doctrinam
581 3429 730 3486 verbi
761 3438 817 3486 et
843 3446 1060 3486 sensum
1093 3431 1216 3488 fidei
1263 3441 1418 3487 caute
1449 3442 1503 3488 et
1545 3449 1666 3488 cum
1693 3436 1836 3490 omni

240 3522 623 3579 eoservatione
653 3517 815 3577 facias
845 3536 1060 3593 semper
1082 3519 1147 3577 ad
1180 3525 1439 3593 populos;
1481 3525 1658 3580 sciens
1687 3529 1842 3596 plane

240 3617 390 3688 quod
432 3613 484 3672 Si
511 3615 630 3686 quis
659 3613 822 3688 me
845 3631 910 3671 ex
941 3613 1024 3672 Itis
1067 3618 1155 3687 qui
1199 3616 1254 3672 in
1279 3617 1552 3673 Christum
1593 3621 1840 3689 credunt,

237 3721 414 3764 unum
465 3707 729 3763 duntaxat
777 3709 1223 3765 seandalizaverlt
1267 3709 1498 3780 (Matth.
1551 3725 1698 3780 xvnt,
1739 3711 1841 3784 6),

240 3802 604 3873 indignationi
650 3801 952 3872 subjacebit
1005 3803 1238 3872 ingenti;
1281 3805 1324 3858 si
1379 3818 1512 3859 vero
1559 3819 1666 3858 non
1706 3819 1844 3858 unus

240 3895 339 3959 sit,
380 3893 478 3950 sed
530 3894 817 3952 multitudo
863 3895 1119 3966 decepta;
1161 3905 1289 3952 tunc
1333 3896 1480 3952 omni
1527 3896 1682 3952 nobis
1727 3905 1843 3952 arte

319 4146 348 4176 ι
374 4135 561 4192 Versio
592 4135 745 4204 hujus
773 4135 1033 4204 epistolae,
1054 4151 1229 4204 quam,
1257 4145 1315 4189 ut
1341 4135 1449 4191 Leo
1477 4135 1647 4204 inquit
1669 4136 1832 4205 epist.

240 4207 338 4273 69,
363 4207 428 4260 ob
465 4223 525 4262 eo
570 4205 850 4288 (Cyrillo)
892 4206 1436 4288 missammapostolicte
1474 4207 1609 4288 sedis
1641 4207 1838 4288 scrinia

239 4277 587 4358 tusc-eretum
625 4277 920 4358 Caelestino
954 4277 1260 4358 pontiﬁce,
1311 4279 1432 4358 ipso
1457 4317 1473 4342 ,
1523 4277 1836 4358 nt_videtur,

239 4347 450 4407 Cvrillo
475 4358 697 4404 curante
725 4349 996 4404 lucubrata
1044 4348 1162 4407 fuit.
1189 4347 1385 4403 Confer
1413 4357 1543 4403 tom.
1586 4349 1604 4403 i
1637 4359 1835 4402 nostra:

239 4364 281 4405 υ
330 4364 450 4403 rnto
475 4364 697 4404 curante
726 4364 996 4404 tucunrata
1044 4364 1162 4407 tutt.
1189 4364 1385 4403 unttter
1413 4364 1543 4403 tom.
1586 4364 1604 4403 ι
1637 4364 1835 4402 nosme

239 4364 540 4499 gittionis,
585 4419 688 4499 col,
723 4418 871 4499 557’!
899 4421 1121 4499 numeris
1163 4420 1494 4499 crassioribus
1528 4418 1835 4499 expressa).

242 4489 427 4575 Porro
475 4490 544 4575 fit
591 4490 779 4573 eodem
826 4488 1117 4575 Cas_lt:stino
1156 4491 1375 4575 probata
1407 4491 1745 4575 cognoscitur
1772 4488 1837 4542 ex

239 4562 407 4631 epist.
447 4559 526 4628 iii
593 4561 759 4629 ipsius
811 4561 1073 4628 pontiﬁcis
1133 4559 1270 4629 apud
1324 4561 1385 4624 P.
1439 4563 1833 4624 Constantium,

244 4648 370 4704 pag.
406 4631 568 4704 “02.
604 4632 714 4704 liac
743 4634 1199 4704 autemiversimm
1239 4633 1298 4685 S.
1333 4632 1442 4704 Leo
1487 4645 1623 4704 us_ns_
1655 4639 1738 4684 est
1781 4631 1835 4685 in

1948 3431 2185 3486 Patrum.
2227 3430 2498 3500 Adjectnm
2537 3438 2705 3483 autem
2737 3431 2789 3481 in
2811 3427 2935 3497 ﬁne.
2965 3427 3092 3483 Haec
3113 3428 3274 3497 igitur
3294 3441 3390 3498 pro
3408 3425 3543 3482 cha-

1945 3526 2108 3582 rltate
2129 3523 2182 3578 in
2195 3519 2410 3578 Christo
2439 3521 2647 3587 scribo;
2680 3533 2926 3593 quaerens
2945 3528 3199 3590 tanquam
3219 3517 3462 3586 fratrem,
3487 3524 3542 3580 et

1948 3625 2256 3674 contestans
2283 3625 2464 3669 caram
2490 3611 2709 3669 Christo
2735 3620 2790 3668 et
2817 3612 3001 3668 eiectis
3029 3607 3233 3682 angelis
3259 3619 3306 3676 ο,
3340 3620 3399 3666 ut
3425 3612 3541 3668 habe

1950 3707 2227 3764 nobiscum
2255 3713 2312 3762 et
2340 3707 2574 3772 sentias,
2614 3711 2670 3760 et
2687 3703 2919 3770 doceas;
2959 3713 3019 3759 ut
3045 3701 3410 3759 Ecclesiarntn
3435 3715 3539 3773 pax

1948 3801 2095 3856 salva
2126 3807 2394 3866 servetur,
2438 3806 2495 3853 et
2521 3796 2826 3852 concordis
2853 3794 3241 3867 charitatlsque
3269 3794 3538 3852 vinculum

1951 3890 2328 3950 indissolubile
2354 3898 2570 3948 maneat
2595 3888 2965 3946 sacerdotibus
2988 3887 3105 3945 Dei.

1987 4144 2039 4207 ,8
2062 4132 2294 4203 Quesn.,
2324 4136 2566 4207 dirigere.
2595 4133 2792 4207 Cgabhi
2844 4133 3127 4207 lectionem
3176 4132 3535 4204 prmtuiimus.

1945 4205 2088 4261 idem
2115 4220 2236 4260 mox
2269 4220 2393 4262 ante
2414 4204 2600 4262 vocem
2625 4204 2842 4260 Patrum
2867 4204 3015 4259 addit
3041 4212 3256 4273 pariter.

2015 4273 2154 4332 bSic
2209 4278 2376 4332 nostri
2416 4278 2575 4332 codd.
2625 4285 2680 4332 et
2724 4273 2920 4330 Crabb.
2965 4275 3121 4344 Apud
3147 4273 3530 4342 Quesneilum,

1941 4348 2248 4403 constitutis.
2279 4349 2409 4404 Detn
2437 4347 2700 4411 Crabbus,
2727 4347 3009 4413 ﬁrmemus.
3489 4391 3494 4396 .

2022 4416 2038 4455 ί
2069 4418 2230 4472 Notat
2259 4419 2582 4486 Quesnellns
2613 4419 2663 4470 in
2694 4417 2931 4483 margine
2957 4432 2971 4468 :
2997 4414 3124 4469 Ηωτ
3146 4431 3248 4469 non
3267 4416 3414 4471 habet
3435 4433 3532 4471 ms.

1946 4488 2176 4554 Thuan.,
2208 4489 2349 4542 haud
2370 4489 2522 4558 dubie
2546 4489 2664 4558 quia
2703 4487 2938 4556 superius
2962 4487 3130 4556 posita
3154 4495 3273 4540 sunt
3294 4503 3340 4541 ο.
3365 4487 3431 4542 Η
3453 4489 3534 4543 in-

1947 4567 2021 4614 ter
2042 4561 2329 4613 testimonia
2353 4559 2415 4612 de
2438 4556 2822 4611 Incarnatione.

2019 4630 2034 4680 i
2067 4629 2380 4684 Addiditnus
2409 4642 2527 4683 vero
2547 4641 2668 4683 cum
2700 4641 2829 4683 tnss.
2856 4627 2976 4683 Vat.
3008 4635 3064 4682 et
3082 4627 3386 4696 Crabb.,ac
3407 4628 3530 4686 dein

244 4682 576 4772 aanimi.
604 4682 1312 4770 'i>:.'..‘.‘.‘.‘.‘.";;.lassasset.
1333 4682 1453 4756 iis
1493 4682 1836 4756 aranea;
1865 4682 1918 4742 D
1946 4682 2274 4772 inicias...
2295 4682 2427 4754 1......
2461 4682 2594 4772 cum
2626 4698 2816 4753 eodem
2862 4698 3082 4772 Crabbor
3121 4682 3177 4754 ει
3215 4682 3530 4772 enini-ra;

242 4773 970 4846 Augustum;eamdemque
994 4787 1150 4846 antea
1183 4772 1395 4827 miserat
1428 4773 1479 4827 in
1501 4772 1730 4846 Callias,
1761 4774 1832 4846 uti

239 4842 726 4901 animadvertimus
753 4858 864 4898 net.
899 4844 931 4898 5
962 4845 1013 4898 in
1043 4843 1202 4912 epist.
1229 4846 1319 4910 67,
1345 4853 1473 4899 tom.
1501 4843 1541 4910 l,
1568 4845 1674 4898 col.
1701 4842 1838 4900 1002

241 4915 463 4984 (Nobis
493 4915 595 4969 col.
631 4915 755 4981 886,
789 4933 838 4968 n.
873 4925 896 4962 κ
932 4918 968 4979 ).
1023 4914 1156 4968 illnc
1197 4916 1247 4969 in
1297 4915 1501 4969 duabus
1550 4913 1837 4969 Gallicanis

243 4987 659 5043 collectionibus
704 4985 967 5054 descripta
1014 4986 1226 5054 legitur,
1281 4987 1529 5040 nimirum
1571 4986 1621 5039 in
1653 4993 1835 5039 nostra

242 5068 304 5114 et
341 5060 406 5125 in
451 5056 816 5122 additinnibus
863 5056 1200 5120 lSidiil‘iMiiS,
1250 5058 1316 5111 ad
1359 5071 1516 5125 quam
1569 5056 1836 5122 pertinent

243 5123 410 5194 codd.
441 5127 562 5184 Vat.
596 5128 732 5182 1540
756 5139 810 5183 et
838 5127 1242 5182 ilerovallianus
1271 5143 1300 5180 a
1332 5123 1620 5194 Quesnello
1652 5125 1835 5182 lauda-

245 5191 474 5282 tus.hEx_
500 5197 689 5282 codice
715 5197 1045 5282 additionum
1074 5191 1452 5282 Isidori‘ipsatu
1484 5198 1684 5282 prunus
1714 5196 1834 5282 edi-

243 5271 328 5326 dit
353 5269 598 5326 Crabhns
623 5309 638 5333 ,
679 5283 742 5322 ac
786 5283 851 5322 ex
880 5269 1068 5324 eodem
1118 5269 1318 5325 inserta
1362 5266 1541 5324 fuitin
1582 5266 1836 5324 Consiliis

243 5351 388 5407 tom.
415 5340 479 5396 iV
514 5339 644 5395 edit.
673 5339 834 5406 Ven.,
861 5339 968 5396 col.
998 5339 1160 5394 2019.
1241 5349 1244 5353 '

322 5410 618 5482 PCrabbns
644 5423 698 5467 et
723 5407 846 5466 cod.
869 5409 994 5482 Vat.
1028 5410 1166 5466 1540
1199 5408 1400 5482 addunt
1427 5427 1461 5463 α
1486 5426 1585 5465 me.

254 5536 256 5540 ,
325 5479 350 5522 δ
373 5482 577 5550 Queen.
605 5482 789 5538 inserit
811 5481 985 5550 etiam,
1010 5481 1423 5550 repugnantibus
1453 5479 1649 5550 nostris
1673 5479 1832 5550 codd.

246 5549 440 5626 Vind;
479 5553 592 5626 Vat.
635 5563 692 5609 et
732 5551 931 5607 Crabb.
960 5549 1095 5610 Dein
1123 5549 1318 5608 Crabb.
1349 5560 1406 5606 et
1432 5551 1552 5607 cod.
1585 5549 1704 5604 Vat.
1738 5549 1834 5604 ha-

244 5625 856 5699 beﬂ‘,°P"‘P'_°°P_‘€‘-
945 5694 978 5699 _
1049 5693 1096 5699 _-
1179 5695 1190 5699 -
1304 5693 1382 5699 --
1604 5689 1683 5699 ..
1839 5692 1843 5694 ν

324 5687 351 5735 ά
378 5687 453 5754 ita
479 5687 647 5764 nostri
677 5687 836 5750 codd.
866 5704 920 5751 et
939 5693 1136 5764 Crabb.
1166 5693 1320 5761 Apud
1346 5693 1568 5762 Qnesn.,
1595 5689 1830 5764 Italicam.

327 5767 466 5838 fSic
512 5762 707 5838 melius
751 5767 877 5838 cum
920 5763 1109 5838 Graeco
1147 5764 1361 5838 codices
1403 5763 1597 5823 Crabb.
1625 5772 1682 5821 et
1707 5762 1828 5819 Vat.

245 5834 413 5912 quam
440 5834 586 5906 apud
611 5836 834 5903 Quesn.,
861 5836 915 5891 in
935 5834 1138 5909 judicio
1160 5835 1406 5890 omnium.

334 5908 354 5948 ι
376 5906 582 5966 Crabb.
605 5919 734 5965 eun
755 5921 862 5966 ms.
888 5905 1040 5966 Vat...
1068 5906 1311 5962 utendum
1333 5916 1427 5963 est.

2013 4769 2040 4809 ι
2064 4769 2305 4826 Crabhus
2332 4780 2529 4826 mutata
2557 4771 2984 4840 interpunctionc
3004 4770 3148 4827 delet
3173 4780 3239 4836 et,
3269 4771 3346 4826 uti
3369 4787 3529 4840 supra

1941 4842 2102 4898 etiam
2137 4840 2363 4897 habetur
2386 4844 2523 4895 inter
2554 4840 2859 4897 testimonia
2885 4855 3004 4910 cap.
3027 4843 3117 4896 st.

2017 4911 2034 4951 ι
2064 4913 2136 4968 ita
2168 4928 2287 4967 cum
2336 4913 2568 4976 Crahbo,
2602 4913 2676 4966 ttti
2725 4926 2882 4981 supra
2926 4925 3044 4980 cap.
3086 4911 3179 4966 4i.
3207 4911 3529 4978 Quesneilus

1942 4987 2144 5054 recepit
2194 4984 2732 5053 irreprehensiln‘titer;
2788 4991 2844 5036 at
2895 4984 3093 5039 notavit
3140 4983 3198 5054 in
3247 4981 3524 5054 margine:

1941 5052 2082 5126 Lege
2111 5056 2188 5108 vel
2228 5052 2806 5122 indeprehensibiliter,
2851 5064 2922 5126 ut_
2932 5070 3056 5126 mss.
3072 5052 3293 5126 aliquot,
3322 5053 3526 5126 ueljn-

1938 5119 2510 5195 comprehensibiliter,
2529 5127 2664 5195 quod
2684 5127 2740 5180 in
2759 5141 2856 5179 ms.
2883 5123 3032 5179 Corb.
3060 5119 3289 5195 habetur,
3313 5132 3360 5195 et
3381 5119 3527 5195 Grte-
3601 5127 3605 5132 '

1936 5212 1998 5252 co
2035 5192 2272 5252 concinit.
2317 5192 2796 5252 Confer'nostram
2843 5203 2955 5256 not.
3007 5195 3073 5249 78
3112 5194 3164 5248 in
3215 5192 3522 5248 testimonia

1898 5325 1907 5347 ,
1938 5267 2160 5347 Patrum
2187 5266 2421 5347 subjecta
2445 5267 2640 5347 Leonis
2668 5270 2824 5336 epist.
2855 5265 2978 5346 i6_5,
3005 5273 3136 5347 tom.
3160 5262 3203 5330 l,
3227 5263 3333 5319 col.
3359 5263 3518 5320 1598.

2010 5348 2047 5375 ω
2072 5338 2230 5394 Solus
2261 5339 2460 5406 Quesn.
2495 5344 2594 5394 hoc
2625 5338 2746 5394 loco
2774 5338 3092 5406 omisitsed.

2009 5405 2380 5481 ",Cnnjunctio
2407 5419 2472 5473 et,
2503 5425 2529 5462 a
2559 5407 2846 5481 Questiello
2874 5405 3071 5460 omissa
3102 5443 3117 5470 ,
3143 5419 3210 5481 es
3237 5405 3438 5481 nostris
3463 5415 3520 5462 et

1938 5479 2134 5535 Crabbi
2177 5474 2338 5534 codd.
2371 5481 2546 5536 addita
2598 5477 2715 5532 l'nit.
2745 5479 2867 5532 Mox
2915 5491 3032 5545 quae
3072 5476 3284 5545 cursivo
3330 5474 3522 5530 chara-

1939 5560 2084 5606 ctere
2111 5549 2483 5618 subjiciuntur,
2515 5558 2721 5604 exstant
2752 5549 2805 5602 in
2836 5544 3059 5618 utraque
3084 5544 3207 5618 cod.
3237 5544 3512 5611 Quesnelli

1937 5631 1993 5680 et
2041 5623 2094 5677 in
2142 5613 2327 5684 nostro
2372 5619 2530 5676 Vind.
2585 5619 2742 5686 hujus
2777 5613 3146 5688 _collectionis.
3196 5619 3266 5688 At
3310 5619 3516 5688 integer

1938 5693 2363 5764 hujusepistolae
2386 5699 2572 5764 textus
2594 5685 2734 5764 apud
2761 5686 3031 5764 C_r_ahhum
3075 5688 3182 5744 hoc
3223 5685 3346 5745 loco
3383 5685 3518 5762 legi-

1939 5759 2046 5831 tur,
2074 5759 2215 5819 sicut
2237 5767 2396 5819 etiam
2429 5762 2482 5818 in
2505 5775 2606 5818 ms.
2630 5759 2754 5818 Vat.
2788 5759 2949 5818 1540.

2008 5843 2038 5874 ⁸
2054 5834 2256 5903 Queen.
2289 5832 2479 5891 inserit
2504 5832 2640 5903 eius.
