3996 6344
215 474 320 534 τις

292 589 380 647 IX.
414 586 493 644 De
513 589 594 643 Itis
616 589 706 660 qui
730 589 783 642 in
805 587 1128 641 ordinatione
1150 591 1354 658 nuptias
1375 593 1738 641 contestantur.

292 683 359 738 X.
403 680 482 737 De
502 682 812 751 dispensatis
843 680 1011 753 [Lege
1028 676 1367 750 desponsatis]
1401 676 1620 748 puellis,
1661 688 1710 733 et
1747 679 1812 733 ab

214 775 339 832 aliis
355 775 635 845 corruptis.
1250 770 1257 775 “

288 867 383 923 XI.
424 866 504 922 De
522 865 901 921 catechumenis
925 865 1106 935 lapsis.

286 959 408 1017 XII.
453 958 522 1015 Ut
541 959 743 1014 nullum
765 959 916 1013 liceat
938 957 1180 1012 ordinare
1200 956 1643 1026 cltorepiscopum.

285 1050 426 1108 XIII.
473 1050 546 1105 De
566 1051 646 1104 Itis
666 1052 755 1119 qui
775 1050 1033 1104 abstinent
1053 1066 1084 1102 a
1104 1050 1366 1104 carnibus.

286 1143 431 1199 XIV.
476 1141 552 1197 De
571 1140 976 1196 distrahentibus
998 1158 1077 1196 res
1096 1141 1479 1196 ecclesiasticas.

286 1233 404 1289 XV.
445 1232 525 1289 De
543 1233 625 1289 Itis
643 1234 733 1304 qui
751 1233 806 1287 in
824 1234 1136 1289 animalibus
1156 1236 1406 1295 coierunt.

287 1325 431 1388 XVI.
477 1325 546 1383 Ut
569 1341 751 1407 supra,
770 1335 861 1383 aut
880 1327 934 1383 in
957 1327 1292 1397 mentienti
1312 1328 1538 1401 corrupti
1557 1336 1699 1399 sunt,
1722 1332 1812 1382 aut

212 1429 578 1491 corrumpunt.

287 1513 458 1573 XVII.
501 1514 577 1571 De
600 1513 855 1577 ordinatis
876 1514 1131 1585 episcopis
1158 1522 1207 1571 et
1237 1530 1341 1575 non
1368 1518 1642 1588 susceptis.

281 1605 477 1665 XVIII.
522 1606 601 1667 De
629 1610 713 1677 his
738 1609 826 1677 qui
852 1608 1193 1680 virginitatem
1220 1602 1547 1680 promittunt,
1586 1622 1633 1675 et
1668 1612 1814 1684 quasi

206 1699 479 1773 sororibus
500 1707 526 1736 ι
550 1700 751 1770 ﬁngunt
768 1700 1097 1767 commorari.

274 1790 451 1869 ω
473 1789 613 1849 XIX.
654 1791 683 1830 ιι
708 1792 812 1867 Qui
834 1791 1097 1865 adulteras
1115 1794 1303 1863 habent
1322 1812 1526 1867 uxores.

277 1881 407 1957 ξι.
450 1882 528 1939 De
551 1885 633 1945 Itis
649 1885 737 1955 qui
764 1900 829 1939 ea:
862 1885 1202 1957 fgtnicatim
1229 1888 1542 1958 interﬁciunt
1570 1899 1736 1959 nam.

277 1972 431 2029 XXI.
485 1973 564 2029 De
591 1974 901 2037 homicidiis.

278 2068 451 2129 XXII.
490 2069 567 2124 De
595 2079 740 2126 extra
766 2073 1075 2149 voluntatem
1114 2076 1409 2145 ltgmicidia.

275 2161 478 2219 XXIII.
522 2164 639 2220 cDe
667 2166 1015 2237 divinantibus
1050 2169 1126 2229 uel
1154 2171 1415 2240 mgisﬁcis.

274 2254 482 2329 XXIV.
524 2256 600 2319 ne
625 2259 844 2329 consciis
867 2263 1212 2333 corruptiqu
1243 2263 1513 2333 virginum.

203 2369 455 2442 Explicit
490 2369 669 2443 [Lege
688 2373 1029 2451 explicluntl
1066 2376 1297 2445 capitula
1338 2391 1607 2433 canonum
1636 2379 1817 2451 Ancy-

888 2447 1148 2513 sensium.

674 2536 923 2599 INCIPIT
967 2539 1397 2597 CONS'I'ITUTA

775 2631 1003 2703 ejusdem
1034 2633 1258 2686 concilii.

280 2732 305 2759 α
328 2721 429 2776 Isti
470 2734 708 2793 canones
747 2723 954 2803 priores
988 2725 1205 2796 quidem
1237 2737 1362 2781 sunt
1390 2725 1618 2784 Nicmnis
1651 2742 1816 2786 cauo-

204 2815 376 2873 nibus
433 2815 731 2885 expositis;
792 2818 886 2872 sed
931 2828 1109 2874 tamen
1147 2818 1347 2875 Nicmni
1394 2824 1565 2889 primo
1607 2824 1814 2894 accepti

202 2919 370 2971 sunt,
402 2917 623 2979 propter
653 2900 1037 2967 auctoritatem
1075 2913 1246 2968 sancti
1286 2921 1342 2968 et
1382 2914 1566 2985 magni
1596 2913 1813 2972 concilii

200 3000 357 3070 quod
383 2999 585 3055 factum
604 3009 685 3073 est
709 3002 761 3055 in
785 3001 1008 3059 Niciam.

636 3118 949 3177 canones
986 3088 1391 3180 consultum

202 3226 235 3263 a
260 3206 375 3266 SS.
420 3207 660 3289 Palribus
696 3211 783 3289 qui
805 3215 1099 3289 congregati
1128 3224 1244 3269 sunt
1257 3232 1353 3289 per
1382 3226 1619 3289 sanctum
1643 3218 1816 3289 Spiri:

470 3290 576 3334 tum
604 3282 654 3335 in
684 3281 885 3337 civitate
903 3281 1218 3355 'Ancyrense.
1253 3285 1356 3341 Tit.
1380 3286 1572 3344 XXIV.

1215 466 1457 528 PRISCA
1497 465 1827 525 GANONUII
1867 463 2095 523 ΕΜΉο
2134 466 2409 526 ιιΛτιΝΑ.

3396 467 3504 527 750

1842 607 1894 669 Α
1919 584 2206 640 credantur
2233 600 2327 654 per
2349 585 2624 643 schemate
2652 584 2879 642 coll'erri
2906 585 3014 650 eis;
3054 584 3129 641 de
3151 583 3268 642 istis
3302 585 3503 655 placuit

1920 678 2180 735 honorem
2220 680 2435 750 quidem
2478 683 2770 738 secundum
2810 682 3124 739 cathedram
3150 696 3246 739 eos
3272 682 3498 750 habere;

1915 769 2154 827 hoﬂerre
2192 780 2370 828 autem
2412 788 2534 840 eos,
2580 784 2672 831 ant
2710 785 2894 846 patere
2933 775 3089 850 [Lege
3119 775 3381 848 pascere],
3411 785 3504 833 aut

1914 877 2094 934 agere,
2124 873 2217 919 aut
2244 878 2400 919 sacro
2428 865 2722 923 ministerio
2746 867 3053 924 ministrare
3078 882 3185 923 non
3213 867 3391 923 liceat.

2272 954 2351 1011 De
2377 956 2604 1013 diaconis
2624 961 2713 1029 qui
2735 960 3144 1015 immolaverunt.
3536 954 3571 1037 ε

1988 1046 2051 1103 II.
2093 1047 2314 1104 Diaconi
2352 1049 2605 1105 similiter
2640 1051 2729 1122 qui
2772 1053 3182 1109 immolaverunt
3219 1062 3275 1110 et
3313 1059 3502 1123 postea

1915 1138 2279 1209 resipuerunt,
2301 1140 2614 1212 dignitatem
2637 1142 2849 1213 quidem
2880 1158 3030 1200 suam
3063 1145 3281 1211 habere,
3309 1152 3363 1201 et
3389 1160 3502 1201 ces-

1820 1222 1829 1229 ”
1915 1244 2039 1287 sare
2085 1246 2179 1288 eoa
2221 1247 2252 1287 a
2282 1246 2439 1289 sacro
2486 1233 2787 1289 ministerio
2838 1237 2990 1303 panis
3033 1244 3089 1291 et
3131 1237 3340 1304 calicis,
3392 1252 3502 1292 non

1916 1334 2159 1397 portare,
2192 1324 2211 1364 ί
2253 1340 2428 1397 neque
2466 1326 2775 1397 praedicare.
2802 1328 2857 1383 Si
2886 1338 3062 1384 autem
3104 1329 3271 1401 aliqui
3295 1329 3506 1400 episco-

1903 1432 2105 1487 porum
2137 1419 2414 1487 tipsorum
2455 1420 2687 1475 scientes
2727 1420 2971 1477 laborare
2997 1435 3112 1488 eos,
3144 1420 3503 1478 humilitatem

1916 1510 2342 1568 mansuetudinis
2390 1512 2620 1577 habere,
2670 1512 2939 1570 voluerint
2986 1514 3104 1584 plus
3143 1515 3339 1593 aliquid
3372 1515 3507 1571 dare

1916 1605 2017 1674 eis,
2053 1607 2137 1663 vel
2166 1611 2432 1675 minuere,
2462 1607 2514 1663 in
2546 1622 2733 1664 eorum
2763 1623 2883 1665 esse
2915 1617 3201 1680 potestate.

1990 1717 2069 1773 De
2097 1720 2176 1775 Itis
2200 1722 2292 1795 qui
2325 1723 2377 1776 in
2408 1724 2532 1795 [πιθα
2571 1724 2695 1795 tenti
2726 1741 2814 1797 per
2847 1725 2948 1779 vim
2978 1725 3428 1807 paganizauerunt.

1990 1809 2083 1867 Ill.
2123 1810 2225 1893 Qui
2254 1812 2522 1895 fugientes
2550 1816 2681 1870 lenti
2709 1824 2852 1881 sunt,
2881 1826 2970 1871 aut
2995 1831 3025 1871 a
3056 1815 3365 1881 domesticis
3392 1816 3506 1877 suis

1920 1906 2098 1965 traditi
2134 1904 2182 1975 κ,
2231 1919 2326 1965 aut
2364 1908 2690 1965 substantias
2730 1925 2854 1966 suas
2898 1908 3277 1980 perdiderunt;
3320 1922 3509 1979 passos

1841 1997 1893 2059 Β
1918 2006 2097 2053 autem
2129 1999 2389 2073 supplicia
2409 2041 2424 2066 ,
2466 2011 2559 2056 aut
2590 2001 2639 2056 in
2674 2016 2948 2057 carcerem
2988 2001 3185 2057 missos
3210 2003 3507 2058 clamantes

1919 2087 2251 2147 Christianos
2297 2108 2356 2149 se
2403 2108 2524 2152 esse
2570 2103 2745 2151 tentos
2790 2094 2962 2166 adque
2994 2095 3044 2151 in
3076 2095 3323 2150 manibus
3364 2092 3509 2149 ferro

1919 2184 2185 2242 violenter
2229 2187 2522 2253 mittentes,
2554 2198 2609 2245 et
2654 2204 2833 2245 escam
2863 2205 2985 2246 cum
3022 2188 3241 2261 paganis
3272 2185 3510 2246 necessi-

1921 2285 2029 2333 tate
2055 2289 2413 2349 acceperunt,
2456 2281 2775 2337 conﬁtentes
2802 2280 2923 2353 quia
2956 2291 3080 2337 sunt
3107 2279 3419 2348 Chri~tiani,
3453 2289 3510 2338 et

1919 2370 2118 2431 luctum
2146 2370 2213 2426 de
2242 2370 2344 2429 hoc
2374 2373 2517 2447 quod
2546 2373 2726 2429 evenit
2746 2389 2960 2445 semper
2986 2374 3352 2441 ostendentes,
3381 2390 3510 2432 cum

1920 2465 2065 2521 omni
2127 2464 2427 2521 humilitate
2481 2474 2536 2520 et
2580 2473 2815 2522 scemate
2865 2466 3116 2522 bonitatis
3146 2510 3159 2535 ,
3221 2476 3276 2522 et
3322 2467 3513 2524 surculi

1921 2556 2076 2628 hujus
2109 2556 2412 2613 humilitate
2455 2558 2619 2625 istos,
2667 2559 2818 2629 quasi
2849 2558 2979 2616 foris
3004 2576 3033 2614 a
3066 2570 3284 2631 peccato
3315 2560 3507 2633 factos,

1919 2650 1987 2706 de
2017 2650 2396 2707 communione
2426 2666 2533 2705 non
2559 2650 2782 2722 privari.
2802 2648 2819 2688 ι
2842 2651 2937 2707 Sin
2965 2661 3141 2707 autem
3164 2653 3354 2725 privati
3382 2658 3512 2708 sunt

1919 2741 1988 2797 ab
2016 2743 2301 2815 aliquibus,
2333 2752 2394 2797 ut
2423 2752 2640 2814 possent
2671 2743 2788 2814 plus
2820 2744 3067 2814 probari,
3113 2753 3168 2801 et
3193 2744 3263 2800 ab
3305 2745 3513 2819 aliquot

1920 2850 2043 2889 mox
2073 2835 2297 2906 suscipi.
2331 2834 2456 2891 Haec
2489 2847 2666 2891 autem
2705 2836 2952 2893 similiter
2995 2837 3135 2908 apud
3165 2836 3393 2899 clericos
3422 2838 3515 2898 vel.

1921 2928 2106 2985 Iaicos.
2156 2928 2465 2985 Discussum
2513 2940 2617 2998 est,
2652 2937 2709 2984 ut
2753 2929 2799 2985 si
2832 2929 3085 3000 possibile
3133 2939 3187 2985 et
3233 2929 3355 2988 laici
3403 2931 3515 2988 tale

1920 3021 2236 3079 necessitate
2262 3020 2491 3094 subjecti
2514 3022 2579 3076 ad
2612 3021 3010 3095 provectionem
3040 3021 3261 3078 honoris
3286 3027 3514 3094 possunt

1919 3113 2093 3189 [Lege
2119 3110 2369 3186 possint]
2417 3113 2619 3169 venire.
2646 3113 2854 3171 Placuit
2902 3128 3031 3185 ergo
3074 3124 3128 3170 et
3173 3113 3325 3181 istos,
3353 3113 3514 3184 quasi

1919 3211 2048 3268 nihil
2079 3222 2382 3284 peccantes,
2410 3220 2501 3267 aut
2526 3221 2685 3266 antea
2711 3211 3014 3266 inveniatur
3037 3220 3183 3266 recta
3212 3206 3375 3287 484
3398 3208 3513 3287 vita

1919 3319 2129 3371 eorum,
2158 3304 2223 3359 ad
2252 3304 2643 3367 ordinationem
2673 3303 2859 3359 venire
2884 3302 3030 3359 cleri.

202 3394 283 3450 De
313 3395 629 3468 presbyteris
655 3396 742 3466 qui
772 3397 1158 3471 immolaverunt
1176 3398 1226 3452 in
1248 3403 1614 3471 persecutione,
1639 3401 1811 3456 rrelu-
1838 3384 1888 3451 C
1922 3397 1998 3453 De
2018 3398 2096 3453 liis
2115 3399 2200 3468 qui
2222 3396 2502 3467 multifaria
2521 3405 2789 3471 Inegerunt
2831 3395 3046 3467 paganis
3078 3394 3242 3468 [Lege
3272 3411 3387 3451 cum
3414 3411 3514 3465 pa-

528 3475 791 3522 ctauerunt
820 3467 982 3540 [Lege
1007 3478 1054 3522 et
1083 3467 1495 3545 reluctaverunt].

270 3562 316 3617 I.
370 3561 676 3633 Presbyteri
708 3558 796 3631 qui
822 3562 1236 3619 immolaverunt
1262 3573 1318 3621 Et
1347 3565 1539 3621 iterum
1570 3567 1810 3637 rcsipue-

203 3664 375 3721 runt,
417 3663 475 3709 et
512 3666 689 3724 neque
735 3654 1137 3710 reluctaverunt
1177 3654 1346 3729 583‘
1377 3672 1473 3727 per
1515 3660 1809 3715 remedium

199 3747 453 3817 aliquem
483 3744 641 3818 [Lege
667 3744 932 3817 aliquod],
958 3746 1052 3803 sed
1084 3763 1152 3803 ex
1186 3748 1440 3814 veritate;
1484 3764 1661 3819 neque
1686 3760 1812 3807 ante

200 3854 304 3912 per
334 3840 698 3909 compositum
726 3855 786 3894 ea
814 3854 932 3910 quae
966 3847 1192 3911 egerunt
1220 3840 1518 3912 ﬁrmantes,
1549 3849 1605 3895 ut
1630 3848 1814 3897 osten-

202 3934 411 3991 derent
448 3950 510 3989 se
548 3933 702 4003 quasi
744 3933 1018 4005 suppliciis
1062 3935 1288 4002 missos,
1339 3944 1398 3990 ut
1435 3935 1717 3992 videantur
1756 3940 1815 3993 et

2618 3464 2784 3539 ganis]
2795 3501 2808 3517 .

1990 3560 2076 3615 IV.
2121 3559 2198 3615 De
2228 3558 2309 3615 his
2336 3560 2424 3629 qui
2458 3573 2554 3630 per
2579 3558 2685 3613 vim
2715 3557 3149 3626 immolaverunt,
3178 3558 3269 3629 qui
3296 3566 3353 3614 et
3377 3565 3510 3628 aput

1918 3655 2072 3711 idolis
2101 3650 2284 3726 [Forte
2326 3650 2489 3725 idola]
2540 3659 2910 3715 removerunt,
2951 3651 3135 3721 quanti
3180 3658 3234 3707 et
3272 3659 3514 3708 scemate

1917 3755 1946 3785 ιι
1966 3745 2180 3802 inlustri
2208 3745 2597 3807 ascenderunt,
2632 3753 2687 3800 et
2711 3752 2861 3800 veste
2889 3743 2970 3798 usi
2999 3753 3125 3799 sunt
3160 3741 3421 3813 pretiosa,
3452 3750 3513 3800 et

1919 3850 2241 3911 acceperunt
2290 3856 2357 3894 ex
2400 3850 2697 3911 praeparata
2743 3852 2896 3894 caena
2947 3848 2972 3875 υ
3005 3835 3249 3903 diversi;
3308 3836 3513 3905 placuit

1918 3952 2014 3992 eos
2050 3946 2075 3985 r
2116 3934 2323 3998 audire,
2353 3941 2409 3988 et
2452 3931 2735 3999 subiacere
2776 3944 2871 3987 eos
2900 3939 3010 3985 tres
3053 3942 3248 3996 annos,
3276 3927 3513 3986 orationi

200 4074 556 4140 uiolauerant.
604 4070 703 4133 IX.
753 4069 826 4124 De
873 4069 1103 4141 diagonia
1150 4071 1239 4141 qui
1284 4069 1338 4124 in
1386 4070 1706 4127 ordinatione
1742 4070 1805 4124 de
1912 4070 2050 4126 Just.
2084 4070 2460 4140 resipiscerunt.
2497 4066 2617 4125 Mox
2645 4064 2766 4123 cod.
2792 4063 2912 4121 Vat.
2952 4066 3015 4122 Β.
3046 4066 3192 4125 delet
3210 4075 3259 4124 et
3280 4082 3345 4124 ac
3369 4068 3513 4123 relu-

201 4144 413 4212 nuptiis
458 4139 723 4196 contestati
772 4149 911 4195 sunt.
962 4139 1027 4212 X7.
1062 4139 1139 4193 De
1164 4139 1505 4212 puellisque:
1550 4150 1806 4210 sponsam:

202 4211 358 4279 sunt,
391 4225 443 4267 et
467 4216 531 4265 ab
558 4215 676 4268 aliis
702 4223 969 4283 stuprattc.
997 4211 1085 4267 XI.
1119 4213 1193 4283 De
1205 4211 1584 4283 catechumenis
1611 4227 1809 4283 prauae

200 4288 414 4347 rieatis.
478 4283 590 4347 XII.
636 4283 711 4338 De
740 4282 1136 4353 cltorepiscopis.
1180 4282 1317 4337 XIII.
1366 4284 1439 4337 De
1484 4282 1681 4337 clericis
1719 4282 1809 4353 qui

201 4359 473 4415 abstinent
501 4371 533 4409 a
562 4354 818 4422 carnibus.
850 4351 987 4408 XIV.
1019 4353 1092 4407 De
1120 4354 1197 4408 Itis
1222 4355 1308 4422 qui
1333 4356 1381 4408 in
1414 4370 1540 4421 Opus
1570 4351 1812 4411 Ecclesia:

202 4430 599 4495 renuntiantur.
645 4420 757 4479 XV.
808 4424 983 4479 Deliis
1011 4425 1098 4495 qui
1138 4427 1191 4477 in
1234 4420 1535 4479 animalibus
1562 4434 1676 4478 sunt
1706 4426 1813 4494 {or-

199 4498 399 4553 nicati.
438 4494 575 4554 XVI.
616 4495 689 4550 Ds
718 4494 798 4551 Itis
834 4498 921 4565 qui
967 4494 1080 4549 cum
1106 4498 1347 4551 masculis
1387 4495 1691 4550 animalibus
1734 4500 1817 4564 [a-

200 4573 438 4625 ciscunt.

288 4669 317 4697 ι
368 4658 513 4713 Just.
560 4656 682 4713 cod.
716 4656 817 4713 hoc
865 4656 1005 4726 loco,
1044 4666 1444 4713 commorantur.
1480 4656 1818 4723 Prtetulimus

205 4746 314 4785 ms.
357 4729 484 4784 Vat.
519 4730 673 4798 Ileg.,
706 4743 933 4796 quocum
966 4727 1203 4783 concinit
1232 4727 1371 4799 idem
1402 4727 1614 4799 Justel‘i
1645 4730 1813 4782 codex

202 4803 258 4857 in
294 4803 466 4858 titulo
493 4797 682 4871 canoni
714 4799 935 4854 interius
967 4801 1184 4868 prtuliso
1206 4815 1216 4850 :
1242 4797 1811 4875 ﬁngunt'commanere.

274 4880 308 4919 δ
340 4877 472 4934 Vat.
506 4878 663 4948 Reg.,
695 4880 767 4934 De
800 4877 882 4932 his
910 4878 997 4949 qui
1027 4878 1239 4933 invicem
1280 4875 1656 4933 adulterantur.
1692 4876 1810 4934 XX.

205 4953 285 5009 De
312 4950 404 5009 his
435 4952 523 5020 qui
553 4959 699 5009 natos
724 4949 1062 5015 interﬁciunt.

278 5044 304 5073 ⁸
335 5026 490 5087 Idem
518 5031 665 5101 cod.,
694 5029 772 5085 De
812 5028 1105 5101 ﬁlactericis
1149 5028 1226 5101 vel
1260 5029 1466 5093 divinis.
1511 5028 1702 5086 XXIV.
1735 5027 1819 5089 Da

200 5112 544 5173 corruptores
573 5090 713 5171 (lege
737 5090 1146 5170 coiruptoribus)
1176 5090 1455 5172 virginum.

278 5188 309 5221 α
334 5184 484 5253 Lege
509 5179 793 5253 Incipiunt.

286 5275 312 5303 ο
335 5262 480 5318 Cod.
498 5262 563 5317 V.
583 5257 648 5317 R.
677 5261 878 5317 omittit
902 5261 1230 5329 prtemissam
1260 5261 1553 5316 clausulam
1582 5260 1812 5331 explicit,

202 5347 350 5400 etc.,
399 5349 468 5388 ac
514 5344 828 5404 sequentem
872 5335 1084 5404 titulum
1112 5333 1334 5403 Incipit,
1369 5344 1473 5388 etc.
1513 5334 1660 5388 Hanc
1686 5349 1815 5387 vcro

202 5401 627 5462 annulationem
678 5407 759 5460 sic
799 5403 953 5459 eliert
994 5422 1009 5458 :
1055 5401 1150 5459 Isti
1195 5401 1314 5458 sunt
1356 5420 1578 5459 canones
1617 5405 1815 5473 priores

203 5479 425 5547 quidem
452 5475 678 5531 Nicetis
705 5478 982 5530 canonibus
1011 5476 1248 5544 expositi.
1284 5475 1389 5530 Sed
1417 5474 1618 5529 Nicwni
1651 5476 1815 5545 primo

204 5548 401 5617 scripti
430 5558 551 5601 sunt
578 5556 785 5619 propter
813 5548 1168 5619 auctoritatem
1202 5559 1390 5619 sancite
1420 5556 1466 5601 et
1497 5562 1694 5619 magna:
1730 5563 1815 5617 sy-

206 5616 341 5673 nodi
381 5634 498 5687 qua:
530 5616 683 5689 facta
713 5627 803 5689 est
829 5620 882 5672 in
912 5616 1114 5681 Nicaea,
1152 5618 1344 5672 melius
1373 5630 1427 5672 et
1472 5616 1595 5671 cum
1623 5616 1816 5671 Greco

207 5687 610 5757 cohaerentius,
644 5690 739 5745 ubi
764 5687 964 5746 Nicani
991 5703 1222 5745 canones
1253 5690 1653 5760 Ancyrensibus
1681 5703 1816 5756 pra:-

208 5767 535 5817 mittuntur.

295 5846 317 5885 τ
366 5848 412 5904 lt
437 5858 506 5903 st.
543 5862 643 5903 ms.
678 5848 879 5903 Omittit
902 5848 1123 5904 verbum
1172 5849 1580 5913 rctuctauerunt;
1620 5848 1818 5916 adjuvi-

214 5934 352 5991 ruus
380 5935 411 5974 e
437 5918 557 5974 cod.
592 5917 712 5973 Vat.
764 5919 919 5991 Μυκη
956 5928 1221 5975 contextu
1268 5922 1488 5974 canonis
1543 5922 1812 5991 exigente.

216 5990 367 6053 Dein
395 6005 462 6051 ex
483 5991 677 6050 eodem
704 5993 822 6050 cod.
850 5989 1260 6051 emendavimus
1284 5991 1635 6064 resipuerunt;
1675 5989 1815 6065 apud

1916 4150 2199 4196 currerunt.

1989 4222 2015 4259 s
2039 4214 2127 4267 Sic
2154 4222 2336 4267 noster
2361 4209 2553 4264 codex.
2586 4209 2738 4278 Apud
2770 4209 2935 4279 Just.,
2968 4208 3143 4278 offerri
3162 4226 3216 4265 se
3244 4213 3307 4265 is.

1990 4282 2178 4339 IlJust.
2212 4286 2260 4337 in
2293 4291 2459 4347 testu,
2479 4281 2663 4336 habere
2687 4290 2778 4335 aut
2802 4297 3032 4351 precare,
3068 4291 3125 4335 at
3155 4282 3206 4335 in
3235 4284 3508 4352 margine:

1923 4356 2073 4412 Adde
2100 4354 2284 4422 oﬁ’erre
2312 4362 2484 4409 autem
2509 4369 2614 4417 cos,
2658 4367 2723 4408 ac
2752 4366 2849 4421 pro
2891 4368 3099 4421 precare
3129 4352 3246 4421 lege
3287 4355 3510 4421 precari.

1920 4427 2114 4484 Noster
2142 4428 2307 4479 codex
2345 4426 2601 4493 integram
2631 4433 2685 4478 ct
2712 4438 2889 4493 veram
2923 4423 3209 4478 lectionem
3240 4422 3506 4493 eghibuit,

1924 4500 1968 4554 si
2002 4512 2203 4565 pascere
2235 4512 2327 4561 pro
2375 4503 2547 4564 putere
2584 4492 2867 4558 emendes;
2909 4493 3128 4565 Graecus
3156 4492 3297 4547 enim
3329 4498 3509 4549 textus

1924 4562 2150 4636 aliaeque
2179 4562 2452 4621 ver-instes
2483 4565 2679 4617 habent
2718 4579 2997 4636 sermonem
3039 4562 3237 4630 habere,
3280 4578 3378 4634 pro
3402 4580 3510 4635 quo

1925 4634 2109 4705 noster
2138 4640 2404 4705 interpres
2426 4651 2632 4704 pascere
2661 4634 2911 4705 reddidit.

1998 4709 2014 4748 ί
2043 4711 2206 4773 Just.,
2230 4704 2387 4778 neque
2418 4707 2726 4761 ministrare.
2751 4704 2937 4760 Melius
2968 4714 3151 4769 noster
3171 4706 3512 4778 codex,ch

1921 4782 2110 4843 Graeco
2140 4776 2366 4848 altisque
2398 4778 2733 4833 versionibus
2758 4778 3067 4848 concinens.
3356 4776 3359 4777 ⁷
3506 4776 3513 4783 ’

1995 4853 2008 4903 i
2046 4854 2233 4905 Noster
2263 4846 2408 4916 cod.,
2440 4849 2653 4903 istorum
2684 4848 2895 4905 scientes
2924 4846 3171 4915 laborem,
3209 4859 3296 4905 aut
3327 4849 3510 4905 huma-

1917 4926 2129 4978 nitatem
2160 4920 2557 4975 mnnsuetudinis
2583 4920 2784 4980 habere,
2810 4918 3097 4983 voluerunt,
3128 4930 3233 4975 etc.
3267 4920 3386 4974 Mox
3417 4922 3509 4975 de-

1841 5006 1891 5069 ι)
1920 4995 1993 5050 let
2020 4996 2128 5058 eis;
2166 5010 2227 5047 ac
2255 4993 2376 5047 dein
2408 5008 2474 5048 ex
2504 4990 2693 5047 eodem
2723 4990 2848 5048 cod.
2887 4989 3198 5059 scripsimus
3227 4998 3509 5061 potestate;

1918 5069 2056 5134 Just.
2081 5072 2391 5134 potestatem.

1992 5133 2018 5172 ι
2042 5130 2176 5191 Just.
2196 5137 2516 5205 repetitsunt
2534 5151 2556 5205 ς
2574 5133 2926 5203 expunximus
2948 5145 3068 5186 cum
3086 5138 3269 5205 nostro
3298 5130 3504 5186 codice.

2000 5204 2014 5243 ι
2044 5207 2143 5262 Ms.
2170 5201 2290 5260 Vat.
2321 5207 2478 5275 Reg.,
2513 5204 2573 5261 Si
2602 5201 2771 5258 autem
2797 5243 2811 5257 .
2841 5240 2855 5256 .
2875 5239 2888 5255 .
2915 5208 2969 5254 ut
3008 5201 3202 5272 possint
3241 5215 3261 5255 :
3306 5211 3360 5257 et
3391 5216 3510 5267 [ost

1925 5293 2111 5348 pauCa,
2141 5278 2279 5347 apud
2309 5275 2517 5331 clericos
2538 5285 2586 5331 et
2609 5276 2785 5330 laicos.

1996 5361 2034 5387 ιη
2064 5348 2204 5403 Idem
2236 5349 2386 5417 cod.,
2419 5347 2772 5417 paganis-mum
2813 5350 3056 5417 egerunt.
3082 5340 3205 5398 Mox
3227 5339 3381 5399 initio
3411 5354 3504 5398 cae

1927 5426 2083 5477 nonis
2104 5413 2395 5489 adiecimus
2420 5413 2505 5472 ea
2527 5418 2696 5489 Itis_ex
2728 5413 2913 5489 nostro
2938 5413 3144 5489 codice.

1994 5492 2131 5549 nSic
2161 5485 2345 5545 noster
2373 5489 2562 5544 codex.
2592 5487 2755 5553 Iust.,
2787 5485 3053 5539 illustrati.

1996 5572 2020 5599 ο
2046 5562 2179 5618 Alia:
2205 5562 2481 5617 versiones
2507 5558 2790 5613 reddidere
2814 5556 3183 5625 indifferenter.

1997 5646 2022 5684 ιι
2044 5634 2296 5702 Qumdam
2324 5633 2427 5686 hoc
2457 5632 2573 5685 loco
2602 5628 2792 5684 deesse
2823 5624 3075 5683 notarunt
3093 5624 3316 5682 Voellus
3341 5635 3504 5697 atque

1922 5705 2198 5762 Justellus.
2249 5702 2481 5757 Deerant
2508 5707 2686 5755 autem
2714 5708 2943 5769 quatuor
2985 5704 3273 5769 sequentes
3319 5712 3505 5767 voces,

1922 5792 2055 5847 quas
2086 5792 2151 5830 ex
2184 5788 2283 5847 ms.
2322 5772 2537 5847 vat._ll.
2570 5768 2952 5847 supplevimns.
2982 5768 3174 5847 Audire
3195 5783 3317 5841 eum
3335 5770 3507 5847 pruni.

1923 5838 2102 5902 tentia:
2128 5843 2351 5913 gradum
2380 5841 2599 5913 indicat,
2625 5838 2729 5910 quo
2758 5842 3081 5913 pmwitentes
3115 5840 3253 5897 inter
3278 5838 3502 5899 audien-

1925 5930 2004 5972 tes
2027 5911 2449 5984 recipieban'ur;
2490 5911 2750 5984 subjacere
2787 5928 2913 5968 vero
2938 5912 3189 5981 alterum,
3222 5926 3330 5983 quo
3371 5924 3505 5973 ora-

1922 5990 2049 6047 tioni
2082 5983 2316 6043 tidelium
2348 5983 2602 6059 prostrati
2632 5984 2874 6044 aderant.
