3996 6344
549 419 652 482 751

1445 422 1534 476 Al)
1573 421 1800 477 OPI'LIIA
1840 423 1894 476 S.
1938 421 2183 480 LEONIS
2222 425 2435 482 MAGNI
2478 425 2840 484 AI’PENDIX.
3704 421 3790 478 731

546 540 708 598 simul
733 539 1130 596 communicare
1159 554 1252 594 eos
1283 537 1518 598 biennio,
1552 547 1601 591 et
1632 539 1709 591 sic
1746 538 1810 590 ad
1841 539 2132 608 perfectum
2163 543 2208 600 Α
2241 550 2295 594 et
2325 539 2513 595 fratrea
2543 543 2994 604 sollicitaverunt,
3032 548 3084 595 et
3119 541 3192 594 rei
3221 542 3421 600 fuerunt
3464 562 3562 613 pro
3596 546 3790 618 hoc-piis

547 636 756 692 venire.
809 633 1216 703 Quanticuuqne
1259 647 1386 686 vero
1435 633 1793 686 ascenderunt
1837 648 1955 684 cum
1988 641 2136 686 veste

550 726 607 782 in
640 727 806 794 luctu,
850 735 904 780 ct
933 725 1308 780 recumbentcs
1356 724 1705 778 comederunt
1750 739 1869 778 cum
1924 723 2134 779 tristitia

544 827 602 875 et
639 817 911 887 lacrymis,
961 817 1005 872 si
1054 816 1457 887 compleverunt
1487 816 1784 884 thjectum
1817 816 2130 882 triennium,

542 912 660 966 sine
701 910 970 964 oblatione
1010 909 1354 979 recipiantur.
1386 908 1442 962 Si
1471 917 1646 961 autem
1677 916 1702 942 ιι
1735 923 1841 961 ιιυη
1883 906 2128 973 ederunt,

536 1004 757 1060 biennio
803 1001 1034 1072 subjecti
1083 1004 1220 1067 sint,
1267 1012 1321 1056 et
1351 1002 1510 1056 tertio
1558 1015 1698 1054 anno
1738 999 2134 1054 communicent

537 1097 658 1152 sine
705 1096 978 1150 oblatione
1026 1104 1082 1148 ut
1141 1094 1363 1165 perfecti
1411 1103 1600 1163 quarto
1653 1107 1796 1146 anno
1841 1092 2126 1160 accipiant.

535 1187 790 1257 Episc0pi
837 1198 1014 1242 autem
1063 1186 1263 1242 habere
1307 1194 1647 1256 potestatem,
1680 1200 1858 1238 mores
1905 1198 2130 1239 conver-

535 1281 702 1337 sionis
745 1295 934 1336 eorum
971 1279 1283 1349 probantes,
1321 1277 1624 1331 humaniter
1651 1290 1738 1330 aut
1768 1276 1998 1344 amplius
2027 1274 2127 1329 ad-

536 1375 672 1432 dere
704 1384 914 1442 tempus
959 1389 972 1429 :
1015 1371 1042 1410 δ
1077 1372 1267 1427 obiens
1297 1381 1472 1425 autem
1501 1380 1553 1425 et
1599 1370 1701 1424 vita
1729 1371 1815 1440 qui
1848 1367 2132 1424 antecedet

534 1477 593 1523 et
620 1467 711 1538 qui
745 1466 900 1540 [Lege
930 1479 1050 1535 qua:
1078 1463 1371 1519 antecessit
1399 1472 1452 1517 et
1477 1459 1619 1532 quae]
1649 1461 1886 1530 sequitur
1931 1461 2128 1530 proba-

536 1568 622 1613 tur
670 1557 845 1632 [Lege
873 1555 1128 1627 probetur
1152 1554 1192 1627 ].
1243 1554 1310 1608 Et
1350 1554 1427 1610 sic
1459 1554 1764 1608 humanitas
1792 1552 2130 1623 superadnu—

535 1659 793 1705 meretur.

833 1739 907 1795 De
933 1743 1014 1796 Itis
1045 1741 1134 1812 qui
1163 1739 1333 1794 timori
1361 1739 1816 1812 paganiznverunt.

605 1834 672 1891 V.
716 1834 791 1890 De
821 1834 904 1889 liis
927 1833 1018 1904 qui
1051 1844 1071 1872 ο
1091 1849 1186 1903 per
1214 1833 1384 1886 minas
1413 1841 1467 1886 et
1497 1832 1743 1886 timorem
1776 1831 2126 1903 paganizave-

532 1935 680 1993 runt,
731 1941 827 1995 per
853 1925 1113 1994 supplicia
1159 1932 1214 1979 et
1240 1923 1554 1978 substantiae
1597 1923 1909 1990 perditionis
1956 1923 2127 1996 [Lege
2159 1925 2206 1987 Β

532 2015 914 2091 perditionem]
962 2024 1052 2070 aut
1081 2015 1564 2086 transwigratiOnis
1596 2014 1750 2088 [Lege
1781 2017 2125 2088 transmigra-

532 2110 782 2182 tionein]
825 2109 1258 2174 immolaverunt,
1289 2118 1342 2163 et
1390 2123 1561 2174 usque
1605 2107 1671 2162 ad
1704 2119 1954 2178 presente
1990 2119 2126 2165 tem-

529 2202 823 2277 pore[Lege
837 2203 900 2256 ad
922 2217 1154 2272 praesens
1180 2198 1409 2272 tempus]
1426 2218 1528 2256 non
1552 2203 1936 2272 pmnituerunt,
1952 2220 2126 2275 neque

529 2298 774 2354 conversi
816 2303 958 2362 sunt,
988 2305 1043 2351 et
1067 2312 1209 2351 nunc
1239 2306 1387 2350 extra
1418 2305 1658 2365 tempore
1687 2299 1875 2368 synodi
1920 2298 2124 2368 suppli-

527 2397 714 2445 cantes
736 2385 834 2443 det
860 2389 913 2442 in
942 2403 1157 2443 sensum
1180 2389 1549 2444 conversionis
1578 2390 1882 2455 venientes;
1925 2391 2124 2459 placuit

527 2499 624 2539 eos
657 2499 825 2554 usque
861 2483 926 2538 ad
961 2483 1221 2553 majorem
1255 2483 1395 2537 diem
1427 2483 1492 2536 ad
1532 2483 1858 2537 audientiam
1902 2483 2120 2554 suscipi,

530 2588 587 2634 et
617 2588 736 2649 post
775 2578 1032 2647 majorem
1065 2576 1204 2631 diem
1237 2576 1518 2645 suhjacere
1551 2576 1812 2642 triennio;
1853 2585 1907 2631 et
1939 2585 2122 2643 postea

524 2671 925 2726 communicare
954 2671 1072 2724 sine
1109 2667 1408 2732 oblatione,
1442 2677 1496 2722 et
1537 2667 1615 2722 sic
1660 2668 1843 2722 venire
1887 2669 1951 2722 ad
2002 2684 2123 2739 pero

523 2763 767 2826 lectum,
821 2770 879 2816 ut
949 2771 1158 2831 tempus
1218 2776 1317 2815 sex
1377 2776 1639 2815 annorum
1691 2763 2014 2832 compleant.
2063 2763 2121 2819 Si

524 2865 703 2912 autem
753 2855 916 2925 aliqui
961 2867 1086 2910 ante
1133 2853 1398 2926 synodum
1443 2855 1678 2925 suscepti
1739 2865 1865 2910 sunt
1907 2855 1974 2910 ad
2005 2871 2120 2926 pte-

522 2949 828 3014 nitemiam,
859 2947 926 3002 ab
969 2948 1056 3004 illo
1089 2962 1331 3018 tempore
1372 2950 1644 3004 numerari
1689 2951 1764 3005 eis
1797 2951 2118 3020 principium

523 3056 786 3099 annorum
816 3058 931 3097 sex.
964 3041 1021 3096 Si
1066 3051 1249 3097 autem
1284 3051 1306 3078 ο
1344 3041 1511 3112 aliqui
1555 3043 1852 3112 periculum
1905 3044 2113 3109 mortis,

525 3136 609 3193 ire]
657 3137 987 3208 exspectatio
1031 3136 1100 3190 ab
1148 3135 1311 3208 485
1362 3135 1707 3203 infirmitate,
1757 3147 1848 3192 aut
1899 3139 2118 3193 alterius

525 3225 705 3305 [Lege
733 3231 836 3284 alia
863 3229 1037 3300 aliqua
1066 3226 1086 3299 ]
1118 3230 1426 3297 occasione,
1457 3239 1670 3301 oportet
1695 3230 1829 3286 istos
1853 3230 1954 3286 sub
1986 3232 2115 3286 hora

525 3323 746 3394 suscipi.

699 3415 778 3469 De
811 3415 891 3469 Itis
923 3415 1010 3485 qui
1048 3415 1099 3468 in
1141 3413 1397 3468 idolorum
1438 3414 1564 3468 locis
1591 3416 1938 3480 comederunt,

597 3505 683 3562 Vl.
726 3508 801 3564 De
827 3507 911 3563 his
939 3507 1028 3578 qui
1054 3508 1104 3562 in
1130 3507 1418 3563 festivitate
1450 3507 1469 3546 τ
1501 3508 1556 3564 in
1587 3508 1722 3564 locis
1745 3509 2120 3567 abominandis

503 3586 815 3656 Gentilium
847 3600 1003 3654 simul
1037 3600 1233 3663 edunt,
1267 3609 1324 3656 et
1349 3616 1502 3656 suam
1548 3617 1726 3657 escam
1767 3602 2119 3661 defendentes

523 3687 676 3766 [Lege
704 3691 1026 3764 deferentes]
1068 3693 1326 3762 pollutam
1363 3693 1745 3757 comederunt,
1786 3695 1981 3763 placuit
2022 3710 2116 3752 eos

523 3784 738 3839 biennio
775 3786 1082 3854 subjacere,
1109 3795 1162 3838 et
1200 3784 1278 3839 sic
1313 3786 1542 3855 suscipi,
1575 3792 1699 3854 quia
1745 3797 1959 3855 Oportet
1998 3796 2118 3857 post

523 3876 847 3932 oblationem
896 3893 1328 3946 unumquemque
1370 3881 1678 3946 episcOpum
1722 3893 1817 3934 eos
1850 3880 2112 3951 probare,

523 3977 581 4026 et
607 3970 767 4024 vitam
797 3969 1126 4039 singulorum
1156 3986 1467 4040 agnoscere.

808 4047 886 4112 De
915 4061 992 4112 Itis
1022 4062 1107 4128 qui
1137 4069 1160 4105 8
1195 4062 1381 4130 swpius
1412 4060 1826 4119 immolaverunt.

601 4149 707 4204 VII.
750 4150 848 4218 Qui
880 4151 1115 4206 secundo
1141 4163 1192 4206 et
1226 4152 1384 4206 tertio
1414 4152 1823 4209 immolaverunt
1855 4171 1947 4226 per
1977 4158 2104 4227 vim,

525 4252 751 4311 quatuor
780 4243 934 4298 annis
962 4243 1292 4315 subjaceant,
1321 4255 1370 4299 et
1397 4245 1499 4299 duo
1527 4247 1640 4301 sine
1667 4248 1938 4304 oblatione
1959 4265 2110 4305 com-

523 4335 822 4402 municent,
857 4345 909 4390 et
939 4337 1165 4404 septimo
1197 4335 1263 4390 ad
1301 4335 1593 4404 perfectum
1625 4339 2006 4408 suscipiantur.

661 4427 739 4485 De
763 4430 838 4484 Itis
863 4428 888 4466 ιι
917 4435 1002 4500 qui
1032 4441 1078 4484 et
1109 4432 1237 4485 alios
1267 4435 1480 4487 suadent
1512 4435 1663 4488 idolis
1684 4436 1966 4490 immolare.

590 4521 724 4576 VIII.
775 4524 965 4590 Quanti
1002 4537 1179 4579 autem
1225 4541 1329 4579 non
1369 4527 1544 4581 solum
1577 4539 1948 4598 apostatarunt
1973 4573 1987 4597 ,
2017 4533 2115 4590 sed

2246 632 2589 703 [Subauditur
2623 633 2834 695 Iratrt'sl
2879 635 3149 690 sollicitati
3188 647 3349 699 sunt,
3393 638 3444 691 lii
3487 640 3649 692 trilins
3678 645 3797 697 a'uis

2243 727 2415 779 locum
2447 727 2731 781 uuilientia-
2760 729 3086 795 suscipiant,
3124 728 3173 778 in
3205 728 3321 780 aliis
3352 741 3533 784 autem
3563 748 3650 784 sex
3675 735 3800 789 anni:

2248 815 2261 853 ί
2297 817 2469 870 locum
2501 833 2566 871 eo
2593 825 2698 887 quo
2736 818 3052 872 deciderunt
3084 829 3308 885 vacent,
3341 824 3502 874 alium
3534 832 3698 876 autem
3723 841 3785 880 an

2241 924 2363 961 num
2391 909 2788 964 communicent
2829 910 2948 964 sine
2987 911 3261 964 oblatione
3287 953 3301 975 ,
3336 921 3397 966 ut
3433 913 3621 966 decem
3661 930 3794 972 annos

2237 1000 2606 1069 complentesi
2642 1001 2938 1070 perfectum
2968 1002 3258 1070 suscipiant
3291 1003 3462 1059 locum
3492 1023 3503 1057 :
3536 1008 3585 1060 in
3617 1005 3702 1061 hoc
3724 1025 3791 1063 au-

2239 1100 2344 1147 tem
2370 1103 2579 1162 Oportet
2605 1109 2791 1148 eorum
2822 1094 3092 1148 custodire
3123 1095 3308 1149 vitam.

2234 1202 2313 1260 De
2334 1205 2629 1259 diaconibus
2650 1207 2735 1275 qui
2764 1207 2817 1260 in
2839 1207 3164 1260 ordinatione
3188 1206 3208 1242 ι
3239 1208 3439 1262 nubtias
3462 1218 3777 1264 contestantur

2305 1319 2395 1374 IX.
2440 1320 2654 1376 Diaconi
2686 1322 2776 1392 qui
2808 1333 2930 1376 sunt
2973 1322 3288 1388 ordinandi,
3321 1323 3366 1377 si
3395 1326 3778 1382 contestatisun

2231 1422 2357 1469 ante
2394 1413 2784 1469 ordinationem
2809 1455 2824 1479 ,
2857 1423 2910 1470 et
2940 1413 3193 1470 dixerunt
3227 1424 3482 1483 oiiortere
3515 1431 3576 1471 se
3605 1417 3776 1474 nubere

2232 1520 2337 1560 non
2366 1521 2524 1576 posse
2551 1521 2644 1562 eos
2671 1505 2750 1562 sic
2781 1521 3026 1572 manere,
3055 1507 3106 1560 hi
3134 1516 3254 1576 post
3282 1506 3382 1561 hoc
3410 1503 3797 1572 nubentes,'sint

2233 1596 2287 1652 in
2317 1598 2618 1654 ministerio
2642 1613 2736 1668 pro
2759 1600 2901 1669 quod
2926 1611 3250 1670 praeceptum
3280 1597 3370 1672 [Id
3394 1610 3466 1654 cst
3488 1603 3793 1677 concessum]

2232 1693 2312 1749 eis
2341 1703 2424 1748 est
2451 1693 2519 1748 ab
2545 1694 2816 1764 episcopo.
2853 1693 2908 1750 Si
2947 1703 3125 1747 autem
3161 1693 3322 1761 aliqui
3353 1691 3368 1729 ι
3408 1710 3516 1748 ιιι-η
3550 1701 3794 1752 contestati

2237 1794 2517 1842 tacuerunt
2544 1826 2559 1851 ,
2589 1794 2644 1841 et
2669 1785 2866 1856 placuit
2892 1788 2970 1841 eis
3001 1786 3055 1840 in
3100 1785 3438 1840 ordinatione
3489 1800 3796 1854 perseverare

2236 1877 2466 1947 innupti,
2494 1887 2549 1933 et
2579 1877 2916 1947 postmodum
2947 1887 3211 1932 venerunt
3241 1877 3308 1932 ad
3336 1879 3552 1947 nuptias
3573 1923 3587 1948 ,
3619 1893 3795 1937 cessare

2232 1987 2328 2028 eos
2354 1973 2574 2027 omnino
2603 1987 2635 2026 a
2666 1971 2963 2028 ministerio
2994 1972 3226 2028 diaconi.

2298 2082 2462 2155 [‘86
2492 2082 2570 2138 De
2611 2083 2792 2155 puellis
2817 2101 2931 2150 qua:
2959 2095 3219 2154 sponsam:
3246 2097 3388 2154 sunt,
3419 2095 3466 2142 et
3494 2097 3532 2123 ω
3561 2086 3622 2140 ab
3642 2088 3742 2142 aliis

2799 2158 3117 2226 distipulatte
3145 2168 3284 2212 sunt.

2308 2247 2372 2302 Χ.
2415 2248 2544 2315 Quae
2566 2256 2835 2316 Sponsam:
2859 2259 3007 2316 sunt,
3035 2258 3089 2303 et
3117 2249 3184 2304 ab
3210 2250 3328 2305 aliis
3352 2259 3478 2304 sunt
3505 2259 3686 2319 rapte,
3706 2250 3795 2321 pla-

2228 2344 2344 2398 cuit
2394 2351 2513 2412 post
2553 2341 2654 2396 hoc
2685 2357 2777 2397 eas
2821 2342 2975 2398 reddi
3014 2343 3099 2397 cui
3145 2351 3271 2397 ante
3317 2342 3656 2412 desponsatas
3681 2341 3794 2407 sntit,

2228 2435 2437 2492 etiamsi
2463 2443 2492 2472 ιι
2525 2445 2578 2490 et
2604 2435 2712 2489 vim
2744 2435 2810 2490 ab
2842 2434 2924 2489 his
2947 2434 3150 2505 aliquid
3183 2448 3453 2505 perpessa:
3483 2435 3608 2490 sint.

2309 2549 2386 2604 De
2417 2550 2494 2604 his
2524 2553 2610 2620 qui
2637 2566 2751 2603 cum
2781 2549 3128 2604 cateeltumeni
3155 2558 3316 2603 essent
3344 2548 3738 2603 immolaverunt.

2301 2665 2392 2721 XI.
2457 2665 2555 2733 Qui
2599 2673 2724 2721 ante
2778 2666 3099 2734 baptismum
3150 2664 3602 2729 immolaverunt,
3640 2671 3796 2732 postea

2228 2768 2404 2812 autem
2435 2757 2706 2827 baptizati,
2750 2757 2946 2827 placuit
2975 2771 3068 2813 eos
3097 2755 3163 2811 ad
3193 2755 3431 2812 officium
3461 2755 3664 2821 venire,
3690 2762 3713 2790 °
3735 2752 3796 2808 si-

2225 2859 2318 2906 cut
2343 2864 2438 2907 eos
2463 2850 2553 2920 qui
2584 2859 2636 2906 et
2661 2851 2911 2921 baptizati
2945 2859 3088 2906 sunt.

2230 2963 2296 3020 Ut
2321 2982 2422 3019 non
2449 2966 2557 3019 sine
2583 2966 2816 3036 episcOpo
2847 2966 2990 3020 liceat
3022 2977 3046 3016 ιι
3076 2981 3378 3037 quemquam
3411 2964 3650 3018 ordinare
3668 2961 3794 3017 abiis

2635 3037 2723 3107 qui
2754 3038 2996 3090 dicuntur
3031 3037 3399 3108 εΙιονερὶδεομὶ.

2295 3129 2408 3185 XII.
2449 3128 2861 3200 Chorepiseopis
2892 3146 2994 3185 non
3025 3129 3186 3185 licere
3221 3128 3568 3200 presbyteros
3593 3135 3679 3182 aut
3699 3125 3796 3181 dia-

2221 3237 2388 3281 conos
2427 3226 2703 3292 ordinare,
2747 3225 2841 3281 sed
2883 3239 3056 3296 neque
3086 3225 3412 3296 presbyteris
3443 3222 3671 3278 civitatis
3696 3221 3798 3276 sine

2146 3321 2194 3384 Ο
2223 3321 2464 3390 iussione
2489 3320 2750 3390 episcOpi,
2784 3331 2813 3371 τι
2840 3320 2934 3375 sed
2963 3336 3084 3375 cum
3113 3319 3316 3375 eisdem
3349 3317 3544 3373 litteris
3569 3314 3717 3373 eundi
3738 3311 3796 3369 ad

2232 3416 2470 3488 singulas
2502 3415 2800 3486 parochias.

2547 3518 2566 3544 τ
2604 3507 2678 3560 De
2705 3507 2780 3560 his
2811 3508 2895 3577 qui
2921 3505 3172 3561 abstinent
3201 3524 3230 3560 a
3260 3505 3519 3560 carnibus.

2299 3599 2435 3656 XIII.
2480 3600 2580 3668 Qui
2627 3601 2678 3653 in
2713 3601 2861 3655 clero
2888 3609 3009 3654 sunt
3035 3599 3334 3670 presbyteri
3367 3599 3449 3651 vel
3481 3594 3681 3651 diaconi
3710 3593 3794 3646 ab-

2227 3693 2489 3748 stinentes
2518 3707 2546 3746 a
2588 3693 2837 3747 carnibus
2862 3737 2876 3760 ,
2929 3691 3127 3761 placuit
3166 3699 3224 3744 ut
3265 3698 3582 3760 tangerent;
3630 3697 3648 3721 ³
3681 3681 3793 3739 etsi

2227 3802 2332 3841 non
2381 3785 2720 3841 obaudierint
2764 3801 3044 3853 canonem,
3100 3783 3299 3854 placuit
3345 3796 3558 3840 cessare
3606 3793 3691 3835 eos
3733 3776 3792 3832 de

2223 3879 2434 3932 ordine.

2333 3969 2349 4002 ι
2388 3966 2464 4021 De
2487 3967 2564 4020 Itis
2589 3967 2674 4038 qui
2701 3975 2883 4021 temere
2911 3985 2987 4021 res
3010 3967 3371 4021 ecclesiasticas
3395 3964 3694 4020 distrahunt.

2297 4080 2435 4135 XIV.
2481 4082 2554 4136 De
2586 4081 2668 4135 his
2713 4097 2830 4151 quae
2857 4081 3197 4150 adpertinent
3227 4079 3524 4146 Dominico,
3556 4087 3582 4114 ιι
3610 4075 3652 4132 si
3677 4087 3785 4144 qua,

2220 4174 2346 4229 dum
2380 4191 2482 4228 non
2508 4185 2649 4230 esset
2677 4179 2982 4244 episcopus,
3015 4175 3314 4246 presbyteri
3347 4171 3782 4231 venundaveruut,

2223 4282 2495 4331 revocare,
2528 4275 2686 4335 atque
2719 4279 2960 4337 repetere
2995 4269 3324 4322 Dominicum
3357 4283 3370 4331 ;
3426 4277 3477 4320 et
3509 4265 3558 4320 in
3587 4260 3784 4318 arbitrio

2223 4361 2454 4430 episcopi
2498 4375 2638 4425 esse,
2684 4361 2728 4416 si
2773 4361 3092 4430 oportuerit,
3135 4363 3374 4429 recipere
3402 4361 3655 4430 pretium,
3683 4355 3783 4409 sive

2227 4463 2249 4489 τ
2284 4454 2483 4508 reditus
2507 4471 2692 4510 eorum
2723 4471 2842 4526 qua:
2871 4465 2995 4510 sunt
3023 4456 3321 4511 venundata
3348 4496 3362 4521 ,
3397 4453 3611 4510 reddere
3633 4451 3678 4506 in
3705 4446 3780 4503 hil

2227 4544 2356 4614 ipsis
2387 4545 2634 4614 pretium.

597 4637 1412 4730 2insignignoratnegationem,
1441 4649 1496 4692 et
1529 4642 1688 4730 habet
1727 4644 1940 4730 subjecti
1968 4659 2106 4705 sunt.
2135 4657 2187 4718 ι)
2215 4656 2534 4728 innupti.....
2566 4662 2792 4722 omnino,
2825 4673 2869 4715 et
2900 4663 3123 4730 diaconi,
3159 4663 3369 4718 melius.

518 4705 894 4776 Supplevimus
918 4715 972 4760 et
999 4705 1332 4763 correximus
1361 4726 1423 4763 ex
1455 4723 1638 4766 nostro
1667 4716 1787 4768 cod.

589 4775 718 4832 bEx
750 4775 938 4831 Cranen
989 4779 1319 4833 reddendum
1352 4780 1478 4836 Ante
1526 4786 1697 4837 omnia
1742 4798 1931 4842 autent.
1969 4790 2102 4848 Dein

515 4848 677 4917 .Inst.,
711 4849 1346 4931 probatus._l’rtettilimtts
1376 4867 1712 4931 cuttinostro
1759 4859 1880 4914 cod.
1915 4861 2103 4931 proba-

513 4930 614 4984 tur,
641 4935 738 4991 pro
763 4935 868 4988 quo
898 4920 1088 4974 melius
1117 4921 1385 4989 legeretur
1413 4927 1668 4991 probetur.

589 5003 608 5029 ε
636 4990 754 5044 Vat.
789 4991 942 5057 IIeg.,
967 5001 1170 5059 prepter
1192 4996 1376 5047 minas.

584 5062 606 5096 ά
633 5060 806 5115 Voces
835 5073 880 5146 et
910 5064 961 5114 in
1007 5078 1211 5146 sensum
1255 5068 1592 5146 conversionis
1624 5071 1873 5128 venientes
1903 5077 2102 5146 adjeci-

512 5148 630 5185 mns
663 5150 723 5186 ix
756 5137 946 5206 eodem
974 5134 1160 5188 codice
1193 5152 1204 5186 :
1250 5137 1336 5189 tibi
1371 5148 1630 5206 pra-terea
1665 5134 2095 5204 subaudiendum

511 5213 592 5255 est
622 5221 728 5258 sese
750 5204 1069 5266 obtulerunt,

586 5285 608 5351 εξ
634 5275 773 5351 Lege
799 5276 974 5351 alicui,
992 5283 1072 5351 ΔοιΔ
1092 5277 1281 5344 supple
1310 5281 1596 5351 contigerit,
1623 5285 1704 5338 vel
1732 5289 2013 5344 immineat.
2041 5291 2096 5344 In

508 5343 634 5399 and.
667 5345 786 5426 Vat.
824 5346 952 5415 lieg.
989 5343 1215 5402 habetur
1260 5365 1271 5401 :
1321 5350 1378 5404 Si
1407 5343 1890 5424 outcm'periculosa
1919 5343 2096 5416 mortis

511 5427 739 5469 exspecta
750 5427 839 5468 ιιο.

652 5487 1087 5558 I’raepositionetn
1119 5491 1168 5542 in
1200 5507 1264 5546 ex
1297 5493 1482 5548 eodem
1516 5511 1614 5550 ius.
1651 5500 1990 5558 inseruimu'.

582 5565 609 5604 tt
652 5557 766 5610 Vat.
801 5558 863 5610 II.
886 5598 900 5622 ,
936 5563 1212 5614 nia/toties.

579 5623 611 5701 ξι
652 5628 794 5701 Idem
821 5631 966 5695 cod.,
997 5648 1084 5697 per
1112 5650 1235 5701 quos
1265 5645 1309 5686 et
1353 5637 1444 5688 alii
1474 5641 1633 5692 coacti
1665 5653 1781 5694 sunt
1812 5645 2092 5700 immolare.

587 5695 604 5772 ἢ
650 5698 704 5777 ῃ
735 5695 1510 5777 est,prostratipumitenttain
1544 5727 1750 5777 geiaut.

581 5769 604 5845 ι
651 5766 784 5845 _Cod.
823 5766 932 5845 vin.
968 5773 1058 5832 u..
1089 5766 1304 5842 perfecte
1332 5766 1698 5845 διιδεέμίιῦιιιιν.

585 5834 612 5912 ξ
653 5837 795 5912 Idem
819 5841 965 5912 cod.,
999 5845 1060 5894 de
1089 5834 1279 5912 nuptiis
1308 5834 1574 5904 contristati
1598 5834 1731 5908 sunt.

594 5905 616 5951 ἰ
657 5909 789 5966 Cod.
819 5910 932 5965 Vat.
967 5913 1095 5983 lleg.
1128 5905 1321 6001 ointttit
1369 5937 1522 5978 voces
1561 5905 2088 5992 non—contestati..."

2288 4739 2323 4764 ιιι
2363 4731 2503 4785 Idem
2535 4733 2655 4786 cod.
2679 4775 2692 4797 ,
2725 4733 2785 4786 ab
2814 4735 2929 4787 aliis
2955 4746 3072 4788 sunt
3103 4746 3280 4802 raptte.

2284 4809 2309 4835 "
2353 4802 2493 4856 Just.
2522 4819 2646 4868 ηιξ..
2673 4804 2720 4856 ei
2743 4811 2859 4857 vim.
2888 4799 3225 4860 Praetulimus
3249 4807 3527 4860 Icelionem
3551 4799 3770 4859 cod.Vat.

2211 4871 2371 4946 Βρεμι
2401 4876 2450 4925 ιιι
2479 4890 2585 4943 quo
2617 4891 2736 4928 mox
2769 4877 2831 4927 ab
2863 4877 2932 4928 eis
2963 4879 3155 4946 aliquid
3184 4893 3437 4943 perpessa:
3465 4886 3596 4929 sunt.

2284 4952 2306 4976 "
2339 4941 2510 5015 .IusL,
2535 4948 2659 4998 sicut
2683 4959 2727 4999 et
2753 4959 2857 4999 ciet.
2876 4950 2940 5000 ri.
2968 4941 3158 5002 Noster
3178 4941 3342 5003 codex
3375 4949 3535 5014 magis
3560 4941 3768 5015 placuit;

2211 5014 2378 5088 magis
2411 5019 2550 5068 enim
2582 5016 2816 5072 C(tllzl‘l‘Cl
2846 5034 2962 5072 cum
2995 5018 3181 5073 Graecti
3207 5062 3220 5082 ,
3269 5036 3332 5072 ex
3378 5036 3482 5088 quo
3526 5014 3767 5072 reddimus

2209 5085 2398 5159 placuit
2427 5088 2494 5138 ad
2517 5090 2754 5159 [ordinem
2785 5089 3022 5157 prove/ti,
3053 5101 3106 5142 ut
3135 5093 3219 5159 qui
3248 5085 3408 5145 abluti
3435 5100 3568 5144 sunt.

2280 5166 2302 5204 l‘
2342 5155 2476 5211 Cod.
2516 5158 2628 5211 Vat.
2665 5155 2794 5229 Heg;
2819 5199 2834 5223 ,
2868 5162 3130 5215 clericum.

2276 5238 2302 5276 τι
2345 5229 2487 5282 Idem
2519 5244 2619 5282 ms.
2654 5232 2924 5294 ilelet,sed
2955 5245 3008 5285 et
3038 5232 3250 5286 esdem.

2280 5308 2298 5334 τ
2342 5299 2484 5372 Idem
2517 5301 2638 5354 cod.
2660 5342 2674 5364 ,
2719 5299 2795 5354 De
2820 5302 3019 5355 clericis
3045 5306 3132 5372 qui
3162 5303 3440 5358 abstinent.

2276 5379 2296 5406 ⁸
2346 5369 2400 5423 ln
2433 5372 2556 5423 cod.
2588 5373 2709 5425 cod.
2734 5415 2747 5434 ,
2781 5383 2826 5425 et
2858 5374 2902 5425 si
2931 5376 3002 5425 sic
3031 5369 3132 5427 non
3159 5375 3452 5429 obaudicnt.

2280 5442 2292 5474 ί
2341 5441 2483 5516 Idem
2515 5456 2639 5516 ius,
2674 5444 2748 5495 De
2775 5443 2852 5496 Itis
2879 5445 2966 5512 qui
2991 5445 3042 5496 in
3073 5463 3199 5516 opus
3234 5444 3476 5499 Ecclesia:
3497 5437 3756 5516 venundan-

2202 5521 2308 5563 tur.
2354 5514 2467 5565 Mox
2514 5513 2664 5568 itiitio
2691 5517 2911 5569 canonis
2953 5513 3113 5571 voces
3155 5517 3229 5570 De
3272 5519 3350 5570 liis
3377 5531 3440 5572 ex
3471 5515 3638 5570 eodem
3664 5517 3755 5562 ωε.

2206 5581 2528 5638 addidimus.

2277 5662 2302 5728 ξι
2339 5654 2474 5708 Just.
2504 5672 2825 5725 perperam,
2849 5660 2892 5711 si
2916 5660 3119 5728 quando
3137 5676 3236 5712 non
3260 5670 3444 5725 essent,
3466 5667 3546 5716 aut
3563 5651 3754 5708 nesciet”

2203 5725 2585 5797 cpiscopus...”
2639 5746 2868 5782 ιρινοειιιοβ
2928 5725 3078 5797 atque
3135 5733 3349 5784 reddere
3404 5727 3748 5797 eoinpcllttntttt‘.

2205 5795 2619 5851 lintcntlivintus
2650 5818 2716 5853 ex
2750 5810 2930 5854 nostri)
2960 5795 3167 5857 codice.

2279 5876 2297 5940 Υ
2347 5867 2466 5923 Vat.
2507 5871 2566 5922 lt.
2613 5872 2756 5924 addit
2806 5876 3072 5926 multatics.
3118 5875 3319 5929 Sensus
3353 5892 3414 5931 ex
3449 5878 3613 5931 Greco
3637 5871 3744 5940 est:

2205 5935 2450 6010 Episcopi
2481 5940 2675 6010 iudicio
2704 5945 2933 6014 relinqui
2957 5962 3087 6002 eum
3120 5956 3360 6015 oporteat
3398 5949 3603 6019 preium
3631 5935 3746 5990 reci!
