3996 6344
187 378 298 434 πε

1186 371 1427 431 PRISCA
1468 367 1799 428 CANONUM
1840 367 2069 425 EDITIO
2108 368 2382 428 LATINA.

3351 366 3485 448 ,τεο

191 496 354 568 487
382 495 459 550 De
487 494 567 548 his
591 492 680 564 qui
708 494 759 547 in
789 491 950 565 [Lege
977 490 1110 564 cum]
1138 492 1447 547 animalibus
1474 501 1498 528 ι
1530 492 1778 546 coierunt.
1807 489 1859 552 Α
1887 489 2080 544 terium
2110 499 2148 526 τη
2179 489 2259 544 vir
2289 504 2418 544 suus
2448 486 2773 544 commiserit
2799 529 2814 556 ,
2848 496 3052 558 septem
3080 488 3236 545 annis
3264 497 3480 558 oportet

267 586 386 642 XV.
410 587 510 654 Qui
539 585 836 641 animaliter
865 584 917 638 in
947 584 1266 639 animalibus
1293 585 1398 640 tale
1422 583 1617 654 aliquid
1639 596 1785 636 com-

189 680 433 745 mittunt,
465 677 494 716 ι’
526 679 613 748 qui
646 678 874 745 amplius
902 675 1056 749 [Lege
1083 676 1250 751 prius]
1279 692 1436 748 quam
1471 676 1656 746 viginti
1685 691 1783 729 an-

185 789 380 828 norum
414 771 630 837 fuerint,
660 780 713 825 et
745 770 849 825 hoc
875 769 1265 833 commiserint,
1298 768 1600 839 quindecim
1628 766 1784 822 annis

186 863 547 934 subiaceant,
592 872 646 917 et
675 863 753 918 sic
792 863 1224 917 communionem
1256 869 1562 917 mereantur
1588 859 1784 914 oratio-

184 971 341 1021 num,
377 965 432 1010 et
460 955 514 1010 in
551 953 654 1010 hoc
695 955 1050 1025 perdurantes
1081 954 1235 1010 annis
1265 953 1500 1024 quinque
1532 962 1656 1009 tunc
1683 952 1783 1007 ob-

183 1048 421 1105 lationes
445 1049 730 1120 attingant.
758 1049 1079 1120 Requiratur
1109 1059 1286 1103 autem
1315 1062 1501 1104 eorum
1533 1047 1639 1102 vita
1663 1062 1783 1117 quae

181 1140 252 1194 sit
279 1139 459 1196 adhuc
485 1139 885 1211 subiacentibus
905 1185 920 1208 ,
954 1150 1008 1196 et
1037 1139 1116 1196 sic
1143 1149 1454 1196 mereantur
1485 1140 1784 1195 humanita-

181 1242 332 1300 tem;
372 1234 418 1289 si
449 1243 624 1292 autem
659 1235 990 1295 incessanter
1017 1235 1082 1291 ad
1116 1235 1442 1306 peccandum
1475 1249 1784 1306 persevera-

178 1327 397 1392 xerint,
437 1327 644 1398 longam
691 1328 922 1383 habeant
953 1329 1344 1398 pumitentiam.
1374 1328 1566 1396 Quanti
1591 1342 1782 1398 super-

180 1418 387 1476 fuerint
413 1418 638 1494 [Supple
667 1419 826 1494 hanc]
867 1433 1076 1477 mtatem
1095 1465 1110 1492 ,
1144 1432 1196 1477 et
1224 1423 1269 1478 si
1300 1437 1496 1478 uxores
1525 1422 1782 1478 habentes

187 1524 210 1553 ε
240 1514 586 1584 peccaverint
614 1515 666 1570 in
717 1515 818 1571 hoc
850 1516 1068 1581 delicto,
1115 1516 1302 1588 viginti
1350 1515 1584 1586 quinque
1629 1513 1783 1570 annis

181 1607 531 1677 subiaceant,
566 1608 635 1662 ita
663 1619 721 1662 ut
746 1618 867 1678 post
894 1610 1316 1680 quinquennium
1351 1608 1782 1665 communionem

183 1699 448 1753 orationis
481 1709 811 1756 mereantur.
835 1701 889 1756 Si
922 1712 1096 1757 autem
1122 1711 1176 1759 et
1201 1701 1363 1773 aliqui
1390 1712 1444 1756 et
1470 1716 1670 1757 uxores
1693 1701 1786 1755 ba-

181 1786 409 1854 bentes,
444 1797 496 1843 et
541 1792 770 1860 amplius
811 1791 1197 1864 quinquaginta
1225 1808 1490 1848 annorum
1524 1793 1627 1848 hoc
1655 1806 1784 1862 pec-

179 1889 398 1946 cantes,
443 1882 495 1936 in
524 1883 723 1938 exitum
766 1885 889 1939 vita:
933 1899 1044 1940 suae
1074 1894 1380 1942 mereantur
1405 1885 1656 1940 viaticum
1685 1899 1776 1940 ac-
1805 1875 1856 1937 Β

180 1974 386 2044 cipere.

180 2088 261 2143 De
307 2089 388 2143 his
415 2091 508 2162 qui
545 2092 598 2146 in
637 2093 949 2165 animalibus
976 2103 1066 2148 aut
1095 2096 1356 2159 masculis,
1387 2103 1476 2150 aut
1503 2096 1780 2165 aliquando

415 2164 643 2233 corrupti
673 2175 823 2230 sunt,
853 2175 938 2218 aut
969 2178 1299 2238 corrumpunt
1327 2168 1547 2222 libidini.
1589 2164 1599 2200 ἓ

259 2252 403 2309 XVI.
448 2255 551 2310 I’ro
580 2255 663 2311 his
693 2257 781 2326 qui
812 2258 862 2312 in
893 2258 1235 2326 animalibus,
1282 2271 1373 2314 aut
1401 2260 1649 2315 animalia
1677 2259 1782 2315 Ira-

179 2345 390 2400 ciscunt
417 2345 573 2418 [Lege
595 2348 938 2422 fracescunt].
955 2351 1039 2404 vel
1066 2351 1119 2406 in
1143 2349 1429 2406 masculisd
1451 2352 1644 2422 leprosi
1667 2350 1784 2406 efﬁ-

180 2440 421 2506 ciuntur,
447 2441 514 2496 de
543 2441 626 2496 bis
655 2452 979 2514 praeceptum
1009 2453 1112 2511 est,
1137 2453 1194 2499 ut
1221 2459 1342 2499 cum
1366 2445 1445 2500 eis
1473 2453 1498 2482 ⁸
1529 2446 1618 2515 qui
1651 2453 1784 2499 tem-

178 2543 445 2604 pestatem
481 2535 770 2604 patiuntur,
815 2551 994 2591 orare.

177 2621 261 2679 De
284 2626 369 2680 Itis
391 2627 477 2695 qui
510 2627 564 2681 in
593 2629 890 2700 episcopatu
927 2639 1043 2684 sunt
1075 2629 1303 2700 probati,
1339 2639 1385 2686 et
1415 2647 1516 2684 non
1542 2630 1779 2702 suscepti.

255 2717 422 2772 XVII.
465 2719 572 2786 Qui
603 2720 655 2775 in
686 2722 1051 2792 episcopatum
1083 2722 1383 2778 consecrati
1411 2731 1563 2791 sunt,
1594 2731 1650 2778 et
1674 2737 1782 2778 non

179 2812 425 2880 suscepti
467 2811 520 2867 in
549 2812 778 2882 parociis
801 2812 855 2869 in
881 2813 1074 2885 quibus
1109 2823 1234 2870 sunt
1257 2815 1516 2870 nominati
1539 2854 1555 2881 ,
1592 2812 1612 2853 ί
1646 2824 1696 2870 et
1727 2815 1780 2869 in

179 2900 305 2955 aliis
335 2901 606 2957 voluerint
653 2903 733 2959 ire
771 2905 1040 2975 parociis,
1085 2915 1140 2962 et
1191 2922 1284 2977 per
1323 2909 1431 2963 vim
1480 2907 1783 2978 obprimere

173 2993 382 3050 ibidem
405 2995 749 3061 constitutos,
773 3007 825 3051 et
848 2996 970 3053 lites
994 3007 1179 3053 contra
1203 3013 1297 3055 eos
1319 3015 1565 3065 movere;
1590 3008 1616 3048 ι
1637 2999 1782 3068 ipsos

175 3087 408 3158 perpelli
437 3094 492 3142 et
515 3087 752 3145 alienare
781 3089 938 3164 [Lege
977 3089 1243 3164 alienari].
1300 3092 1356 3148 Si
1383 3103 1561 3149 autem
1592 3093 1782 3148 volue-

173 3182 290 3236 rint
331 3181 384 3234 in
426 3181 817 3253 presbyterium
857 3181 1032 3255 [Lege
1069 3185 1122 3238 in
1153 3181 1538 3257 presbyterio]
1583 3185 1636 3240 in
1677 3201 1783 3254 quo

1889 597 2010 638 eum
2043 583 2233 648 subici,
2285 593 2337 636 et
2370 592 2548 653 postea
2583 583 2871 652 perfectam
2903 582 3335 640 communionem
3367 601 3481 639 me~

1889 675 2020 744 reri,
2051 675 2342 730 secundum
2372 675 2568 746 gradus
2595 676 2683 746 qui
2716 677 3032 746 procedunt.
3309 667 3318 674 ’

1929 789 2004 843 De
2033 790 2104 843 eis
2131 806 2242 859 qua:
2269 801 2474 862 gemunt
2505 808 2572 847 ea:
2609 793 2946 861 fornicatione
2973 801 3022 846 et
3062 800 3088 828 η
3127 792 3443 862 interﬁciunt

2600 875 2766 922 ηαιοε.

1941 954 2078 1010 'XX.
2115 965 2140 991 ο
2167 955 2298 1022 Quae
2326 966 2486 1013 erunt
2525 957 2831 1027 fornicata,
2863 967 2919 1016 et
2945 958 3274 1015 interﬁciunt
3301 969 3475 1023 natos,

1884 1057 1940 1106 et
1981 1047 2237 1105 Iestinant
2281 1050 2581 1106 abortivum
2629 1053 2840 1120 facere,
2867 1051 3098 1122 primum
3130 1054 3478 1108 constitutum

1884 1157 2054 1215 usque
2095 1145 2161 1199 ad
2209 1146 2410 1200 exitum
2438 1144 2637 1210 vetuit;
2683 1153 2737 1202 et
2784 1144 2886 1200 hoc
2913 1145 3132 1200 deﬁnito
3162 1143 3481 1199 humaniore

1887 1238 2042 1312 [Lege
2062 1248 2120 1295 ut
2163 1247 2210 1295 et
2255 1238 2557 1311 humanius]
2596 1239 2797 1310 aliquid
2830 1249 3250 1310 consequantur,
3281 1239 3481 1295 consti-

1885 1332 2083 1387 tuimus
2111 1345 2203 1388 eas
2230 1331 2494 1388 decennio
2535 1339 2779 1402 tempore
2801 1376 2815 1402 ,
2848 1332 3139 1388 secundum
3165 1332 3362 1402 gradus
3390 1332 3479 1401 qui

1884 1433 2012 1482 sunt
2050 1426 2348 1483 constituti.

2467 1518 2545 1575 De
2581 1519 2891 1574 homicidiis.

1956 1608 2100 1665 XXI.
2143 1610 2216 1665 De
2246 1610 2545 1666 voluntarie
2589 1611 2882 1666 homicidio
2919 1611 3154 1666 admisso
3203 1610 3478 1680 subiacent

1862 1702 2102 1772 quidem
2133 1703 2278 1758 omni
2310 1713 2584 1773 tempore;
2618 1713 2672 1760 et
2703 1703 2769 1759 de
2801 1704 3038 1774 perfecto
3075 1703 3141 1758 ad
3169 1703 3329 1759 ﬁnem
3357 1703 3481 1759 vita:

1889 1804 2199 1852 mereantur
2227 1798 2500 1852 viaticum.

2216 1888 2294 1944 De
2320 1899 2463 1945 eastra
2502 1891 2810 1946 voluntatem
2853 1891 3150 1946 homicidio.

1955 1980 2119 2037 XXII.
2155 1991 2182 2032 ι)
2220 1981 2294 2038 De
2336 1982 2630 2038 homicidio
2673 1991 2824 2038 extra
2871 1982 3199 2038 voluntatem
3247 1980 3482 2037 admisso

1883 2075 2116 2143 primum
2148 2076 2498 2132 constitutum
2545 2078 2598 2132 in
2637 2085 2842 2146 septem
2886 2077 3042 2132 annis
3073 2077 3325 2145 prmerpit
3352 2089 3482 2146 per-

1885 2167 2011 2223 fecti
2046 2168 2264 2238 dignum
2297 2183 2447 2233 esse;
2488 2177 2541 2224 et
2573 2178 2633 2224 ut
2675 2168 2766 2222 ﬁat
2799 2168 3094 2224 secundum
3124 2167 3321 2237 gradus
3347 2182 3483 2224 con-

1886 2266 2124 2332 stitutos,
2151 2266 2572 2337 quinquennium
2601 2279 2885 2321 censemus
2910 2264 3190 2335 perﬁcere.

2175 2384 2250 2439 De
2286 2384 2363 2439 liis
2398 2384 2483 2456 qui
2521 2399 2721 2455 quoquo
2757 2382 2909 2436 modo
2942 2382 3194 2436 divinant.

1959 2499 2147 2555 XXIII.
2188 2498 2290 2567 Qui
2335 2509 2362 2549 ει
2401 2497 2644 2553 divinant
2687 2505 2742 2552 et
2785 2493 3200 2550 consuetudines
3244 2493 3479 2564 gentium

1886 2600 2171 2662 sequentes
2191 2634 2204 2653 .
2236 2600 2326 2644 aut
2360 2589 2763 2644 introducentes
2802 2586 2966 2658 489
2993 2587 3202 2655 aliquos
3231 2585 3282 2640 in
3310 2583 3480 2640 domi-

1886 2685 1991 2740 bus
2019 2685 2133 2739 suis
2163 2695 2184 2722 τ
2214 2683 2278 2739 ad
2302 2681 2708 2754 requisitionem
2731 2680 3043 2748 divinando,
3068 2677 3303 2751 qualibet
3321 2692 3482 2734 causa

1884 2776 2292 2841 maleﬁciorum,
2325 2783 2416 2830 aut
2448 2773 2853 2839 incantantium,
2885 2773 2927 2826 si
2958 2771 3024 2826 de
3047 2772 3192 2826 clero
3217 2777 3362 2835 sunt,
3388 2768 3482 2823 ab-

1885 2870 2148 2934 iciantur;
2182 2870 2224 2922 si
2261 2883 2390 2923 vero
2415 2869 2702 2922 saeculares
2721 2907 2737 2932 ,
2769 2865 2820 2920 in
2847 2880 3054 2920 canone
3079 2865 3294 2934 iaceant
3321 2862 3482 2933 quin-

1886 2961 2102 3032 quennii
2133 2959 2424 3016 secundum
2454 2957 2651 3028 gradus
2673 2957 2942 3012 deﬁnitos.

1993 3075 2073 3130 De
2110 3077 2187 3130 ln's
2220 3077 2306 3144 qui
2339 3074 2533 3128 conscii
2558 3082 2678 3128 sunt
2707 3070 3054 3142 corruptionis
3093 3069 3368 3140 uirginum.

1961 3188 2150 3245 XXIV.
2201 3188 2257 3246 Si
2308 3188 2662 3257 desponsatus
2707 3185 2903 3253 aliquis
2950 3183 3204 3254 puellam,
3237 3181 3481 3252 corrupit

176 3273 398 3330 Inerant
428 3277 656 3344 primum
685 3277 876 3333 sedere
904 3273 933 3314 ιι
960 3285 1017 3333 ιιι
1042 3278 1364 3350 presbyteri,
1388 3295 1493 3333 non
1514 3291 1608 3334 eos
1635 3278 1785 3350 pelli.
1813 3260 1860 3324 ο
1893 3295 2135 3338 sororem
2182 3281 2322 3350 eius,
2353 3290 2408 3334 ut
2447 3287 2633 3349 gravet
2660 3272 2827 3349 [Lege
2852 3276 3124 3346 gravidam
3160 3272 3305 3346 fecit]
3335 3288 3481 3338 eam.

173 3367 233 3424 Si
267 3368 416 3423 enim
446 3368 712 3425 voluerint
751 3371 1016 3427 resultare
1043 3372 1123 3428 eis
1150 3372 1240 3443 qui
1274 3371 1472 3428 ibidem
1506 3380 1630 3427 sunt
1655 3386 1788 3427 con-

173 3461 356 3517 stituti
389 3462 659 3532 episcopi,
690 3463 887 3533 ex'pelli
920 3478 1014 3519 eos
1043 3478 1324 3520 censemus
1359 3460 1377 3502 ί
1411 3470 1469 3519 et
1500 3463 1568 3520 de
1596 3461 1789 3519 ordine

175 3554 659 3628 presbyterorum,
685 3565 739 3611 et
769 3556 882 3612 ﬁeri
912 3572 978 3613 ex
990 3557 1390 3628 praedicatores.

171 3648 352 3722 488
391 3647 470 3702 De
496 3649 566 3703 eis
592 3650 681 3719 qui
708 3651 761 3704 in
791 3651 1084 3721 virginitate
1117 3650 1132 3702 i
1166 3668 1220 3706 se
1249 3667 1549 3722 permanere
1573 3651 1791 3722 promit-

349 3751 485 3809 tunt,
519 3750 564 3797 et
588 3745 734 3812 quasi
769 3744 1029 3799 sororibus
1059 3746 1260 3815 ﬁngunt
1288 3761 1628 3799 commanrre.

257 3833 448 3888 XVIII.
489 3834 683 3903 Quanti
711 3834 998 3906 virginitati
1027 3852 1087 3893 se
1113 3838 1494 3907 promiserunt,
1532 3838 1555 3873 κ
1587 3845 1641 3891 ct
1663 3851 1789 3892 eva-

173 3936 412 3982 cuantes
436 3927 781 3996 promissum,
806 3927 999 3999 bigami
1025 3930 1461 3985 constitutionem
1489 3937 1784 3985 sectantur.

174 4022 271 4076 (Sui
305 4015 474 4090 [Lege
513 4018 654 4092 quae]
703 4035 834 4076 vero
863 4022 1217 4078 convenerint
1245 4022 1479 4091 virgines
1521 4019 1785 4092 aliquibus

173 4115 321 4170 sicut
351 4127 594 4177 sorores,
625 4123 889 4170 velamus.

169 4225 252 4281 De
277 4227 367 4280 Itis
395 4226 779 4296 qui-adulteras
814 4227 996 4281 habent
1028 4226 1045 4352 ἒ
1077 4228 1344 4296 mulieres,
1377 4235 1430 4281 at
1456 4228 1555 4296 ipsi
1585 4225 1786 4283 adulte-

928 4317 1022 4352 ran
1047 4331 1071 4352 .

928 4317 1071 4355 rant.

247 4389 404 4447 XIX.
449 4389 504 4446 Si
535 4391 760 4461 alicuius
799 4407 937 4447 uxor
965 4392 1263 4448 adulterata
1294 4393 1452 4447 fuerit
1475 4433 1490 4458 ,
1515 4400 1606 4446 aut
1632 4391 1786 4447 adul-

1892 3373 2136 3444 nupserit
2161 3382 2182 3407 ³
2204 3381 2382 3428 autem
2399 3387 2558 3442 quam
2583 3369 2960 3438 desponsavit;
2989 3365 3329 3437 postmodum
3359 3378 3483 3433 qua:

1893 3475 2142 3535 corrupta
2174 3474 2256 3521 est
2280 3465 2472 3532 laqueo
2501 3478 2561 3518 se
2591 3460 2902 3532 suspendit;
2937 3459 2990 3513 hi
3018 3458 3108 3528 qui
3135 3455 3338 3512 conscii
3356 3463 3483 3510 sunt

1892 3559 2280 3632 pracipiuntur
2333 3555 2579 3610 undecim
2627 3555 2782 3608 annis
2838 3549 3094 3620 suspendi
3143 3555 3478 3614 constanter,

1894 3651 2184 3709 secundum
2207 3647 2406 3720 gradus
2432 3649 2519 3716 qui
2539 3646 2650 3716 iam
2673 3642 2907 3699 ordinati
2931 3651 3078 3698 sunt.

2375 3740 2393 3776 ί
2429 3739 2497 3796 Et
2533 3737 3000 3808 subscripserunt:

2113 3834 2298 3890 Vitalis
2318 3829 2603 3888 Aiitiociaa.

2106 3926 2396 3982 Marcellus
2423 3925 2671 3995 Ancyrae.

2105 4018 2418 4090 Agricolaus
2439 4015 2708 4072 Cmsariae.

2114 4112 2296 4183 Lupus
2323 4118 2352 4146 ιι
2381 4109 2556 4165 Tarsi.

2106 4203 2335 4258 Basilius
2363 4203 2624 4273 Amesays
2654 4200 2810 4273 [Lege
2847 4197 3137 4269 Amasene].

2111 4296 2489 4365 Philadelphus
2511 4294 2809 4364 Juliopolis.

2113 4389 2368 4445 Eustolus
2404 4387 2753 4443 Nicomediae.

173 4542 335 4599 pere,
365 4515 434 4582 an
461 4542 598 4592 non;
627 4529 771 4600 quia,
803 4538 858 4584 ut
886 4530 1117 4585 reddidit
1149 4529 1451 4599 Dionysius,
1486 4530 1784 4597 plerumque
1809 4531 1864 4593 D
1965 4527 1979 4566 ι
2025 4527 2223 4600 Vocem
2260 4527 2493 4600 mulieres
2523 4524 2847 4600 inseruimus
2883 4538 2946 4578 ex
2979 4523 3168 4600 eodem
3197 4521 3402 4578 codice.

174 4616 352 4656 rerum
399 4599 762 4672 distraclarum
799 4603 994 4656 reditus
1047 4602 1344 4671 ampliorem
1397 4617 1647 4655 summam
1687 4618 1782 4672 pro

175 4675 350 4742 pretio
376 4673 509 4742 [dato
537 4671 838 4742 reddiderit.

247 4752 273 4780 α
325 4741 653 4813 Idemcod..
688 4753 804 4797 sunt
837 4744 1094 4813 fornicati.

246 4813 275 4850 ι»
323 4815 418 4866 Sic
452 4811 730 4887 idem-cod.
764 4811 954 4887 melius
975 4830 1132 4884 quam
1163 4813 1302 4884 apud
1334 4814 1663 4887 Just.,quia;
1685 4815 1777 4870 sed

179 4901 278 4955 pro
313 4881 548 4956 niuiplius
591 4884 869 4956 legendum
901 4881 1064 4956 prius.

251 4967 274 5032 ξ
315 4955 444 5032 Vat.
473 4954 562 5032 ᾖ..
590 4955 848 5032 irruerunt
870 4954 922 5010 in
943 4958 1038 5011 hoc
1058 4965 1264 5029 peccato
1292 4958 1454 5032 [Lege
1475 4954 1781 5031 peccatum].

250 5023 276 5062 δ
332 5025 460 5078 Val.
493 5025 556 5076 Π.
590 5026 775 5081 inserit
808 5038 872 5081 et.

251 5110 275 5135 ι’
331 5096 465 5170 Isid.
500 5099 672 5150 versio
718 5099 858 5153 hunc
891 5101 1078 5169 ,locum
1117 5101 1346 5169 explicat
1383 5100 1461 5156 sic
1491 5121 1505 5154 :
1537 5101 1624 5170 qui
1651 5109 1782 5154 tem-

176 5178 384 5242 peslaie
408 5168 695 5242 iactantur,
727 5170 814 5242 qui
843 5187 874 5224 a
897 5168 1048 5225 nobis
1085 5168 1405 5242 energumeni
1433 5168 1784 5239 appellantur.

257 5243 270 5277 ί
331 5239 409 5312 Ita
439 5238 561 5293 cod.
597 5239 714 5293 Vat.
741 5238 809 5294 Β.
839 5244 975 5312 apud
1003 5242 1166 5309 Just.,
1197 5238 1241 5296 et
1271 5245 1314 5296 si
1340 5244 1392 5296 in
1423 5238 1562 5298 aliis.

253 5324 277 5356 ει
327 5310 493 5372 Just..,
518 5312 664 5382 [ipsos
687 5310 890 5380 pellere.
920 5313 1333 5382 Emendavimus
1356 5331 1421 5368 ex
1447 5329 1548 5368 ms.
1575 5313 1692 5368 Vat.
1716 5312 1784 5366 R.

179 5384 406 5457 Clarius
433 5381 666 5457 reddidit
692 5381 997 5457 Dionysius,
1029 5385 1123 5438 hos
1153 5386 1308 5457 abjici
1338 5385 1552 5455 placuit.

255 5452 284 5490 ιλ
327 5452 476 5506 Just.
505 5452 650 5507 addit
680 5452 908 5508 ordinem
943 5471 960 5510 :
993 5457 1182 5511 melius
1210 5452 1356 5510 delet
1384 5466 1564 5510 noster
1592 5454 1786 5510 codex.

218 5597 234 5609 ο
262 5523 282 5562 ί
335 5523 658 5578 Particulam
691 5535 758 5591 et,
788 5525 840 5580 id
869 5537 952 5582 est
982 5530 1162 5595 etiam,
1194 5542 1261 5582 ex
1290 5527 1478 5583 eodem
1510 5541 1610 5581 ms.
1639 5526 1788 5597 adie-

181 5610 390 5653 cimus.

262 5667 279 5738 ξ
339 5667 440 5721 Ms.
476 5665 595 5722 Vat.
630 5669 718 5732 R.,
753 5686 803 5724 se
835 5671 1196 5738 promiserunt.

239 5737 291 5774 ο¹ι
338 5738 646 5806 Legendum
687 5737 873 5803 esset,
906 5751 950 5794 et
980 5753 1288 5796 evacuarunt
1329 5741 1635 5808 promissum
1659 5779 1674 5804 ,
1717 5739 1793 5792 bi-

181 5811 331 5884 gami
361 5810 771 5884 constitutionem
792 5822 1060 5866 sectentur.
1093 5813 1209 5868 Mox
1244 5814 1366 5869 Vat.
1394 5813 1482 5880 8.,
1507 5809 1604 5866 Cui
1625 5820 1794 5866 autem

181 5881 502 5942 conveniunt
526 5883 775 5950 uirgines,
806 5893 915 5939 etc.

1965 4610 2004 4638 ιιι
2049 4599 2192 4654 Idem
2224 4598 2571 4666 cod.,aliquis
2593 4597 2899 4665 commiserit
2916 4611 2935 4660 ;
2964 4604 3017 4649 et
3037 4594 3181 4658 dein,
3209 4604 3484 4651 mereatur.

1966 4680 1992 4707 "
2035 4671 2107 4724 Ita
2137 4686 2205 4724 cx
2239 4670 2427 4723 eodem
2457 4665 2558 4722 ins.
2585 4667 2735 4735 Apud
2767 4665 2938 4732 Just.,
2965 4666 3220 4735 inﬁciunt.

1877 4785 1880 4788 .
1967 4752 1990 4778 ο
2031 4741 2167 4795 Just.
2195 4781 2208 4804 ,
2244 4741 2369 4804 Quae
2408 4739 2744 4805 interﬁciunt.
2788 4737 3134 4792 Intermedias
3164 4751 3322 4790 voces
3351 4751 3480 4804 sup-

1895 4815 2157 4884 plevimns
2187 4828 2252 4865 ex
2284 4821 2467 4864 nostro
2495 4809 2648 4884 cod_.,
2693 4809 2782 4878 qui
2821 4808 2944 4863 dein
2975 4808 3132 4863 habet
3157 4818 3203 4861 et
3227 4807 3483 4875 interﬁce-

1893 4879 1998 4939 rint
2049 4899 2162 4952 quia
2207 4891 2506 4936 nascuntur.
2573 4879 2700 4952 Post
2737 4893 2902 4950 pauca
2946 4889 3317 4949 consequantur
3359 4891 3482 4931 cum

1897 4950 2085 5012 eodem
2115 4969 2215 5008 ms.
2250 4953 2582 5015 prmtulimus
2611 4970 2625 5012 ;
2659 4950 2821 5017 Just.,
2853 4959 3239 5021 consequentur.

1967 5037 1994 5078 P
2027 5025 2208 5080 Voces
2243 5023 2314 5077 De
2339 5022 2619 5077 homicidio
2646 5037 2710 5078 ex
2741 5032 2924 5077 nostro
2963 5017 3065 5075 ms.
3097 5017 3480 5088 supplevimus.

1967 5108 1993 5148 ιι
2034 5097 2206 5150 Voces
2233 5096 2456 5149 divinant
2487 5105 2533 5147 et
2562 5109 2628 5148 ex
2652 5094 2841 5149 eodem
2869 5093 2991 5147 cod.
3024 5093 3367 5144 inseruimus.

1969 5179 1990 5206 ι’
2029 5167 2145 5222 Vat.
2181 5168 2266 5228 R.,
2301 5171 2370 5220 ad
2395 5166 2772 5234 requisitionent
2803 5162 3171 5234 maleﬁciorum
3199 5158 3480 5214 divinando

1893 5239 2117 5315 qualibet
2139 5254 2316 5315 causa,
2345 5238 2388 5291 si
2413 5232 2474 5290 de
2503 5235 2662 5300 clero,
2689 5246 2820 5301 etc.,
2855 5236 2989 5315 forte
3003 5232 3222 5315 melius.

1971 5321 1992 5350 ι
2033 5310 2292 5363 Particula
2316 5320 2486 5362 autem
2515 5317 2770 5363 contextu
2805 5305 3052 5376 exigente
3078 5318 3143 5357 ex
3182 5310 3369 5356 nostro
3389 5312 3485 5355 co-

1896 5382 2016 5438 dice
2045 5381 2340 5449 suiiplenda
2375 5379 2493 5433 fuit.

1971 5455 1990 5490 ί
2021 5443 2162 5507 Cod:
2188 5451 2306 5508 Vat.
2343 5453 2469 5520 Reg.
2505 5452 2600 5503 has
2638 5446 3057 5520 subscriptiones
3086 5454 3222 5520 post
3257 5443 3480 5520 Neocre-

1892 5524 2164 5580 sarienses
2183 5515 2444 5578 canones'
2460 5520 2675 5587 subiicit
2717 5519 2814 5571 hac
2859 5518 3084 5570 formula
3129 5534 3144 5568 :
3179 5515 3243 5569 Et
3271 5517 3486 5587 subscri-

1893 5603 2101 5665 pserunt
2117 5595 2204 5663 qui
2225 5585 2571 5646 convenerant
2582 5591 2632 5643 in
2655 5588 2851 5665 synodo
2869 5589 3081 5654 Ancyra:
3096 5587 3334 5665 civitatis:
3345 5585 3486 5665 Post

1896 5658 2323 5720 nomina'autem
2356 5665 2726 5728 episconorum
2758 5659 2916 5726 huius
2943 5659 3130 5728 synodi
3161 5658 3481 5728 describun-

1898 5746 1986 5792 tur
2007 5736 2240 5804 episcopi
2275 5725 3063 5806 synodiNeocaesariensishac
3097 5729 3320 5784 formula
3355 5744 3370 5782 :
3414 5725 3480 5783 In

1903 5807 1955 5863 Ν
1961 5799 2247 5862 εοὸίεδατῖιιν
2273 5799 2364 5876 qui
2389 5803 2793 5876 subscripserunt
2826 5799 3036 5876 Vitatis,
3055 5810 3164 5856 etc.

1976 5887 2002 5914 υ
2026 5878 2116 5934 Sic
2138 5869 2324 5933 noster
2348 5875 2449 5930 cod
2469 5911 2484 5928 .
2518 5869 2671 5943 Apud
2699 5871 2863 5942 Just.,
2889 5869 3104 5927 Tarsiat.
