3996 6344
535 348 643 412 769

642 461 782 532 Hinc
803 462 926 532 ﬁdei
954 467 1138 532 nostra!
1161 473 1214 512 se
1239 456 1415 532 pandit
1443 459 1640 522 semita,
1669 467 1716 511 et
1745 473 1920 532 omnes

715 529 965 585 Errorum
992 531 1236 583 damnant
1262 529 1501 600 dogmata
1527 539 1699 583 sancta
1718 530 1842 584 vias.

643 605 869 674 Quisque
892 603 984 674 Dei
1007 603 1231 674 famulus
1254 599 1426 674 fuerit,
1445 599 1743 674 (ΣΙιι-ἰειὶῳιᾳ-
1756 602 2014 674 sacerdos,

713 671 874 746 495
903 673 1014 726 Hoc
1035 672 1142 726 sale
1169 673 1399 727 conditus
1429 671 1601 725 dulcia
1625 671 1778 725 mella
1797 673 1943 742 ﬂuet.

1065 787 1290 857 Explicit
1316 786 1578 857 prmlatio.

764 902 1008 959 INCIPIT
1048 901 1243 957 FIDES
1280 899 1529 956 NICIENI
1567 898 1875 956 CONCILII.

603 1022 739 1074 Cum
781 1019 1124 1074 convenisset
1155 1025 1396 1072 sanctum
1443 1025 1500 1072 ct
1539 1031 1788 1086 magnum
1827 1015 2114 1072 concilium

533 1124 662 1182 aput
691 1113 890 1168 Niciam
917 1121 942 1149 σι
967 1109 1305 1180 melropolim
1331 1109 1609 1180 Bythinizc,
1634 1118 1826 1164 statuta
1858 1119 2116 1180 suntquae

535 1206 670 1262 infra
708 1207 902 1274 scripta
933 1212 1074 1259 sunt.
1100 1203 1166 1258 Et
1197 1201 1393 1271 placuit
1415 1209 1472 1256 ut
1495 1201 1605 1256 haec
1627 1201 1803 1256 omnia
1834 1201 2114 1256 mitteren-

537 1311 620 1352 tur
642 1300 706 1352 ad
729 1299 1038 1365 episcopum
1071 1295 1218 1350 urbis
1253 1295 1437 1348 Romae
1465 1294 1802 1349 Silvestrum.
1830 1293 1991 1349 Facta
2033 1303 2117 1350 est

534 1401 712 1446 autem
743 1390 975 1461 synodus
1002 1388 1028 1426 δ
1059 1389 1336 1444 consulatu
1363 1387 1699 1442 Constantini
1735 1391 1868 1458 Aug.
1899 1396 1952 1442 et
1979 1387 2118 1444 Lici-

533 1483 607 1538 nii
637 1497 732 1536 χιιι
757 1481 862 1536 kal.
889 1481 1122 1550 Jul.,qui
1147 1487 1230 1536 est
1258 1488 1385 1551 aput
1413 1477 1629 1534 Graecos
1659 1480 1724 1533 I8
1753 1479 1886 1548 dies,
1915 1481 2116 1536 mensis

533 1590 718 1631 eorum
746 1573 1037 1641 secundus,
1068 1559 1210 1627 anno
1239 1573 1306 1627 ab
1342 1571 1649 1628 Alexandro
1675 1571 1799 1628 656.

603 1666 685 1722 Ab
716 1665 976 1721 universis
995 1664 1264 1735 episcopis
1294 1663 1494 1718 dictum
1525 1673 1630 1718 est.

1098 1756 1376 1812 Confessio
1404 1756 1547 1812 ﬁdei.

1465 343 1557 399 AD
1593 343 1818 400 OPERA
1857 344 1914 400 S.
1956 343 2198 403 LEONIS
2235 341 2448 401 MAGNI
2483 339 2841 400 APPENDIX.

3681 336 3775 397 160

2139 461 2194 524 Δ
2222 461 2300 517 De
2327 461 2576 536 neapltitis
2603 463 2691 532 qui
2709 468 2822 529 post
2848 457 3100 528 baptisma
3126 455 3194 511 ad
3223 454 3415 511 clerum
3443 453 3771 524 adplicantur.

2286 555 2350 610 Il.
2401 553 2415 592 ί
2445 555 2680 610 Plurima
2709 554 2822 609 sive
2850 551 3186 615 necessitate,
3211 558 3305 605 aut
3341 549 3498 604 aliter
3542 547 3776 604 festinan-

2217 647 2356 703 tibus
2382 647 2686 704 liominibus
2716 648 2850 702 facta
2893 655 3017 701 sunt
3057 653 3214 701 extra
3252 657 3516 699 canonem
3544 641 3779 698 ecclesia-

2215 739 2428 807 sticum,
2459 749 2518 795 ut
2546 739 2790 796 homines
2816 754 2884 795 ex
2914 738 3096 809 gentili
3132 737 3240 792 vita
3270 751 3442 808 nuper
3479 735 3778 792 accedentes

2217 833 2282 888 ad
2307 832 2487 900 ﬁdem,
2518 841 2572 888 et
2603 847 2773 902 pauco
2814 840 3055 901 tempore
3097 827 3435 896 catecliizati,
3477 826 3660 882 statim
3683 827 3777 896 spio

2218 925 2371 980 ritale
2419 925 2686 980 lavacrum
2726 924 3009 994 accipiant,
3037 932 3092 978 et
3124 937 3244 978 cum
3281 919 3533 991 baptisati
3584 919 3779 986 iuerint,

2218 1027 2633 1089 promoveantur
2685 1018 2749 1072 ad
2805 1017 3170 1088 episc0patum
3229 1023 3322 1070 aut
3381 1011 3781 1084 presbyterium,

2220 1111 2356 1166 bene
2387 1109 2568 1166 haberi
2599 1110 2821 1182 placuit;
2854 1109 2920 1165 de
2960 1118 3156 1164 czetero
3190 1106 3320 1163 nihil
3351 1105 3458 1162 tale
3495 1104 3641 1160 ﬁeri.
3670 1102 3783 1159 Nam

2219 1210 2274 1257 et
2319 1210 2560 1271 tempore
2595 1217 2729 1272 opus
2779 1209 2863 1257 est
2902 1200 2991 1271 qui
3023 1198 3406 1264 catecbizatur,
3449 1205 3507 1252 et
3553 1203 3678 1267 post
3708 1194 3785 1250 ba-

2224 1295 2412 1364 ptisma
2461 1293 2775 1364 adprobatio
2823 1293 3051 1363 amplius
3102 1291 3403 1348 manifesta.
3461 1289 3680 1345 Etenim
3718 1299 3785 1344 est

2221 1388 2509 1458 apostolica
2541 1387 2798 1445 scribtura
2829 1402 2946 1458 quae
2975 1386 3102 1442 dicit
3127 1404 3229 1441 non
3257 1387 3571 1457 neophytum
3603 1384 3650 1455 (l
3672 1383 3782 1441 Tini.

2223 1481 2324 1551 ιιι),
2358 1498 2424 1536 ne
2446 1483 2582 1537 forte
2604 1492 2825 1552 stupore
2851 1480 3041 1537 ductus
3072 1481 3125 1536 in
3146 1479 3407 1550 judicium
3433 1477 3646 1535 incidat
3669 1479 3786 1534 etla-

2220 1587 2416 1641 queum
2447 1571 2668 1628 diaboli.
2703 1573 2759 1628 Si
2781 1581 2960 1628 autem
2989 1572 3315 1642 procedente
3343 1580 3592 1641 tempore
3623 1569 3787 1624 anima

2221 1662 2418 1732 aliquid
2451 1663 2608 1736 [Lege
2629 1662 2865 1735 aliquod]
2889 1673 3161 1734 peccatum
3201 1663 3506 1720 inveniatur
3532 1664 3678 1718 circa
3707 1662 3787 1716 ali-

2222 1771 2380 1827 quam
2411 1773 2716 1827 personam,
2747 1766 2800 1812 et
2834 1758 3181 1813 convincatur
3209 1772 3239 1812 a
3271 1756 3482 1812 duobus
3511 1755 3602 1811 vel
3646 1755 3787 1811 tribus

601 1849 885 1906 Credimus
914 1850 969 1905 in
1012 1865 1174 1904 unum
1210 1848 1376 1903 Deum
1415 1849 1626 1902 Patrem
1667 1847 2114 1916 omnipotentem,
2145 1835 2197 1897 Β
2227 1850 2474 1916 testibus,
2500 1860 2678 1906 cesset
2722 1851 2821 1905 iste
2855 1865 2884 1904 a
2925 1851 3092 1905 clero.
3125 1848 3180 1905 Si
3230 1849 3350 1919 quis
3380 1859 3563 1904 autem
3617 1855 3788 1919 prater

531 1943 769 1997 omnium
818 1942 1100 1998 visibilium
1143 1949 1199 1996 et
1237 1939 1582 1996 invisibilium
1623 1939 1910 2008 factorem;
1952 1950 2009 1998 et
2060 1942 2114 1998 in

531 2051 693 2092 unum
727 2035 1008 2090 Dominum
1040 2035 1230 2102 ,Jesum
1259 2034 1530 2089 Christum
1579 2044 1599 2072 ε
1626 2042 1808 2088 natum
1838 2049 1902 2090 ex
1952 2033 2116 2092 Patre

531 2128 882 2198 unigenitum,
910 2107 1011 2182 hoc
1045 2136 1127 2181 est
1155 2142 1219 2180 ex
1255 2126 1550 2181 substantia
1582 2126 1788 2191 Patris;
1821 2127 1984 2182 Deum
2021 2143 2117 2185 ve-

527 2237 645 2277 rum
676 2220 742 2275 de
772 2221 880 2276 Deo
923 2235 1071 2285 vero,
1103 2229 1309 2290 natum,
1357 2235 1462 2274 non
1506 2221 1724 2286 factum,
1772 2220 2112 2287 liomousiou,

527 2315 633 2368 hoc
662 2323 744 2368 est
762 2313 1002 2382 ejusdem
1029 2329 1151 2368 cum
1174 2312 1346 2367 Patris
1369 2313 1666 2368 substantia
1689 2311 1843 2384 [Lege
1869 2328 1991 2368 cum
2017 2313 2114 2368 Pa-

526 2415 608 2472 tre
635 2403 993 2476 substantiae],
1026 2421 1121 2474 per
1156 2419 1315 2474 quem
1353 2404 1533 2458 omnia
1576 2403 1716 2458 facta
1755 2413 1879 2458 sunt
1913 2419 2031 2473 quae
2061 2404 2114 2459 in

525 2497 664 2553 celo
687 2507 742 2552 et
768 2514 886 2568 quae
919 2499 970 2552 iu
1000 2507 1175 2562 terra;
1216 2496 1308 2567 qui
1354 2505 1575 2566 propter
1621 2511 1722 2552 nos
1763 2495 2010 2551 homines
2059 2507 2116 2554 et

525 2599 742 2661 propter
777 2599 1014 2645 nostram
1056 2589 1282 2644 salutem
1315 2587 1614 2654 descendit,
1646 2585 1670 2624 δ
1710 2596 1766 2642 et
1807 2588 2114 2643 incarnatus

525 2691 626 2744 εει,
658 2690 712 2737 ct
741 2681 903 2737 homo
944 2682 1136 2747 iactus,
1165 2695 1352 2749 passus
1393 2690 1497 2745 est,
1529 2688 1583 2735 et
1623 2681 1920 2736 resurrexit
1958 2681 2115 2736 tertia

525 2773 634 2843 alie,
660 2776 902 2831 ascendit
946 2775 998 2829 in
1036 2773 1255 2838 coelum,
1295 2774 1437 2829 unde
1473 2781 1732 2830 venturus
1769 2783 1852 2830 est
1873 2771 2146 2844 judicare'

525 2867 681 2920 vivos
709 2873 763 2921 et
804 2877 1076 2931 mortuos;
1109 2875 1165 2921 et
1200 2867 1253 2921 in
1280 2866 1533 2933 Spiritum
1575 2875 1840 2922 sanctum.
1875 2865 1982 2922 Eos
2023 2882 2118 2923 au-

525 2971 635 3016 tem
665 2961 753 3032 qui
793 2962 976 3017 dicunt
1001 2979 1016 3016 :
1045 2970 1071 2999 ε
1110 2969 1226 3017 erat
1263 2968 1474 3031 tempus
1516 2959 1733 3031 quando
1761 2975 1867 3016 non
1895 2970 2032 3030 erat,
2061 2970 2118 3016 et

524 3054 676 3125 prius
705 3067 866 3123 quam
897 3062 1208 3109 nasceretur
1249 3066 1357 3108 non
1403 3059 1542 3120 erat,
1585 3059 1640 3107 et
1680 3051 1804 3122 quia
1845 3066 1914 3107 ex
1955 3050 2116 3107 nullis

525 3145 944 3201 subsistentibus
971 3146 1140 3201 iactus
1169 3153 1272 3210 est,
1307 3154 1399 3201 aut
1436 3161 1503 3201 ex
1550 3144 1656 3200 alia
1695 3144 1993 3200 substantia
2028 3143 2116 3199 vel

2222 1941 2339 1996 haec
2365 1941 2508 2006 facit,
2541 1941 2693 2012 quasi
2721 1941 2980 1997 adversus
3029 1949 3272 1995 sanctum
3300 1949 3356 1995 et
3393 1954 3652 2011 magnum
3684 1955 3790 1994 con-

2220 2032 2400 2088 cilium
2447 2034 2781 2104 superviens,
2828 2034 2942 2103 ipse
2986 2046 3044 2089 se
3088 2031 3397 2103 periclitans
3443 2029 3735 2102 privabitur
3764 2044 3790 2084 a

2221 2127 2389 2183 clero.

2383 2229 2386 2234 '
2719 2221 2732 2268 l
2761 2218 2838 2273 De
2856 2218 3310 2272 commanentibus.

2292 2310 2382 2368 Ill.
2404 2310 2502 2366 'De
2529 2311 2842 2367 mulieribus
2871 2326 2991 2382 qute
3019 2326 3143 2366 cum
3170 2308 3439 2382 episcopis
3465 2307 3550 2363 vel
3591 2306 3791 2378 presby—

2224 2402 2372 2470 teris,
2415 2401 2498 2458 vel
2537 2402 2852 2458 diaconibus
2891 2410 3316 2466 commorantur,
3342 2399 3474 2456 'sive
3509 2397 3690 2454 viduae
3724 2396 3791 2452 vel

2221 2497 2474 2568 virgines,
2509 2497 2783 2554 interdixit
2810 2497 3121 2554 omnimodo
3162 2506 3407 2554 sanctum
3444 2506 3504 2551 et
3555 2509 3786 2566 magnum

2220 2593 2530 2660 concilium,
2555 2608 2728 2664 neque
2755 2594 3027 2662 episcOpo,
3059 2607 3233 2664 neque
3262 2592 3609 2664 presbytero,
3645 2603 3791 2656 neque

2221 2684 2470 2752 diacono,
2493 2701 2668 2755 neque
2689 2701 2753 2742 ex
2777 2685 2862 2740 his
2884 2686 2972 2755 qui
3003 2687 3056 2741 in
3084 2687 3232 2741 clero
3253 2693 3398 2751 sunt,
3433 2684 3603 2739 licere
3631 2697 3789 2738 secum

2219 2787 2584 2843 commanere,
2611 2781 2802 2848 praeter
2815 2777 2953 2833 forte
2969 2790 3235 2844 sororem,
3253 2786 3342 2832 aut
3355 2775 3510 2830 Tiam
3530 2773 3621 2850 [In
3640 2772 3791 2829 Greco

2221 2872 2252 2929 ἢ
2279 2873 2432 2938 θείειν,
2455 2868 2640 2926 Italiae
2661 2868 2795 2941 Zia],
2827 2881 2918 2926 aut
2946 2871 3092 2927 solas
3119 2883 3376 2942 personas
3398 2884 3522 2941 quae
3549 2866 3792 2939 relugiunt

2221 2979 2434 3020 omnem
2461 2965 2844 3036 suspicionem.

2560 3055 2721 3128 49³1
2754 3056 2830 3111 De
2859 3058 3164 3112 ordinaudis
3198 3055 3474 3127 episcOpis.

2296 3152 2383 3207 IV.
2439 3152 2649 3210 Placuit
2694 3161 2872 3207 autem
2917 3161 2975 3207 ut
3017 3152 3085 3207 ab
3106 3149 3356 3207 omnibus
3393 3149 3666 3220 episcopis
3705 3145 3783 3216 qui

525 3239 760 3292 essentia
800 3238 986 3293 dicunt
1025 3252 1144 3294 esse
1175 3240 1413 3314 τρέπτον,
1457 3237 1559 3294 hoc
1598 3247 1682 3295 est
1706 3237 2116 3294 convertibilem
2145 3220 2195 3286 ο
2223 3255 2351 3302 sunt
2389 3247 2439 3300 in
2464 3245 2742 3317 provincia
2772 3245 3009 3302 ordinari
3046 3245 3380 3315 episcopum.
3410 3242 3468 3300 Si
3497 3249 3672 3298 autem
3700 3239 3786 3296 dil-

527 3340 620 3385 aut
645 3329 956 3388 mutabilem
987 3331 1177 3387 Filium
1223 3332 1338 3400 Dei,
1373 3331 1470 3389 hos
1492 3333 1909 3390 anathematizat
1933 3333 2118 3390 catho-

529 3424 628 3479 lica
658 3433 712 3480 et
737 3425 1028 3495 apostolica
1062 3426 1326 3482 Ecclesia.

603 3515 622 3557 ί
646 3518 726 3576 De
751 3520 830 3573 Itis
851 3521 938 3592 qui
966 3522 1157 3592 seipsos
1179 3521 1466 3590 abscidunt,
1501 3523 1578 3577 uel
1598 3525 1959 3593 eununcizant,
1990 3524 2045 3578 in

795 3621 956 3666 totum
981 3613 1051 3666 ad
1080 3613 1270 3668 clerum
1295 3615 1498 3668 admitti
1519 3631 1619 3669 non
1650 3615 1850 3670 debere.

596 3702 640 3758 I.
679 3703 735 3760 Si
761 3704 879 3773 quis
901 3719 995 3774 per
1025 3706 1334 3776 languorem
1363 3721 1392 3760 a
1436 3707 1660 3762 medicis
1689 3717 1867 3763 sectus
1893 3716 1996 3775 est,
2023 3717 2118 3764 aut

524 3801 771 3857 barbaris
801 3801 1093 3867 abscissus,
1125 3802 1226 3856 iste
1273 3812 1548 3857 remaneat
1580 3801 1745 3874 496
1782 3802 1836 3858 in
1866 3803 2040 3869 clero;
2068 3803 2113 3858 si

524 3893 648 3962 quis
677 3900 856 3947 autem
872 3906 1034 3947 sanus
1061 3907 1120 3948 se
1149 3893 1392 3958 abscidit,
1414 3894 1516 3947 etsi
1545 3894 1595 3947 in
1627 3894 1772 3948 clero
1801 3904 1826 3940 ες
1857 3894 2112 3962 positum,

525 3982 664 4038 abici
701 3991 932 4053 oportet,
961 3992 1016 4039 et
1042 3993 1296 4040 caeterum
1324 3983 1525 4039 nullum
1554 3999 1621 4040 ex
1649 3983 1732 4040 bis
1762 3984 1961 4041 debere
1988 3999 2113 4055 pro-

525 4075 758 4130 moveri.
786 4076 936 4131 Sicut
974 4083 1149 4130 autem
1185 4075 1289 4131 hoc
1327 4075 1665 4130 manifestum
1695 4085 1778 4131 est
1801 4076 1869 4131 de
1909 4077 1988 4131 IIIS
2018 4076 2112 4146 qui

525 4179 586 4220 se
615 4164 815 4221 audent
839 4158 1140 4233 abscidere,
1175 4167 1244 4221 ita
1276 4181 1370 4222 eos
1399 4166 1487 4237 qui
1520 4183 1546 4220 a
1580 4167 1820 4222 barbaris
1847 4179 1936 4222 aut
1962 4184 1990 4223 a
2015 4168 2114 4224 do-

524 4259 687 4314 minis
715 4259 932 4316 castrati
964 4270 1111 4328 sunt,
1154 4258 1183 4296 ιι
1221 4259 1558 4316 invenientur
1589 4260 1750 4316 etiam
1795 4260 1929 4318 alias
1979 4261 2112 4320 tales

525 4352 691 4423 digni,
723 4354 788 4409 ad
819 4355 1021 4411 clerum
1051 4356 1281 4426 applicat
1315 4369 1507 4412 canon.

594 4560 780 4634 990d.
806 4563 920 4618 Vat.
956 4562 1094 4618 1542
1122 4563 1264 4634 delet
1284 4564 1622 4634 metropolim.

593 4631 621 4670 δ
643 4631 839 4687 Confer
857 4649 976 4701 quae
1019 4635 1070 4686 i'n
1122 4633 1262 4687 hunc
1299 4631 1582 4688 erroneum
1614 4635 1951 4690 consulatum
1987 4636 2104 4691 ani-

524 4701 906 4758 madvertimus
934 4713 1047 4757 not.
1075 4703 1144 4757 14
1171 4705 1221 4757 in
1248 4710 1362 4771 cap.
1391 4706 1415 4758 I
1443 4705 1794 4774 przecedentis
1829 4706 2103 4762 collectio-

523 4774 608 4850 t_iis
636 4782 756 4842 post
775 4775 1144 4850 episcoporum
1163 4775 1459 4850 catalogum
1479 4774 1669 4850 (gyan;
1691 4779 1786 4830 col.
1803 4777 1933 4850 :587,
1951 4793 2004 4850 n3
2026 4774 2100 4849 ά).

521 4845 652 4900 Post
680 4857 870 4913 pauca,
909 4844 973 4897 I8
1001 4845 1130 4909 dies,
1159 4844 1352 4913 verius
1377 4845 1461 4901 19.
1491 4844 1630 4901 νὶάθ
1658 4845 1769 4902 not.
1796 4847 1831 4900 2
1871 4847 1924 4902 in
1956 4844 2100 4903 idem

521 4912 730 4984 caput!
767 4913 904 4986 (Col.
927 4913 1050 4981 571,
1078 4932 1130 4968 n.
1156 4912 1229 4984 ιδ),
1260 4929 1324 4969 ex
1349 4927 1452 4986 qua
1479 4917 1636 4970 etiam
1662 4918 1923 4986 intelliges
1951 4933 2103 4973 erro-

519 5003 634 5040 rem
680 4986 856 5040 inesse
893 4985 946 5039 in
979 5000 1160 5041 vocem
1191 4985 1464 5050 secundus,
1495 5002 1590 5056 pro
1617 5003 1720 5056 qua
1751 4985 2099 5044 scribendum

520 5067 636 5112 erat
665 5056 825 5131 D_esii,
849 5056 938 5126 qui
974 5071 1079 5131 non
1113 5056 1396 5124 secundus,
1416 5056 1507 5112 sed
1539 5061 1797 5128 septimus
1825 5067 1943 5115 erat
1963 5058 2102 5131 S'yro

519 5127 873 5181 macedonum
906 5128 1126 5181 mensis.

593 5207 616 5234 ο
648 5195 787 5272 Cod.
815 5198 928 5272 Vat.
960 5192 1223 5272 laudatus,
1259 5195 1455 5272 ilium
1499 5199 1611 5263 Dei,
1638 5200 1731 5272 qui
1751 5210 1902 5255 natus
1940 5210 2014 5272 est
2037 5218 2104 5256 ex

517 5267 679 5341 Patre
700 5269 1135 5341 unigenitus,ihoc
1165 5278 1236 5323 est
1259 5271 1329 5341 _de
1364 5267 1659 5324 substantia
1699 5270 1890 5336 Patris,
1936 5271 2100 5326 Deum

425 5353 436 5363 '
518 5356 579 5392 ex
597 5337 723 5404 Deo,
748 5337 913 5393 lumen
935 5340 1218 5403 exlumine,
1249 5339 1409 5393 Deum
1431 5357 1600 5394 verum
1624 5357 1686 5396 ea:
1710 5343 1816 5396 Deo
1834 5359 1970 5406 vero,
1990 5352 2099 5399 etc.

587 5406 612 5445 ἀ
638 5408 783 5482 Idem
813 5411 956 5474 cod.,
986 5420 1032 5464 et
1067 5427 1276 5465 carnem
1321 5414 1614 5482 assumpsit,
1652 5421 1699 5466 et
1742 5412 1895 5466 homo
1931 5414 2100 5481 factus

517 5490 608 5534 est.
642 5480 767 5551 Post
787 5496 973 5551 pauca,
1005 5484 1057 5534 in
1084 5482 1254 5536 ctelos.
1496 5480 1509 5516 '-

588 5566 611 5622 εξ
642 5550 698 5622 In
727 5550 913 5606 eodem
954 5567 1055 5606 ms.
1082 5553 1224 5618 Vat.,
1255 5561 1362 5606 erat
1391 5553 1686 5619 aliquando,
1717 5554 1946 5622 quando,
1979 5563 2084 5609 etc.

593 5620 610 5657 ί
640 5620 906 5692 Laudatus
926 5623 1116 5691 codex,
1151 5623 1226 5676 De
1243 5624 1506 5688 eunuchis,
1539 5625 1621 5692 qui
1647 5620 1838 5690 seipsos
1866 5625 2098 5679 abscide-

518 5699 654 5766 runt.
684 5691 871 5766 Incipit
898 5702 1076 5766 autem
1099 5708 1268 5748 canon
1301 5695 1376 5748 sic
1400 5712 1411 5745 :
1448 5693 1510 5749 Si
1539 5691 1653 5766 quis
1677 5695 1899 5766 seipsum
1927 5698 2097 5750 absci-

515 5761 664 5823 derit,
698 5763 773 5812 vel
793 5765 1218 5827 euuuchizaverit,
1244 5766 1448 5818 omnino
1467 5766 1531 5820 ad
1550 5761 1972 5822 elerum'admilti
1993 5783 2096 5822 non

514 5831 676 5894 debet.
711 5830 856 5902 Quod
883 5838 924 5888 si
956 5851 1043 5906 per
1070 5840 1384 5907 languorem,
1411 5845 1510 5894 etc.

1985 5968 2122 6000 --..‘.

2227 3339 2367 3394 Ilcile
2394 3336 2419 3375 ¹ί
2443 3339 2544 3394 erit
2575 3339 2676 3394 hoc
2713 3347 2930 3408 propter
2975 3346 3253 3407 urgentem
3303 3333 3678 3390 necessitatem
3713 3337 3790 3385 aut

2229 3430 2617 3502 longitudinem
2648 3431 2870 3497 itineris,
2911 3428 3221 3485 omnimodo
3252 3439 3362 3484 tres
3391 3427 3446 3482 in
3477 3441 3644 3491 unum
3673 3438 3786 3479 con-

2226 3523 2502 3578 venientes
2527 3531 2739 3592 oportet
2758 3521 3013 3577 constitui
3035 3520 3191 3592 [Lege
3210 3517 3570 3591 constituere]
3592 3519 3785 3588 episco-

2224 3631 2373 3688 pum,
2404 3617 2800 3673 consentientes
2831 3612 2848 3653 ι
2882 3623 2938 3670 et
2965 3614 3019 3669 hi
3046 3613 3137 3684 qui
3166 3613 3418 3669 absentes
3442 3611 3664 3677 iuerint,
3703 3621 3787 3679 per

2226 3709 2425 3766 scribta
2469 3723 2584 3773 sua,
2619 3718 2870 3779 tanquam
2901 3708 2945 3783 si
2973 3715 3305 3778 praesentes;
3333 3704 3782 3762 conﬁrmationem

2225 3806 2402 3852 autem
2445 3811 2632 3853 eorum
2685 3812 2804 3867 quae
2849 3795 2985 3852 ﬁunt
3023 3795 3346 3852 habentesm
3386 3792 3784 3864 uniuscujusque

2224 3891 2516 3961 provinciae
2542 3889 2960 3962 metropolitani.

2221 3993 2251 4020 ιι
2279 3983 2356 4038 De
2379 3983 2458 4038 his
2483 3984 2568 4053 qui
2588 3982 3089 4038 eacommunicantur
3116 3998 3207 4054 per
3230 3979 3464 4053 singulas
3494 3978 3782 4052 provincias.

2294 4076 2533 4147 V.._Sive
2571 4075 2641 4132 de
2685 4075 2831 4132 clero
2883 4076 2957 4132 sit
3001 4074 3159 4148 [Lege
3184 4071 3340 4146 sint],
3391 4073 3510 4130 sive
3561 4073 3628 4130 de
3668 4071 3784 4126 laico

2217 4168 2451 4241 agmine,
2497 4168 2566 4224 ab
2614 4166 2880 4239 episCOpis
2921 4181 3018 4238 per
3044 4165 3281 4238 singulas
3310 4164 3618 4236 provincias
3661 4161 3783 4218 obti-

2218 4271 2346 4318 neat
2371 4259 2636 4318 sententia
2669 4259 2966 4316 secundum
3001 4272 3301 4324 canonem;
3333 4272 3429 4313 eos
3458 4271 3586 4312 vero
3605 4253 3692 4326 qui
3723 4254 3782 4308 ab

2217 4353 2340 4410 aliis
2388 4352 2712 4417 abiciuntur,
2744 4351 2814 4406 ab
2845 4350 2968 4407 aliis
2996 4359 3021 4387 ο
3052 4364 3158 4406 ιιοιι
3185 4346 3557 4419 suscipiendos
3581 4355 3670 4402 aut
3693 4343 3778 4400 ad-

2129 4571 2188 4634 Ῑ)
2285 4572 2310 4611 8
2338 4561 2485 4618 Idem
2515 4575 2641 4627 ms.,
2670 4559 2863 4634 positus
2891 4556 3213 4634 fueritgblox
3239 4553 3406 4620 Just,
3433 4563 3483 4609 et
3510 4551 3701 4634 caeteri;
3719 4563 3778 4604 ex

2160 4625 2177 4695 ί
2211 4634 2403 4691 eodem
2436 4646 2536 4687 ms.
2579 4625 3005 4686 emendavimus.
3046 4625 3298 4682 Craterum
3353 4640 3454 4696 pro
3509 4626 3572 4681 de
3615 4631 3776 4678 cetera

2209 4705 2468 4774 scriptum
2496 4710 2597 4758 est.
2633 4702 2808 4783 Dion.,
2841 4711 2886 4754 et
2909 4700 3168 4768 deinceps.
3217 4769 3230 4781 .
3275 4769 3286 4781 _
3427 4767 3442 4780 .
3692 4763 3704 4776 .

2251 4773 2309 4859 ..ιι
2453 4773 2612 4859 ,γειη
2639 4774 2966 4855 inveniuntur
2995 4770 3159 4843 [Lege
3184 4786 3228 4823 st
3269 4764 3614 4839 muensantur]
3641 4773 3776 4820 etiam

2208 4847 2371 4925 aliqui
2393 4846 2518 4899 tales
2543 4845 2706 4916 digni.
3063 4912 3073 4922 ⁸
3453 4910 3467 4923 ο
3538 4881 3548 4889 .

2287 4928 2302 4955 ι
2329 4917 2642 4996 Idem_cod.,
2675 4913 2870 4996 Siquis
2891 4911 3160 4996 neophttus
3185 4920 3300 4983 post
3327 4909 3572 4982 baptisma
3588 4907 3653 4962 ad
3684 4904 3774 4960 cle-

2208 5004 2328 5043 rum
2353 4987 2663 5058 applicatur,
2685 4985 2916 5058 _plurima
2943 4985 3076 5058 sine,
3106 4991 3212 5058 etc.
3325 5052 3357 5058 η
3420 5052 3454 5058 __
3593 5048 3610 5058 _
3682 5046 3694 5058 ,
3732 5045 3743 5057 ,

2285 5060 2300 5110 ι
2347 5048 2463 5112 v'ai.
2494 5048 2748 5122 cod.,TJe
2787 5048 3182 5109 subintroductis
3227 5052 3547 5108 mulieribus.
3593 5048 3766 5115 Incipit

2210 5139 2387 5184 autem
2414 5136 2584 5182 canon
2607 5146 2618 5180 ;
2652 5127 2949 5196 Quicunque
2973 5127 3258 5196 episcopus,
3281 5135 3372 5178 aut
3395 5125 3660 5196 presbyter,
3689 5123 3769 5168 alt

2209 5201 2458 5254 diaconus
2485 5215 2599 5252 cum
2624 5194 2918 5252 mulieribus
2939 5194 3310 5260 commoratur,
3333 5197 3439 5250 sive
3464 5194 3637 5256 vidule,
3675 5195 3768 5242 etc.

2253 5269 2310 5340 ,ξι
2343 5271 2482 5324 Idem
2512 5271 2658 5334 cod.,
2692 5271 2845 5340 fuerit
2869 5267 2965 5322 hoc
2995 5276 3086 5340 aut
3101 5277 3338 5340 propter.

2286 5339 2304 5378 1
2339 5342 2579 5408 Quatuor
2605 5333 2763 5395 voces
2793 5351 2839 5394 et
2869 5340 2920 5392 lii
2943 5337 3031 5408 qui
3059 5333 3287 5392 absentes
3327 5333 3677 5408 supplevimus
3702 5339 3766 5381 ex

2210 5412 2403 5468 eodem
2431 5411 2636 5466 codice.
2871 5413 2888 5426 ’

2282 5493 2321 5520 ω
2347 5482 2482 5536 Just.
2498 5481 2644 5554 addit
2656 5479 3032 5554 auctoritatem.
3048 5480 3239 5554 Me_lius
3250 5479 3392 5536 delet
3407 5484 3576 5554 noster
3589 5468 3763 5554 code!-

2279 5562 2309 5590 ιι
2332 5553 2540 5608 Titulus
2574 5553 2625 5608 in
2657 5568 2758 5607 ms.
2809 5552 2924 5606 Vat.
2958 5561 3045 5608 est
3069 5570 3083 5608 :
3111 5550 3192 5606 De
3213 5543 3659 5606 excommunicatis.
3685 5538 3764 5594 Iu-

2209 5625 2339 5693 cipit
2367 5634 2543 5681 autem
2582 5639 2752 5680 canon
2797 5624 2913 5679 sic:
2950 5624 3024 5678 Hi
3062 5624 3152 5693 qui
3182 5621 3666 5693 excommunicastur
3684 5621 3766 5682 per

2208 5691 2440 5766 singulas
2469 5697 2754 5766 provincias
2782 5697 2886 5748 sive
2916 5695 2980 5749 de
2999 5691 3134 5748 clero
3155 5695 3259 5747 sive
3287 5695 3351 5766 de
3377 5691 3522 5766 laico,
3550 5695 3646 5739 etc.

2283 5762 2310 5802 δ
2337 5762 2482 5821 Idem
2526 5767 2682 5832 cod.,
2727 5783 2831 5822 non
2879 5767 3248 5838 suscipiantur.
3305 5762 3626 5833 Ilequirantur
3672 5766 3761 5806 as-

2210 5849 2329 5906 sem,
2349 5847 2456 5893 etc.
3355 5855 3362 5860 ’
