3996 6344
203 348 313 409 701

1258 342 1495 404 PRISCA
1534 343 1864 404 CANONUM
1904 346 2131 407 EDI‘I’IO
2167 347 2437 408 LATINA.

3367 350 3481 413 76‘2

207 467 525 527 mittendos.
553 464 908 537 Requirantur
928 470 1106 521 autem
1124 479 1192 520 ne
1219 466 1680 536 pusillanimitate,
1705 474 1796 522 aut
1826 468 1877 530 Α
1905 476 2011 537 est,
2041 470 2269 526 mundos
2290 476 2505 527 vocant.
2537 468 2597 527 Si
2616 468 2737 542 quis
2761 483 2827 527 ex
2862 469 2945 526 his
2972 469 3039 526 ad
3069 468 3362 528 Ecclesiam
3388 486 3480 530 cae

209 560 533 633 pertinacia,
562 567 655 613 aut
683 558 860 629 aliquo
882 556 989 613 alio
1018 557 1258 627 episcopi
1293 557 1416 612 odio
1438 556 1803 614 excommuni-

214 653 327 709 cati
358 654 489 707 sint.
518 650 589 708 Ut
616 660 792 706 autem
822 649 924 706 hoc
952 648 1232 706 decentem
1264 648 1683 720 adquisitionem
1706 663 1800 706 ac-

205 749 397 818 cipiat,
440 746 580 801 bene
616 744 799 800 haberi
849 744 1068 814 placuit,
1102 752 1129 781 ι
1158 751 1214 799 et
1253 744 1481 813 singulis
1524 742 1680 799 annis
1709 758 1804 813 per

207 840 455 911 singulas
478 837 780 910 provincias
810 836 891 892 bis
932 838 984 892 in
1011 852 1151 892 anno
1180 837 1408 893 consilia
1434 836 1571 906 ﬁeri,
1602 846 1661 892 ut
1687 852 1805 894 om-

209 947 313 989 nes
336 932 496 988 simul
519 929 757 1001 episcopi
787 929 839 984 in
863 944 1026 984 unum
1054 930 1362 1000 congregati
1391 930 1527 985 tales
1553 932 1806 1001 quaestio-

208 1038 317 1080 nes
370 1024 672 1092 inquirant;
720 1028 774 1077 et
828 1021 875 1077 si
928 1020 1018 1091 qui
1068 1020 1437 1076 incunctanter
1483 1020 1806 1077 offenderint

207 1116 534 1186 episcopum
578 1129 756 1183 suum,
808 1120 864 1167 et
922 1112 1311 1169 rationabiliter
1353 1114 1805 1170 excommunicati

211 1207 363 1277 apud
395 1221 585 1262 omnes
614 1220 735 1262 esse
761 1205 1045 1273 probatum
1101 1214 1155 1261 et
1194 1206 1429 1261 omnium
1469 1206 1698 1263 concilio
1725 1206 1806 1262 in-

211 1311 489 1369 notescat,
515 1300 751 1371 quandiu
777 1299 1032 1370 episcopo
1060 1300 1269 1370 placeat
1308 1299 1679 1355 humaniorem
1709 1314 1807 1371 pro

214 1395 306 1450 his
350 1395 495 1450 ferre
536 1394 879 1449 sententiam.
935 1390 1170 1448 Concilia
1221 1402 1399 1449 autem
1437 1392 1590 1460 ﬁant,
1641 1407 1805 1448 unum

214 1487 442 1563 quidem
465 1497 587 1541 ante
607 1484 1101 1556 Quadragesimam,
1127 1493 1185 1540 ut
1207 1486 1444 1541 omnium
1471 1484 1809 1540 animositate

211 1587 517 1649 amputata,
546 1592 741 1632 munus
770 1577 1027 1632 mundum
1057 1576 1312 1632 olI'eratur
1342 1578 1481 1643 Deo;
1512 1577 1806 1633 secundum

212 1684 351 1725 vero
374 1670 466 1724 ﬁat
493 1668 639 1725 circa
659 1676 972 1723 autumnum
1002 1678 1231 1741 tempus.

286 1785 459 1858 598
484 1784 564 1840 De
591 1783 1363 1868 primatu_Ecclesiw.Romam
1386 1785 1466 1841 vel
1512 1783 1736 1838 aliarum

738 1867 994 1910 cristatum
1023 1872 1294 1926 episcopu.

287 1949 386 2005 VI.
416 1948 444 1988 δ
476 1949 692 2021 Antiqui
733 1948 899 2005 moris
939 1958 1022 2005 est
1052 1958 1107 2004 ut
1137 1949 1288 2004 urbis
1316 1948 1502 2004 Romae
1526 1948 1809 2019 episcopus

211 2043 421 2100 habeat
443 2043 823 2114 principatum,
855 2052 912 2097 ut
939 2042 1305 2098 suburbicaria
1334 2042 1474 2109 loca,
1510 2052 1565 2098 et
1592 2057 1808 2098 omnem

211 2136 556 2207 provinciam
590 2146 612 2173 ι·
645 2149 794 2191 suam
822 2133 1186 2190 sollicitudine
1213 2135 1497 2205 gubernet.
1524 2134 1654 2203 Qua:
1681 2149 1811 2189 vero

211 2230 366 2300 apud
398 2229 688 2302 :Egyptnm
719 2238 865 2298 sunt,
889 2228 1232 2285 Alexandriae
1255 2230 1543 2300 episcopus
1569 2228 1809 2284 omnium

213 2322 419 2378 habeat
448 2322 889 2385 sollicitudinem.
938 2321 1199 2379 Similiter
1226 2330 1405 2377 autem
1434 2329 1489 2377 et
1519 2322 1663 2376 circa
1702 2320 1813 2376 An-

211 2415 502 2483 tiochiam,
532 2425 587 2472 et
618 2416 672 2472 in
704 2416 917 2472 caeteris
960 2415 1250 2485 provinciis
1279 2414 1553 2485 privilegia
1596 2413 1812 2484 propria

211 2516 507 2564 serventur
530 2508 957 2577 metropolitanis
981 2507 1257 2563 Ecclesiis.
1288 2505 1612 2561 Omnimodo
1631 2513 1813 2563 autem

214 2600 575 2657 manifestum
599 2605 684 2654 est
712 2597 866 2665 illud,
899 2604 956 2653 ut
979 2598 1023 2652 si
1044 2598 1165 2668 quis
1192 2597 1311 2653 sine
1333 2595 1558 2653 arbitrio
1586 2596 1703 2668 ejus
1723 2613 1813 2669 qut

214 2701 299 2747 est
332 2692 389 2746 in
421 2691 763 2762 metrOpolim
786 2692 1126 2748 constituerit
1160 2690 1495 2763 episcopum,
1524 2691 1666 2747 hunc
1690 2706 1816 2747 cen-

217 2783 334 2838 suit
382 2791 625 2837 sanctum
664 2791 720 2838 et
749 2797 999 2853 magnum
1044 2782 1329 2837 concilium
1360 2796 1466 2837 non
1496 2778 1524 2818 ἀ
1553 2796 1673 2836 esse
1701 2781 1817 2851 epi-

215 2890 477 2947 scopum.
507 2875 564 2929 Si
590 2890 719 2931 vero
746 2874 1017 2930 communi
1039 2873 1277 2929 omnium
1318 2873 1624 2929 rationabili
1652 2872 1819 2944 [Sup-

214 2970 305 3038 ple
334 2965 644 3041 electioni],
670 2976 727 3023 et
755 2967 1047 3023 secundum
1071 2980 1333 3022 canonem
1367 2966 1814 3033 ecclesiasticum,

214 3061 330 3117 duo
359 3069 459 3116 aut
487 3069 597 3116 tres
624 3067 846 3131 propter
879 3059 1207 3130 propinquas
1234 3057 1416 3131 [Dion.
1444 3059 1646 3122 melius,
1680 3073 1811 3129 pro-

216 3152 394 3226 prias]
426 3153 735 3209 inimicitias
774 3152 1222 3218 contradixerint,
1270 3150 1512 3207 obtineat
1553 3148 1815 3206 sententia

1908 562 2161 641 tholicam
2204 565 2404 630 veniat,
2451 565 2651 636 placuit
2697 573 2885 622 sancto
2923 576 2978 622 et
3025 580 3218 638 magno
3255 567 3484 623 concilio

1906 657 2050 723 huic,
2096 666 2154 714 ut
2199 674 2294 728 per
2333 673 2523 715 manus
2554 660 2949 729 impositionem
2995 660 3331 717 sacerdotum
3369 675 3485 717 ma-

1908 758 2032 807 neat
2062 751 2116 807 in
2145 750 2316 809 clero.
2349 753 2488 808 Ante
2519 753 2696 809 omnia
2722 761 2902 809 autem
2934 752 2963 790 ιι
2992 752 3095 809 hoc
3140 751 3481 810 manifestum

1908 842 1998 911 sit,
2028 842 2271 914 proﬁteri
2302 858 2361 899 se
2388 843 2530 912 quod
2556 845 2856 900 consentiat
2882 852 2936 900 et
2976 851 3234 915 sequatur
3256 844 3485 900 catholi-

1907 950 1987 990 ca:
2013 944 2068 990 et
2095 934 2403 1005 apostolica:
2423 935 2687 1009 Ecclesia:
2711 936 2982 1007 dogmata,
3011 935 3175 1009 5.99
3199 936 3301 992 hoc
3324 944 3403 992 est
3430 942 3486 991 et

1907 1041 2029 1082 cum
2054 1025 2280 1097 bigamis
2303 1026 2720 1093 communicare,
2744 1038 2798 1083 et
2826 1044 2944 1083 cum
2970 1028 3055 1083 his
3082 1029 3172 1099 qui
3206 1029 3258 1083 in
3300 1042 3485 1099 perse-

1909 1118 2123 1173 cutione
2155 1116 2289 1185 lapsi
2315 1125 2459 1181 sunt,
2485 1116 2625 1171 circa
2651 1130 2790 1187 quos
2811 1126 2867 1173 et
2896 1125 3107 1187 tempus
3138 1118 3485 1173 constitutum

1907 1219 2014 1279 est,
2047 1219 2101 1266 et
2124 1209 2240 1265 dies
2267 1209 2540 1275 deﬁnitus,
2583 1219 2639 1263 ut
2683 1218 2974 1280 sequantur
3000 1210 3052 1265 in
3082 1210 3330 1266 omnibus
3368 1223 3488 1279 qua

1909 1304 2211 1375 placuerint
2260 1302 2543 1359 catholica:
2604 1302 2877 1358 Ecclesiae.
2921 1302 3236 1374 Ubicunque
3294 1301 3311 1341 ί
3360 1318 3487 1359 vero

1909 1395 2110 1451 iuerint
2128 1394 2243 1450 sive
2272 1394 2324 1449 in
2351 1393 2609 1461 castellis,
2633 1393 2748 1449 sive
2777 1395 2829 1449 in
2857 1393 3013 1461 vicis,
3042 1395 3155 1451 sive
3179 1396 3230 1450 in
3262 1394 3487 1451 civitati-

1910 1487 2032 1557 bus,
2064 1489 2274 1544 veniam
2301 1497 2630 1553 mereantur,
2660 1486 2895 1544 ordinati
2922 1503 3051 1543 vero
3083 1490 3137 1544 in
3176 1490 3324 1544 clero
3359 1490 3489 1555 sint,

1911 1592 1966 1640 et
2008 1584 2060 1638 in
2102 1582 2293 1638 eodem
2341 1590 2483 1639 statu
2514 1590 2887 1653 permaneant.
2924 1582 2937 1633 ἱ
2975 1581 3128 1650 Quod
3163 1597 3283 1638 cum
3312 1592 3490 1638 autem

1911 1678 2135 1749 [.Supple
2153 1676 2242 1748 ad]
2261 1676 2535 1733 catholica:
2562 1676 2818 1732 Ecclesia:
2842 1678 3127 1749 episcopos
3154 1683 3248 1731 aut
3271 1677 3490 1746 presby-

1910 1776 2059 1825 teros
2084 1768 2427 1835 accesserint,
2453 1766 2794 1823 manifestum
2824 1768 2948 1837 quia
2970 1767 3253 1839 episcopus
3278 1766 3491 1839 quidem

1836 1861 1887 1923 B
1914 1862 2168 1918 Ecclesia:
2200 1860 2417 1917 habebit
2442 1860 2757 1931 dignitatem
2785 1862 3161 1931 episcopats;
3194 1864 3285 1932 qui
3313 1867 3495 1917 autem

1913 1954 2221 2011 nominatur
2245 1962 2374 2025 aput
2401 1968 2495 2011 eos
2526 1954 2617 2021 qui
2647 1968 2707 2009 se
2747 1952 2975 2009 mundos
2994 1951 3203 2022 dicunt,
3236 1952 3289 2008 in
3314 1950 3490 2008 Eccle-

1914 2047 1993 2102 sia
2024 2045 2286 2103 catholica
2318 2044 2641 2117 presbyterii
2670 2044 2933 2101 honorem
2958 2044 3200 2113 habebit,
3228 2042 3334 2100 nisi
3361 2043 3497 2099 torte

1914 2137 2179 2210 placuerit
2208 2135 2464 2208 episcOpo
2495 2136 2715 2191 honoris
2742 2136 2826 2191 sui
2852 2149 2973 2191 eum
3004 2133 3135 2201 frui;
3161 2136 3206 2190 si
3228 2148 3359 2190 vero
3388 2146 3498 2189 non

1914 2230 1964 2286 ei
2011 2228 2292 2300 placuerit,
2336 2226 2726 2295 providendum
2769 2238 2851 2283 est
2893 2227 3071 2283 locum
3122 2227 3212 2282 ubi
3248 2234 3339 2280 aut
3372 2239 3498 2281 cor-

1915 2321 2278 2391 episcOpatus,
2307 2326 2401 2374 aut
2443 2316 2760 2388 presbyterii
2790 2318 2881 2383 sit,
2913 2325 2970 2372 ut
3008 2320 3060 2373 in
3089 2318 3236 2373 clero
3278 2315 3496 2371 omnino

1916 2426 2036 2468 esse
2064 2411 2324 2477 videatur,
2352 2418 2411 2464 ut
2436 2423 2542 2464 non
2572 2406 2855 2464 videantur
2882 2408 2935 2463 in
2965 2408 2987 2445 κ
3020 2422 3121 2463 una
3153 2406 3368 2461 civitate
3392 2404 3497 2460 duo

1915 2502 2152 2574 episcOpi
2182 2515 2321 2559 esse.

2136 2598 2150 2635 ι
2190 2598 2269 2652 De
2290 2597 2593 2653 ordinandis
2622 2597 2873 2669 episcopis
2896 2604 2941 2650 et
2962 2594 3284 2665 presbyteris.

1987 2690 2082 2746 IX.
2113 2689 2170 2746 Si
2202 2690 2293 2761 qui
2326 2689 2680 2746 inexaminati
2719 2689 2954 2759 promoti
3000 2695 3124 2741 sunt
3153 2684 3389 2754 episcopi
3416 2681 3500 2739 vel

1915 2785 2242 2857 presbyteri,
2270 2794 2325 2839 et
2347 2795 2530 2854 postea
2554 2782 2863 2853 interrogati
2892 2780 3126 2838 confessi
3159 2788 3282 2832 sunt
3308 2776 3501 2832 delicta

1916 2890 2033 2942 sua,
2059 2877 2141 2930 vel
2170 2875 2240 2930 ab
2269 2875 2387 2930 aliis
2415 2874 2706 2937 convincti,
2740 2884 2793 2929 et
2826 2881 3085 2942 praeterea
3123 2867 3502 2925 conﬁtentibus

1917 2968 2050 3025 citra
2101 2966 2343 3022 ordinem
2390 2974 2444 3021 et
2490 2964 2827 3036 disciplinam
2860 2967 2989 3018 moti
3032 2962 3277 3017 homines
3314 2973 3501 3015 manus

1918 3060 1996 3115 eis
2018 3066 2220 3114 temere
2268 3059 2679 3127 imposuerunt;
2716 3057 2848 3113 tales
2878 3056 3018 3112 enim
3048 3068 3219 3109 canon
3253 3067 3357 3107 non
3404 3066 3499 3107 su-

1919 3150 2076 3221 scipit
2109 3166 2122 3204 :
2151 3148 2292 3221 quod
2322 3159 2503 3205 autem
2536 3147 3019 3220 inreprehensibile
3048 3154 3129 3202 est
3152 3143 3389 3203 defendit
3409 3156 3500 3198 ca-

217 3247 589 3321 plurimorum
618 3255 642 3282 ε
674 3245 798 3314 quia
837 3244 1170 3302 consuetudo
1202 3244 1459 3313 obtinuit,
1508 3252 1562 3300 et
1601 3243 1820 3300 traditio
1847 3246 1893 3310 C
1925 3245 2123 3300 tholica
2153 3251 2208 3299 et
2227 3244 2517 3314 apostolica
2548 3242 2814 3299 Ecclesia.

217 3340 448 3411 antiqua
476 3338 614 3409 apud
646 3337 1036 3409 HierosOlyma.

482 3430 559 3484 De
595 3429 790 3484 honore
825 3428 1284 3499 Hierosolymitani
1323 3429 1571 3499 episcopi.

294 3522 414 3580 VII.
450 3520 713 3591 Quoniam
736 3519 1069 3577 consuetudo
1110 3520 1367 3587 obtinuit,
1403 3529 1461 3575 et
1485 3518 1700 3574 traditio
1725 3533 1821 3574 an-

218 3616 396 3687 tiqua,
427 3622 487 3669 ut
515 3614 607 3685 qui
647 3614 699 3667 in
728 3614 876 3669 Helia
922 3622 1006 3670 est
1034 3614 1338 3684 episcopus,
1374 3612 1425 3668 id
1456 3624 1538 3669 est
1566 3612 1821 3669 Hieroso-

219 3707 408 3780 lymis,
462 3707 778 3775 honoretur,
835 3714 891 3761 et
933 3705 1124 3781 habeat
1167 3703 1514 3762 fsecundum
1572 3704 1813 3761 ordinem

219 3816 385 3856 suum
406 3800 690 3865 honorem,
721 3800 1119 3870 metropolitani
1148 3809 1400 3856 manente
1425 3799 1705 3871 dignitate.

506 3892 583 3948 De
608 3892 687 3947 Itis
713 3894 800 3964 qui
830 3895 1158 3948 nominantur
1184 3903 1210 3940 Β
1241 3893 1538 3948 Catharocs.

293 3986 440 4043 Vlll.
470 3987 545 4042 De
570 3986 651 4042 his
683 3987 769 4057 qui
795 3987 972 4057 sepios
996 3984 1153 4061 [Lege
1189 3983 1417 4058 seipsos]
1443 3984 1729 4055 Catbaros,
1764 3984 1817 4041 id

295 4158 324 4185 α
362 4148 421 4202 In
442 4146 631 4202 eodem
655 4160 780 4212 ms.,
808 4153 861 4199 ut
886 4145 1169 4214 singulis...
1202 4145 1378 4213 fierent
1408 4158 1428 4199 :
1457 4144 1572 4215 lege
1598 4145 1748 4212 ﬁant.

296 4219 325 4258 δ
362 4219 521 4274 IIunc
546 4232 807 4287 canonem
831 4232 898 4271 ex
933 4215 1133 4287 duplici
1162 4215 1415 4287 versione
1428 4218 1618 4270 recitat
1647 4216 1821 4273 cardi-

224 4292 372 4349 nalis
418 4287 710 4343 Deusdedit
756 4286 919 4359 libat,
964 4286 1033 4359 n.
1071 4287 1122 4350 l,
1162 4302 1276 4341 suae
1319 4286 1669 4352 collectionis,
1701 4303 1821 4359 quae

226 4363 545 4419 continetur
591 4359 643 4413 in
689 4373 790 4413 me.
830 4357 947 4414 Vat.
980 4358 1142 4426 5855,
1191 4359 1423 4427 primum
1471 4372 1536 4413 ex
1570 4357 1816 4415 versione

228 4436 449 4496 Prisca,
490 4431 612 4485 dein
642 4446 704 4483 ex
739 4429 826 4483 illa
866 4429 1102 4498 Dionysii
1150 4429 1362 4491 Exigui.
1414 4429 1651 4484 Priscam
1691 4445 1820 4499 ergo

228 4505 541 4561 versionem
574 4502 625 4555 in
658 4501 911 4555 Romanae
942 4499 1199 4554 Ecclesiae.
1226 4499 1566 4555 bibliothecis
1590 4501 1812 4556 invenit.

230 4718 470 4773 Censura
500 4715 751 4784 Anonymi
776 4714 839 4766 de
864 4712 1152 4783 regionibus
1180 4724 1228 4784 et
1259 4712 1500 4767 Ecclesiis
1523 4714 1823 4768 suburbica-

232 4792 328 4843 m’s
373 4792 516 4841 hunc
562 4783 820 4841 canonem
860 4799 926 4840 ex
956 4789 1142 4838 nostro
1176 4783 1431 4838 Vaticano
1470 4798 1572 4839 ms.
1620 4786 1825 4840 descri-

233 4862 393 4923 hens,
442 4858 604 4912 habet
656 4865 713 4911 ut
750 4856 803 4911 in
851 4864 1046 4926 textu;
1086 4864 1139 4910 et
1184 4855 1355 4909 solum
1404 4857 1677 4926 primatum
1726 4872 1824 4926 pro

236 4930 586 5000 principatum
631 4928 902 4997 reposuit;
958 4924 1053 5000 sed
1097 4939 1194 5000 nos
1237 4924 1600 5000 principatum,
1652 4924 1741 5000 uti
1769 4937 1826 5000 et

242 4997 558 5065 Deusdedit,
607 5000 834 5069 legimus
878 5007 989 5053 tum
1026 4997 1078 5051 in
1110 4997 1229 5053 Vat.
1263 4998 1401 5052 I342
1429 5008 1538 5053 tum
1568 5001 1618 5052 in
1662 4998 1821 5054 Barb.

238 5072 389 5128 2888
418 5070 658 5141 ejusdem
688 5069 1039 5124 collectionis.

317 5155 339 5182 ε
374 5140 538 5210 ,ιυειη
568 5158 683 5196 sua.
720 5141 1055 5196 Praetulimus
1085 5156 1232 5194 suam
1271 5140 1587 5195 auctoritate
1614 5150 1827 5197 nostro-

241 5229 362 5269 rum
413 5214 657 5282 codicum
690 5212 809 5267 Vat.
842 5222 896 5266 et
934 5212 1120 5283 Barb.,
1164 5226 1263 5266 nec
1313 5226 1417 5266 non
1463 5212 1684 5283 alterius
1722 5228 1829 5283 quo

242 5284 538 5355 Deusdedit
583 5297 712 5339 usus
759 5292 860 5338 est.
898 5282 1027 5338 Dein
1066 5298 1167 5352 pro
1214 5293 1474 5338 serventur
1505 5282 1626 5337 cod.
1667 5284 1824 5339 Barb.

237 5354 408 5425 2888,
438 5354 773 5410 reserventur.

315 5426 341 5463 ά
363 5428 501 5482 Just.
523 5427 712 5482 inserit
730 5442 845 5481 eum
868 5442 886 5481 :
907 5425 1203 5481 delevimus
1222 5440 1343 5481 cum
1366 5432 1551 5480 nostro
1573 5439 1675 5480 ms.
1704 5425 1823 5481 Vat.

320 5508 343 5535 ο
377 5499 664 5567 Sequentia
694 5497 820 5552 licet
859 5512 979 5551 cum
1009 5498 1109 5550 hoc
1156 5511 1360 5551 canone
1388 5497 1681 5567 iungantur
1717 5512 1823 5552 non

245 5570 420 5624 solum
455 5570 510 5623 in
538 5584 639 5623 ms.
669 5567 832 5634 Just.,
876 5583 1061 5623 verum
1104 5568 1266 5622 etiam
1310 5568 1361 5622 in
1394 5569 1592 5622 nostris
1625 5567 1742 5622 Vat.
1769 5578 1827 5623 et

144 5706 147 5707 ν
251 5640 438 5706 Βειιπὺ..
470 5657 575 5695 non
606 5642 875 5710 pertinent
904 5639 968 5692 ad
998 5639 1156 5693 istum
1189 5653 1472 5703 canonem,
1505 5639 1695 5710 sedad
1722 5638 1827 5693 ini-

248 5713 379 5767 tium
408 5709 707 5782 seqnentis,‘
731 5710 820 5765 ubi
850 5724 981 5765 sane
1011 5711 1200 5765 iterum
1240 5719 1573 5780 repetuntur.
1606 5709 1741 5765 Hinc
1761 5712 1825 5782 in

249 5796 351 5855 nis.
390 5780 548 5838 Barh.
572 5783 689 5836 voci
708 5782 827 5848 quia
848 5782 1056 5854 signum
1087 5784 1372 5853 apponitur
1387 5796 1495 5855 quo
1523 5782 1636 5837 haec
1660 5780 1825 5840 verba

245 5851 470 5925 delenda
499 5855 885 5927 signiﬁcantur.

2137 3337 2216 3392 De
2246 3338 2325 3391 Itis
2353 3338 2440 3407 qui
2485 3346 2794 3409 negaverunt
2834 3336 2887 3390 in
2920 3333 3284 3405 persecutione.

1997 3433 2077 3489 Χ..
2100 3433 2411 3504 Quicunque
2423 3432 2655 3487 ordinati
2684 3439 2806 3485 sunt
2839 3445 2932 3500 per
2953 3428 3307 3501 ignorantiam
3330 3425 3399 3481 de
3420 3425 3503 3482 his

1920 3526 2010 3597 qui
2038 3526 2173 3597 lapsi
2205 3535 2352 3591 sunt,
2396 3532 2491 3579 aut
2530 3522 2988 3580 dissimulantibus
3018 3522 3095 3577 eis
3119 3522 3209 3592 qui
3239 3534 3333 3576 eos
3362 3518 3505 3575 ordia

1922 3628 2206 3687 naverunt,
2248 3618 2349 3673 hoc
2390 3633 2494 3673 non
2540 3616 2852 3688 praeiudicat
2885 3616 3078 3672 canoni
3108 3614 3503 3682 ecclesiastico;

1921 3710 2121 3783 cogniti
2151 3711 2293 3767 enim
2315 3719 2353 3748 ω
2375 3709 2719 3780 dejiciuntur.

1925 3826 2087 3898 500
2112 3823 2200 3897 :De
2252 3825 2331 3880 his
2379 3824 2465 3895 qui
2510 3824 2828 3896 prceuaricati
2883 3831 3004 3879 sunt
3057 3830 3244 3894 praeter
3290 3820 3507 3877 necessi.

2597 3904 2749 3949 tatem
2780 3903 2828 3949 n.

1998 3986 2090 4045 XI.
2122 3988 2187 4045 Ili
2221 3987 2312 4059 qui
2341 3986 2674 4059 praevaricati
2700 3996 2825 4043 sunt
2856 3995 3049 4057 praeter
3080 3986 3401 4043 ablationem
3431 3985 3509 4042 fac

2000 4143 2020 4183 ε
2044 4144 2206 4207 Just.,
2246 4147 2522 4202 secundum
2567 4161 2717 4201 suum
2756 4146 2987 4200 ordinem
3018 4145 3282 4201 honorem.
3319 4143 3508 4203 Melius

1925 4225 2109 4272 noster
2136 4217 2310 4272 codex
2342 4218 2460 4273 Vat.

1923 4297 2021 4413 ΜΒ
2050 4287 2123 4343 lta
2167 4296 2349 4344 noster
2389 4289 2509 4344 cod.
2548 4303 2614 4345 ex
2652 4288 2840 4344 Graeco
2877 4289 3166 4365 Καθαροὺς.
3198 4287 3364 4354 Just.,
3397 4286 3500 4342 Ca-

1981 4374 2106 4412 arm.

1981 4374 2106 4412 arm.

1994 4428 2021 4466 ³³
2046 4430 2212 4496 Just.,
2232 4430 2329 4485 hoc
2353 4430 2721 4484 observandum
2739 4430 2827 4493 sit,
2856 4437 2912 4482 ut
2936 4429 3275 4499 proﬁteantur
3299 4446 3352 4485 se
3370 4428 3509 4499 quod

1921 4502 2162 4573 sentiant,
2191 4514 2235 4555 et
2258 4510 2541 4573 sequantur
2574 4500 2825 4553 catholica
2854 4502 3213 4573 etuapostolica
3243 4503 3506 4573 dogmata.

120 4573 137 4622 ἒ
228 4560 320 4633 Sic
347 4585 528 4629 autem
570 4573 656 4625 ille
683 4571 859 4640 priora
884 4570 1044 4625 verba
1068 4571 1194 4639 legit
1226 4588 1238 4623 :
1263 4571 1483 4639 Antiqua
1506 4573 1817 4627 consuetudo
1843 4560 1897 4623 D
1922 4570 2100 4626 Nostri
2130 4560 2231 4626 ms.
2256 4560 2378 4627 γεεί.
2412 4571 2698 4626 lectionem
2729 4560 3076 4639 praetttlimus.

120 4660 133 4677 ί
230 4647 456 4703 obtinuit
487 4653 540 4697 ut
566 4643 704 4697 urbis
736 4642 913 4696 Romi:
948 4643 1235 4710 episcopus,
1263 4649 1367 4695 etc.
1395 4642 1735 4707 Sirmondus,
1768 4645 1822 4698 in

2009 4642 2024 4681 ί
2054 4643 2370 4697 Particulam
2393 4658 2509 4696 vero
2530 4657 2594 4697 ex
2620 4651 2806 4697 nostro
2833 4641 2951 4695 cod.
2984 4641 3328 4698 inscruimus.

2006 4713 2216 4780 iJust.,
2279 4713 2565 4781 Quodquod
2613 4721 2779 4785 autem
2834 4713 3096 4785 catholicae
3144 4715 3373 4785 episwpi
3419 4721 3511 4769 aut

1931 4785 2205 4855 presbyteri
2243 4785 2565 4855 accesserint.
2606 4784 2973 4840 Cohaerentior
3022 4784 3360 4841 Nicmnorum
3404 4786 3512 4840 Pa—

1934 4854 2089 4909 trum’
2120 4854 2401 4911 sententiae
2446 4855 2557 4909 visa
2611 4864 2694 4911 est
2747 4856 2905 4910 lectio
2957 4857 3126 4911 nostri
3155 4855 3376 4911 codicis.
3421 4856 3512 4911 Sic

1932 4927 2076 4981 enim
2128 4927 2322 4981 clarius
2364 4925 2906 5050 Isid..inter£retatio
2937 4944 2949 4979 :
2986 4926 3046 4982 Si
3090 4943 3202 4981 vero
3246 4927 3513 5008 episcopus

1933 4997 2012 5050 vel
2041 4998 2298 5050 nresbuter
2322 4997 2564 5050 Ecclesta:
2597 5009 2673 5050 cat
2716 4997 2859 5050 olica:
2894 4999 3070 5050 fuerit.
3100 5000 3169 5050 ad
3184 5012 3327 5050 quem
3351 4998 3512 5050 altaui

1933 4997 2012 5051 vel
2034 4998 2298 5070 presbyter
2322 4997 2564 5052 Ecclesiw
2597 4997 2859 5053 catholica:
2893 4999 3070 5070 fuerit,
3100 5000 3169 5052 ad
3184 5012 3327 5067 quem
3351 4997 3512 5063 aliqui

1935 5084 1997 5122 ea:
2023 5068 2103 5123 his
2132 5070 2397 5123 accedunt.

2006 5138 2031 5177 ¹ί
2063 5140 2191 5194 Cod.
2224 5139 2347 5196 Vat.
2375 5140 2577 5195 omittit
2603 5156 2725 5194 una.

2017 5210 2031 5248 ι
2066 5210 2210 5265 Idem
2235 5213 2383 5277 cod.,
2402 5211 2480 5265 De
2508 5211 2823 5266 ordinatione
2845 5210 3276 5281 presbyterorum.
3300 5208 3367 5281 Et
3390 5208 3513 5266 dein

1939 5282 2099 5338 habet
2144 5284 2363 5349 promoti
2404 5293 2522 5337 sunt
2569 5279 2853 5353 presbyteri.
2888 5283 2965 5353 uel
2997 5279 3245 5351 episcopi.
3272 5279 3514 5353 iGrapcuI

1943 5362 2139 5422 textus,
2171 5354 2308 5407 sicut
2331 5363 2385 5408 et
2409 5355 2528 5408 alia:
2551 5351 2853 5415 versiones.
2876 5352 2943 5407 de
2968 5354 3234 5421 episcopis
3270 5352 3370 5406 hoc
3396 5351 3513 5407 loco

1941 5426 2135 5490 silent;
2165 5425 2309 5480 unde
2349 5439 2510 5480 voces
2534 5424 2612 5477 uel
2637 5424 2863 5492 episcopi
2903 5423 3163 5479 addititixe
3201 5432 3514 5478 noscuntur.

1932 5497 2056 5552 Mox
2083 5496 2222 5550 idem
2253 5495 2373 5549 cod.
2405 5496 2549 5550 delet
2578 5502 2775 5563 postea.

2006 5577 2044 5603 ιη
2071 5569 2124 5621 In
2156 5579 2339 5621 nostro
2366 5567 2510 5629 cod.,
2540 5564 2864 5636 deponantur
2903 5575 2950 5619 et
2976 5566 3300 5636 abjiciantur.

2005 5647 2031 5673 η
2059 5637 2197 5692 Just.
2228 5652 2329 5690 ms.
2370 5636 2517 5690 addit
2556 5635 2608 5689 in
2652 5636 2825 5701 titulo,
2864 5646 2953 5689 aut
2996 5635 3176 5703 prater
3204 5636 3515 5692 ablutionem

1936 5709 2266 5778 facultatum,
2291 5717 2381 5778 aut
2408 5706 2653 5778 pericula,
2688 5718 2776 5760 aut
2799 5709 2901 5760 tale
2922 5709 3134 5776 aliquid,
3164 5710 3299 5775 quod
3322 5707 3515 5777 factum

1935 5775 2007 5850 est
2030 5779 2122 5850 sub
2144 5775 2415 5848 tyrannide
2444 5775 2772 5850 Diocletiani.
2806 5775 3514 5850 Incipitautem'canmetn:

1938 5848 2142 5903 Placuit
2162 5856 2334 5904 sancto
2354 5848 2573 5903 concilio
2602 5848 2740 5920 huic,
2776 5850 2891 5906 licet
2917 5848 2964 5907 et
3012 5853 3208 5925 indigni
3234 5853 3332 5907 sint
3363 5851 3516 5911 mites
