3996 6344
270 378 359 437 777
1274 384 1515 445 PRISCA
1554 384 1879 448 CANONUM
1920 389 2147 453 EDITIO
2185 399 2460 457 uATlNA.

3412 412 3516 478 ’ΠΒ

265 496 411 569 pulis,
447 502 503 549 ut
536 494 856 588 conveniant
890 509 958 553 ex
988 498 1158 555 vicina
1187 504 1461 571 provincia
1484 505 1749 577 episcopi,
1770 514 1827 565 et
1850 511 1909 576 Α
1930 518 1983 566 et
2010 511 2222 581 injustas
2244 513 2554 587 frequenter
2575 516 2866 588 petitiones
2889 519 3128 580 fecerunt
3150 538 3251 581 nos
3271 541 3377 582 non
3400 538 3517 587 tan-

264 588 495 646 ordinent
521 587 600 642 eis
623 588 956 659 episcopum.

294 683 367 741 De
412 701 511 739 non
551 685 797 755 faciendis
846 687 1110 815 episcopi;
1139 705 1231 758 per
1280 692 1415 747 vicos
1466 700 1515 747 et
1561 694 1789 751 modicas

911 770 1061 813 civtta
1112 777 1159 815 s.

911 770 1159 815 οιυιιαιεσ.

323 847 405 905 Vl.
442 857 469 887 ι
502 848 739 905 Licentia
778 862 910 906 vero
950 850 1123 908 danda
1153 868 1262 910 non
1289 862 1374 911 est
1398 856 1681 915 ordinandi
1711 860 1825 931 epi-

259 955 485 1012 scopum,
516 941 561 997 si
591 948 683 996 aut
711 943 860 997 vicus
890 943 1103 1013 aliquis,
1133 955 1227 1001 aut
1256 947 1465 1003 modica
1496 950 1705 1015 civitas,
1737 951 1822 1007 cui

260 1037 378 1090 satis
407 1035 559 1090 fuerit
583 1049 721 1089 unus
754 1036 1059 1107 presbyter,
1082 1039 1312 1095 voluerit
1336 1039 1364 1079 δ
1398 1054 1579 1111 petere
1606 1044 1821 1114 episco-

258 1143 371 1199 pum
395 1126 496 1183 sibi
524 1126 775 1192 ordinari,
816 1128 883 1182 ad
928 1129 1030 1185 hoc
1065 1140 1124 1185 ut
1158 1132 1381 1188 vilescat
1421 1146 1442 1172 ε
1473 1150 1667 1191 nomen
1702 1137 1819 1206 epi-

254 1228 522 1288 scopatus;
572 1218 719 1273 nullo
768 1220 929 1275 modo
978 1222 1312 1291 permittitur
1357 1224 1438 1281 eis
1476 1226 1565 1297 qui
1606 1242 1671 1282 ex
1712 1227 1816 1283 alia

253 1313 511 1382 provincia
531 1310 731 1367 fuerint
764 1314 992 1379 Invitati,
1028 1314 1206 1371 facere
1231 1317 1563 1387 episcOpum,
1597 1319 1699 1373 nisi
1726 1329 1819 1375 aut

248 1406 296 1461 in
326 1406 403 1461 bis
440 1404 743 1463 civitatibus
773 1422 892 1477 qua:
924 1421 1139 1478 semper
1164 1410 1447 1480 episcopos
1487 1410 1812 1481 habuerunt,

245 1507 327 1552 aut
362 1497 403 1553 si
429 1512 529 1568 qua
559 1498 682 1553 talis
713 1514 833 1569 quas
861 1507 967 1554 tam
999 1499 1155 1572 [Lege
1198 1510 1253 1556 et
1280 1499 1418 1573 tam]
1448 1504 1705 1573 populosa
1731 1514 1816 1560 est

243 1590 433 1660 civitas,
461 1600 517 1644 ut
546 1600 821 1646 mereatur
851 1591 1051 1648 habere
1073 1594 1405 1665 episcopum.
1429 1592 1454 1631 ἀ
1484 1596 1540 1652 Si
1572 1596 1674 1652 hoc
1699 1612 1815 1654 om-

242 1681 381 1737 nibus
402 1682 595 1750 placet.
626 1682 877 1754 Synodus
903 1686 1180 1754 respondit
1212 1703 1226 1741 :
1263 1686 1467 1741 Placet.

242 1773 311 1829 De
329 1776 647 1853 retractanda
669 1775 869 1853 sgnodo
899 1778 1201 1853 provinciali
1231 1794 1327 1853 per
1344 1780 1560 1834 vicarius
1586 1796 1809 1853 episcOpt

512 1848 656 1900 urbis
682 1848 885 1914 Romw,
920 1849 964 1902 si
991 1850 1147 1919 fuerit
1173 1850 1512 1918 appellatum.

304 1937 400 1994 VII.
434 1938 595 1994 Osius
629 1939 911 2009 episcOpus
937 1940 1109 1995 dixit:
1148 1950 1171 1979 ο
1205 1942 1414 1997 Placuit
1442 1952 1641 2009 autem,
1676 1945 1808 2001 utsi

236 2030 500 2101 episcopus
522 2042 813 2087 accusatus
836 2033 1016 2103 fuerit,
1041 2043 1094 2089 et
1108 2034 1469 2105 judicaverint
1494 2039 1805 2109 congregati

234 2125 451 2198 episcOpi
489 2127 725 2197 regionis
772 2126 960 2198 ipsius,
995 2137 1051 2182 et
1087 2128 1155 2184 de
1184 2129 1354 2199 gradu
1382 2143 1481 2185 suo
1508 2129 1807 2200 dejecerint

234 2234 362 2284 eum,
387 2219 433 2274 si
458 2219 766 2291 appellasse
792 2220 1037 2276 videatur
1066 2221 1157 2291 qui
1187 2222 1428 2292 dejectus
1456 2231 1562 2289 est,
1586 2233 1641 2280 et
1669 2238 1803 2281 con-

234 2312 404 2384 fugerit
420 2313 485 2369 ad
508 2313 884 2370 beatissimum
908 2314 1070 2371 Urbis
1095 2313 1115 2353 ί
1140 2315 1477 2386 episcopum,
1501 2328 1555 2372 et
1577 2318 1806 2375 voluerit

233 2418 286 2460 se
305 2404 495 2471 audiri;
525 2406 575 2461 si
608 2406 811 2477 justum
843 2405 1113 2476 putaverit
1143 2415 1201 2461 ut
1226 2417 1519 2463 renovetur
1543 2423 1797 2477 examen,

231 2498 443 2555 scribere
486 2500 572 2554 bis
618 2499 889 2570 episcopis
930 2510 956 2547 ε
986 2500 1238 2570 dignetur
1264 2501 1354 2571 qui
1395 2501 1447 2557 in
1493 2502 1716 2560 finitima
1746 2515 1803 2561 et

231 2592 503 2663 propinqua
548 2591 832 2663 provincia
878 2601 1023 2662 sunt,
1076 2602 1133 2647 ut
1178 2592 1279 2664 ipsi
1310 2593 1596 2665 diligenter
1620 2600 1800 2651 omnia

230 2684 507 2754 exquirant,
537 2694 601 2741 et
627 2685 786 2755 juxta
818 2684 978 2741 fidem
1020 2685 1264 2742 veritatis
1309 2689 1473 2761 518
1518 2688 1795 2746 deliniant.

228 2778 363 2847 Quod
386 2780 430 2834 si
460 2780 503 2835 is
532 2780 631 2851 qui
662 2790 814 2851 rogat
840 2781 1033 2837 iterum
1065 2794 1282 2837 causam
1314 2796 1466 2837 suam
1496 2782 1670 2843 audiri
1698 2784 1797 2839 de-

228 2872 508 2941 precatione
522 2888 628 2930 sua
648 2875 878 2930 moverit
894 2876 1204 2945 episcopum
1233 2874 1490 2931 Romana:
1517 2876 1797 2945 Ecclesiae,

226 2970 277 3017 ut
298 2978 357 3020 ex
377 2964 538 3022 latere
580 2980 682 3021 suo
724 2966 1099 3038 presbyterum
1126 2966 1322 3032 mittat,
1357 2967 1461 3023 erit
1487 2968 1542 3023 in
1563 2968 1679 3039 ejus
1702 2984 1799 3041 po-

227 3060 399 3113 testate
432 3055 460 3093 ¹ι
486 3058 732 3129 episcOpi
763 3058 891 3129 quid
934 3060 1070 3116 velit
1106 3070 1161 3117 et
1189 3060 1317 3131 quid
1347 3061 1607 3129 aestimet;
1657 3072 1713 3119 et
1750 3064 1797 3120 si

225 3147 497 3207 decreverit
528 3151 831 3207 mittendos
860 3167 981 3210 esse
1008 3154 1098 3224 qui
1123 3165 1417 3224 praesentes
1440 3170 1563 3212 cum
1586 3158 1794 3226 episco-

225 3241 291 3311 pis
306 3241 537 3311 judicent
562 3242 584 3281 ί
621 3243 879 3300 habentes
902 3243 1018 3314 ejus
1048 3246 1420 3302 auctoritatem
1442 3262 1471 3302 a
1502 3263 1608 3318 quo
1637 3248 1795 3303 desti-

224 3334 319 3389 nati
341 3346 481 3403 sunt,
506 3336 619 3393 erit
651 3336 703 3392 in
728 3352 827 3392 suo
851 3337 1096 3393 arbitrio.
1127 3338 1184 3394 Si
1211 3353 1340 3395 vero
1362 3340 1654 3396 crediderit
1680 3340 1792 3395 suf-

223 3424 366 3483 ficere
406 3429 699 3500 episcopos
744 3429 1102 3500 provinciales
1146 3439 1203 3485 ut
1244 3432 1461 3501 negotio
1503 3432 1792 3488 terminum

222 3516 503 3607 imponant,
569 3520 743 3578 faciet
791 3522 932 3592 quod
978 3522 1377 3593 sapientissimo
1422 3524 1650 3581 consilio
1695 3539 1793 3607 suo

221 3606 527 3679 iudicaverit.

222 3700 416 3769 Quando
457 3706 717 3777 episcopi,
752 3707 830 3761 vel
840 3707 917 3789 .in
929 3706 1144 3831 (quibus:
1172 3707 1337 3762 causis
1374 3708 1441 3762 ad
1482 3704 1790 3762 Comitalum

832 3794 909 3831 tre
966 3795 992 3831 e
1028 3794 1121 3831 ean
1152 3817 1164 3830 .

832 3794 909 3831 tre
929 3794 1164 3832 αευεαηι.

276 3867 403 3925 VIII.
435 3870 604 3929 Osius
633 3871 918 3943 episcopus
943 3872 1077 3928 dixit
1107 3888 1123 3926 :
1160 3870 1174 3922 i
1214 3872 1596 3944 Importunitas
1623 3874 1787 3929 nimia

279 4033 301 4062 ⁸
338 4025 466 4082 Cod.
511 4028 643 4084 Vat.
688 4028 843 4098 Reg.,
885 4027 992 4083 Sed
1027 4029 1230 4084 licentia
1259 4030 1435 4084 danda
1463 4031 1656 4098 passim
1685 4046 1787 4085 non

216 4108 305 4171 e_st.
334 4098 391 4171 Si
426 4101 559 4153 enim
608 4099 772 4153 subito
798 4106 885 4153 ant
910 4102 1048 4154 vicus
1079 4101 1286 4171 aliquis,
1319 4111 1424 4155 etc.
1458 4100 1655 4155 Veron.
1688 4102 1780 4167 ls.,

216 4167 308 4293 Sos:
331 4170 748 4295 itérumﬂlicentia
778 4172 952 4225 danda
994 4167 1185 4243 passim
1224 4188 1324 4226 non
1351 4180 1447 4239 est,
1479 4181 1609 4242 clc.,
1640 4178 1700 4227 ut
1729 4172 1783 4227 in

216 4253 238 4292 ιδ
306 4282 317 4294 .
394 4251 466 4295 ιιι.
540 4257 631 4295 ΘΕ.

214 4251 317 4294 eoa.
356 4251 466 4297 Val.
492 4251 631 4297 Rea.

275 4258 317 4294 ιι.
358 4258 466 4297 vat.
492 4258 631 4311 Reg.

275 4309 298 4347 δ
338 4310 530 4369 Veron.
560 4312 711 4368 delet
740 4320 929 4380 petere,
958 4312 1170 4368 melius.

253 4391 297 4420 -⁶
336 4381 445 4456 Dpo
470 4399 607 4439 mss.
634 4383 755 4456 Vat.
788 4383 918 4451 Reg.
942 4393 996 4437 et
1030 4384 1254 4456 Ve_ron.,
1282 4400 1465 4439 nomen
1491 4385 1714 4456 episc0pi
1733 4394 1780 4440 et

212 4454 471 4508 auctoritas
498 4472 603 4508 non
643 4454 823 4508 debent
858 4456 935 4509 illi
962 4471 1025 4509 ea:
1050 4454 1153 4508 alia
1181 4457 1441 4526 provincia
1467 4454 1669 4510 invitati
1692 4458 1778 4525 fa-

210 4538 308 4596 cere
330 4528 645 4595 episcopum,
670 4527 765 4579 nisi
787 4534 875 4578 aut
896 4528 947 4579 in
970 4526 1049 4579 Itis
1077 4527 1364 4596 civitatibus
1384 4544 1497 4592 quas
1516 4528 1778 4596 episcOpos

210 4593 480 4665 habuerint,
499 4593 599 4650 aut
623 4599 669 4650 si
693 4613 796 4666 qua
827 4598 941 4669 talis
964 4608 1054 4669 aut
1083 4594 1302 4668 [Veron.
1330 4598 1488 4669 ﬁdelet
1529 4598 1647 4650 talis
1667 4593 1777 4669 aut]

212 4673 307 4739 tam
332 4670 580 4737 populosa
603 4678 675 4721 est
696 4668 870 4721 civitas
893 4666 1062 4739 [addit
1086 4666 1227 4723 idem
1245 4668 1364 4722 cod.
1387 4668 1510 4723 Ver.
1534 4670 1613 4723 vel
1639 4666 1778 4722 locus

212 4734 309 4808 qui]
332 4734 443 4804 quin
471 4746 749 4804 mereatur,
780 4734 911 4793 etc.—

271 4807 296 4844 (³
337 4808 531 4883 Veron.
566 4811 634 4883 Is.
667 4811 814 4883 delet
841 4808 903 4864 Si
927 4809 1021 4861 hoc
1052 4810 1283 4883 omnibus
1312 4811 1498 4883 placet.

1936 613 2046 660 tum
2078 606 2277 665 habere
2301 612 2555 683 gratiam,
2586 628 2686 669 nec
2711 614 2980 683 fiduciam,
3016 618 3141 674 dum
3164 621 3380 691 quidam
3408 640 3519 681 non

1932 710 2147 755 cessant
2182 701 2249 756 ad
2287 704 2597 761 comitatum
2636 706 2716 763 ire
2744 708 2981 780 episcopi
3020 721 3075 765 et
3113 714 3345 769 maxime
3375 714 3515 783 Afri,

1929 795 2043 861 qui,
2088 793 2225 849 sicut
2258 797 2626 865 cognovimus,
2672 802 2996 857 sanctissimi
3040 802 3220 859 fratris
3254 814 3311 861 et
3334 808 3518 875 coepi-

1926 885 2077 955 scopi
2116 889 2289 944 nostri
2335 889 2482 945 Grati
2516 892 2770 949 salutaria
2813 896 3036 951 consilia
3067 909 3331 967 spernunt
3354 909 3516 969 atque

1926 987 2313 1045 contemnunt;
2347 990 2401 1037 et
2433 998 2538 1037 non
2577 986 2749 1041 solum
2794 988 2859 1041 ad
2890 990 3201 1044 comitatum
3235 991 3431 1046 multas
3458 1002 3513 1046 et

1924 1070 2165 1127 diversas
2192 1073 2447 1131 Ecclesiae
2472 1074 2500 1112 ιι
2532 1076 2837 1147 profuturas
2866 1095 2971 1134 non
3002 1081 3275 1149 perferant
3294 1097 3507 1149 causas,

1923 1177 2041 1229 nec,
2093 1174 2149 1219 ut
2201 1164 2315 1221 fieri
2359 1168 2498 1223 solet
2526 1178 2615 1222 aut
2656 1182 2889 1239 Oportet,
2940 1184 2998 1227 ut
3026 1173 3371 1244 pauperibus,
3419 1185 3512 1229 aut

1900 1254 2119 1321 ,viduis,
2146 1265 2238 1312 aut
2273 1258 2493 1329 pupillis
2531 1260 2900 1331 subveniatur,
2943 1262 2960 1301 ι
2992 1265 3088 1320 sed
3125 1276 3179 1319 et
3220 1266 3509 1337 dignitates

1921 1348 2211 1405 saculares
2251 1359 2306 1405 et
2341 1351 2834 1409 administrationes
2870 1356 3182 1419 quibusdam
3213 1361 3501 1428 postulant.

1918 1438 2047 1495 [late
2074 1442 2251 1512 itaque
2282 1442 2517 1513 pravitas
2540 1443 2667 1499 olim
2694 1460 2799 1499 non
2825 1447 2999 1502 solum
3029 1453 3504 1515 tnurmurationes,

1916 1532 2011 1587 sed
2036 1541 2091 1588 et
2110 1534 2362 1590 scandala
2384 1538 2607 1593 excitat.
2634 1537 2928 1593 Honestum
2952 1549 3033 1595 est
3052 1551 3229 1596 autem
3252 1552 3311 1597 ut
3330 1554 3368 1580 ω
3386 1545 3505 1613 epi-

1915 1639 2115 1695 scopus
2156 1628 2599 1685 intercessionem
2639 1645 2789 1686 suam
2832 1631 2913 1687 his
2955 1640 3173 1703 praestet
3208 1634 3299 1705 qui
3328 1636 3504 1705 aliqua

1915 1717 2097 1789 iniqua
2120 1719 2175 1775 vi
2204 1722 2596 1792 opprimuntur,
2647 1732 2740 1779 aut
2785 1726 2831 1779 si
2877 1726 3037 1781 vidua
3082 1727 3371 1798 alﬂigatnr,
3413 1741 3506 1785 aut

1914 1812 2146 1883 pupillus
2181 1816 2544 1885 exspolietur,
2570 1824 2597 1852 ιι
2635 1826 2815 1905 tamen
2860 1819 2961 1875 ista
3000 1822 3177 1875 omnia
3220 1823 3262 1875 si
3300 1824 3505 1891 justam

1837 1897 1887 1959 Β
1915 1905 2145 1963 habeant
2168 1923 2387 1965 causam
2414 1919 2504 1964 aut
2523 1897 2927 1981 petitionem.Si
2952 1914 3105 1968 vobis
3129 1930 3278 1985 ergo,
3308 1915 3505 1972 fratres

1912 1997 2238 2067 charissimi,
2262 2000 2457 2071 placet,
2481 2000 2755 2069 decernite
2784 2013 2807 2039 ο
2842 2013 2899 2058 ut
2928 2006 3104 2062 nullus
3126 2009 3410 2080 episc0pus
3436 2011 3503 2067 ad

1909 2091 2223 2148 comitatum
2262 2094 2509 2163 accedat,
2556 2095 2662 2151 nisi
2706 2095 2843 2153 forte
2890 2096 2945 2151 hi
2980 2098 3071 2169 qui
3115 2099 3501 2169 religiosissimi

1909 2194 1938 2235 ι)
1979 2186 2320 2257 imperatoris
2359 2189 2555 2245 litteris
2594 2190 2681 2245 vel
2722 2190 2929 2245 invitati
2976 2192 3200 2260 fuerint,
3229 2193 3392 2266 519
3420 2198 3502 2253 vel

1910 2279 2139 2335 evocati.
2176 2279 2280 2336 Sed
2308 2282 2562 2351 quoniam
2597 2297 2741 2352 saepe
2761 2282 2984 2354 contigit
3011 2293 3070 2339 ut
3096 2285 3163 2339 ad
3193 2287 3501 2342 misericor-

1907 2369 2051 2427 diam
2080 2372 2338 2429 Ecclesia:
2363 2373 2672 2444 confugiant
2699 2375 2790 2444 qui
2832 2376 3083 2446 injuriam
3119 2378 3415 2447 patiuntur,
3447 2390 3498 2438 et

1905 2464 1997 2534 qui
2030 2474 2311 2534 peccantes
2341 2466 2394 2521 in
2420 2467 2666 2522 exsilium
2695 2469 3015 2537 vel‘insnlas
3038 2471 3381 2541 damnantur,
3407 2486 3499 2529 aut

1906 2567 2055 2613 certe
2083 2572 2464 2630 quamcunque
2495 2562 2821 2616 sententiam
2856 2563 3184 2633 suscipiunt;
3213 2575 3241 2614 ει
3270 2565 3498 2637 ideoque

1904 2650 2326 2706 subveniendum
2349 2661 2452 2721 est,
2478 2661 2533 2708 et
2550 2653 2669 2708 sine
2691 2652 3027 2711 dubitatione
3048 2657 3128 2711 eis
3151 2658 3379 2726 petenda
3401 2674 3497 2729 per

1904 2741 2197 2799 Ecclesiam
2229 2744 2577 2815 indulgentia.
2610 2745 2669 2802 Si
2708 2762 2836 2817 ergo
2878 2756 2931 2803 ct
2971 2747 3073 2803 hoc
3112 2749 3264 2805 vobis
3302 2750 3492 2819 placet,

1902 2833 2198 2893 decernite.
2238 2834 2481 2893 Universi
2532 2836 3051 2908 dixerunt:Placet,
3097 2852 3151 2898 et
3203 2845 3495 2899 constitua-

1901 2934 2009 2987 tur.

2210 3064 2461 3121 Diacones
2488 3067 2554 3120 ad
2578 3067 2870 3123 comitatum
2894 3070 3167 3141 dirigendi.

1971 3217 2064 3274 IX.
2111 3218 2268 3276 Osius
2308 3191 2591 3293 episcopus
2626 3222 2803 3277 dixit:
2846 3223 2959 3279 Hoc
2999 3241 3214 3297 quoque
3244 3238 3265 3265 ι
3304 3231 3485 3299 provi-

1803 3283 1867 3392 _C
1900 3310 2079 3368 dentia
2108 3321 2289 3369 vestra
2320 3283 2549 3368 tractare
2579 3314 2764 3379 debet,
2803 3326 2861 3370 ut
2900 3318 3022 3387 quia
3054 3283 3391 3389 decrevisiis,
3424 3340 3488 3381 ne

1898 3406 2273 3475 episcoporum
2314 3406 2690 3475 importunitas
2725 3408 3049 3477 depravetur
3078 3413 3143 3466 ad
3171 3414 3485 3470 comitatum

1900 3497 2193 3567 pergendo.
2222 3498 2538 3569 Quicunque
2567 3514 2716 3567 vero,
2750 3500 2937 3570 quales
2967 3503 3215 3571 superius
3245 3520 3486 3577 comme-

1897 3588 2247 3652 moravimus,
2276 3605 2460 3659 preces
2482 3590 2768 3646 habuerint
2792 3593 2873 3646 vel
2897 3597 3222 3661 acceperint,
3253 3613 3349 3666 per
3373 3599 3487 3653 dia-

1897 3699 2090 3741 conum
2120 3699 2277 3739 suum
2309 3686 2557 3751 mittant;
2590 3686 2711 3756 quia
2733 3702 2962 3758 persona
2988 3691 3221 3747 ministri
3252 3706 3357 3748 non
3380 3695 3484 3749 erit

1899 3776 2183 3843 invidiosa,
2218 3786 2241 3813 '
2272 3785 2325 3833 et
2352 3792 2471 3848 qua:
2503 3778 2889 3849 impetraverit,
2923 3781 3152 3837 celerius
3179 3786 3374 3853 poterit
3399 3802 3482 3843 res

1892 3872 2053 3929 ferre.
2086 3872 2152 3927 Et
2184 3871 2287 3929 hoc
2322 3886 2660 3944 consequens
2690 3887 2812 3930 esse
2841 3874 3074 3941 videtur,
3107 3877 3125 3911 ί
3163 3886 3219 3930 ut
3248 3878 3313 3933 de
3344 3895 3480 3950 qua-

1891 4045 1995 4084 non
2022 4029 2211 4085 solum.
2246 4032 2365 4087 Mox
2394 4046 2485 4085 nec
2509 4028 2662 4085 deest
2681 4031 2734 4085 in
2765 4030 2964 4087 Veron.
2994 4030 3064 4087 Is.

1968 4095 1985 4137 ¹
2027 4102 2220 4157 Melius
2248 4103 2299 4157 in
2334 4102 2453 4157 Vat.
2486 4101 2643 4172 Reg.,
2683 4102 2772 4155 sed
2802 4111 2947 4155 ut....
2983 4107 3261 4172 postulent.

1961 4181 2022 4245 εξ·-
2042 4172 2116 4227 Ita
2148 4172 2269 4228 Vat.
2304 4173 2442 4228 1542
2469 4181 2522 4226 et
2548 4172 2744 4226 Veron.
2778 4172 2847 4227 ls.
2874 4177 2941 4227 At
2966 4173 3083 4228 Vat.
3108 4175 3241 4245 Reg.
3271 4183 3325 4231 et
3345 4176 3474 4231 Luc.

1887 4240 2073 4315 codd.,
2120 4245 2456 4315 EpiscOpi....
2507 4253 2763 4315 pra'stent.
2809 4245 2929 4297 Mox
2977 4240 3288 4299 Veronfls.
3336 4248 3479 4302 delet

1886 4311 2088 4388 iniqua.
2122 4311 2254 4371 Dein
2286 4311 2414 4370 mss.
2448 4316 2578 4369 Luc.
2604 4324 2655 4369 et
2676 4313 2899 4379 Veron.,
2929 4315 3260 4384 a/ﬂigitur....
3289 4334 3477 4388 exspo-

1887 4383 2183 4521 ιωξιηῖυεη
2218 4464 2385 4509 tamen
2415 4465 2461 4510 et
2484 4456 2579 4507 ista
2609 4454 2801 4509 omnia.
2841 4452 3063 4521 Veron.,
3093 4464 3260 4512 tamen
3303 4468 3351 4513 et
3377 4459 3477 4514 ista

1887 4526 2095 4600 nomina
2110 4528 2327 4600 jus_tam.
2349 4526 2465 4600 Va_t_.
2483 4526 2637 4594 ch.,
2652 4526 2692 4577 si
2717 4536 2883 4600 tamen
2904 4526 3003 4581 ista
3029 4529 3239 4582 nomina
3249 4532 3473 4600 justam.

1962 4606 1985 4635 ο
2028 4596 2145 4651 Vat.
2180 4595 2311 4657 Reg.
2335 4607 2390 4652 et
2412 4596 2633 4661 Veron.,
2662 4612 2723 4649 ne
2751 4598 3067 4666 episcopi....
3094 4595 3359 4656 accedant.

1960 4679 1987 4717 ι)
2029 4668 2142 4721 Vat.
2198 4667 2335 4722 1342
2379 4678 2434 4723 et
2481 4666 2611 4723 Luc.
2663 4682 2796 4723 mss.
2848 4668 3051 4723 addunt
3078 4679 3124 4723 et
3153 4672 3427 4727 dilectione
3455 4690 3473 4726 :

1886 4753 2019 4808 quas
2050 4753 2209 4793 voces
2236 4753 2399 4793 sensu
2444 4747 2711 4802 carentes,
2754 4754 2876 4793 cum
2922 4755 3111 4795 omnes
3155 4742 3275 4798 alia:
3303 4742 3473 4801 colle-

1885 4812 2093 4865 ctiones
2113 4819 2166 4864 et
2196 4808 2413 4880 Graecus
2440 4818 2614 4863 textus
2639 4812 2904 4877 ignorent,
2933 4814 3319 4880 expunxintus.
3350 4814 3473 4869 Mox

275 4887 298 4954 ξ
336 4860 1209 4954 iugasti;at'igz'pm..ayai
1227 4860 1279 4934 '3;
1305 4860 1591 4952 Esaiam,
1620 4892 1745 4954 etc._
1804 4860 1858 4921 ι)
1878 4860 2191 4954 animi;
2212 4860 3473 4954 nisainsa:causam.invisitatae;

274 4946 294 4985 ί
334 4950 427 5005 Ms.
462 4952 593 5006 Luc.
622 4950 773 5005 addit
802 4946 1002 5021 llomte.
1028 4951 1194 5021 llujus
1229 4946 1623 5007 loci'variantes
1652 4952 1780 5007 dili-

207 5030 379 5087 genter
402 5022 685 5077 retulimus
709 5030 820 5076 not.
842 5020 911 5076 29
936 5022 986 5075 in
1009 5020 1243 5076 canones
1267 5023 1638 5085 Sardicenses,
1655 5024 1779 5088 n.1,

206 5092 526 5163 collectiunis
556 5092 907 5163 praecedentis
947 5092 1161 5163 (Supra
1188 5094 1289 5150 cal.
1314 5094 1441 5161 404,
1484 5105 1593 5149 not.
1628 5093 1699 5163 i).

271 5169 295 5207 Β
333 5162 530 5219 Veron.
560 5165 655 5231 ls.,
695 5162 963 5216 Romanus
981 5165 1250 5233 episc0pus
1274 5164 1352 5217 his
1372 5167 1458 5233 qui
1484 5168 1535 5219 in
1560 5162 1780 5231 ﬁnitima

205 5242 247 5285 "
269 5232 1775 5340 Ε’ῗξέὲθῗίξ.ξ¹¹,ῗζῗ⁸.ἰπῗ.ἓ’ςίέἷέἒς⁸⁹ξγ”.ξ;ηἶ.¹⁷⁸ἷ,άίῗξηξῒξεέἓᾶ

332 5305 464 5361 Cod.
488 5306 623 5361 Luc.
648 5306 790 5359 delet
814 5306 1058 5376 episcopi.
1087 5305 1283 5359 Veron.
1315 5305 1413 5371 ls.,
1434 5305 1527 5361 erit
1548 5316 1596 5361 et
1616 5307 1781 5376 ipsius

208 5375 317 5443 quid
344 5377 477 5430 velit.
506 5377 633 5432 Mox
668 5376 783 5429 Vat.
810 5375 965 5444 Reg.,
993 5385 1081 5429 aut
1111 5376 1236 5445 quid
1262 5378 1495 5430 wstimet.

270 5444 288 5483 ί
331 5447 528 5503 Veron.
553 5447 650 5513 ls.,
679 5457 733 5501 ut
759 5446 973 5501 habeant
994 5444 1144 5501 etiam
1163 5449 1518 5500 auctoritatem
1542 5464 1772 5516 persona:

206 5514 383 5589 illiusa
409 5518 777 5589 qua’destinati
805 5529 943 5581 sunt,
971 5519 1064 5571 erit
1092 5520 1144 5571 in
1170 5520 1282 5589 ejus
1300 5514 1669 5582 arbitrio,ietc.

271 5588 284 5637 l
331 5588 450 5643 Vat.
479 5589 643 5658 Reg.,
670 5588 1062 5657 Importunitas,
1089 5588 1248 5660 nimia
1274 5590 1581 5660 frequentia,
1620 5597 1667 5643 et
1697 5590 1777 5642 in-

198 5657 342 5727 justas
391 5657 676 5727 petitiones.
736 5660 930 5715 Veron.
984 5660 1077 5724 ls.,
1127 5657 1538 5728 Importunitatis
1568 5657 1776 5714 nostri:

203 5728 688 5802 nimiafrequentia,
709 5741 757 5786 et
788 5732 995 5802 injustas
1020 5731 1309 5799 petitiones.

269 5797 296 5835 κ
334 5797 453 5857 Vat.
469 5797 613 5875 Reg.
644 5797 696 5857 et.
724 5797 919 5875 Veron.
953 5797 1049 5867 ls.‘,
1072 5818 1174 5855 non
1202 5807 1493 5873 profuturas
1514 5804 1775 5875 perferant

206 5881 376 5929 sum
400 5888 422 5929 :
449 5874 539 5927 ubi
568 5874 848 5943 legendum
870 5876 1157 5944 perferunt,
1183 5875 1285 5930 nisi
1308 5884 1462 5930 antea
1494 5874 1697 5951 legatur
1719 5884 1776 5928 ut

471 5968 747 6030 Panos.
800 5966 959 6029 LVI.

1883 4952 2081 5023 legitur
2108 4954 2159 5007 in
2184 4966 2312 5023 mss.
2342 4951 2461 5023 Vat.
2492 4951 2625 5020 Reg.
2656 4958 2711 5005 et
2741 4950 2937 5023 Veron.

1956 5020 1984 5073 έι
2021 5020 2153 5078 Cod.
2186 5020 2307 5077 Vat.
2342 5022 2472 5092 Reg.
2498 5023 2695 5076 omittit
2714 5022 2948 5093 ideoque,
2970 5033 3023 5079 et
3045 5040 3137 5092 per
3164 5023 3469 5083 Ecclesium.

1960 5104 1982 5131 τ
2025 5095 2168 5148 Idem
2194 5094 2323 5165 cod.
2355 5109 2475 5148 cum
2507 5094 2707 5148 Veron.
2740 5093 3121 5165 ls.,prudentia
3146 5106 3329 5151 vestra.
3351 5098 3470 5152 Mox

1884 5165 2007 5219 cod.
2041 5165 2159 5219 Vat.
2183 5164 2362 5239 _Reg.,_
2385 5175 2614 5239 tractare
2638 5165 2802 5227 debet,
2834 5164 2921 5239 qui
2959 5165 3244 5239 decrevistis
3276 5183 3338 5220 ne
3365 5170 3469 5239 epi-

1884 5251 2157 5307 scOporum
2176 5235 2473 5307 improbitas
2494 5248 2717 5300 notetur,
2740 5244 2795 5289 ut
2821 5237 2890 5288 ad
2915 5236 3211 5289 comitatum
3232 5235 3468 5307 pergant.

1884 5306 2089 5361 Veron.
2120 5306 2189 5361 Is.
2218 5305 2379 5361 habet
2407 5318 2462 5361 ut
2490 5308 2542 5361 in
2568 5316 2739 5369 textu,
2762 5307 3002 5375 exceptis
3031 5322 3094 5358 ne
3116 5305 3468 5374 episcoporum

1887 5378 2251 5447 importunitas
2272 5387 2494 5444 notetur,
2526 5393 2624 5447 pro
2651 5376 2842 5446 quibus
2870 5376 2922 5430 in
2953 5391 3018 5431 eo
3049 5377 3240 5447 legitur
3265 5394 3327 5432 ne
3354 5380 3467 5447 epi-

1888 5450 2029 5519 scopi
2050 5448 2349 5520 improbitas
2378 5458 2597 5505 notetur.
2626 5448 2755 5502 Dein
2784 5455 3011 5518 uterque
3038 5448 3227 5513 codex,
3248 5447 3467 5513 Quicun-

1916 5536 1977 5573 ue
2010 5537 2149 5574 ετσο.

1878 5535 1977 5625 qui
2010 5537 2218 5649 (Visun.
2259 5593 2355 5659 13.,
2384 5591 2503 5662 quia
2532 5589 2742 5644 celerius
2770 5591 2954 5659 poterit
2980 5604 3094 5661 quae
3131 5591 3467 5661 impetraverit

1878 5664 2165 5789 "firmem
2186 5734 2329 5801 cod.,
2362 5744 2414 5788 ut
2441 5732 2779 5803 unusquisque
2804 5733 2890 5803 qui
2917 5726 3087 5803 precEs
3113 5731 3363 5799 habuerit,
3380 5752 3466 5790 eas

1880 5802 1949 5875 ad
1971 5804 2153 5874 fratres
2178 5817 2223 5860 et
2243 5807 2564 5874 coepiswpos
2584 5812 2778 5858 nostros
2800 5802 2885 5875 qui
2914 5802 2968 5859 in
2985 5805 3207 5857 maxima
3238 5807 3458 5873 civitate,

1879 5874 1936 5929 id
1967 5884 2063 5946 est,
2093 5878 2391 5949 metropoli,
2422 5876 2726 5949 consistunt,
2758 5874 2961 5945 mittat,
3003 5885 3049 5929 et
3089 5876 3167 5929 illi
3218 5893 3307 5948 per
3344 5893 3462 5933 suos

3149 5965 3229 6033 25
