3996 6344
567 424 672 480 779

1504 427 1595 483 AD
1631 426 1860 483 OPERA
1898 424 1957 482 S.
2002 425 2244 481 LEONIS
2285 423 2496 481 MAGNI
2535 422 2902 481 APPENDIX.
3679 398 3759 487 780

568 543 699 598 libet
737 541 1010 612 provincia
1047 542 1286 614 episcopi
1326 539 1394 600 ad
1433 539 1652 597 fratrem
1695 550 1749 596 et
1773 542 2147 610 coepiscopum
2175 541 2230 601 Α
2254 547 2437 594 contra
2470 537 2708 591 omnium
2737 537 2893 608 521
2918 533 3232 588 sententiain
3275 536 3430 599 nisus,
3461 535 3656 592 voluerit
3673 516 3762 604 sint

570 643 819 690 nostrum
850 647 1038 704 preces
1063 635 1278 690 mittant
1297 634 1387 704 qui
1418 632 1469 688 in
1502 633 1783 702 metropoli
1815 631 2156 693 consistit,ut

505 717 514 792 ξ
571 726 664 782 ille
706 741 802 796 per
842 724 1125 782 diaconum
1161 741 1316 781 suum
1357 726 1776 796 supplicationes
1820 725 2015 789 mittat,
2051 723 2152 778 tri-

509 803 516 850 δ
570 819 742 875 buens
771 817 1234 873 commendatitias
1263 816 1520 886 epistolas
1561 817 1670 884 pari
1715 815 1920 872 ratione
1945 814 2010 868 ad
2041 814 2152 869 fra-

569 917 680 963 tres
715 918 768 962 et
803 909 1152 978 coepiscopos
1194 919 1404 962 nostros
1448 909 1534 975 qui
1584 909 1674 961 illo
1718 916 1958 976 tempore
1990 907 2046 960 in
2070 905 2153 960 his

569 999 880 1071 regionibus
911 1008 1189 1054 morantur
1216 999 1268 1052 in
1298 999 1488 1068 quibus
1523 997 1647 1052 felix
1682 1007 1707 1034 α
1747 1006 1800 1051 et
1829 997 2015 1052 beatus
2045 999 2153 1050 Au-

565 1101 754 1162 gustus
798 1089 1184 1160 rempublicam
1225 1091 1508 1159 gubernat.
1565 1089 1620 1144 Si
1669 1104 1798 1144 vero
1832 1089 1991 1142 habet
2035 1087 2152 1157 quis

565 1182 853 1252 episcopus
887 1182 1089 1236 amicos
1119 1184 1172 1235 in
1215 1181 1430 1250 palatio,
1476 1192 1528 1234 et
1569 1181 1769 1250 aliquid
1800 1181 1980 1248 cupiat
2009 1179 2149 1249 quod

564 1284 743 1332 tamen
773 1275 1058 1330 honestum
1081 1275 1149 1329 sit
1172 1275 1456 1341 impetrare
1480 1289 1572 1342 per
1595 1288 1688 1327 eos
1709 1272 1774 1326 ab
1804 1272 2149 1340 imperatore,

562 1385 670 1424 non
695 1367 1044 1438 prohibeatur
1068 1382 1164 1436 per
1189 1367 1471 1422 diaconum
1497 1382 1649 1420 suum
1678 1381 1886 1435 rogare,
1911 1377 1964 1421 et
1991 1363 2148 1433 signi-

561 1465 726 1520 ficare
753 1461 781 1502 δ
808 1463 887 1518 eis
915 1476 1052 1532 quos
1073 1461 1177 1516 scit
1197 1460 1422 1530 benigna
1453 1459 1614 1530 52o
1642 1460 2027 1516 intercessione
2049 1459 2148 1512 sibi

562 1554 771 1612 absenti
803 1567 962 1624 posse
991 1561 1267 1623 praestare.

1050 1642 1128 1698 De
1156 1643 1364 1713 pupillis
1391 1653 1440 1695 et
1470 1642 1655 1695 viduis.

633 1738 703 1795 Χ.
741 1739 840 1805 Qui
882 1751 1014 1792 vero
1042 1735 1267 1791 Romam
1300 1745 1322 1773 ο
1354 1735 1617 1799 venerint,
1655 1734 1789 1788 sicut
1810 1733 2011 1789 dictum
2041 1742 2144 1800 est,

561 1832 904 1890 sanctissimo
927 1830 1079 1884 fratri
1108 1839 1162 1885 et
1188 1827 1509 1898 coepiscopo
1551 1836 1732 1881 nostro
1761 1827 2017 1882 Romanae
2049 1827 2145 1882 Ec-

2261 627 2450 684 bitioni
2473 629 2642 697 magis
2674 641 2832 695 quam
2863 625 2994 692 Deo,
3021 625 3180 680 debet
3206 625 3361 682 etiam
3386 626 3512 682 scire
3537 643 3588 683 se
3611 644 3759 687 causas

2255 735 2374 776 esse.
2396 720 2682 783 dicturum,
2720 726 2775 772 et
2803 717 3060 774 honorem
3091 726 3253 785 atque
3279 717 3565 787 dignitatem
3579 723 3759 778 amissu-

2255 827 2395 866 rum.
2425 812 2536 865 Hoc
2560 821 2737 865 autem
2767 818 2894 865 tunc
2920 810 3058 864 scire
3084 818 3140 864 et
3159 808 3407 878 compleri
3426 806 3454 846 ιι
3472 811 3712 879 oportebit,
3729 817 3760 868 si

2257 905 2619 974 unusquisque
2655 911 2917 968 nostrum,
2948 903 3038 972 qui
3080 902 3132 957 in
3159 902 3329 956 canali
3369 911 3448 958 est
3481 906 3761 974 constitutus,

2255 1012 2375 1053 cum
2398 995 2827 1066 progredientem
2845 995 3035 1051 viderit
3054 996 3384 1065 episcopum,
3409 995 3762 1065 inquirattrans-

2257 1091 2389 1146 itum
2429 1091 2576 1159 ejus,
2616 1104 2802 1145 causas
2841 1087 3052 1154 videat,
3089 1103 3204 1158 quo
3234 1088 3414 1142 tendat
3449 1099 3680 1156 agnoscat.
3714 1090 3761 1146 Et

2256 1181 2521 1253 siquidem
2549 1196 2672 1236 eum
2703 1180 2968 1235 invenerit
2995 1179 3061 1235 ad
3083 1178 3392 1235 comitatum
3417 1180 3541 1234 velle
3565 1183 3760 1246 transire,

2253 1275 2533 1346 requirere
2559 1289 2681 1329 eum
2703 1273 2902 1330 debere
2924 1272 3080 1346 [Lege
3099 1270 3336 1343 debebit]
3348 1272 3625 1346 conditione
3641 1288 3762 1341 supe-

2252 1368 2364 1423 rius
2411 1366 2820 1436 comprehensa,
2868 1367 2915 1420 si
2964 1365 3216 1420 invitatus
3260 1375 3361 1429 est,
3411 1373 3464 1419 ut
3502 1364 3548 1421 ei
3587 1364 3764 1422 facultas

2252 1459 2412 1514 eundi
2435 1459 2792 1527 permittatur.
2821 1456 2876 1513 Si
2904 1471 3052 1524 vero,
3077 1465 3142 1512 ut
3154 1457 3399 1526 superius
3425 1445 3640 1512 meminit
3662 1471 3760 1516 saa-

2252 1553 2412 1607 ctitas
2430 1561 2632 1617 vestra,
2659 1561 2876 1620 pr0pter
2893 1550 3156 1606 desideria
3172 1558 3228 1605 et
3251 1549 3556 1605 ambitiones
3568 1548 3628 1605 ad
3638 1552 3763 1605 comi-

2253 1654 2418 1701 tatum
2437 1645 2514 1700 ire
2526 1645 2866 1713 temptaverit
2885 1661 2900 1708 ;
2921 1659 3094 1715 neque
3115 1643 3312 1699 litteris
3331 1642 3443 1712 ejus
3464 1643 3764 1700 subscribatttr

2253 1752 2427 1808 neque
2448 1738 2501 1792 in
2532 1737 2966 1792 communionem
2995 1735 3013 1774 ί
3048 1737 3352 1806 reciplatur.
3381 1734 3439 1792 Si
3460 1735 3597 1790 vobis
3614 1735 3763 1805 placet,

2253 1831 2417 1886 debet
2449 1831 2686 1886 omnium
2729 1831 2990 1886 sententia
3029 1829 3356 1885 confirmari.
3401 1829 3622 1884 Universi
3655 1829 3765 1884 dixe-

558 1925 742 1982 clesiie
767 1938 958 1994 preces
976 1936 1109 1992 quas
1135 1920 1332 1976 habent
1353 1918 1694 1986 contradaut,
1711 1928 1768 1973 ut
1789 1929 1841 1974 et
1865 1921 1978 1990 ipse
1999 1919 2149 1988 prius
2178 1913 2227 1975 B
2252 1930 2407 1979 runt:
2424 1923 2535 1977 Hoc
2551 1922 2832 1978 honestum
2850 1931 3006 1988 est,et
3027 1922 3236 1992 placere
3260 1921 3361 1977 sibi
3379 1923 3764 1977 constitutionem.

558 2020 830 2074 examinet
871 2018 916 2071 si
955 2015 1198 2071 honesta:
1242 2023 1297 2068 ct
1330 2014 1489 2082 justas
1517 2024 1660 2067 sunt.
1692 2021 1746 2068 et
1773 2021 1990 2082 praestet
2025 2013 2147 2067 dili-

555 2110 790 2182 gentiam
831 2118 992 2179 atque
1027 2106 1443 2162 sollicitudinem
1477 2116 1533 2159 ut
1578 2106 1644 2160 ad
1682 2105 1992 2160 comitatum
2027 2121 2148 2175 per-

553 2202 814 2258 ferantur.
846 2199 1091 2256 Universi
1120 2198 1514 2268 responderunt
1535 2199 1750 2268 placere
1777 2197 1877 2253 sibi
1904 2208 1958 2253 et
1980 2197 2148 2253 hone-

554 2303 699 2350 stum
739 2307 860 2348 esse
904 2291 1214 2346 consilium.
1262 2289 1486 2362 Alypius
1526 2291 1811 2359 episcopus
1855 2289 1995 2344 dixit
2032 2307 2045 2342 :
2087 2288 2144 2344 Si

554 2385 580 2426 ⁸
611 2385 756 2444 enim
796 2393 1020 2456 propter
1047 2384 1281 2454 pupillos
1308 2393 1361 2436 et
1391 2383 1580 2438 viduas
1602 2385 1685 2438 vel
1720 2385 2025 2438 laborantes
2054 2384 2145 2454 qui

555 2495 748 2535 causas
786 2493 892 2534 non
936 2475 1146 2546 iniquus
1187 2475 1409 2546 habent,
1454 2475 1792 2544 susceperint
1830 2476 2144 2546 peregrina-

554 2545 1108 2636 tionishncommoda,
1157 2545 1432 2621 habebunt
1471 2566 1672 2634 aliquid
1709 2565 1867 2634 justas
1894 2545 2138 2620 rationis.

553 2654 704 2717 Nunc
731 2675 863 2716 vero
889 2674 1009 2714 cum
1043 2673 1103 2713 ea
1126 2658 1398 2728 postulent
1428 2667 1449 2694 ε
1482 2657 1752 2728 prmcipue
1773 2675 1891 2728 quae
1918 2659 2033 2713 sine
2065 2659 2145 2713 iu-

552 2753 697 2810 vidia
740 2753 980 2809 omnium
1015 2761 1071 2806 et
1106 2750 1222 2807 sine
1251 2751 1677 2821 reprehensione
1717 2766 1835 2805 esse
1881 2766 1986 2806 non
2023 2767 2146 2822 pos-

552 2855 697 2913 sunt,
725 2861 830 2902 non
857 2858 1083 2902 necesse
1111 2855 1195 2900 est
1224 2845 1369 2913 ipsos
1395 2844 1475 2898 ire
1505 2843 1570 2898 ad
1598 2844 1927 2898 comitatum.

553 2959 656 3028 Qui
675 2962 728 3015 in
749 2960 918 3014 canali
939 2959 1201 3013 constituti
1221 2967 1339 3012 sunt
1365 2959 1589 3028 episcopi
1611 2959 1827 3011 habeant
1847 2968 2145 3024 potestatein

712 3030 1022 3087 discutiendi
1051 3031 1315 3101 episcopos
1347 3029 1415 3081 ad
1443 3029 1744 3082 comitatum
1775 3040 1966 3082 euntes.

623 3126 714 3181 XI.
747 3122 1084 3181 Gaudentius
1113 3122 1397 3191 episcopus
1425 3120 1561 3174 dixit
1591 3138 1603 3172 :
1643 3119 1662 3157 ί
1694 3120 1995 3175 Salubriter
2017 3136 2144 3190 pro-

553 3215 844 3272 videndum
891 3221 976 3269 est
1017 3228 1084 3268 ex
1125 3226 1391 3267 consensu
1429 3211 1665 3266 omnium
1705 3212 2062 3276 sacerdotum,
2091 3222 2148 3268 et

2491 2014 2569 2069 De
2597 2015 2676 2070 his
2705 2017 2791 2084 qui
2814 2015 3054 2085 ignorant
3078 2016 3261 2086 synodi
3292 2015 3573 2069 constituta.

2323 2108 2436 2163 Xll.
2459 2107 2617 2164 Osius
2644 2109 2930 2178 episcopus
2953 2109 3089 2164 dixit
3117 2126 3130 2162 :
3163 2109 3270 2164 Sed
3311 2117 3365 2165 et
3393 2109 3661 2164 moderatio
3693 2122 3764 2164 ne-

2249 2201 2482 2256 cessaria
2510 2211 2612 2264 est,
2641 2199 2976 2254 dilectissimi
3035 2199 3230 2254 fratres
3256 2243 3272 2267 ,
3323 2214 3389 2254 ne
3435 2200 3595 2254 subito
3634 2199 3765 2252 adhuc

2249 2291 2466 2364 quidam
2494 2307 2600 2347 non
2630 2291 2864 2348 scientes
2895 2292 3023 2363 quid
3069 2291 3346 2348 decretum
3377 2294 3445 2348 sit
3475 2293 3522 2347 in
3566 2292 3764 2363 synodo,

2250 2383 2498 2439 venerint
2523 2383 2701 2438 subito
2729 2383 2794 2438 ad
2825 2384 3072 2440 civitates
3097 2399 3216 2454 qua:
3246 2385 3302 2439 in
3331 2385 3496 2440 canali
3524 2393 3648 2440 sunt.
3689 2385 3767 2439 Do-

2249 2479 2342 2535 bet
2367 2480 2654 2550 episcopus
2683 2478 2918 2535 civitatis
2939 2481 3107 2550 ipsius
3134 2481 3430 2539 admonere
3474 2492 3522 2539 et
3558 2484 3768 2539 instruere

2250 2573 2432 2640 illum;
2461 2572 2476 2624 l
2515 2582 2572 2629 et
2593 2588 2657 2629 ex
2687 2588 2752 2630 eo
2780 2572 2903 2630 loco
2926 2573 3014 2629 ille
3040 2589 3139 2644 pro
3165 2589 3230 2630 eo
3261 2575 3328 2630 ad
3355 2577 3635 2631 comitatum
3653 2589 3768 2630 suum

2251 2666 2538 2722 diaconum
2569 2664 2786 2740 mittat;
2818 2665 3124 2721 admonitus
3167 2675 3347 2723 tamen
3394 2669 3501 2738 ipse
3545 2666 3697 2723 redeat
3733 2666 3769 2721 in

2251 2756 2592 2827 parrochiam
2624 2770 2800 2812 suam.
2823 2791 2826 2794 ~

2499 2847 2577 2901 De
2598 2847 2741 2901 laicis
2767 2847 2868 2902 cito
2888 2863 2992 2902 non
3019 2849 3274 2919 faciendis
3307 2850 3566 2922 episcopis.

2321 2940 2460 2996 XIII.
2487 2939 2646 2996 Osius
2676 2940 2966 3010 episcopus
2990 2940 3127 2996 dixit
3157 2959 3171 2995 :
3217 2942 3289 2997 Et
3335 2942 3433 2999 hoc
3469 2940 3767 2998 necessarium

2250 3033 2502 3100 arbitror,
2533 3041 2593 3088 ut
2619 3033 3031 3104 diligentissime
3063 3036 3333 3105 tractetis,
3385 3046 3441 3092 ut
3483 3038 3522 3092 si
3556 3035 3675 3091 forte
3703 3041 3769 3088 aut

2250 3125 2421 3192 dives,
2452 3135 2543 3181 aut
2572 3125 2928 3182 scholasticus
2948 3127 3018 3183 de
3043 3126 3163 3183 foro
3189 3137 3286 3184 aut
3332 3127 3362 3168 ¹ι
3395 3130 3461 3184 de
3493 3126 3769 3183 administra-

2252 3218 2398 3274 tione
2430 3218 2594 3274 fuerit
2621 3219 2925 3288 postulatus
2943 3219 3253 3291 episcopus,
3289 3237 3396 3278 non
3438 3221 3572 3292 prius
3609 3218 3772 3274 ordine-

552 3307 666 3366 Deo
695 3307 978 3378 placitura,
1007 3313 1063 3361 et
1087 3305 1393 3360 hominibus
1422 3303 1713 3374 probabilia
1749 3313 1930 3360 tenere
1959 3305 2144 3362 hacte-
2175 3297 2222 3360 C
2255 3320 2363 3378 tur,
2399 3311 2502 3366 nisi
2532 3319 2659 3368 ante
2691 3313 2910 3368 lectoris
2962 3327 3214 3380 munere,
3267 3322 3326 3370 et
3362 3314 3534 3374 officio
3571 3309 3770 3375 diaconi,

551 3414 652 3460 nus
678 3410 732 3457 et
758 3400 958 3456 firmari
985 3407 1238 3470 oportere
1268 3397 1314 3452 si
1344 3408 1519 3454 metus
1547 3397 1670 3454 huic
1693 3399 1978 3454 sententia:
2008 3413 2142 3453 con-

550 3494 828 3567 iungatur.
860 3493 1071 3550 Scimus
1101 3493 1244 3547 enim
1273 3490 1436 3546 etiam
1470 3490 1571 3560 ipsi
1601 3487 1897 3560 smpissime
1927 3501 2145 3560 propter

550 3597 846 3659 paucorum
864 3593 889 3633 8
903 3583 1319 3656 imprudentiam
1338 3597 1548 3638 sacrum
1572 3591 1625 3639 et
1642 3581 1952 3653 religiosum
1972 3596 2146 3639 sacer-

551 3679 733 3738 dotale
765 3693 963 3737 nomen
998 3677 1168 3734 fuisse
1212 3677 1623 3749 reprehensum.
1657 3676 1714 3733 Si
1759 3676 1919 3746 igitur
1949 3677 2142 3748 aliquis

551 3813 793 3868 diaconos
815 3810 1068 3880 destinant
1098 3810 1393 3880 tribuendo,
1419 3820 1524 3864 etc.
1555 3808 1692 3865 Cod.
1718 3809 1836 3864 Vat.
1866 3811 1998 3880 Reg.
2020 3827 2139 3868 cum

551 3891 702 3939 textu
729 3879 1044 3945 concordat,
1077 3879 1182 3934 nisi
1212 3880 1354 3949 quod
1387 3879 1546 3933 habet
1580 3896 1593 3933 :
1624 3881 1709 3950 qui
1738 3881 1788 3932 in
1819 3879 2043 3935 maxima
2072 3887 2145 3938 ci-

551 3955 726 4016 vitate,
748 3951 802 4003 id
831 3950 981 4020 estin
1008 3952 1308 4020 metropoli,
1344 3951 1595 4004 consistit.
1626 3950 1853 4020 Tenum
1878 3956 2146 4020 expressi-

553 4036 679 4078 mus
707 4036 774 4076 ex
811 4019 971 4075 codd.
1004 4019 1124 4073 Vat.
1159 4019 1298 4075 i542
1329 4028 1382 4075 et
1413 4021 1543 4075 Luc.
1583 4019 1768 4074 Solum
1802 4037 1896 4088 pro
1937 4019 2004 4075 ad
2030 4041 2144 4079 eum

553 4093 770 4164 fratrem
797 4100 842 4144 et
873 4090 1226 4164 coepiscOpunt
1255 4099 1483 4164 nostrum
1515 4090 1634 4147 Vat.
1669 4091 1826 4146 habet
1854 4093 1921 4146 ad
1963 4105 2146 4151 metro-

553 4161 840 4230 politanum
869 4169 1096 4214 nostrum
1120 4177 1137 4226 ;
1182 4161 1340 4226 Luc.,
1368 4163 1434 4215 ad
1459 4163 1908 4229 metrOpolitanunt
1950 4166 2143 4231 episco-

552 4247 735 4304 pum:
777 4232 868 4287 ubi
911 4231 1290 4302 metropolitani
1336 4247 1527 4287 nomen
1578 4234 1843 4304 posterius
1886 4236 2143 4292 insertum

555 4303 849 4377 credimus,
879 4317 1000 4358 cum
1048 4303 1508 4377 metropolitanum
1546 4303 1811 4377 institutio
1844 4321 2145 4377 nomenque

561 4375 821 4442 inolevit;
869 4375 1147 4444 sequentia
1197 4375 1364 4439 enim,
1414 4389 1531 4444 quae
1577 4376 1628 4428 in
1680 4384 1905 4444 utroque
1955 4375 2142 4432 manu-

551 4447 753 4514 scripto
793 4445 1171 4514 subjiciuntur,
1219 4446 1305 4515 qui
1350 4447 1403 4498 in
1444 4445 1709 4516 metropoli
1752 4448 1999 4510 consistit,
2053 4467 2144 4503 ex-

591 4529 744 4587 resso
772 4516 1160 4587 Antetrnpolitani
1202 4518 1418 4587 nomine
1459 4517 1628 4570 inanis
1669 4518 1954 4585 explicatio
1995 4532 2141 4573 sunt.

551 4530 744 4642 pii-csso
782 4530 1158 4587 metmpomam
1202 4530 1418 4570 nomine
1459 4531 1628 4570 inanis
1669 4530 1954 4585 cxphcatm
1995 4532 2138 4573 sunt.

594 4585 739 4656 Velius
770 4585 946 4656 itaque
972 4586 1063 4656 alii
1090 4585 1247 4640 codd.
1277 4586 1394 4642 Vat.
1426 4587 1557 4656 Reg.
1584 4597 1637 4641 et
1668 4587 1798 4642 Ver.
1833 4604 1950 4642 cum
1986 4590 2138 4644 DiOn.

2253 3405 2414 3476 522
2460 3413 2516 3458 et
2566 3404 2867 3461 ministerio
2913 3406 3214 3478 presbyteri
3246 3421 3346 3476 per
3387 3407 3609 3463 ordinem
3651 3400 3772 3459 fuerit

2253 3498 2586 3567 perfunctus,
2621 3496 2639 3536 ι
2673 3508 2728 3554 et
2753 3513 2849 3568 per
2869 3499 3111 3569 singulos
3139 3499 3375 3570 gradus,
3407 3501 3449 3555 si
3486 3500 3654 3569 dignus
3689 3494 3771 3549 lue-

2252 3590 2351 3657 rit,
2382 3599 2764 3659 promoveatur
2807 3590 2876 3644 ad
2925 3589 3269 3660 episcopatus
3320 3590 3589 3646 honorem.
3634 3586 3771 3641 Potest

2255 3683 2398 3740 enim
2424 3699 2519 3755 per
2541 3688 2638 3740 hos
2665 3684 2900 3753 gradus,
2945 3685 3034 3754 qui
3082 3683 3285 3740 habent
3337 3685 3516 3754 utique
3562 3679 3771 3752 prolixum

2328 3816 2348 3854 ¹
2393 3817 2524 3891 Cod.
2559 3819 2680 3874 Vat.
2717 3819 2855 3876 1542
2882 3820 3031 3891 addit
3059 3817 3140 3875 Ea
3166 3838 3304 3891 quia,
3333 3823 3502 3876 minus
3527 3829 3670 3891 recte.
3696 3815 3771 3869 Ex-

2251 3889 2538 3961 puuximus
2566 3905 2684 3944 cum
2713 3907 2812 3945 ms.
2847 3891 2976 3946 Luc.
3019 3890 3072 3944 In
3114 3889 3236 3947 cod.
3271 3893 3391 3948 Vat.
3424 3893 3571 3961 Reg..
3596 3889 3664 3944 Ea
3689 3900 3770 3952 «θείω

2249 3959 2524 4014 salubriter
2553 3962 2847 4029 providistis
2870 3963 3217 4016 convenientia
3259 3973 3310 4019 et
3347 3959 3656 4018 wstimatione
3688 3973 3776 4029 ante

2251 4031 2391 4107 nium
2419 4028 2738 4084 sacerdotum
2769 4041 2814 4085 et
2851 4033 2952 4107 ζ)εο
2967 4033 3254 4107 placitura,
3288 4035 3564 4107 probabilia
3603 4028 3771 4083 homini

2250 4101 2341 4154 bus
2373 4112 2537 4156 tenere
2565 4107 2804 4156 hactenus
2843 4101 3137 4172 firmitatem
3176 4101 3410 4172 possunt,
3438 4108 3476 4158 si
3517 4107 3768 4172 metm,etc.

2252 4172 2795 4246 l’attlo__dissimiliter
2834 4168 2885 4246 iu
2932 4173 3128 4228 Veron.
3152 4168 3265 4246 ls.,
3316 4175 3390 4228 Ea
3426 4190 3534 4246 qua:
3558 4168 3770 4246 salubriter

2253 4242 2547 4310 providistis
2575 4244 2953 4310 convenientia,
2981 4254 3026 4298 et
3049 4238 3375 4299 rrstimationi
3401 4238 3610 4298 nimium
3635 4250 3674 4295 et
3693 4238 3769 4292 Deo

2253 4313 2510 4380 placitura
2559 4324 2603 4366 et
2653 4314 2941 4384 hominibus
2989 4324 3152 4368 tenere
3196 4316 3436 4371 hactenus
3487 4311 3768 4384 fortitudinem

2254 4379 2622 4458 possunt,_etc.
2649 4383 2779 4440 Cum
2810 4383 3122 4458 bisduobus
3143 4387 3302 4441 codd.
3338 4387 3389 4458 in
3421 4379 3555 4442 testu
3575 4379 3770 4458 eluenda;

2252 4452 2709 4526 viniusplacitura
2734 4472 2829 4524 pro
2855 4457 3082 4520 placens,
3114 4459 3188 4511 uti
3219 4457 3493 4526 legebatur
3520 4465 3710 4511 errouce
3734 4452 3768 4500 in

2253 4538 2383 4578 mss.
2419 4523 2538 4578 Vat.
2569 4534 2623 4580 et
2647 4523 2768 4582 Luc.

2324 4599 2346 4639 8
2388 4595 2558 4667 codd.
2601 4595 2754 4660 Luc.,
2797 4595 2917 4650 Vat.
2958 4596 3091 4667 Reg.
3128 4606 3182 4652 et
3211 4597 3411 4653 Veron.
3441 4598 3528 4656 ls..
3561 4591 3769 4667 impudet!‘

553 4655 780 4734 aliisque
833 4653 1043 4734 Latinis
1071 4658 1466 4734 exemplaribus
1510 4653 1927 4734 metropolitani
1952 4676 2143 4734 nomen
2172 4653 2227 4715 D
2253 4663 2396 4718 tiam.
2433 4665 2559 4718 Post
2600 4653 2760 4732 pauca
2792 4667 2931 4721 idem
2963 4653 3183 4734 Veron.,
3217 4668 3260 4720 is
3303 4670 3443 4722 debet
3479 4653 3768 4730 scire,'cat:sit

553 4727 829 4798 omittunt,
869 4726 957 4798 uti
995 4726 1134 4798 idem
1175 4741 1369 4782 nomen
1418 4729 1485 4783 ab
1525 4726 1768 4798 originali
1815 4728 2001 4784 Latino
2046 4731 2142 4786 ab-

550 4795 721 4854 fuisse
747 4795 1222 4871 a_nimadvertimus
1255 4798 1308 4852 in
1337 4799 1588 4853 Tractatu
1613 4795 1699 4854 —de
1731 4799 1956 4855 Collect.
2004 4813 2143 4871 part.

550 4883 594 4937 ι,
625 4880 746 4937 cap.
774 4868 828 4934 5,
859 4882 1008 4924 num.
1031 4869 1087 4922 4.

623 4948 650 5009 ε
679 4941 796 4996 Vat.
815 4947 1010 5009 ms.,get
1029 4938 1317 5008 religiosus.
1343 4939 1534 4995 Postea
1553 4941 1670 4995 Vat.
1699 4940 1830 5009 Reg.
1848 4953 1900 4997 et
1917 4943 2140 5009 Veron.,

553 5008 702 5086 habet
729 5010 842 5080 quis
862 5008 1234 5086 episwporum
1275 5012 1463 5064 amicos
1502 5013 1554 5086 in_
1595 5008 1906 5086 palatio’qui
1945 5008 2143 5086 aliquid

553 5081 823 5189 cupit;ac
846 5079 971 5134 dein
1000 5079 1252 5137 omittunt
1278 5097 1368 5151 per
1391 5098 1476 5135 eos
1505 5081 1565 5134 ab
1596 5079 1923 5152 imperatore.

693 5151 797 5189 Mea
837 5149 935 5189 Val
991 5160 1039 5189 III
1066 5151 1172 5189 [nn
1243 5155 1287 5189 οἱ
1317 5154 1452 5189 ηηηΑ
1494 5153 1750 5189 mnmlnan
1791 5155 1923 5189 Ρηιηι

692 5151 816 5207 Mss.
837 5149 956 5206 Vat.
991 5160 1043 5207 et
1066 5151 1216 5218 Luc.,
1243 5149 1287 5205 ei
1317 5154 1473 5218 quod,
1494 5149 1771 5208 mendose.
1791 5155 2139 5210 Correximus

623 5169 651 5189 υ
692 5169 816 5207 mss.
846 5169 956 5206 vat.
991 5169 1043 5207 et
1067 5169 1216 5218 Luc.,
1243 5169 1285 5205 ei
1351 5169 1473 5218 uoa,
1494 5169 1771 5208 menuose.
1791 5169 2139 5210 uorrexrmus

551 5236 618 5279 ex
647 5221 777 5293 cod.
799 5221 994 5276 Veron.
1027 5221 1272 5277 Concinit
1307 5169 1420 5279 Vat.
1453 5223 1584 5292 Reg.
1619 5223 1697 5276 his
1741 5241 1888 5293 quos.
1921 5226 2052 5281 Dein
2084 5227 2139 5281 hi

551 5293 661 5376 duo
692 5291 896 5349 habent
930 5307 1053 5348 cum
1091 5294 1304 5348 caeteris
1349 5291 1556 5350 melius
1585 5291 1852 5365 benignam
1895 5297 2127 5354 interces-

551 5378 592 5418 οι
600 5379 766 5418 onem.

626 5444 650 5503 ς
691 5433 892 5490 Veron.
916 5433 1010 5503 ls.,
1037 5436 1317 5490 κνισᾶν..
1347 5435 1590 5490 habet....
1619 5437 1811 5489 tradat.

621 5501 651 5542 ἀ
686 5504 761 5570 lta
803 5504 962 5560 codd.
998 5501 1128 5558 'Vat.
1158 5517 1212 5561 et
1236 5509 1366 5561 Luc.
1399 5507 1650 5562 editionis
1688 5507 1905 5561 Priscae.
1938 5505 2130 5563 Caneri

547 5571 732 5630 delent
769 5576 923 5629 enim.
972 5575 1104 5630 Dein
1135 5575 1266 5632 Luc.
1307 5579 1505 5632 omittit
1543 5577 1618 5631 vel
1656 5577 1967 5635 laborantes.
2011 5580 2131 5634 Mox

550 5641 752 5714 Veron.
780 5644 877 5714 ls.,
921 5649 1006 5711 qui
1033 5663 1213 5701 causas
1245 5650 1520 5703 canonicas
1548 5649 1750 5703 habent.
1795 5647 1989 5704 Postea
2026 5665 2130 5706 ms.

550 5711 674 5770 Vat.
688 5711 1011 5790 _Reg._'delet
1028 5720 1210 5790 justas.

625 5793 650 5822 ⁸
687 5785 1062 5863 Vat._Reg._e't_
1081 5787 1277 5863 Veron.
1307 5789 1486 5847 delent
1511 5791 1791 5863 praecipue.
1838 5789 1972 5846 Dein
2013 5807 2133 5849 cum

549 5853 673 5914 Vat.
688 5871 796 5926 pro
818 5853 954 5926 ipso}
978 5858 1178 5918 habent
1193 5858 1333 5929 illos.

2255 4736 2487 4807 redditis,
2510 4735 2754 4790 honorem
2785 4738 3178 4807 dignitatemque
3207 4754 3259 4791 se
3290 4741 3581 4792 amisurum.

2324 4801 2350 4840 ¹¹
2384 4805 2500 4859 Vat.
2535 4807 2662 4874 Reg.
2693 4819 2744 4862 et
2792 4801 3012 4874 Veron.,
3065 4801 3268 4876 poterit.
3315 4810 3444 4864 Dein
3485 4807 3591 4863 Vat.
3626 4804 3764 4876 κεί-τ

2249 4876 2496 4950 invenerit
2533 4867 2703 4930 irevad
2750 4867 3087 4942 comitatum}
3131 4881 3468 4950 requisiturus
3515 4875 3631 4950 illud
3666 4867 3767 4939 φιοά

2250 4948 2542 5022 conditione
2581 4951 2816 5022 superius
2865 4948 3282 5022 comprehensum
3317 4963 3421 5017 est,
3471 4951 3510 5004 si
3545 4948 3765 5022 invitatus.

2251 5026 2355 5072 etc.
2396 5017 2591 5072 Veron.
2627 5019 2719 5083 ls.,
2752 5017 2995 5072 invenerit
3025 5021 3098 5074 ire
3134 5020 3202 5073 ad
3232 5023 3522 5074 comitatum
3543 5060 3558 5085 ,
3595 5017 3767 5085 requi't'l

2251 5088 2549 5162 illudquod
2577 5093 2813 5161 superius
2833 5091 3247 5162 comprehensum
3279 5101 3375 5160 est,
3404 5109 3465 5146 ne
3485 5083 3603 5161 forte
3626 5083 3764 5140 insita-

2249 5167 2329 5211 tus
2354 5159 2439 5214 sit.
2467 5169 2540 5225 ut,
2574 5159 2677 5214 etc.

2323 5226 2338 5306 ξ
2375 5228 2536 5306 fidem
2565 5231 2672 5288 duo
2697 5230 2878 5299 codd.,
2896 5231 3221 5306 recipiendus
3248 5242 3347 5288 est.

2287 5297 2334 5382 Li
2377 5298 2600 5382 Veron.,
2630 5311 2685 5356 ut
2714 5317 2778 5355 ea:
2806 5295 3108 5358 eo’loco'ille
3134 5304 3300 5358 mittat
3318 5295 3760 5361 diaconum.Admo‘

2246 5380 2404 5434 nitus,
2437 5381 2541 5425 etc.

2317 5438 2343 5477 "
2377 5431 2513 5496 Cod.
2554 5443 2678 5514 Vat.
2713 5443 2872 5514 Reg.,
2918 5457 2980 5499 ea:
3019 5447 3448 5501 administratore.
3501 5441 3617 5498 Dein
3658 5431 3763 5490 idem

2241 5525 2358 5635 m2:
2398 5527 2522 5567 cum
2551 5512 2751 5582 Veron.
2782 5512 2865 5570 ls.’
2888 5514 3030 5572 delet
3072 5531 3228 5574 voces
3272 5515 3574 5578 ministerio,
3618 5518 3659 5564 el
3697 5515 3763 5574 Ρετ

2242 5598 2301 5635 Of
2341 5600 2496 5635 mem.

2242 5598 2496 5640 oratnem.

2318 5651 2336 5692 ι
2372 5654 2534 5730 Iidem
2563 5654 2679 5730 duo
2702 5656 2895 5726 codd.,
2941 5667 2985 5711 et
3031 5660 3105 5712 ita
3149 5675 3238 5730 per
3284 5656 3508 5730 singulos
3551 5645 3760 5730 gradui»:

2241 5728 2487 5800 ascendat
2509 5727 2576 5781 ad
2597 5728 2797 5783 culmen
2826 5713 3199 5800 ep'isc0patus',
3223 5735 3275 5784 et
3321 5713 3443 5784 dein
3490 5713 3578 5800 ρξᾷ
3605 5713 3763 5800 ΡσηῘΨ

2278 5797 2434 5871 radus
2446 5781 2673 5871 habent
2687 5781 2792 5871 per
2809 5781 2900 5871 iis
2914 5781 3273 5867 'pisao’tiinéi
3296 5839 3313 5866 ,
3527 5781 3634 5852 Mos
3667 5781 3764 5840 Ῡεῑ·

2296 5884 2408 5938 eg.,
2433 5869 2695 5926 habebunt
2704 5887 2804 5942 pro
2828 5869 3043 5926 habent.
