3996 6344
606 390 715 458 ⁸183

1566 395 1658 452 AD
1692 394 1929 452 OPERA
1964 395 2023 452 S.
2065 390 2310 452 LEONIS
2347 391 2558 452 MAGNI
2597 395 2962 452 APPENDIX.

3716 406 3796 466 78l

607 511 762 583 Quod
785 510 829 568 si
859 510 977 582 quis
1000 508 1208 576 fecer“,
1236 517 1260 546 ιι
1291 508 1424 564 πίει
1450 521 1509 564 se
1531 509 1674 580 apud
1691 517 2048 580 congregatos
2075 509 2182 580 epi-
2207 515 2266 574 Α
2286 517 2485 566 statuat
2513 510 2767 566 sanctitas
2788 519 2988 578 vestra,
3021 518 3079 566 ut
3108 510 3242 568 nulli
3268 511 3510 584 episcopo
3529 514 3667 572 liceat
3684 519 3793 576 slte-

603 619 804 676 scapos
835 618 932 675 pro
959 618 1025 659 eo
1053 616 1268 658 causam
1291 615 1413 658 esse
1440 599 1728 657 dicturum.
1757 601 2008 658 Universi
2037 600 2188 656 dixe-

601 706 776 754 runt:
810 695 922 751 Hoc
957 701 1232 760 statutum,
1267 699 1321 748 et
1348 706 1534 762 pacem
1573 692 1844 757 servabit,
1877 699 1933 748 et
1961 705 2188 746 concor-

599 790 750 848 dlam
777 787 1062 845 custodiet.

597 882 685 940 De
710 881 1158 939 “communicatis
1182 880 1322 951 apud
1363 880 1555 934 uicinos
1592 882 1860 951 episc0pos
1891 878 2184 934 audiendis.

672 971 837 1030 XVII.
868 973 1026 1028 Osius
1057 973 1341 1042 episcopus
1369 971 1507 1026 dixit
1556 969 1627 1025 ει)
1673 969 1812 1036 Quid
1870 985 1957 1024 me
2011 968 2185 1025 adhuc

597 1072 833 1130 moveat,
867 1065 1100 1121 reticere
1127 1080 1230 1120 non
1256 1064 1451 1120 debeo.
1492 1063 1548 1118 Si
1584 1063 1871 1133 episcopus
1900 1063 2021 1134 quis
2049 1064 2185 1118 forte

596 1159 891 1214 iracundus
928 1157 948 1232 (
974 1159 1118 1230 quod
1149 1174 1271 1215 esse
1303 1175 1410 1214 non
1437 1159 1600 1213 debet
1628 1157 1648 1227 )
1700 1158 1808 1212 cito
1838 1168 1859 1195 ε
1911 1167 1967 1212 et
1995 1171 2186 1226 aspere

595 1261 974 1308 commovetur
995 1249 1256 1306 adversus
1286 1252 1688 1321 presbyterum,
1738 1251 1851 1306 sive
1895 1250 2182 1306 diaconum

593 1357 777 1412 suum,
809 1353 866 1400 et
891 1345 1255 1400 exterminare
1281 1359 1402 1398 eum
1422 1344 1488 1399 de
1511 1343 1756 1399 Ecclesia
1778 1343 2034 1409 voluerit;
2063 1359 2184 1412 pro-

594 1435 890 1493 videndum
917 1448 1018 1502 est,
1071 1453 1138 1492 ne
1179 1437 1439 1492 innocens
1481 1437 1786 1501 damnetur,
1843 1447 1936 1491 aut
1993 1437 2183 1507 perdat

591 1528 1032 1584 communionem
1061 1545 1073 1580 ε
1100 1524 1126 1564 ἀ
1157 1537 1213 1583 et
1244 1527 1366 1583 ideo
1395 1527 1592 1583 habeat
1627 1537 1948 1598 potestatem
1980 1528 2183 1598 ejectus

591 1619 857 1675 ﬁnitimos
884 1635 1075 1690 rogare
1101 1621 1382 1690 episcopos
1412 1630 1467 1674 ut
1497 1619 1614 1687 ejus
1655 1635 1871 1676 causam
1921 1620 2178 1689 audiant,

589 1721 652 1769 et
676 1711 985 1782 diligentius
1017 1720 1275 1778 tractent;
1307 1712 1428 1782 quia
1469 1727 1576 1766 non
1623 1721 1834 1782 oportet
1874 1712 2056 1783 negari
2085 1727 2178 1766 au-

589 1803 850 1861 dientiam
885 1805 1124 1875 roganti;
1155 1815 1208 1859 et
1244 1805 1334 1859 ille
1376 1804 1685 1874 episcopus,
1724 1814 1746 1841 ⁶
1796 1804 1887 1875 qui
1923 1803 2069 1874 juste
2090 1812 2182 1857 aut

2292 603 2408 659 rius
2446 604 2678 660 civitatis
2727 605 2984 663 clericum
3029 606 3349 676 sollicitare,
3386 616 3439 663 et
3461 609 3512 664 in
3549 610 3647 666 suis
3670 626 3796 682 paro-

2291 693 2425 749 cliiis
2444 695 2716 753 ordinare.
2749 695 2998 753 Universi
3025 696 3277 754 dixerunt
3313 716 3325 752 :
3355 697 3480 766 Quia
3509 715 3586 769 ,ex
3608 700 3678 758 bis
3699 718 3795 761 ctut-

2291 786 2618 842 teutionibus
2646 788 2824 844 solent
2858 788 3008 844 nasci
3037 787 3339 856 discordiae,
3363 790 3591 862 prohibet
3607 794 3794 853 omnium

2290 877 2580 944 sententia,
2607 893 2676 934 ne
2705 879 2827 950 quis
2856 877 2960 934 hoc
2989 879 3166 936 facere
3194 879 3404 936 audeat.

2288 985 2370 1042 De
2407 1005 2511 1044 non
2541 989 2844 1046 ordinandis
2879 990 3084 1074 clericis
3118 992 3300 1073 alienis
3333 993 3443 1048 sine
3473 1009 3689 1052 consensu
3715 999 3797 1069 epi-

2941 1077 3084 1132 sc0ps
3117 1079 3216 1119 sui.

2359 1151 2500 1206 XIX.
2525 1151 2685 1208 Osius
2727 1154 3012 1224 episcopus
3042 1153 3178 1210 dixit
3209 1171 3221 1208 :
3254 1153 3322 1211 Et
3351 1155 3449 1212 hoc
3472 1156 3679 1214 universi
3701 1173 3795 1214 con-

2285 1243 2590 1310 stituimus,
2623 1253 2680 1299 ut
2708 1245 3030 1315 quicumque
3075 1261 3143 1302 ex
3175 1247 3276 1300 alia
3303 1248 3318 1298 i
3353 1248 3584 1318 parochia
3611 1249 3795 1306 alienum

2285 1338 2589 1392 ministrum
2618 1339 2735 1394 sine
2755 1337 3084 1396 conscientia
3113 1341 3199 1396 vel
3229 1341 3492 1397 voluntate
3513 1343 3586 1398 sui
3611 1343 3794 1414 episcopi

2284 1429 2515 1483 voluerit
2553 1428 2580 1467 ιί
2613 1431 2667 1485 in
2699 1431 2888 1487 ordine
2943 1445 3286 1501 promovere,
3336 1448 3439 1488 non
3477 1433 3543 1489 sit
3583 1445 3680 1489 rata
3709 1436 3795 1505 ejus

2284 1518 2572 1574 ordinatio.
2595 1520 2910 1591 Quicunque
2939 1533 3119 1578 autem
3137 1522 3241 1579 hoc
3271 1538 3522 1595 usurpare
3547 1526 3794 1598 536mm-

2283 1613 2514 1681 ptaverit
2535 1653 2550 1679 ,
2610 1611 2629 1652 1
2663 1629 2693 1669 a
2733 1615 2988 1673 fratribus
3016 1626 3071 1673 et
3095 1617 3426 1689 coepiscopis
3453 1622 3630 1676 nostris
3662 1629 3707 1678 et
3725 1621 3793 1676 ad-

2285 1707 2492 1761 moneri
2519 1707 2679 1763 debet
2701 1715 2758 1763 et
2786 1709 3002 1781 corrigi.

2496 1795 2574 1852 De
2593 1799 2792 1853 clericis
2818 1803 2902 1871 qui
2928 1800 3345 1857 Thessalonicam
3363 1804 3557 1858 veniunt
3575 1812 3628 1859 ω.

587 1899 792 1969 injuste
821 1913 942 1954 eum
974 1897 1192 1967 abjecit,
1219 1899 1485 1968 patienter
1503 1897 1766 1967 accipiat,
1787 1963 1792 1966 _
1811 1907 1867 1952 ιιι
1905 1897 2175 1968 negotium
2208 1897 2257 1958 Β
2356 1889 2476 1944 XX.
2513 1891 2696 1947 Aetius
2722 1893 3010 1963 episcopus
3039 1894 3173 1950 dixit
3203 1917 3218 1950 ε
3251 1895 3367 1950 Νοη
3398 1896 3650 1966 ignoratis,
3674 1905 3698 1933 ι
3717 1895 3789 1952 iub

587 1987 999 2056 discutiatur,et
1025 1997 1116 2044 aut
1139 1989 1394 2058 probetur
1423 1989 1538 2058 ejus
1570 1989 1976 2058 temeritas,aut
1995 2002 2180 2043 emen-

587 2076 750 2135 detur
778 2080 1067 2136 sententia.
1101 2078 1258 2134 Prius
1289 2089 1467 2135 tamen
1499 2096 1658 2150 quam
1689 2081 1872 2136 omnia
1895 2080 2180 2150 diligenter

587 2169 752 2243 525
781 2180 835 2226 et
858 2171 1088 2226 fideliter
1123 2171 1136 2208 ί
1171 2171 1370 2227 fuerint
1390 2173 1724 2238 examinata,
1755 2187 1877 2227 eum
1905 2213 1920 2239 ,
1950 2173 2039 2242 qui
2062 2171 2180 2227 fue-

583 2273 674 2320 rat
700 2280 731 2319 a
762 2266 1144 2322 communione
1173 2276 1479 2336 separatus,
1511 2276 1637 2322 ante
1662 2266 2024 2338 cognitionem
2059 2266 2180 2320 nul-

583 2353 675 2413 lus
703 2357 842 2412 alius
869 2357 1032 2414 debet
1063 2372 1419 2428 prmsumere,
1448 2367 1507 2412 ut
1540 2357 1786 2427 recipiat,
1834 2367 1888 2412 et
1939 2372 2180 2413 commu-

584 2447 1001 2504 nionisociet.8
1032 2448 1254 2504 Ilivero
1300 2448 1392 2518 qui
1441 2448 1792 2503 convenerint
1840 2448 1906 2502 ad
1953 2448 2180 2504 audien-

586 2543 747 2612 dum,
775 2545 823 2599 si
844 2543 1077 2599 viderint
1110 2543 1434 2597 clericorum
1467 2556 1588 2597 esse
1625 2540 1899 2596 fastidium
1929 2551 1984 2597 et
2002 2557 2183 2612 super-

584 2633 772 2701 biam,
812 2634 958 2706 quod
996 2651 1103 2690 non
1143 2634 1300 2690 decet
1338 2643 1396 2688 ut
1434 2633 1721 2703 episcopus
1760 2632 2037 2703 injuriam,
2092 2642 2183 2687 aut

585 2726 972 2784 contumeliam
1002 2726 1263 2794 patiatur;
1288 2723 1714 2779 'severioribus
1748 2738 1842 2779 eos
1879 2722 2062 2779 verbis
2086 2738 2179 2778 ca-

583 2817 810 2890 stigent,
842 2828 904 2873 ut
927 2817 1186 2873 obediaut
1223 2816 1448 2872 honesta
1502 2816 1837 2913 prmcipienti
1878 2815 2177 2886 episcopo;

584 2913 715 2984 quia
763 2915 901 2968 sicut
941 2912 1035 2968 ille
1076 2911 1338 2966 ministris
1387 2909 1678 2966 sincerum'
1715 2909 1973 2966 exhibere
2021 2909 2184 2965 debet

583 3018 828 3062 amorem
855 3005 1156 3071 cltaritatis,
1181 3004 1254 3058 ita
1275 3016 1490 3072 quoque
1531 3000 1762 3057 ministri
1814 3001 2052 3057 infucata
2090 2999 2184 3056 de-

582 3093 717 3159 bent
738 3098 992 3170 episcopo
1013 3113 1113 3154 suo
1140 3097 1400 3153 exhibere
1439 3096 1717 3166 obsequia.

869 3191 942 3244 De
969 3207 1073 3244 non
1101 3189 1443 3244 sollicitandis
1471 3189 1670 3242 clericis
1699 3186 1905 3242 alienis.

2288 1991 2396 2036 tres
2445 1981 2764 2051 cltarissimi,
2816 1994 3011 2055 quanta
3040 1997 3096 2041 et
3119 1986 3294 2057 qualis
3323 1987 3393 2043 sit
3432 1987 3791 2044 Thessalonicen-

2283 2072 2423 2127 sium
2481 2073 2693 2139 civitas,
2735 2083 2760 2110 θ
2789 2076 2930 2146 quod
2960 2091 3104 2148 saepe
3133 2077 3200 2131 ad
3244 2093 3364 2135 eam
3413 2079 3611 2134 veniant
3633 2095 3686 2135 ex
3707 2079 3792 2138 aliis

2285 2162 2596 2233 regionibus
2638 2164 2935 2236 presbyteri
2983 2174 3039 2222 et
3075 2166 3323 2236 diaconi,
3367 2177 3419 2224 et
3447 2184 3543 2224 non
3569 2178 3674 2224 sunt
3703 2184 3792 2223 con-

2284 2257 2440 2326 tenti,
2475 2267 2530 2311 ut
2552 2257 2702 2312 brevi
2752 2267 2997 2330 tempore
3027 2270 3328 2332 morentur,
3356 2273 3442 2317 aut
3471 2263 3701 2319 resideant
3725 2261 3790 2324 ibi,

2283 2357 2311 2397 ιι
2345 2356 2399 2403 et
2436 2349 2536 2404 nisi
2585 2365 2682 2420 per
2718 2351 2826 2406 vim
2871 2361 2992 2422 post
3030 2354 3187 2426 longa
3225 2358 3398 2425 spatia
3441 2357 3503 2412 ad
3541 2373 3624 2412 sua
3662 2355 3792 2412 redire

2282 2448 2566 2510 cogantur.
2599 2441 2840 2499 Universi
2866 2445 3121 2502 dixerunt
3150 2464 3164 2502 :
3200 2448 3280 2504 Ea
3313 2459 3559 2520 tempora,
3582 2465 3681 2521 qum
3700 2463 3790 2503 con-

2282 2537 2465 2592 Stituta
2487 2545 2612 2592 sunt
2640 2538 2782 2592 circa
2812 2540 3115 2610 episcopos,
3147 2550 3203 2596 et
3224 2551 3253 2592 (ι
3285 2542 3353 2598 ad
3379 2543 3600 2598 omnium
3624 2540 3792 2597 clerico-

2283 2643 2403 2684 rum
2434 2643 2692 2699 personas
2721 2630 2998 2688 observari
3025 2633 3239 2690 debent.

2283 2741 2361 2799 De
2391 2744 2726 2815 suscipiendis
2764 2745 2846 2801 his
2873 2748 2961 2820 qui
2994 2758 3204 2820 propter
3235 2750 3517 2820 periculum
3549 2757 3590 2804 et
3619 2761 3790 2820 persecu-

2856 2821 3042 2872 tionem
3072 2819 3303 2891 fugiunt.

2362 2908 2499 2966 XXI.
2540 2909 2700 2965 Osius
2729 2911 3014 2980 episcopus
3044 2912 3178 2967 dixit
3219 2931 3232 2966 :
3267 2912 3580 2985 Suggerente
3603 2911 3733 2967 fratre
3752 2915 3790 2965 et

2285 2999 2610 3072 coepiscopo
2660 3012 2846 3056 nostro
2885 3000 3134 3072 Olympio
3171 3003 3334 3059 etiam
3363 3005 3460 3060 hoc
3485 3003 3670 3074 placuit,
3702 2998 3790 3055 utsi

2285 3091 2477 3163 aliquis
2504 3092 2614 3146 vim
2657 3107 2940 3162 perpessus
2964 3103 3066 3161 est,
3096 3104 3152 3149 et
3178 3096 3362 3166 inique
3389 3105 3412 3134 τ
3442 3094 3665 3165 expulsus
3699 3103 3790 3161 pro-

2287 3193 2405 3256 pter
2448 3185 2750 3240 doctrinam
2799 3186 2886 3240 vel
2929 3187 3254 3243 catholicam
3311 3187 3696 3252 confessionem,
3731 3180 3789 3239 vel

649 3280 847 3338 ‘XVIII.
879 3281 1164 3338 Januarius
1193 3282 1477 3351 episcopus
1502 3279 1679 3335 dixit:
1718 3278 1734 3316 ί
1759 3279 1894 3335 Illud
1917 3288 2182 3350 praeterea
2207 3268 2254 3333 C
2287 3277 2653 3334 defensionem
2683 3279 2944 3348 veritatis,
2968 3277 3228 3351 etl‘ugiens
3257 3281 3509 3352 pericula,
3529 3279 3736 3335 innocens
3756 3281 3790 3331 et

659 3473 691 3504 ι
713 3463 851 3520 Just.
881 3463 1054 3535 codex
1078 3463 1238 3528 male,
1282 3463 1421 3535 sciat
1437 3469 1564 3535 aput
1609 3462 1906 3534 congregati
1951 3463 2180 3535 episcOpi

587 3551 785 3620 proco.
818 3533 1176 3620 .Mss..Veron.
1211 3535 1281 3590 Is.
1310 3544 1366 3590 et
1385 3533 1504 3590 Vat.
1539 3533 1721 3604 Reg.,’
1743 3540 1872 3587 sciat
1911 3533 2179 3587 se'conco-

589 3607 720 3678 catis
746 3607 1002 3678 episcopis
1030 3621 1260 3678 causam,
1283 3614 1390 3678 etc.

661 3676 690 3717 δ
723 3673 797 3734 Ita
818 3673 956 3732 Just.
981 3676 1149 3731 codex
1179 3692 1298 3732 eum
1329 3675 1448 3729 Vat.
1473 3673 1606 3743 Reg.
1630 3673 1830 3730 Veron.
1859 3675 1926 3730 Is.
1959 3683 2011 3730 et
2031 3689 2180 3730 com-

590 3749 885 3805 monitorio
913 3747 1110 3802 Zosimi
1133 3789 1147 3807 ,
1189 3749 1272 3802 cui
1320 3746 1402 3800 hic
1438 3761 1609 3800 canon
1645 3746 1877 3800 insertus
1921 3757 2002 3801 est
2037 3746 2178 3815 apud

590 3819 860 3875 Isidorum
888 3819 942 3873 in
977 3818 1205 3872 concilio
1248 3832 1300 3871 vr
1327 3816 1758 3886 Carthagiueusi.
1800 3816 1929 3872 Mss.
1975 3818 2092 3871 Vat.
2124 3825 2181 3872 et

592 3890 758 3952 Luc.,
790 3890 940 3953 Quod
967 3904 1046 3941 me
1071 3890 1242 3942 adhuc
1272 3899 1454 3941 movet.

672 3970 695 3999 ο
729 3959 872 4012 Idem
903 3957 1108 4013 Justelli
1137 3959 1261 4012 cod.
1286 3957 1481 4011 omittit
1505 3968 1574 4012 et.
1603 3956 1656 4011 In
1686 3972 1786 4012 ms.
1835 3957 1968 4013 Luc.
1998 3967 2052 4013 et
2077 3958 2181 4014 Zo-

591 4029 719 4087 simi
745 4029 1174 4092 commonitorio,
1202 4037 1290 4081 aut
1311 4043 1509 4096 aspere.

670 4099 699 4136 ἀ
726 4099 898 4154 Voces
926 4108 971 4152 et
994 4099 1108 4153 ideo
1131 4101 1182 4152 in
1227 4099 1418 4153 eodem
1459 4113 1559 4151 ms.
1597 4097 1735 4153 Just.
1779 4097 2178 4155 desiderantur.

592 4169 721 4226 Mox
745 4169 866 4233 cod.
890 4169 1048 4236 Luc.,
1071 4170 1252 4222 habeat
1275 4178 1570 4239 potestatem
1599 4169 1692 4222 iste
1735 4171 1820 4239 qui
1860 4173 2051 4239 ejectus
2073 4180 2179 4235 est,

593 4191 721 4226 mox
745 4191 866 4233 ωα.
890 4191 1048 4236 Luc.,
1071 4191 1250 4222 uaaeat
1275 4191 1570 4238 poreuatcm
1599 4191 1692 4222 ιδιε
1735 4191 1819 4239 qut
1860 4191 1886 4223 ε
1913 4191 2051 4224 εσιιιδ
2073 4191 2145 4225 εει
2163 4210 2179 4235 ,

593 4241 845 4312 ﬁnitimos
861 4255 1168 4312 congregare
1195 4241 1475 4309 episcopos.
1506 4238 1628 4312 Vat.
1662 4241 1799 4296 1542
1825 4191 2054 4306 ,λαῦραι
2090 4258 2182 4312 p0-

581 4311 831 4368 testatem
867 4313 909 4365 is
937 4313 1024 4382 qui
1051 4311 1278 4382 abjectus
1308 4320 1401 4375 est,
1434 4320 1489 4363 ut
1524 4311 1785 4382 episwpos
1827 4311 2072 4382 ﬁnitimos
2103 4315 2182 4365 in-

595 4382 846 4454 terpellet,
875 4391 922 4437 et
949 4381 1238 4454 causa’ejus
1265 4382 1526 4454 audiatur,
1559 4397 1618 4434 ac
1646 4381 1955 4454 diligentius
1996 4391 2182 4454 tracte-

595 4451 704 4508 tur.
735 4455 882 4508 Hanc
910 4451 1159 4508 eamdem
1201 4452 1490 4506 lectionem
1525 4451 1814 4520 praeferunt
1856 4453 2015 4505 codd.
2055 4452 2175 4507 Vat.

595 4521 734 4593 Reg.
759 4533 813 4577 et
838 4523 1031 4578 Veron.
1058 4524 1151 4590 ls.,
1184 4525 1285 4577 nisi
1327 4521 1473 4593 quod,
1510 4523 1714 4590 primus
1749 4522 1963 4576 exhibet
2001 4522 2181 4576 habeat

594 4592 895 4664 potestatem
926 4596 1132 4663 ejectus,
1163 4603 1238 4658 ut,
1262 4592 1401 4656 etc.;
1431 4592 1568 4648 alter
1597 4593 1942 4658 vero,habeat
1958 4603 2183 4664 potesta-

597 4661 701 4718 tem
724 4665 818 4718 iste
845 4661 1150 4734 qui‘ejectus
1180 4673 1274 4728 est,
1306 4673 1382 4728 ut,
1409 4673 1514 4718 etc.
1539 4663 1842 4720 Justelliaui
1873 4661 2071 4718 codicis
2106 4667 2181 4718 le-

595 4735 830 4790 cticaem
859 4734 1195 4790 retinuimus.

1222 4803 1419 4876 Veron.
1454 4803 1556 4871 ls.,
1595 4805 1683 4873 qui
1719 4813 1809 4859 aut
1849 4807 2013 4876 juste.
2045 4805 2180 4859 Dein
2205 4773 2262 4835 Β

593 4875 721 4932 cod.
761 4877 877 4928 Vat.
915 4875 1051 4930 1⁸542
1079 4889 1200 4929 cum
1221 4875 1338 4930 Vat.
1373 4877 1530 4945 Reg.,
1551 4876 1704 4946 etiuel
1725 4875 1963 4946 probetur
1982 4884 2183 4930 senten-

595 4949 672 5002 tia
697 4949 807 5016 ejus
829 4964 860 5000 a
889 4946 1148 5017 plurimis,
1167 4946 1244 4999 vel
1273 4945 1802 5004 emendetur.Veron.
1852 4945 1920 5001 Is.
1941 4987 1957 5012 ,
1997 4955 2052 5000 ut
2093 4957 2182 5000 aut

595 5018 840 5089 probetur
866 5017 1115 5089 sententia
1135 5020 1246 5088 ejus
1272 5033 1304 5069 a
1329 5017 1579 5086 pluribus,
1610 5026 1699 5070 aut
1725 5018 2038 5089 emendetur.

676 5088 693 5127 τ
724 5090 797 5143 Ita
847 5087 968 5142 cod.
995 5087 1124 5142 Luc.
1156 5086 1284 5141 cum
1324 5102 1430 5156 quo
1451 5089 1688 5143 concinit
1731 5088 1929 5144 Veron.
1963 5086 2034 5140 Is.
2079 5089 2179 5143 nisi

674 5161 741 5231 od
793 5159 988 5231 omittit
1033 5167 1152 5212 ante
1197 5158 1555 5231 cognitionem,
1595 5156 1743 5231 forte
1793 5159 2005 5231 melius.
2059 5159 2177 5214 Vat.

591 5175 741 5285 sitnon
793 5175 988 5214 omttttt
1033 5175 1152 5212 ante
1197 5175 1555 5231 cognitionem,
1603 5175 1743 5212 torte
1793 5175 2005 5213 melius.
2067 5175 2177 5214 vat.

635 5230 760 5297 542,
787 5230 1158 5294 examinentur,
1186 5245 1323 5294 eum,
1351 5229 1440 5300 qui
1471 5230 1627 5300 fuerit
1650 5244 1682 5300 ᾳ
1721 5229 2074 5284 communione
2097 5247 2180 5283 se-

597 5312 836 5372 paratus,
872 5311 988 5354 ante
1023 5298 1371 5372 cognitionem:
1399 5298 1572 5352 nullus
1594 5298 1738 5372 debet
1771 5315 2097 5372 prtesumere,
2129 5310 2184 5352 ut

591 5371 944 5427 communioni
977 5373 1155 5425 societ.
1192 5371 1309 5425 Vat.
1357 5371 1522 5438 Ileg.,
1557 5371 1745 5440 fuerint
1784 5371 2072 5424 examinata
2099 5373 2184 5440 qui

596 5444 1004 5498 connnunionent
1034 5457 1134 5495 non
1157 5441 1321 5505 habet,
1347 5448 1465 5492 ante
1489 5441 1826 5510 cognitionem
1849 5440 2021 5493 nullus
2043 5443 2184 5494 debet

598 5529 936 5596 prasuntere,
971 5521 1025 5566 ut
1054 5529 1168 5566 eum
1199 5511 1441 5594 recipiat,
1475 5519 1582 5564 etc.
1609 5510 1816 5596 Justelli
1843 5513 2044 5578 codex,
2075 5517 2186 5581 fue-

598 5583 705 5638 rint
744 5584 1066 5652 examinata,
1115 5583 1518 5636 communionem
1548 5596 1651 5634 non
1693 5583 1834 5634 debet
1859 5597 2182 5649 prassumere,

599 5655 762 5708 donec
783 5658 888 5723 ipse
914 5670 1027 5707 eum
1053 5654 1285 5722 recipiat,
1311 5662 1414 5708 etc.

676 5734 701 5770 Β
731 5724 867 5778 Just.
894 5725 1015 5779 cod.
1049 5739 1168 5778 cum
1198 5723 1313 5778 Vat.
1342 5723 1494 5794 Iteg.,
1525 5723 1624 5788 Qui
1645 5723 1961 5776 convenerint
1991 5733 2181 5790 autem,

599 5795 816 5848 omissis
847 5795 1062 5849 vocibus
1085 5795 1153 5847 ad
1177 5796 1507 5848 audiendum.
1546 5795 1739 5850 Veron.
1773 5794 1868 5857 ls.,
1901 5794 2179 5860 Quiautem

606 5867 923 5928 convenerint
943 5866 1010 5920 ad
1031 5863 1363 5919 audiendum.
1394 5864 1730 5924 Praetulimus
1761 5865 2040 5922 lectionem
2072 5880 2175 5920 ms.

2284 3462 2560 3536 Luc.cum
2600 3479 2707 3533 quo
2751 3465 2988 3536 concinit
3035 3463 3156 3519 Vat.
3184 3463 3350 3536 1542,
3400 3465 3498 3521 nisi
3523 3462 3642 3536 quod
3677 3457 3790 3536 liabet

2282 3532 2760 3606 conveniuntgblox
2797 3535 2850 3589 hi
2897 3535 3005 3590 duo
3059 3535 3218 3592 codd.
3275 3532 3553 3606 praeferunt
3593 3532 3788 3596 studium

2284 3619 2383 3676 pro
2408 3619 2473 3660 eo
2494 3605 2634 3674 quod
2660 3605 2795 3660 Just.
2825 3621 2945 3661 cum
2973 3610 3187 3662 czeteris
3220 3605 3382 3663 habet
3408 3606 3660 3678 fastidiunt.

2355 3671 2384 3712 ιι
2413 3675 2546 3731 Cod.
2592 3677 2725 3731 Luc.
2772 3691 2893 3731 cum
2941 3676 3138 3733 Veron.
3187 3679 3254 3731 Is.
3279 3718 3295 3733 .
3325 3678 3668 3733 austerioribus.
3704 3668 3788 3726 Mox

2532 3716 2546 3730 ο
2592 3713 2725 3731 “ubi
2772 3713 2893 3731 Dulll
2958 3713 2972 3731 V
2989 3713 3034 3732 υ·
3050 3713 3138 3733 ⁸⁷11⁸
3187 3713 3254 3731 la.
3279 3718 3295 3744 ’
3325 3713 3478 3733 ιιιιοιιι
3492 3713 3550 3731 ιυι
3563 3713 3668 3730 Ιυιοσο

2284 3746 2431 3802 solus
2457 3747 2594 3801 Just.
2613 3788 2627 3811 ,
2669 3747 2830 3801 verbis
2859 3749 3102 3818 castigari
3131 3748 3344 3816 debere,
3370 3759 3424 3802 ut
3441 3749 3788 3818 obedient.....‘tt

2283 3819 2437 3889 sicut.
2466 3818 2663 3872 Ver0u.
2695 3819 2789 3883 ls.,
2811 3820 2933 3889 quia
2959 3813 3088 3871 sicut
3115 3820 3203 3872 ille
3238 3813 3489 3873 sincerum
3523 3813 3786 3871 amoremde-

2283 3888 2361 3944 bet
2388 3887 2588 3943 clericis
2609 3887 2862 3950 exhibere,
2886 3900 2932 3943 et
2953 3890 3291 3955 charitatem;
3321 3892 3410 3954 ita,
3440 3901 3536 3945 etc.

2364 3958 2376 3996 ί
2413 3957 2495 4030 Ita
2520 3959 2655 4014 Just.
2680 3969 2730 4030 et
2765 3959 3031 4030 Vat.7Reg.
3059 3959 3254 4014 Caneri
3285 3961 3462 4026 codd.,
3487 3958 3784 4030 Illudquogut.

2284 4029 2414 4084 Dein
2462 4029 2579 4084 Vat.
2619 4029 2771 4102 I342,
2802 4039 2857 4084 et
2885 4025 3087 4102 Veron.
3123 4032 3200 4102 Is.
3251 4047 3349 4102 pro
3389 4025 3605 4086 clericum
3642 4025 3786 4102 lubeat

2282 4102 2696 4155 ecclesiasticum.
2727 4101 2846 4155 Mox
2884 4100 3081 4156 Veron.
3121 4101 3210 4167 ls.,
3235 4093 3284 4155 et
3310 4103 3364 4155 in
3383 4119 3472 4156 sua
3491 4097 3663 4154 ἄξαιςεεὶ
3683 4093 3782 4167 ordi-

2283 4187 2408 4224 nare
2429 4171 2451 4224 ἐ
2481 4173 2600 4241 quia
2623 4187 2685 4225 ea:
2705 4171 2783 4224 his
2804 4166 3210 4226 contentionibus
3229 4173 3393 4227 solent
3414 4173 3543 4226 nasci
3556 4166 3784 4241 discordia;

2283 4251 2334 4295 “
2361 4239 2769 4323 ξάεοίρτοιιὶὺει,
2803 4251 2908 4298 etc.
2958 4241 3078 4297 Vat.
3107 4244 3241 4312 Reg.
3293 4245 3487 4314 recepit
3510 4253 3553 4296 et
3574 4239 3668 4294 ideo
3697 4242 3783 4288 ante

2283 4329 2548 4438 quiahod.
2593 4384 2754 4456 Just.,
2780 4384 3080 4456 gprovincia.
3113 4383 3234 4439 Mox
3266 4385 3387 4440 Vat.
3429 4381 3554 4456 ιδιε
3593 4394 3689 4435 cum

2287 4466 2407 4534 ron.
2437 4455 2504 4510 Is.
2535 4463 2590 4509 ct
2631 4455 2745 4508 Vat.
2777 4454 2935 4525 Reg.,
2960 4457 3070 4510 sine
3089 4471 3336 4510 consensu
3361 4471 3452 4526 pro
3469 4455 3568 4508 sine
3588 4454 3781 4505 conscien-

2289 4535 2382 4576 ιτα.

2359 4592 2384 4630 ιι
2414 4595 2529 4649 Vat.
2560 4596 2719 4662 I342,
2766 4596 2820 4649 in
2853 4595 3190 4652 ordinatione.
3237 4597 3356 4652 Vat.
3397 4597 3518 4665 Reg.
3555 4602 3602 4649 et
3638 4589 3776 4643 Veron.

2284 4665 2378 4749 ls.,
2411 4667 2685 4749 ordinare,
2729 4680 2794 4721 ac
2818 4666 2940 4722 dein
2972 4669 3297 4738 usurpaverit
3327 4683 3423 4739 pro
3451 4677 3666 4735 usurpare
3689 4668 3779 4711 lem-

2285 4743 2657 4861 plalvmtcodd.
2689 4807 2830 4862 Just”.
2859 4817 2915 4864 et
2939 4808 3066 4864 Luc.
3093 4807 3285 4866 Caneri
3315 4811 3412 4866 alia
3434 4800 3777 4877 interpunctione

2282 4877 2346 4930 de
2359 4877 2624 4953 fratribus,
2640 4879 2904 4953 nimirum
2940 4882 3222 4953 quicunque
3255 4883 3318 4953 de
3342 4880 3586 4953 fratribus.

2357 4937 2405 5024 fi
2427 4937 2826 5024 Ilunc_'ti_t_ulum
2857 4937 3224 5024 tantummodo
3255 4937 3493 5024 Vo'ellus,
3523 4959 3570 5003 et
3590 4937 3775 5024 Justellus

2285 5017 2524 5075 edidere.
2571 5019 2789 5087 Reliqua
2830 5035 2896 5075 ex
2922 5023 3119 5077 nostris
3167 5023 3434 5078 codicibus
3474 5017 3772 5088 supplevimus.

2356 5098 2384 5126 ιι
2411 5089 2579 5144 Codd.
2623 5089 2745 5143 Vat.
2797 5091 2927 5160 Reg.
2975 5101 3029 5147 et
3060 5091 3260 5148 Veron.
3307 5094 3376 5150 Is.
3423 5093 3638 5162 ignorant
3664 5088 3773 5135 voces

2283 5159 2470 5230 frafres
2496 5161 2804 5215 charissimi.

2361 5240 2399 5315 °_
2417 5231 2580 5315 Iidem
2627 5232 2810 5298 codd.,
2855 5249 2987 5305 saepe
3015 5235 3084 5288 ad
3103 5251 3212 5290 eam
3245 5235 3484 5309 (Veron.,
3509 5230 3569 5286 ad
3591 5215 3775 5283 eamdem}

2289 5314 2510 5358 veniunt.
2694 5339 2696 5342 ν

2361 5383 2388 5423 P
2419 5375 2477 5448 I_t_t
2505 5373 2694 5448 iisdem
2716 5389 2873 5442 mss.,
2900 5386 2986 5430 aut
3012 5387 3146 5432 certe
3164 5378 3248 5432 vix
3271 5387 3380 5448 post
3406 5377 3560 5448 longa:

2362 5454 2389 5493 (ι
2419 5444 2617 5499 Veron.
2652 5445 2745 5508 ls.,
2799 5431 3011 5500 et'circa
3046 5431 3229 5502 horum
3265 5431 3511 5516 personas".
3543 5439 3642 5493 Vat.
3663 5431 3772 5495 Βοῦν

2292 5521 2339 5567 et
2365 5516 2640 5590 ad__horunt
2663 5532 2902 5583 personas
2927 5519 3175 5590 pertinere
3192 5521 3390 5573 debent.
3644 5576 3670 5590 Α,
3711 5570 3751 5590 ,_,_

2367 5595 2387 5622 τ
2422 5585 2543 5640 Vat.
2591 5570 2756 5655 Re'g”
2785 5570 3168 5658 expulsusﬂpro
3507 5592 3550 5658 et
3588 5570 3774 5658 callidi-ff“

2294 5653 2609 5730 defensione,
2626 5647 3010 5726 etvconfessione
3029 5647 3267 5714 raritatis.
3297 5647 3482 5730 Veron.
3506 5655 3564 5730 Is.
3583 5647 3769 5730 gollcjfl'jf

2294 5712 2394 5780 nisi
2424 5727 2567 5800 quod
2597 5712 2696 5796 pro
2725 5739 2772 5800 et
2791 5712 3095 5800 'utrobique
3117 5712 3274 5786 liabet
3300 5712 3393 5783 vel.
3422 5726 3526 5781 Mox
3554 5720 3598 5776 bi
3619 5712 3770 5771 caduci

2291 5810 2412 5853 cum
2439 5797 2596 5854 Dion.
2626 5797 2918 5870 praferunt
2941 5797 3151 5858 devotus
3181 5815 3275 5873 pro
3303 5800 3564 5855 devolutus.

2247 5982 2348 6002 ‘_‘.
