3996 6344
218 402 309 460 785
1222 397 1463 458 PRISCA
1499 401 1830 465 CANONUM
1868 410 2098 473 EDITIO
2136 419 2408 480 LATINA.

3361 435 3471 494 786

217 515 468 576 devolutus
495 511 558 568 ad
601 512 756 567 aliam
786 512 995 569 venerit
1031 521 1302 570 civitatem
1336 525 1388 586 ⁸,
1435 531 1542 573 non
1590 520 1773 590 prohi-
1797 525 1850 584 Α
1949 530 2112 587 XVII.
2139 535 2221 590 De
2244 538 2542 595 mulieribus
2567 556 2683 607 quia
2711 557 2766 596 se
2782 544 3009 598 tondent.

215 611 380 669 bcatur
403 605 690 673 demorari,
721 606 952 676 quandiu
1002 620 1093 662 aut
1137 608 1318 664 redire
1355 612 1626 682 potuerit,
1678 625 1772 672 aut

216 703 381 773 injuria
409 699 520 770 ejus
549 699 841 754 remedium
869 700 1123 770 accipiat;
1155 703 1277 772 quia
1306 703 1500 758 durum
1529 714 1616 762 est
1644 721 1768 762 eum

215 797 288 869 qui
334 792 748 864 persecutionem
780 793 1005 860 patitur,
1039 808 1147 848 non
1178 795 1341 865 tecipi
1365 837 1379 862 ,
1413 798 1507 852 sed
1531 799 1694 855 etiam
1719 809 1770 858 et

217 888 335 960 larga
360 886 722 943 benevolentia
752 895 806 940 et
834 886 1139 942 humanitas
1169 897 1252 942 est
1281 890 1328 944 ei
1361 890 1696 948 exhibenda.

270 981 414 1056 527
444 978 468 1018 δ
498 978 686 1034 Omnis
730 979 967 1050 synodus
1004 980 1260 1037 dixerunt
1292 999 1305 1035 :
1341 982 1606 1040 Universa
1651 1001 1772 1056 quae

212 1073 468 1131 constituta
494 1079 638 1138 sunt,
670 1070 936 1128 catholica
964 1071 1210 1129 Ecclesia
1257 1074 1311 1130 in
1345 1075 1601 1133 universo
1639 1078 1772 1134 orbe

219 1167 379 1224 Jill‘usa
405 1165 691 1222 custodiet.

269 1259 324 1315 Et
352 1257 779 1328 subscripserunt
803 1259 891 1330 qui
921 1269 1292 1318 convenerant

267 1352 407 1410 Osius
435 1351 501 1408 ab
528 1351 724 1423 Spania
754 1352 1119 1411 Cordubensis
1150 1365 1199 1411 ε.

265 1509 586 1570 INCIPIUNT
620 1511 963 1572 CAPITULA
997 1529 1254 1570 canonum
1294 1515 1692 1590 Gangrensium.

262 1649 298 1704 I.
322 1647 393 1703 De
420 1648 497 1702 his
525 1649 617 1719 qui
645 1647 1006 1703 abominantur
1035 1650 1258 1705 nubtias.

259 1741 318 1796 II.
345 1739 417 1794 De
437 1741 514 1795 his
535 1736 564 1778 δ
593 1741 681 1812 qui
711 1757 888 1797 carnes
917 1743 1298 1800 abominantur.

259 1837 338 1892 III.
370 1835 445 1891 De
471 1837 632 1892 seruis
652 1838 740 1908 qui
765 1848 788 1875 ε
820 1839 1054 1893 dominos
1080 1847 1430 1897 contemnunt.

259 1927 338 1983 IV.
362 1925 433 1982 De
459 1927 770 1999 presbyteris
797 1931 990 2002 nuptis.

263 2019 318 2074 V.
342 2020 412 2076 De
433 2022 510 2076 his
541 2025 629 2089 qui
655 2020 674 2060 ί
700 2024 925 2079 ecclesia:
953 2026 1376 2098 congregationes
1399 2027 1690 2086 huntiliant.

259 2111 334 2168 VI.
366 2113 438 2168 De
463 2112 545 2170 his
567 2115 654 2184 qui
675 2124 821 2170 extra
844 2117 1110 2172 ecclesiam
1136 2131 1464 2191 congregant.

261 2206 358 2263 VII.
385 2205 458 2263 De
486 2206 832 2264 oblationibus
859 2209 1104 2265 Ecclesia:
1131 2220 1180 2266 8.

258 2299 375 2356 VIII.
405 2298 435 2338 ιι
465 2299 544 2357 De
571 2302 651 2357 his
679 2319 794 2372 qua:
819 2304 1130 2376 pauperibus
1147 2306 1510 2377 conferuntur.

258 2395 337 2450 IX.
364 2395 438 2451 De
459 2399 757 2467 uirginitate
781 2408 829 2452 et
852 2398 1181 2456 abstinentia.

260 2488 317 2543 Χ.
345 2486 359 2526 ί
386 2487 460 2545 De
482 2491 633 2545 elatis
664 2501 875 2561 propter
904 2509 1086 2548 nomen
1113 2493 1443 2565 virginitatis.

259 2579 339 2636 XI.
360 2581 433 2638 De
453 2581 532 2637 his
560 2585 653 2654 qui
673 2600 864 2654 agapes
884 2585 1129 2661 inrident.

259 2671 360 2729 XII.
388 2673 460 2728 De
481 2676 565 2730 his
587 2677 675 2746 qui
702 2677 758 2730 in
783 2677 944 2746 pallio
983 2677 1293 2748 gloriantur.

257 2766 381 2822 XIII.
411 2768 484 2825 De
513 2770 683 2845 [Lege
715 2771 1034 2845 mulieribus]
1060 2775 1295 2830 mulieres
1321 2791 1434 2848 qua:
1469 2776 1606 2832 virili
1636 2787 1765 2833 veste

201 2867 322 2914 IIII!!!
327 2878 402 2916 ur.

256 2951 382 3008 XIV.
403 2953 477 3009 De
501 2955 585 3008 his
606 2971 721 3026 qua:
740 2956 805 3011 de
834 2957 1027 3029 nuptiis
1062 2957 1075 3008 i
1108 2959 1372 3017 recedunt.

257 3040 358 3098 XV.
380 3044 454 3098 De
491 3047 576 3099 his
619 3046 707 3118 qui
747 3050 1074 3103 excusatione
1111 3047 1376 3121 religionis
1419 3049 1552 3120 ﬁlios
1600 3048 1761 3106 relin-

200 3146 356 3204 quant.

258 3199 412 3300 523‘
432 3226 572 3286 XVI.
600 3229 678 3286 De
695 3231 776 3287 his
797 3233 885 3304 qui
905 3236 1169 3292 occasione
1190 3235 1451 3308 religionis
1475 3237 1764 3308 despiciunt

199 3334 423 3393 parentes.

256 3495 279 3523 ⁸
303 3488 392 3564 Iis.
425 3489 540 3546 Vat.
582 3490 715 3564 Reg.
749 3490 898 3547 addit
919 3491 1022 3547 sive
1046 3493 1332 3564 episcopus,
1357 3493 1458 3564 sive
1474 3492 1758 3561 presbyter,

198 3566 270 3634 init
303 3561 557 3616 diaconus.
617 3563 746 3617 Dein
776 3578 895 3634 ipro
930 3561 1160 3634 potuerit
1202 3561 1322 3616 eod.
1376 3563 1505 3618 Luc.
1553 3565 1758 3634 poterit.

199 3626 358 3702 Postea
401 3637 654 3705 acceperit
690 3635 740 3687 in
774 3633 897 3688 Vat.
928 3626 1062 3703 Reg.
1092 3642 1148 3688 et
1191 3634 1390 3688 Veron.
1420 3634 1514 3699 Is.,
1546 3626 1634 3703 qui
1662 3649 1757 3702 po-

196 3709 419 3775 stremus,
439 3704 624 3759 deleto
643 3705 785 3775 quia,
808 3705 887 3760 sic
909 3706 1276 3774 prosequitur:
1302 3705 1486 3758 durum
1507 3715 1581 3759 est
1604 3707 1759 3770 enim,

195 3773 266 3848 qui
303 3773 693 3848 persecutionem
735 3777 1022 3848 patiuntur,
1069 3773 1174 3848 non
1203 3777 1381 3847 recipi.
1419 3775 1586 3830 Etiam
1613 3777 1762 3848 larga

194 3841 558 3902 benet'olentia..
573 3888 608 3903 ..
621 3885 634 3900 .
659 3841 744 3901 est
760 3847 831 3901 eis
851 3841 1158 3902 exhibenda.

253 3912 275 3951 δ
305 3914 421 3987 "me
451 3919 727 3986 periodus,
762 3934 880 3987 qua:
907 3918 1102 3984 legitur
1128 3919 1179 3972 in
1212 3917 1410 3974 nostris
1434 3933 1565 3973 mss.
1598 3917 1759 3972 codd.

195 3978 460 4058 Va_t_.t349.
503 4000 559 4045 et
609 3978 737 4045 Luc'.
780 3978 858 4044 ’88
887 3978 1138 4043 editionis
1185 3989 1404 4058 priscae.
1441 4005 1535 4044 nec
1570 4004 1674 4043 non
1706 3992 1759 4045 in

192 4051 408 4128 Vallicel.
438 4062 502 4114 Α.
534 4058 570 4112 5
594 4102 608 4124 ,
635 4076 695 4114 ac
725 4060 775 4114 in
818 4059 1029 4115 cmleris
1056 4051 1388 4115 collectionis
1421 4060 1758 4128 Iladrianem,

192 4126 507 4202 omittitur-in
539 4131 664 4186 Vat.
697 4131 826 4199 Reg.
870 4139 924 4184 et
955 4129 1151 4185 Veron.
1184 4130 1279 4197 ιε..
1305 4134 1354 4186 in
1378 4132 1570 4202 quibus
1599 4126 1760 4184 cano;

192 4208 274 4251 nes
299 4200 643 4256 Sardicenses
672 4212 792 4255 cum
825 4203 1055 4256 Nivmnis
1071 4200 1409 4270 copulantur,
1446 4217 1543 4256 nec
1574 4218 1678 4257 non
1705 4204 1756 4257 in

190 4271 563 4341 exemplaribus
617 4274 732 4326 Vat.
769 4274 910 4328 5845
959 4283 1012 4326 et
1058 4272 1180 4326 Vat.
1236 4273 1405 4326 Palat.
1455 4274 1590 4337 577,
1630 4289 1760 4341 pure

191 4336 504 4414 Dionj~ianis
537 4385 551 4408 ,
584 4359 826 4414 quorum
881 4343 1173 4414 clausulam
1235 4344 1479 4399 dedimus
1526 4336 1642 4399 not.
1690 4346 1760 4399 78

191 4407 387 4532 {scalpraz
430 4414 533 4468 col.
567 4407 822 4482 Hl,not.
855 4414 904 4485 ο)
949 4413 1000 4469 in
1032 4416 1238 4484 caputI
1277 4414 1623 4486 praecedentis
1648 4416 1760 4470 col-

212 4495 236 4532 e
289 4499 438 4532 Imus.

212 4483 438 4539 CCIIUIIIS.

253 4562 273 4590 ο
305 4553 426 4610 Ιιειξε
453 4563 662 4611 tantum
690 4557 1016 4623 subscriptio
1054 4555 1194 4612 edita
1224 4565 1305 4610 est
1326 4572 1352 4609 a
1385 4566 1533 4626 patre
1560 4556 1760 4613 Mansio

190 4635 245 4674 ex
271 4626 450 4682 codice
491 4628 743 4683 Lucensi.
796 4627 849 4682 ln
897 4628 1154 4682 Vaticano
1205 4635 1382 4680 autem
1455 4628 1590 4682 1542
1639 4629 1760 4682 alias

191 4693 594 4765 subscriptiones
639 4699 992 4764 sub;iciuntur
1023 4713 1142 4753 cum
1174 4697 1489 4752 Iladrianeis
1545 4714 1673 4754 mss.
1705 4710 1760 4755 et

189 4764 396 4838 vulgatis
444 4768 810 4824 Conciliorum
852 4770 1217 4835 concinentes,
1257 4784 1375 4838 quae
1406 4770 1602 4822 desunt
1645 4779 1754 4825 tum

188 4831 450 4912 itilirzcco,
478 4848 592 4895 tum
634 4841 685 4894 in
721 4840 869 4910 puris
916 4841 1150 4912 Dionysii
1185 4831 1582 4912 exemplaribus
1612 4857 1626 4894 :
1663 4858 1754 4896 ex-

187 4908 382 4983 scripta:
426 4925 557 4967 vero
597 4908 890 4966 noscuntur
936 4927 1000 4966 ex
1041 4908 1147 4983 alio
1186 4911 1512 4965 documento
1561 4914 1752 4983 synodi

187 4971 506 5050 Sardtcensis
551 4983 690 5050 apud
723 4983 1004 5046 Hilarium,
1058 4982 1126 5037 ita
1163 4991 1342 5036 tamen
1375 4991 1428 5034 nl
1455 4971 1752 5038 alius'ordo

187 5049 540 5120 episcoporum
591 5049 837 5108 inductus
868 5056 956 5114 sit,
1002 5068 1065 5108 ac
1115 5053 1284 5108 tribus
1329 5054 1594 5120 episcitpis
1635 5066 1753 5117 post

187 5115 690 5194 0Sintiisubscriptis
711 5124 1284 5192 Vincentioﬂapuano,
1309 5115 1594 5190 Galepodio
1618 5115 1753 5179 Nca-

188 5189 424 5260 politano,
458 5208 523 5249 ac
555 5189 808 5255 Januario
836 5189 1235 5260 Beneventano,
1261 5189 1594 5250 Sardircnsis
1623 5211 1752 5250 con-

187 5257 291 5338 cilii
313 5263 559 5338 Patribus
581 5265 764 5319 titulus
791 5266 998 5321 allictus
1029 5266 1186 5321 fuerit
1215 5257 1409 5338 legatus
1434 5277 1624 5338 sancta:
1653 5267 1752 5320 Ec-

188 5326 336 5398 clesiae
374 5335 661 5398 Romanis;
691 5351 809 5391 cum
840 5339 892 5391 in
941 5353 1006 5390 eo
1031 5326 1668 5392 conciliovArcli‘damum
1700 5349 1754 5394 et

187 5396 519 5478 Pliilmtenum
553 5396 804 5461 Romana:
855 5407 1110 5464 Ecclesia.-
1145 5409 1507 5478 presbyteros,
1537 5417 1590 5462 et
1623 5410 1755 5463 Leo-

187 5481 292 5548 neat
321 5474 605 5548 diaconum
640 5479 926 5548 apostolica
960 5474 1222 5548 legatione
1251 5474 1414 5534 fui~sc
1445 5481 1651 5534 functos
1679 5495 1750 5535 ex

186 5539 291 5594 aliis
320 5546 658 5602 documentis
676 5539 1046 5604 'certissimum
1083 5551 1170 5604 sit.
1218 5551 1396 5604 Codex
1441 5550 1560 5605 Vat.
1590 5567 1750 5605 unum

186 5613 476 5691 episcopum
506 5629 762 5691 praeterea
790 5621 956 5686 addit,
981 5623 1069 5690 qui
1095 5621 1234 5691 apud
1259 5621 1514 5675 Hilarium
1539 5621 1752 5678 deside-

185 5689 352 5746 mlll‘:
407 5702 472 5761 ac
519 5697 641 5757 post
679 5690 921 5745 ultimum
972 5689 1280 5761 episcopum
1321 5691 1590 5748 concludit
1636 5711 1648 5746 :
1705 5702 1750 5746 et

185 5761 352 5835 ueteri
383 5759 808 5835 subscripserunt.
859 5759 1310 5835 Videtractatum
1356 5772 1490 5832 part.
1543 5779 1580 5828 t,
1611 5778 1660 5818 c.
1689 5765 1745 5835 77,

187 5820 278 5903 ubi.
306 5829 462 5903 plura
509 5820 1003 5903 de'Sardicensium
1035 5833 1250 5889 Patrum
1278 5820 1502 5890 nuinero
1540 5820 1601 5889 ac
1622 5820 1749 5891 sub;

188 5899 555 5966 scriptionibus
585 5901 932 5960 disseruntur.

1785 4803 1840 4864 D

1952 622 2134 680 XVIII.
2169 627 2244 683 De
2271 630 2350 684 his
2382 633 2471 701 qui
2502 635 2711 706 jejunio
2750 637 3090 692 ecclesiastica
3118 648 3466 701 contemnunt.

1951 715 2092 771 XIX.
2127 716 2205 772 De
2230 721 2310 776 his
2331 723 2420 793 qui
2441 723 2698 781 dominico
2723 728 3063 801 diejejunant

1950 808 2068 864 XX.
2100 810 2177 868 De
2203 813 2283 869 Itis
2305 815 2394 886 qui
2423 817 2782 876 abominantur
2809 831 3088 895 martyrum
3117 828 3466 900 congregatio-

1875 918 1962 957 nes
1968 930 2000 958 ο·

2262 1001 2575 1063 CANONES
2603 1007 3077 1068 GANGRENSES.

1876 1107 2117 1166 Dominis
2139 1108 2541 1202 lionorabilibus
2564 1119 2615 1174 in
2639 1122 2892 1202 Armenia
2939 1125 3242 1184 constitutis
3259 1130 3463 1190 sanctis
3517 1138 3535 1151 '

2430 1197 2486 1243 et
2510 1194 2910 1249 comministris.

1950 1274 2236 1344 Eusebius,
2270 1279 2510 1349 Elianus,
2542 1284 2833 1356 Eugenius,
2878 1288 3188 1362 Olympius,
3217 1293 3243 1334 κ
3270 1297 3459 1370 Bythi—

1873 1367 2046 1463 nicas,
2077 1369 2390 1442 Gregorius,
2419 1371 2437 1412 ι
2464 1375 2756 1442 Feliculus,
2780 1380 2975 1452 Papus,
2999 1384 3256 1455 Eulalius,
3283 1367 3462 1463 liypa-

1873 1459 2003 1527 tius,
2030 1469 2067 1498 ω
2091 1463 2424 1533 Proeresius,
2455 1467 2698 1536 Basilius,
2729 1470 2946 1542 Bassus,
2971 1475 3261 1547 Eugenius,
3290 1459 3460 1537 IIem-

1874 1553 2029 1620 clius,
2061 1556 2153 1625 qui
2191 1569 2562 1617 convenerunt
2591 1563 2645 1618 in
2676 1576 2918 1623 sanctam
2953 1571 3218 1641 synodum
3249 1573 3303 1630 in
3327 1576 3460 1632 civi—

1871 1654 2034 1702 tatem
2063 1648 2451 1722 Gangrensem.

1941 1741 2205 1811 Quoniam
2229 1761 2550 1822 congregata
2579 1761 2662 1809 est
2688 1763 2870 1811 sancta
2909 1758 3148 1830 synodus
3180 1763 3462 1834 episcopm

1871 1850 2142 1931 rumraput
2166 1840 2538 1912 Gangrensem
2559 1845 2717 1919 [Lege
2747 1849 3040 1907 Ecclesiam
3068 1855 3332 1931 sanctam]
3359 1858 3463 1915 Ec-

1795 1923 1847 1987 Β
1873 1929 2054 1986 clesia:
2081 1942 2284 1989 sanctae
2308 1943 2337 1971 ιι
2369 1945 2588 2007 propter
2616 1939 2822 2010 aliquas
2851 1958 2970 2010 quas
3002 1959 3138 2014 opus
3170 1923 3331 2017 sunt:
3357 1949 3463 2006 Ec-

1869 2023 2048 2079 clesia:
2075 2028 2446 2094 necessitates,
2479 2029 2832 2088 discutientes
2853 2050 2974 2106 qua:
3001 2040 3296 2096 secundum
3342 2041 3457 2098 Eu-

1869 2116 2087 2170 statium
2111 2117 2452 2176 inveniantur
2471 2121 2646 2188 aliqua
2667 2123 2982 2196 indisposita
3009 2136 3034 2164 ο
3055 2130 3278 2197 plurima
3297 2132 3458 2200 facta,

1868 2210 2086 2265 omnino
2115 2216 2418 2270 necessarie
2447 2213 2728 2286 disposuit,
2759 2231 2814 2274 et
2839 2221 3089 2278 omnibus
3111 2223 3458 2283 manifestum

1866 2304 2042 2360 facere
2071 2305 2300 2361 celerius
2348 2307 2648 2380 festinavit,
2681 2321 2740 2367 ut
2766 2312 3077 2370 auferantur
3124 2319 3305 2373 omnia
3334 2334 3458 2389 qua:

1866 2398 1935 2454 ab
1965 2397 2042 2453 eis
2066 2400 2205 2455 male
2237 2399 2397 2466 ﬁunt;
2430 2403 2552 2472 quia
2583 2403 2636 2458 in
2659 2419 2725 2459 eo
2753 2406 2894 2474 quod
2922 2416 3108 2463 vetant
3139 2411 3378 2479 nubtias,
3400 2420 3458 2468 et

1853 2489 2077 2558 dicunt,
2111 2493 2234 2562 quia
2266 2494 2446 2549 nullus
2473 2495 2564 2566 qui
2603 2496 2908 2553 nubtiartnn
2940 2499 3186 2570 coniugia
3230 2501 3303 2558 sit
3332 2515 3458 2558 sor-

1868 2583 2026 2651 titus,
2076 2601 2224 2655 spem
2273 2591 2441 2656 possit
2491 2589 2558 2644 ad
2614 2589 2780 2645 Deum
2823 2591 3057 2662 habere,
3103 2595 3287 2652 multis
3330 2611 3456 2652 mu-

1867 2676 2029 2733 lie‘res
2065 2681 2328 2735 maritatas
2378 2682 2617 2738 seducta:
2655 2696 3000 2742 recesserunt
3044 2701 3076 2742 a
3123 2690 3238 2744 suis
3283 2690 3456 2758 viris,

1866 2779 1922 2825 et
1952 2771 2048 2826 viri
2090 2786 2121 2826 a
2151 2774 2262 2828 sitis
2306 2775 2618 2831 mulieribus
2646 2822 2660 2845 ,
2713 2789 2740 2828 Ρ
2791 2789 2843 2834 et
2897 2782 3277 2851 postmodum,
3329 2798 3456 2843 cum

1868 2863 2030 2935 529
2055 2878 2159 2918 non
2199 2875 2417 2933 possent
2440 2866 2693 2935 suli'erre,
2723 2869 3038 2928 adulterata:
3066 2883 3210 2940 sunt,
3240 2882 3297 2930 et
3321 2891 3457 2944 pro-

1865 2964 1986 3027 pter
2015 2960 2152 3011 hanc
2177 2971 2392 3011 causam
2442 2959 2803 3028 opprobriatae
2851 2971 2996 3018 sunt.
3038 2963 3456 3023 Inveniebantur

1866 3049 2010 3106 enim
2039 3057 2094 3105 et
2115 3059 2142 3100 (ι
2169 3049 2485 3106 secedentes
2513 3066 2542 3104 a
2570 3052 2732 3107 domo
2761 3052 2853 3108 Dei
2891 3062 2946 3109 et
2972 3053 3041 3109 ab
3075 3056 3315 3113 Ecclesia
3341 3097 3356 3123 ,
3400 3069 3457 3115 et

1865 3143 2261 3200 contemnendo
2302 3143 2623 3200 videbantur
2664 3154 2849 3201 contra
2883 3146 3183 3203 Ecclesiam
3211 3148 3458 3219 proprias

1867 3237 2310 3308 congregationes
2333 3237 2612 3304 facientes,
2645 3247 2699 3293 et
2727 3239 3140 3295 convocationes
3172 3249 3229 3296 et
3255 3239 3458 3296 doctri-

1788 3303 1836 3370 θ
1869 3343 1964 3385 nas
1995 3340 2017 3368 τ
2051 3329 2184 3386 alias
2220 3339 2406 3385 contra
2451 3329 2868 3385 ecclesiasticam
2920 3329 3220 3387 doctrinam
3243 3373 3259 3400 ,
3299 3332 3374 3388 ita
3397 3339 3460 3389 ut

1938 3489 1964 3527 ἀ
1998 3489 2070 3546 Ita
2089 3491 2210 3546 cod.
2247 3490 2370 3546 Vat.
2399 3483 2618 3562 _Regintie
2642 3490 2801 3556 I997,
2831 3490 2952 3546 cum
2975 3507 3080 3562 quo
3101 3491 3264 3547 liosce
3288 3507 3458 3548 cano-

1869 3575 1966 3616 nes
1992 3563 2334 3617 contulimus.
2383 3560 2518 3617 Cod.
2567 3562 2706 3617 Just.
2759 3560 3005 3618 concinit
3043 3563 3095 3617 in
3149 3562 3307 3618 titulo
3352 3563 3457 3632 ipsi

1867 3637 2061 3688 canonl
2118 3632 2339 3688 interius
2391 3637 2642 3702 praeﬁxo;
2692 3639 2749 3687 at
2795 3633 2849 3688 in
2898 3634 2998 3688 hac
3043 3633 3221 3689 tabula
3278 3633 3457 3691 minus

1866 3714 2013 3759 recte
2045 3721 2058 3758 :
2088 3705 2173 3772 qui
2194 3704 2559 3758 abominantur
2580 3705 2756 3767 edens,
2787 3706 2864 3758 uel
2892 3705 3116 3759 minime.

1940 3783 1965 3845 τ
2003 3775 2150 3845 Idem
2176 3790 2279 3832 nts.
2321 3774 2468 3845 addit
2495 3775 2824 3829 excusatione
2843 3776 2986 3845 ﬁdei.

1943 3843 1962 3881 ί
1996 3844 2140 3901 Idem
2166 3848 2287 3900 cod.
2321 3844 2606 3900 Ecclesiam
2635 3843 2900 3914 spernunt.

1940 3926 1967 3998 εξ
1986 3915 2395 3998 «Ιυειςμίεοόει
2435 3924 2492 3971 et
2527 3917 2634 3998 hic,
2661 3926 2714 3973 et
2742 3918 2793 3971 in
2828 3918 2984 3973 titulo
3011 3917 3457 3998 canotiipreﬁso

1864 3987 2013 4059 addat
2041 3989 2173 4042 nulli
2201 3989 2351 4042 liceat
2379 3997 2689 4042 commutare
2718 4004 2737 4042 :
2767 4004 2899 4059 quas
2934 4003 3097 4045 voces
3125 3989 3317 4044 melius
3345 4004 3453 4046 ms.

1867 4057 1986 4130 Vat.
2006 4060 2147 4130 Reg.
2175 4059 2461 4130 utrobique
2491 4059 2768 4130 expungit.

1936 4126 1966 4166 ¹ι
1989 4126 2126 4186 ιιιειῖ
2163 4128 2241 4185 De
2261 4147 2340 4193 ea.
2363 4126 2475 4198 qua:
2495 4133 2547 4185 in
2563 4126 2900 4201 pauperibus,
2931 4134 3090 4188 male.
3109 4131 3456 4189 Correximus

1865 4213 1986 4255 cum
2012 4210 2198 4256 nostro
2228 4203 2436 4256 codice.

1942 4269 1957 4308 ί
1997 4272 2190 4327 Noster
2222 4273 2414 4334 codex.
2450 4271 2525 4324 De
2562 4271 2642 4326 his
2667 4273 2754 4339 qui
2783 4289 2838 4327 se
2863 4273 3134 4328 extollunt.

1940 4342 1954 4392 i
1992 4343 2063 4397 Ita
2098 4354 2282 4398 noster
2309 4343 2474 4399 codex
2500 4351 2553 4395 et
2580 4343 2666 4397 hic
2687 4353 2742 4396 et
2767 4342 2900 4396 intra
2929 4353 3054 4397 ante
3079 4344 3254 4407 ipsum
3286 4358 3455 4399 cano-

1865 4427 2010 4468 nem.
2062 4414 2157 4468 Ms.
2204 4413 2340 4468 Just.
2401 4412 2636 4466 concinit
2667 4417 2718 4464 in
2768 4414 2920 4466 titulo
2969 4414 3219 4476 canonis;
3273 4426 3326 4468 at
3367 4415 3456 4470 hic

1865 4485 2024 4539 habet
2072 4485 2295 4555 fugiunt.
2350 4483 2482 4555 Dein
2530 4484 2581 4555 in
2614 4491 2799 4555 nostro
2831 4497 2932 4555 ms.
2978 4483 3104 4538 XV:
3152 4483 3229 4540 De
3258 4484 3338 4538 his
3363 4488 3456 4555 qui

1865 4564 2011 4624 natos
2034 4553 2345 4624 relinquunt.
2369 4553 2513 4607 XVI:
2541 4553 2613 4606 De
2635 4553 2758 4618 ﬁliis
2772 4554 2858 4622 qui
2882 4565 3116 4622 parentes
3143 4553 3454 4623 despiciunt.

1937 4623 2145 4693 ‘FJttst.,
2181 4623 2486 4693 Bythimius.
2505 4624 2940 4693 jﬁtttemiavitnus
2965 4641 3085 4678 cum
3117 4641 3301 4682 IIOnII‘O
3327 4624 3452 4683 cod.

1944 4692 1962 4733 ι
1996 4696 2128 4752 Cod.
2155 4692 2277 4750 Vat.
2303 4695 2459 4763 Reg.,
2494 4692 2766 4747 Felicitus.
2801 4694 2988 4749 Verius
3018 4694 3234 4752 Filetus.

1936 4776 1974 4803 η’
2004 4768 2076 4821 Ita
2105 4767 2296 4822 melius
2343 4774 2525 4819 noster
2551 4767 2672 4819 cod.
2707 4780 2866 4834 quam
2894 4767 3034 4834 apud
3064 4769 3200 4822 Just.
3234 4767 3457 4823 Proere-

1865 4839 1985 4909 tius.
2019 4839 2135 4893 Mox
2160 4854 2224 4891 ex
2250 4839 2438 4909 eodem
2464 4836 2587 4909 cod.
2621 4836 2916 4905 adjecintus
2961 4835 3175 4906 Bassus,
3207 4842 3294 4909 qui
3320 4854 3454 4894 sane

1863 4908 1915 4963 in
1948 4909 2135 4964 Graeco
2161 4917 2216 4964 et
2235 4909 2288 4962 in
2317 4907 2442 4962 Isid.
2464 4907 2677 4975 legitur.

1935 4989 1960 5015 ιι
1990 4980 2131 5036 Just.
2179 4993 2304 5043 ms.,
2353 4989 2561 5050 prapter
2601 4977 2777 5042 aliqua
2805 4977 2882 5032 vel
2921 4993 3048 5049 opus
3087 4987 3230 5042 sunt,
3260 4977 3336 5030 vel
3358 4995 3456 5049 pro

1864 5049 2108 5129 Ecclesia:
2139 5049 2482 5106 necessitates.
2526 5050 2927 5129 correctionem
2965 5049 3324 5120 suppeditavit
3357 5067 3457 5104 tio-

1860 5133 1973 5177 stcr
2000 5122 2190 5178 codex.

1936 5201 1960 5228 °
1991 5195 2152 5259 Just.,
2185 5193 2462 5261 plurimum
2518 5193 2654 5261 facta
2702 5192 2905 5245 omnino
2943 5191 3242 5263 necessaria;
3284 5191 3454 5263 [Lege

1864 5263 2079 5337 nefarie]
2102 5263 2914 5337 disposita,ut_auferantur,etc.
2948 5262 3363 5337 Emendavimus
3396 5275 3453 5337 et

1853 5335 2221 5405 supplevimus
2260 5336 2401 5405 quod
2441 5335 2627 5405 deerat
2660 5347 2730 5405 ex
2779 5342 2976 5405 nostro_
3021 5347 3119 5386 ms.
3155 5335 3317 5405 cod._._
3355 5335 3448 5403 qui

1859 5401 2042 5476 postea
2085 5401 2292 5460 omittit
2333 5407 2526 5460 omnia.
2569 5403 2710 5476 _Dein
2756 5417 2822 5457 ex
2878 5401 3069 5476 eodem
3115 5401 3448 5476 prtetulinius

1857 5471 2018 5548 possit
2049 5478 2117 5532 ad
2140 5477 2302 5532 Deum
2334 5479 2535 5530 habere.
2560 5474 2725 5538 Just.,
2750 5483 2916 5544 posset
2936 5473 3004 5527 ad
3030 5471 3313 5528 Dominum
3347 5474 3444 5527 litt--

1859 5548 1989 5603 bere.

1873 5624 1875 5626 ’
1929 5631 1956 5669 P
1981 5622 2069 5677 Sic
2103 5628 2289 5676 noster
2335 5618 2455 5676 cod.
2499 5615 2656 5687 Apud
2690 5615 2856 5683 Just.,
2889 5616 2963 5670 ita
2982 5625 3039 5670 ut
3068 5625 3181 5686 post
3209 5617 3442 5683 modum,

1857 5691 2033 5745 minus
2060 5692 2219 5747 bene.

1932 5773 1957 5812 τι
1989 5763 2107 5817 Vat.
2144 5761 2296 5830 Reg.,
2329 5760 2634 5813 recedentes.

1933 5843 1954 5870 ι·
1989 5834 2160 5888 Locus
2187 5840 2491 5898 corruptus,
2508 5830 2598 5899 qui
2621 5845 2720 5885 nec
2742 5831 2919 5884 sanari
2950 5840 3129 5901 potest
3153 5845 3254 5900 ope
3275 5833 3446 5886 nostri

1859 5904 2078 5969 codicis,
2109 5903 2194 5958 ubi
2223 5904 2414 5972 legitur
2439 5901 2571 5957 alias
2594 5910 2639 5957 et
2664 5902 2796 5960 alias
2819 5913 3000 5958 contra
3027 5903 3370 5960 ecclesiastica
3397 5911 3449 5960 et
