3996 6344
476 328 581 393 787

1410 335 1495 390 AD
1531 331 1756 388 OPERA
1795 327 1852 383 S.
1894 325 2136 383 LEONIS
2174 325 2385 383 MAGNI
2426 329 2788 388 APPENDIX.

3632 340 3733 398 788

477 451 733 502 docerent
777 447 1057 519 peregrina
1095 447 1252 522 [Lege
1277 447 1457 519 Veste]
1505 447 1823 501 vestimenta
1871 443 1948 498 uti
1992 441 2058 496 ad
2090 442 2137 500 A
2170 447 2183 496 l
2218 447 2284 501 Et
2307 458 2519 516 promer
2541 450 2643 504 hoc
2667 450 2914 520 exposuit
2939 459 3122 507 sancta
3143 450 3378 522 synodus
3404 467 3617 522 Singula
3638 469 3747 524 qua

478 543 682 598 ruinam
703 543 859 615 [Lege
874 546 1266 600 coinmunionis
1282 546 1734 614 [communionem
1759 541 2054 610 pertinere,

478 648 866 707 congregantes
894 639 1098 694 fructus
1130 639 1385 694 Ecclesiae
1410 683 1424 708 ,
1449 648 1502 693 et
1531 635 1829 690 oblationes
1853 648 1969 702 qua:
1999 632 2065 686 ab

481 729 635 784 initio
664 732 871 784 tradit:e
895 739 1018 784 sunt
1044 730 1317 794 Ecclesiae,
1343 730 1410 785 ad
1441 728 1760 798 semetipsos
1795 727 2060 789 tollentes,

483 831 537 878 et
556 821 670 900 suis~
692 822 993 878 rationibus
1013 833 1067 879 et
1093 839 1313 889 eorum,
1343 824 1430 892 qui
1459 838 1578 878 cum
1609 822 1736 892 ipsis
1755 830 1900 887 sunt,
1929 819 2067 873 sicut

482 915 797 969 sanctisset
827 925 1009 984 rogata
1039 915 1394 972 facientibus:
1419 927 1472 970 et
1497 917 1634 969 servi
1662 929 1692 969 a
1722 913 1954 967 dominis
1982 926 2067 966 se-

483 1005 759 1071 cedentes,
789 1015 844 1062 et
881 1008 931 1062 in
964 1010 1248 1078 peregrino
1291 1011 1614 1063 vestimento
1662 1015 2067 1062 contemnentes

484 1114 612 1176 suos
636 1101 906 1169 dominos,
934 1110 987 1156 et
1008 1102 1264 1158 mulieres
1283 1101 1474 1158 bextra
1503 1101 1948 1156 consuetudinem
1970 1114 2068 1170 pro

485 1192 734 1249 muliebri
766 1195 1086 1250 vestimento
1117 1195 1270 1250 virile
1293 1195 1606 1262 induentes,
1641 1205 1695 1249 et
1727 1196 1777 1248 in
1807 1195 1906 1248 hoc
1929 1194 2070 1263 judi-

484 1297 670 1358 cantes
687 1302 747 1344 se
769 1288 1073 1358 justilicari.
1106 1289 1281 1345 Multas
1297 1298 1480 1346 autem
1501 1289 1784 1346 tondentes
1811 1301 1890 1355 se,
1925 1298 1948 1328 ο
1976 1303 2070 1343 oc—

492 1381 714 1446 casione
735 1381 1030 1438 venerabili
1057 1390 1248 1438 natura
1284 1383 1595 1453 capillorum
1625 1382 1908 1438 mulierum
1940 1398 1954 1435 :
1994 1382 2072 1450 je-

485 1471 632 1542 junia
647 1483 824 1530 autem
855 1474 905 1527 in
927 1473 1196 1529 dominico
1212 1473 1483 1540 facientes,
1503 1486 1556 1531 et
1579 1475 1878 1530 libertatem
1901 1475 2071 1530 sancti

486 1561 594 1622 diei
630 1573 1068 1630 contemnentes;
1113 1575 1167 1621 et
1199 1566 1400 1637 jejunis
1430 1584 1550 1636 quae
1599 1569 1650 1622 in
1684 1568 1922 1623 Ecclesia
1949 1576 2074 1622 sunt

485 1659 775 1713 constituta
799 1667 1207 1715 contemnentes
1239 1702 1252 1723 ,
1283 1671 1337 1716 et
1364 1677 1426 1716 ex
1460 1664 1540 1716 eis
1568 1662 1783 1728 quidam
1830 1663 2074 1732 accipere

487 1767 678 1812 carnes
709 1755 979 1822 timentes,
1005 1765 1060 1810 et
1078 1756 1233 1828 [Lege
1256 1758 1306 1810 in
1337 1758 1605 1825 domibus,
1627 1757 1876 1831 quarum]
1898 1760 1946 1812 in
1975 1758 2070 1812 do-

490 1861 626 1911 mus,
676 1847 830 1918 cujus
876 1849 1074 1902 domini
1125 1849 1432 1915 nubserint,
1464 1865 1619 1906 orare
1645 1852 1888 1907 nolentes
1913 1894 1928 1917 ,
1962 1850 1989 1888 ά
2017 1860 2071 1908 et
2101 1821 2144 1879 Β

491 1942 616 1996 dum
642 1941 773 2010 [iunt
792 1941 1086 2007 orationes,
1111 1952 1480 2009 Contemnunt,
1497 1953 1549 1999 et
1580 1947 1890 1999 multotiens
1916 1945 2070 2000 obla-

490 2035 665 2100 tiones
689 2074 703 2101 ,
746 2050 866 2106 qua:
894 2036 1026 2089 linnt
1055 2037 1107 2090 in
1137 2036 1324 2090 domos
1350 2037 1437 2106 qui
1478 2037 1776 2092 nubserunt
1802 2053 1908 2090 non
1939 2040 2074 2092 reci-

491 2128 715 2199 pientes,
745 2137 800 2183 et
822 2139 846 2166 ε
872 2131 1216 2201 presbyteros
1244 2130 1335 2198 qui
1375 2131 1652 2186 nubserint
1681 2133 2027 2201 reprohantes
2058 2175 2073 2198 ,

491 2230 546 2278 et
572 2222 639 2278 de
669 2233 1016 2278 sacrosancto
1057 2223 1199 2292 quod
1231 2224 1298 2276 ab
1329 2225 1408 2278 eis
1435 2223 1787 2288 ministratur,
1818 2241 1924 2277 non
1950 2239 2079 2278 con-

491 2313 757 2382 tingentes
787 2355 802 2380 ,
835 2315 1017 2370 etloca
1050 2315 1136 2369 tibi
1169 2325 1436 2384 martyres
1469 2317 1622 2384 positi
1654 2324 1810 2384 sunt,
1840 2324 2082 2370 contem-

493 2416 701 2473 nentes,
730 2420 785 2462 et
808 2409 896 2478 qui
923 2408 992 2462 ibi
1013 2408 1338 2463 conveniunt
1365 2418 1418 2462 et
1439 2417 1623 2476 agunt,
1649 2408 2077 2476 reprehendunt:

493 2511 552 2558 et
580 2504 776 2560 divites
801 2505 889 2572 qui
924 2505 989 2558 ab
1016 2519 1176 2559 omne
1203 2504 1499 2558 substantia
1531 2503 1836 2558 divitiarum
1863 2520 1970 2557 non
2000 2520 2084 2558 re-

494 2593 731 2659 cedunt,
756 2610 905 2661 spem
943 2592 960 2630 τ
996 2603 1123 2662 aput
1162 2595 1445 2647 Dominum
1493 2611 1602 2648 non
1650 2595 1846 2649 hahere
1878 2597 2082 2658 dicunt,

497 2692 554 2738 et
593 2693 789 2752 quanta
835 2685 936 2738 alia
967 2699 1086 2751 quae
1124 2699 1408 2739 numerare
1441 2701 1599 2740 nemo
1648 2690 1833 2754 poesit.
1881 2686 2086 2756 Singuli

496 2776 638 2830 enim
665 2791 851 2831 eorum
887 2776 977 2846 qui
1009 2777 1170 2849 530
1204 2793 1233 2832 a
1275 2792 1482 2832 canone
1526 2777 1895 2832 ecclesiastico
1935 2778 2090 2852 [Lege

498 2869 779 2935 exierunt,
832 2882 874 2925 et
932 2869 1188 2942 habuere]
1242 2873 1370 2926 exiit
1401 2913 1417 2936 ,
1468 2874 1604 2926 sicut
1654 2873 1797 2941 leges
1848 2876 2090 2942 pmprias

497 2963 702 3020 habuit.
748 2962 879 3029 Quia
913 2979 1011 3018 nec
1057 2961 1212 3035 [Lege
1254 2962 1579 3034 communis]
1633 2966 2031 3021 communicare
2064 2977 2088 3011 κ

497 3057 601 3129 iam
635 3056 880 3112 voluntas
915 3055 994 3110 eis
1044 3054 1142 3110 fuit
1178 3073 1191 3108 :
1223 3056 1316 3111 sed
1350 3059 1716 3128 unusquisque
1752 3061 1893 3128 quod
1923 3061 2091 3115 voluit

498 3147 601 3206 hoc
623 3149 860 3217 addit,et
883 3148 985 3204 hoc
1011 3150 1061 3206 ei
1087 3149 1300 3217 placuit.
1319 3146 1347 3186 δ
1366 3151 1452 3219 (Et
1481 3151 1619 3206 sicut
1647 3167 1754 3206 non
1779 3152 2091 3210 dominante

501 3245 687 3300 habuit
706 3242 1020 3314 cogitatum)
1043 3243 1109 3296 ad
1141 3245 1527 3299 incusationem
1552 3246 1827 3313 Ecclesiae,
1859 3257 1913 3301 et
1933 3261 2088 3302 suam

502 3337 800 3393 ltesionem.

579 3427 598 3468 ί
644 3428 874 3500 PrOpter
903 3429 1004 3485 hoc
1032 3437 1216 3485 coacta
1245 3437 1299 3484 et
1323 3430 1542 3485 veniens
1571 3431 1626 3484 in
1667 3429 1878 3503 Gangra
1906 3439 2089 3488 sancta

503 3521 742 3596 synodus
771 3521 1135 3577 condemnare
1176 3535 1270 3576 eos
1294 3562 1309 3585 ,
1333 3533 1387 3576 et
1407 3524 1666 3578 terminos
1693 3538 1966 3593 exponere
1991 3567 2007 3592 ,
2036 3536 2092 3580 et

503 3613 636 3672 loris
665 3629 760 3672 eos
777 3628 898 3671 esse
923 3615 1179 3670 Ecclesia.
1212 3613 1268 3668 Si
1291 3625 1469 3670 autem
1501 3617 1859 3685 pmniteantur
1883 3628 1936 3671 et
1963 3633 2088 3671 ana-

503 3707 852 3766 thematizent
878 3709 1107 3780 singula,
1127 3722 1245 3777 qua:
1271 3707 1408 3762 male
1437 3707 1706 3775 dixerunt,
1741 3709 1937 3780 suscipi
1961 3725 2077 3765 eos.

505 3885 746 3957 adversus
776 3884 1058 3957 Ecclesium
1080 3926 1093 3950 ,
1126 3885 1214 3955 qui
1245 3883 1702 3952 congregabantur,
1737 3895 1791 3939 ut
1819 3889 2087 3957 peregrina

505 3956 799 4012 vestimenta
828 3956 896 4008 ad
925 3957 1127 4008 ruinam
1170 3971 1516 4020 communem,
1550 3965 1595 4007 et
1641 3956 2045 4011 vestimentorum
2069 4003 2084 4025 ,

506 4026 869 4098 congregantes
898 4026 1117 4098 fructum
1144 4035 1228 4076 aut
1258 4026 1534 4098 oblationes
1561 4028 1735 4079 ecclesi
1754 4045 1794 4080 .s
1819 4029 1944 4087 icas,
1975 4045 2090 4098 qua:

507 4097 568 4152 ab
595 4097 770 4159 initio,
802 4105 932 4160 etc.,
969 4095 1167 4163 pariter
1211 4096 1488 4150 mendose.
1536 4098 1866 4152 Sententiam
1901 4095 2091 4154 melius

510 4165 742 4221 reddidit
769 4180 908 4220 nova
938 4165 1118 4220 versio
1146 4181 1211 4221 ex
1244 4166 1430 4220 Grutco
1462 4177 1590 4221 tum.
1621 4167 1661 4222 ll
1711 4170 1876 4222 (lonc.
1912 4211 1926 4234 ,
1982 4171 2087 4224 col.

508 4237 614 4292 495
641 4254 656 4291 :
689 4237 923 4292 Diversus
953 4234 1153 4290 tradere
1180 4237 1686 4308 doctrinas,_aliaque
1706 4251 1883 4292 contra
1916 4239 2091 4294 Eccle-

509 4311 643 4378 sias,
677 4319 725 4363 et
747 4317 925 4362 contra
955 4323 1014 4361 ea
1043 4322 1155 4380 quia
1176 4308 1308 4376 ﬁunt
1351 4309 1404 4362 in
1436 4306 1686 4364 Ecclesia.
1716 4311 1795 4363 At!
1820 4309 1926 4363 Ιιίειτ
1952 4328 2094 4380 spre-

509 4383 572 4435 tis
602 4381 953 4435 communibus
979 4378 1290 4432 indumentis
1315 4395 1502 4433 novum
1531 4383 1766 4434 vestitum
1792 4378 2020 4436 induere.

582 4461 606 4487 ι
629 4452 758 4506 Cod.
788 4450 911 4506 Vat.
942 4451 1099 4522 lleg.,_
1119 4457 1347 4521 erogata,
1375 4453 1510 4504 forte
1537 4467 1764 4522 erogare.
1789 4456 1903 4506 Mox
1931 4451 2092 4517 Just.,

511 4523 795 4592 secedentes
820 4523 872 4592 in
904 4519 1226 4592 peregrinum
1262 4519 1641 4577 vestimentum;
1657 4523 2003 4578 Correximus
2026 4537 2095 4578 ex

511 4591 700 4647 eodem
733 4591 852 4647 cod.

585 4660 612 4700 υ
645 4662 808 4728 Just.,
829 4674 973 4717 extra
994 4663 1407 4720 consuetudinem
1431 4664 1777 4718 vestimentum
1799 4665 1996 4718 uirilem
2021 4665 2096 4718 in-

513 4734 748 4788 duentes.
781 4733 957 4788 Nostri
981 4735 1182 4789 codicis
1203 4734 1363 4789 lectio
1386 4732 1594 4787 melior.

578 4805 612 4844 ³ο
635 4803 797 4868 Just.,
826 4806 1128 4860 occasionis.
1161 4804 1366 4860 Sensus
1393 4803 1676 4874 utrobique
1705 4805 1988 4874 implexus.
2015 4805 2096 4859 Ex

513 4875 706 4931 Grmco
731 4884 908 4930 autem
932 4893 944 4928 :
982 4875 1162 4930 Multa
1181 4887 1350 4929 autem
1378 4883 1423 4930 et
1450 4885 1696 4945 prietextu
1719 4877 1922 4946 pietatis
1951 4886 2095 4930 tonso

515 4947 680 5020 capite
699 4961 857 5001 coma:
878 4947 1135 5020 muliebris
1159 4957 1396 5020 ornatum
1420 4950 1643 5020 auferre.

587 5006 614 5054 δ
645 5017 805 5082 Just.,
833 5027 882 5072 et
915 5018 999 5072 ubi
1018 5027 1195 5072 oratur
1220 5018 1354 5070 Deus
1383 5005 1850 5086 ipsi'contemnent,
1882 5026 1928 5070 et
1956 5005 2100 5072 obla-

519 5090 698 5143 tiones.
725 5089 1060 5144 Praetulimus
1088 5088 1370 5142 lectionem
1395 5088 1563 5141 nostri
1589 5088 1810 5143 codicis.

592 5169 616 5197 ε
641 5159 930 5214 ldemJust.
951 5158 1210 5214 rus.addit
1239 5159 1544 5224 requirentes
1563 5159 1950 5227 :expunximus
1974 5174 2096 5215 cum

517 5241 705 5285 nostro
735 5231 942 5294 codice,
967 5231 1057 5300 qui
1089 5245 1216 5283 mox
1245 5229 1408 5284 habet
1447 5239 1493 5282 et
1527 5246 1556 5282 a
1595 5231 1963 5296 sacrosanctis,
1990 5245 2104 5301 qua:

517 5301 580 5355 ab
611 5302 681 5356 eis
705 5301 1058 5354 ministrantur
1079 5317 1178 5355 non
1210 5301 1548 5368 adtingentes.

592 5370 613 5409 ί
648 5371 768 5442 Vat.
802 5371 959 5442 Reg.,
997 5373 1064 5424 ad
1099 5371 1282 5424 Deum.

592 5451 616 5489 8
645 5441 736 5499 Sic
785 5440 976 5498 melius
1007 5442 1148 5496 idem
1203 5440 1376 5510 codex
1409 5454 1568 5510 quam
1609 5440 1746 5510 apud
1786 5441 1948 5507 Just.,
1980 5453 2098 5497 tam.

521 5511 641 5584 Mox
672 5527 767 5581 pro
792 5514 928 5584 quod
955 5512 1113 5566 voluit
1142 5510 1284 5567 idem
1313 5508 1440 5566 Vat.
1465 5509 1598 5579 Reg.
1627 5508 1653 5575 ,ἡ
1668 5513 1804 5581 quod
1833 5515 2100 5581 tractabit,

520 5582 547 5635 b
569 5584 688 5656 loco
718 5601 750 5636 u
777 5582 1002 5656 scripto.

589 5651 618 5690 δ
644 5655 818 5709 Verba
840 5651 990 5710 uncis
1016 5653 1219 5709 inclusa
1246 5668 1311 5709 ex
1328 5653 1517 5710 Graeco
1535 5651 1830 5719 abundant,
1863 5668 2100 5710 sensum-

521 5739 627 5792 que
668 5727 1022 5780 confundunt.
1046 5724 1145 5780 Vel
1176 5724 1363 5780 saltem
1404 5725 1648 5781 Graecum
1674 5725 1977 5794 exemplum
2002 5726 2098 5779 ali-

519 5794 648 5863 quid
677 5795 817 5850 aliud
845 5797 970 5852 olim
1004 5795 1326 5864 recipiebat;
1370 5810 1493 5850 nam
1522 5803 1578 5851 et
1621 5802 1807 5850 auctor
1836 5795 2099 5852 versionis

2168 542 2619 600 anathematizare
2659 543 2882 621 [Sttpple
2909 542 3164 616 debent],
3206 559 3256 599 et
3288 547 3364 600 sic
3392 547 3593 615 suscipi
3637 563 3746 602 eos.

2166 639 2221 694 Si
2252 649 2428 692 autem
2461 637 2651 707 aliquis
2685 653 2790 692 non
2813 639 3154 694 consenserit
3182 638 3245 692 ad
3261 653 3323 694 ea
3339 655 3458 708 qua:
3492 651 3620 694 sunt
3648 640 3749 694 dis-

2168 734 2339 801 posita
2369 773 2382 796 ,
2435 732 2572 785 sicut
2601 730 2907 784 hmreticum
2939 746 3058 786 eum
3091 731 3371 786 anathema
3399 745 3523 787 esse
3556 732 3750 786 ferien-

2168 827 2316 892 dum,
2343 835 2395 880 et
2423 839 2542 880 esse
2567 825 3108 888 excommunicatum,
3136 833 3192 880 et
3219 835 3525 893 separatum
3553 825 3624 878 ah
3655 827 3750 880 Ec-

2168 919 2349 974 clesia.
2380 918 2603 987 Oportet
2650 918 2810 972 etiam
2859 920 3142 987 episcopos
3182 927 3310 987 aput
3353 932 3571 982 omnes,
3613 918 3641 955 κ
3670 919 3752 986 qui

2169 1009 2371 1065 inventi
2405 1009 2599 1064 iuerint
2629 1010 2787 1074 tales,
2821 1009 2933 1064 haec
2960 1009 3253 1064 custodire.

2240 1102 2302 1156 ﬂi
2333 1117 2564 1157 canones
2595 1111 2714 1170 post
2736 1111 2975 1156 sanctam
2994 1101 3256 1172 synodum
3287 1100 3562 1156 Nictnnam
3591 1115 3753 1172 θῖνας

2170 1196 2254 1250 siti
2285 1206 2410 1251 sunt
2434 1196 2485 1250 in
2517 1196 2782 1266 Gangram
2816 1193 2972 1268 [Lege
2999 1194 3182 1268 titulis]
3218 1192 3235 1233 ι
3271 1195 3458 1250 titulos
3480 1193 3602 1248 XX.

2513 1289 2591 1345 De
2610 1291 2689 1344 his
2715 1291 2799 1357 qui
2827 1289 3188 1342 abominantur
3216 1289 3440 1342 nubtias.

2243 1385 2282 1440 I.
2313 1393 2354 1425 ω
2393 1383 2445 1441 Si
2479 1384 2598 1454 quis
2645 1383 2863 1437 nubtias
2889 1381 3247 1445 abominatur,
3285 1383 3371 1436 vel
3399 1381 3683 1450 queritur,
3711 1388 3756 1436 et

2171 1497 2289 1538 eam
2321 1495 2440 1551 qua:
2478 1493 2601 1534 cum
2645 1477 2837 1532 marito
2867 1490 2966 1530 suo
2995 1475 3295 1541 dormierit,
3318 1490 3437 1529 cum
3471 1474 3543 1529 sit
3589 1472 3757 1529 lidelis

2174 1585 2231 1632 et
2254 1571 2580 1630 venerabilis
2605 1611 2620 1634 ,
2652 1569 3021 1638 abominatur,
3046 1577 3140 1623 aut
3165 1567 3432 1634 queritur,
3463 1553 3654 1621 dicens
3675 1581 3758 1621 eos

2172 1667 2240 1726 ad
2273 1681 2494 1736 regnum
2520 1679 2629 1718 non
2657 1678 2816 1734 posse
2845 1663 3057 1726 venire,
3088 1661 3372 1714 anathema
3415 1659 3511 1713 sit.

2433 1761 2509 1814 De
2529 1759 2609 1815 his
2628 1761 2715 1828 qui
2741 1759 3100 1814 abominantur
3122 1755 3270 1810 edere
3299 1770 3505 1808 carnes.

2246 1855 2309 1912 ll.
2337 1864 2366 1892 ιι
2393 1853 2450 1910 Si
2477 1853 2595 1924 quis
2620 1852 2778 1926 [Lege
2801 1851 2925 1906 edat
2946 1857 2994 1903 et
3015 1848 3198 1918 supple
3226 1844 3438 1916 carnes]
3462 1844 3636 1900 edens
3657 1844 3760 1900 abs'

2175 1965 2279 2021 que
2307 1928 2569 2018 sanguine.
2603 1956 2657 2001 et
2696 1941 2995 1999 idololatria
3022 1983 3036 2005 ,
3079 1950 3131 1995 et
3160 1939 3440 2004 suﬂ'ocato,
3495 1938 3592 1992 sed
3638 1954 3750 1992 cum

2179 2041 2528 2098 veneratione
2549 2049 2604 2094 et
2634 2037 2737 2092 ﬁde
2756 2036 2846 2107 qui
2867 2051 2988 2090 eum
3010 2033 3332 2089 condemnat
3364 2045 3460 2101 pro
3489 2030 3594 2084 hoc
3609 2030 3754 2103 531

2179 2139 2318 2207 quod
2343 2136 2551 2205 accepit
2609 2133 2765 2206 [Lege
2800 2129 2873 2202 et]
2900 2131 2947 2185 ei
2975 2129 3173 2185 dixerit
3198 2143 3322 2183 eum
3354 2141 3508 2197 spem
3551 2124 3762 2179 minime

2183 2229 2406 2293 habere,
2432 2225 2716 2280 anathema
2743 2224 2832 2278 sit.

2470 2317 2549 2372 De
2567 2317 2727 2371 servis
2751 2316 2837 2385 qui
2868 2313 3102 2368 dominos
3132 2318 3486 2365 contemnunt.

2257 2414 2346 2470 ιιι.
2369 2414 2427 2470 Si
2457 2414 2574 2484 quis
2603 2427 2793 2468 servus
2820 2419 2846 2447 ο
2895 2407 3241 2464 excusatione
3281 2402 3582 2460 venerandi
3613 2402 3765 2458 Deum

2186 2515 2534 2565 contemnere
2580 2505 2775 2561 doceat
2823 2503 3100 2557 dominum
3128 2542 3142 2566 ,
3185 2507 3240 2553 et
3282 2497 3539 2552 recedere
3569 2496 3637 2549 ab
3664 2495 3765 2564 ejus

2190 2601 2510 2666 ministerio,
2533 2609 2586 2654 et
2610 2614 2719 2653 non
2745 2610 2866 2652 cum
2895 2595 3202 2651 obedientia
3233 2602 3287 2648 et
3318 2590 3474 2663 [Lege
3500 2597 3613 2644 tota
3638 2589 3765 2644 festi.

2192 2694 2408 2748 natione
2439 2706 2537 2746 suo
2575 2689 2815 2761 domino]
2843 2688 3005 2743 totius
3033 2683 3394 2742 festinationis
3421 2697 3538 2738 sua:
3565 2681 3766 2737 domino

2191 2787 2418 2852 servire,
2442 2784 2510 2839 sit
2535 2783 2842 2838 anathema.

2671 2875 2746 2929 De
2771 2873 2937 2927 nubtis
2968 2869 3292 2942 presbyteris.

2264 2971 2355 3026 lV.
2385 2969 2440 3025 Si
2465 2970 2583 3038 quis
2622 2968 2830 3022 dubitet
2856 2965 3012 3037 [Lege
3037 2963 3106 3019 de
3134 2955 3474 3032 presbytero]
3498 2973 3528 3014 a
3560 2955 3767 3028 presby-

2196 3075 2310 3119 tero
2335 3105 2349 3127 ,
2374 3065 2461 3134 qui
2490 3063 2670 3117 nubsit
2698 3100 2713 3124 ,
2743 3061 2894 3128 quasi
2923 3068 2951 3107 ρ
2981 3071 3085 3110 non
3111 3065 3366 3123 oportere
3395 3051 3465 3106 ab
3494 3065 3560 3106 eo
3590 3063 3767 3105 conse~

2196 3167 2380 3214 crante
2412 3154 2737 3209 oblationem
2770 3151 3035 3218 accipere,
3060 3149 3130 3202 sit
3153 3147 3462 3201 anathema.

2343 3251 2416 3302 De
2437 3249 2514 3302 Ir’s
2535 3249 2622 3318 qui
2651 3246 2872 3300 ecclesia:
2900 3243 3314 3314 congregationes
3341 3237 3633 3292 humilium.

2269 3341 2334 3396 V.
2354 3342 2405 3396 Si
2435 3341 2554 3410 quis
2581 3340 2736 3392 docet
2763 3337 2978 3391 domum
3008 3335 3104 3389 Dei
3134 3330 3412 3388 contemni
3442 3370 3456 3394 ,
3489 3337 3544 3384 et
3568 3341 3681 3398 quae
3720 3326 3768 3382 in

2196 3449 2257 3490 ea
2287 3441 2411 3490 sunt
2440 3430 2882 3500 congregatioues
2904 3468 2920 3494 ,
2951 3425 3235 3481 anathema
3265 3424 3357 3477 sit.

2409 3536 2436 3575 q
2466 3523 2540 3577 De
2560 3523 2638 3577 his
2663 3522 2749 3591 qui
2777 3529 2918 3575 extra
2956 3519 3217 3573 ecclesiam
3237 3521 3566 3588 congregant.

2271 3619 2355 3674 Vl.
2392 3619 2445 3673 Si
2470 3620 2587 3688 quis
2618 3626 2813 3687 prmter
2842 3613 3124 3669 ecclesiam
3157 3610 3312 3683 [Lege
3335 3603 3622 3679 pr0priam]
3648 3617 3766 3673 pro-

2196 3713 2312 3782 prie
2357 3716 2650 3779 congregat
2699 3717 2721 3745 τ
2750 3717 2803 3762 et
2833 3716 3182 3760 contemnens
3224 3701 3519 3756 Ecclesiam
3557 3693 3769 3752 voluerit

2201 3887 2505 3941 lsidorianze
2533 3881 2731 3952 aliquid
2759 3881 2988 3948 amplius
3014 3879 3294 3952 legit,c_um
3327 3874 3444 3930 haec
3474 3873 3762 3952 inseruerit,

2198 3967 2461 4025 tamquam
2491 3946 2672 4025 quibus
2695 3946 2862 4025 rector
2889 3968 3001 4025 non
3019 3951 3105 4015 sit,
3147 3947 3212 4002 ad
3242 3961 3360 4018 qute
3385 3955 3570 4022 noster
3611 3946 3762 3999 inter-

2199 4021 2327 4099 pres
2361 4033 2460 4082 hoc
2483 4021 2597 4099 loco
2627 4024 2834 4099 videtur
2863 4021 3152 4099 respicere.
3344 4089 3356 4099 _
3394 4021 3397 4022 ⁷
3497 4062 3522 4099 _.

2277 4098 2290 4136 ί
2323 4099 2458 4154 Just.
2485 4097 2604 4152 cod.
2628 4137 2643 4160 ,
2677 4094 2894 4160 Propter
2922 4087 3014 4148 hoc
3043 4099 3219 4144 sancta
3243 4089 3448 4143 veniens
3491 4091 3543 4143 in
3572 4087 3762 4158 Gangra

2200 4171 2426 4241 synodus
2453 4169 2794 4241 condemnare
2816 4181 2901 4241 eos
2923 4165 2975 4216 in
2999 4162 3244 4241 termines
3257 4161 3328 4241 eis
3361 4177 3552 4230 ponere
3569 4202 3583 4222 ,
3611 4170 3659 4241 ut
3685 4174 3762 4241 eos

2201 4228 2287 4310 q'ui
2310 4241 2676 4311 permanserint
2704 4240 2753 4290 in
2775 4238 2891 4311 [suis
2912 4234 3192 4293 sententiis,
3218 4232 3344 4311 [oris
3362 4228 3766 4311 'eosesseEcclc-

2201 4300 2337 4366 siw':
2367 4313 2453 4382 qui
2503 4325 2618 4363 vero
2649 4309 2952 4379 paenitentur
2975 4315 3069 4382 ,-et_
3101 4304 3537 4382 anatliemouerint
3558 4300 3763 4382 ringitur,

2203 4399 2316 4450 quis:
2371 4368 2504 4435 inule
2550 4368 2832 4440 senserunt,
2879 4368 3069 4443 suscipi
3109 4391 3214 4428 eos.
3249 4373 3429 4426 Lectio
3464 4368 3760 4430 nostriicod.

2206 4452 2536 4522 praeferenda
2565 4451 2680 4504 fuit.

2278 4523 2290 4573 i
2346 4524 2424 4577 0b
2466 4523 2839 4592 repetitimmm
2876 4518 3161 4572 verborum
3204 4516 3396 4592 suscipi
3442 4529 3760 4592 eos»se;ue_us

2205 4595 2454 4662 periodus
2502 4585 2551 4646 in
2583 4592 2899 4645 Justelliano
2950 4604 3048 4641 ms.
3091 4602 3185 4655 per
3213 4585 3406 4662 saltum
3438 4590 3625 4644 omissa
3649 4585 3758 4640 luit.

2206 4658 2396 4720 Noster
2422 4680 2550 4719 vero
2580 4663 2744 4717 codex
2775 4677 2890 4717 eam
2934 4658 3290 4713 conservavit.

2272 4735 2297 4773 ¹ί
2327 4735 2423 4790 Ms.
2472 4736 2585 4788 Vat.
2613 4734 2769 4799 Reg.,
2796 4732 2882 4802 qui
2912 4730 3237 4802 inveniuntur
3261 4729 3408 4785 tales.

2282 4805 2295 4843 ι
2329 4807 2470 4860 Idem
2498 4806 2617 4860 cod.
2645 4845 2659 4867 ,
2686 4805 2738 4856 id
2764 4799 2833 4856 cst
2857 4803 2990 4855 tituli
3016 4799 3139 4853 XX.

2277 4886 2314 4913 ιη
2348 4875 2478 4930 Inst.
2502 4875 2648 4938 cod.,
2669 4873 2769 4939 Qui
2789 4875 2852 4927 de
2873 4872 3075 4924 nubtias
3091 4871 3354 4940 queritur,
3370 4880 3418 4926 et
3433 4874 3755 4942 ea,qu¢,etc.

2206 4945 2388 5001 Lectio
2415 4962 2516 5000 ms.
2549 4945 2666 4999 Vat.
2702 4945 2831 5011 Reg.
2859 4943 3067 4998 melior.

2274 5027 2301 5053 ιι
2328 5017 2500 5072 Voces
2514 5019 2558 5072 si
2573 5017 2686 5087 quis
2703 5029 2747 5069 et
2777 5009 2863 5068 sed
2882 5029 2965 5087 ex_
2983 5024 3166 5087 nostro
3188 5028 3291 5087 ms.
3319 5013 3622 5087 adjecimus.
3639 5009 3760 5087 Dein

2203 5087 2342 5145 Just.
2366 5089 2534 5144 Codex
2564 5083 2683 5158 post
2713 5102 2899 5141 vocem
2930 5085 3032 5154 ﬁde
3071 5084 3260 5138 inserit
3285 5083 3442 5140 edens
3472 5086 3548 5139 his
3567 5125 3580 5150 ,
3603 5083 3760 5138 minus

2203 5168 2371 5215 recte.

2282 5239 2306 5266 ο
2339 5231 2412 5285 lta
2442 5242 2626 5284 noster
2651 5227 2772 5283 cod.
2797 5227 2948 5296 Apud
2979 5226 3144 5290 Just.,
3164 5227 3503 5282 excusationis
3529 5237 3758 5281 causave-

2209 5303 2424 5358 nerandi
2451 5302 2645 5354 domini
2674 5311 2990 5353 contemnere
3011 5297 3146 5350 dicat
3165 5299 3466 5356 dominium.

2282 5385 2307 5423 ρ
2333 5372 2494 5435 Just.,
2524 5388 2625 5424 non
2656 5380 2888 5438 oportere
2918 5385 3030 5422 eum
3059 5383 3376 5436 consecrare,
3411 5367 3611 5423 noluerit
3629 5361 3759 5416 obla-

2211 5445 2397 5499 tionem
2445 5443 2689 5512 accipere.
2724 5443 2833 5494 Emr
2856 5440 3162 5512 ndationem
3193 5441 3456 5510 suggessit
3479 5445 3642 5493 noster
3665 5448 3758 5486 co-

2209 5515 2315 5572 dex
2350 5555 2363 5573 .
2392 5515 2482 5584 qui
2514 5512 2914 5584 Solumomittit
2940 5511 3184 5584 accipere.

2281 5595 2308 5636 ιι
2343 5575 2460 5639 Vat.
2497 5585 2646 5652 lleg.,
2683 5583 2759 5636 De
2785 5582 2862 5635 his
2891 5582 2980 5650 qui
3005 5575 3372 5636 ecclesiasticas
3392 5575 3756 5636 administratio~

2209 5674 2296 5713 nes
2327 5656 2453 5725 foris
2474 5655 2534 5708 ab
2558 5653 2770 5707 ecclesia
2796 5654 3014 5725 {ocimi}.

2283 5738 2304 5764 τ
2327 5721 2471 5782 Ἰιιει.
2500 5727 2678 5780 omisit
2704 5736 2769 5777 et.
2798 5721 2921 5777 Vat.
2952 5722 3082 5792 Reg.
3112 5721 3258 5778 delet
3288 5731 3444 5778 extra.
