3996 6344
284 261 386 324 789

1325 251 1560 310 PRISCA
1600 248 1926 306 CANONUM
1966 249 2188 322 EDITIO
2230 249 2495 308 LATINA.

3432 253 3530 312 790

281 383 431 431 extra
478 385 638 438 agere
668 384 774 425 non
799 368 1169 425 consentiente
1211 366 1465 437 episcopo
1502 374 1592 419 aut
1627 362 1833 434 presby'

2042 361 2121 414 De
2147 363 2227 418 his
2248 365 2331 434 qui
2357 365 2681 418 excusatione
2697 366 2956 435 religionis
2985 373 3127 420 natos
3155 367 3458 436 relinquunt.

279 474 416 534 tero,
449 465 519 519 sit
545 463 846 518 anathema.
1185 525 1188 528 ,

707 555 784 608 De
810 552 1146 608 oblationibus
1189 550 1433 607 ecclesiis.

349 645 460 703 VII.
485 645 543 702 Si
572 645 691 715 quis
716 659 780 699 ea
805 661 924 713 quae
952 644 1298 699 conteruntur
1325 643 1589 709 ecclesiaa,
1622 641 1854 697 voluerit

276 736 404 794 toris
432 736 657 792 ecclesia
684 736 946 806 accipere,
970 743 1060 789 ant
1085 734 1233 800 dare,
1259 742 1284 771 ι
1306 735 1424 789 sine
1448 747 1712 789 consensu
1739 733 1854 803 epi-

274 828 549 896 scOpi,aut
567 827 783 898 ejus;cui
804 829 904 882 ista
922 826 1160 896 iniuncta
1189 835 1334 892 sunt,
1363 836 1416 882 et
1443 842 1550 882 non
1578 841 1700 882 cum
1722 842 1853 882 con-

273 924 494 979 scientia
536 923 652 992 ejus
677 921 906 977 voluerit
942 921 1142 991 aliquid
1165 935 1348 991 agere,
1375 921 1661 976 anathema
1688 919 1776 975 sit.

560 1014 638 1070 De
666 1014 728 1068 iis
751 1029 864 1084 qua:
882 1014 1188 1083 pauperibus
1209 1014 1561 1083 conferuntur.

341 1107 479 1162 VIII.
512 1105 746 1176 bSiquis
774 1105 867 1161 dat
897 1113 987 1161 aut
1006 1106 1288 1176 accipitde
1312 1107 1412 1161 hoc
1433 1105 1574 1175 quod
1605 1105 1847 1176 oilertur,

272 1210 430 1256 extra
458 1201 766 1272 episcopum
791 1243 806 1268 ,
836 1210 926 1256 aut
952 1215 1074 1256 eum
1105 1201 1196 1272 qui
1238 1200 1515 1255 ordinatus
1536 1207 1618 1254 est
1642 1200 1707 1254 ad
1737 1200 1849 1256 dis-

189 1299 192 1302 ’
272 1293 601 1363 pensandam
633 1291 1056 1348 misericordiam
1103 1291 1460 1362 pauperibus,
1488 1300 1543 1347 et
1562 1291 1651 1362 qui
1678 1289 1770 1346 dat
1797 1299 1852 1347 et

268 1388 359 1456 qui
380 1387 610 1457 accipit,
639 1385 708 1440 sit
735 1386 1040 1442 anathema.

557 1477 716 1548 532
743 1477 817 1531 De
845 1477 1134 1550 virginitate
1161 1486 1209 1531 et
1230 1477 1536 1532 abstinentia

336 1569 431 1625 IX.
465 1568 521 1626 Si
548 1571 638 1641 qui
673 1579 695 1608 ο
720 1570 1022 1640 virginitate
1059 1581 1150 1625 aut
1185 1567 1366 1644 [Forte
1392 1569 1732 1642 abstinentia]
1760 1570 1852 1625 ab-

263 1662 535 1734 stinentiae
555 1662 867 1733 gloriantur,
891 1672 945 1717 et
973 1664 1122 1733 quasi
1149 1662 1516 1718 abominandis
1538 1662 1739 1718 nubtiis
1765 1679 1844 1718 re-

2029 454 2143 511 ΧΥ.
2179 455 2381 528 Siquis
2413 467 2437 504 8
2466 458 2817 528 dereliquerit
2849 457 2986 512 Iilios
3030 473 3188 524 suos,
3221 471 3274 512 et
3304 475 3410 512 non
3442 475 3530 516 eos

1954 549 2186 603 enutriat
2218 567 2229 600 :
2261 549 2352 604 sed
2381 559 2634 620 quantum
2658 551 2725 605 ad
2757 565 2815 606 se
2842 552 2988 621 quasi
3027 566 3120 619 pro
3145 549 3241 605 Dei
3265 551 3410 606 cultu
3439 551 3529 608 de-

1955 657 2133 714 serat,
2162 645 2451 717 quemlibet
2478 644 2760 699 occasione
2784 641 2811 680 ιι
2839 658 3086 700 asceseos
3113 645 3376 715 neglegat,
3405 659 3528 699 ana-

1955 741 2134 794 thema
2166 741 2254 794 sit.

1955 856 2113 929 533
2138 855 2210 910 De
2239 855 2317 910 his
2340 856 2426 925 qui
2457 857 2720 910 occasione
2747 855 2936 910 Christi
2975 853 3195 909 nominis
3237 851 3521 925 despiciunt

2616 937 2862 992 parentes.

2025 1019 2162 1080 XVI.
2197 1019 2250 1076 Si
2282 1019 2437 1095 [Lege
2461 1020 2549 1090 qui
2583 1019 2592 1090 |
2645 1021 2762 1090 quis
2795 1019 3026 1075 ﬁdelium
3090 1018 3183 1073 ﬁlii
3225 1017 3528 1090 despiciant

1954 1120 2200 1181 parentes
2225 1113 2506 1167 occasione
2554 1111 2647 1165 Dei
2695 1112 3050 1166 venerationis
3074 1109 3116 1178 ί,
3140 1119 3195 1166 et
3230 1127 3335 1166 non
3375 1110 3526 1167 debi-

1954 1212 2063 1257 tum
2095 1204 2352 1257 honorem
2383 1203 2690 1272 parentibus
2716 1201 2939 1257 reddant
2966 1202 3380 1260 honoriticantes
3404 1217 3525 1270 eos,

1952 1295 2073 1365 quia
2107 1295 2157 1348 in
2183 1295 2283 1348 hoc
2317 1294 2406 1348 Dei
2439 1295 2712 1348 veneratio
2738 1301 2842 1360 est,
2878 1295 2948 1348 sit
2975 1295 3278 1350 anathema.

2312 1383 2386 1440 De
2416 1385 2705 1440 mulieribus
2734 1401 2847 1454 qua:
2872 1402 2924 1438 se
2944 1386 3170 1441 tondent.

2026 1475 2188 1531 XVII.
2219 1476 2275 1532 Si
2314 1492 2420 1547 qua
2452 1476 2643 1531 mulier
2677 1475 2690 1526 i
2729 1476 3000 1532 existimet
3047 1477 3137 1530 Dei
3184 1477 3525 1533 veneratione

1955 1569 2109 1643 [Lege
2131 1569 2371 1643 tondere]
2390 1570 2610 1625 tondent
2632 1577 2792 1640 caput
2817 1586 2994 1635 suum,
3019 1570 3159 1641 quod
3174 1570 3430 1625 Dominus
3457 1570 3521 1625 ad

1953 1663 2518 1719 commemorationem
2546 1663 2805 1732 prmcepit
2832 1662 2912 1726 ei,
2944 1671 3000 1716 ut
3037 1663 3107 1717 sit
3133 1662 3340 1717 subdita
3369 1663 3484 1716 viro
3507 1705 3523 1729 ,

262 1755 499 1821 cedunt,
537 1764 588 1808 et
612 1771 721 1808 non
748 1754 1040 1811 secundum
1084 1753 1244 1810 ﬁdem
1283 1753 1383 1809 hoc
1412 1755 1585 1824 ipsum
1612 1755 1849 1821 bonum,
1880 1738 1930 1799 Β
1955 1765 2008 1811 et
2036 1755 2252 1810 solverit
2281 1763 2628 1825 praeceptum,
2661 1754 2944 1809 anathema
2977 1754 3067 1808 sit.

261 1858 316 1904 et
365 1857 610 1904 sanctum
651 1845 971 1916 virginitatis
1018 1862 1217 1903 nomen
1258 1847 1594 1916 custodiunt,
1625 1848 1849 1904 anathe-

262 1955 355 1996 ma
383 1940 472 1995 sit.
1412 1947 1426 1953 '

409 2032 488 2087 De
518 2031 596 2086 his
618 2034 705 2102 qui
733 2032 760 2070 ά
783 2042 988 2103 propter
1013 2033 1357 2104 uirginitatem
1395 2033 1516 2086 elati
1558 2041 1696 2087 sunt.

334 2123 407 2178 Χ.
430 2126 485 2178 Si
508 2124 626 2195 quis
649 2124 1003 2195 virginitatem
1033 2125 1341 2181 custodiens
1365 2125 1564 2181 exaltat
1591 2140 1650 2181 se
1673 2125 1738 2181 ab
1766 2124 1847 2180 his

258 2215 351 2287 qui
383 2216 626 2281 nubunt,
651 2217 722 2271 sit
751 2214 1060 2271 anathema.

491 2307 564 2363 De
595 2309 674 2362 his
705 2308 794 2379 qui
823 2325 1109 2378 pauperum
1139 2325 1329 2380 agapes
1359 2308 1608 2364 inrident.

331 2400 425 2455 XI.
463 2401 518 2455 Si
549 2400 668 2471 quis
690 2403 985 2456 contemnit
1008 2401 1241 2456 tidelium
1271 2417 1465 2472 agapes
1489 2402 1764 2467 facientes,
1792 2408 1847 2457 et

254 2503 484 2563 propter
516 2493 771 2548 honerem
802 2493 1011 2547 Domini
1047 2503 1346 2549 convocant
1376 2494 1590 2560 fratres,
1615 2503 1670 2548 et
1693 2503 1716 2531 ο
1748 2509 1846 2548 ιιι).

255 2584 460 2640 Iuerint
489 2585 888 2640 communicare
924 2600 1042 2640 cum
1083 2587 1161 2640 eis
1191 2585 1516 2655 inridentes,
1548 2597 1608 2640 ut
1637 2584 1844 2641 adnihi-

255 2678 371 2734 lent
402 2679 502 2734 hoc
529 2681 670 2750 quod
695 2679 785 2745 ﬁt,
829 2679 1114 2734 anathema
1145 2680 1236 2735 sit.

513 2767 589 2825 De
611 2771 689 2825 his
725 2772 812 2842 qui
841 2771 894 2824 in
936 2771 1094 2843 pallio
1137 2770 1258 2826 elati
1283 2771 1587 2842 gloriantur.

324 2861 445 2916 XII.
479 2861 537 2918 Si
563 2863 685 2933 quis
715 2862 990 2918 virorumf
1024 2878 1120 2933 pro
1151 2864 1506 2919 mstimatione
1533 2862 1689 2936 [Lege
1718 2863 1832 2920 reli-

251 2954 442 3028 giosa]
483 2955 758 3025 religionis
788 2957 906 3012 vitae
934 2964 989 3011 et
1014 2958 1304 3012 venerabili
1339 2957 1497 3026 pallio
1544 2965 1720 3011 utatur
1745 3000 1757 3024 ,
1787 2968 1840 3014 et

253 3049 487 3105 astimet
507 3065 567 3106 se
587 3051 654 3106 ab
677 3065 742 3106 eo
767 3066 923 3122 posse
942 3052 1245 3120 iustiﬁcari,
1269 3059 1322 3107 et
1353 3053 1602 3122 reprohet
1626 3068 1720 3108 eos
1749 3055 1836 3124 qui

252 3143 638 3199 venerabiliter
653 3142 808 3216 [Lege
829 3155 977 3200 veste
1001 3141 1277 3216 consueta]
1305 3156 1506 3200 vestem
1524 3158 1833 3201 consuetam

251 3243 500 3301 utuntur,
528 3243 582 3291 et
617 3234 770 3310 [Lege
791 3245 847 3293 et
870 3252 1207 3294 communem
1233 3254 1352 3306 quae
1379 3239 1430 3292 in
1454 3239 1839 3295 consuetudine

253 3337 344 3384 est
399 3326 626 3400 vestem]
670 3331 972 3400 communia
1023 3346 1141 3400 qum
1199 3331 1253 3385 in
1302 3331 1702 3388 consuetudinis
1756 3342 1838 3388 est

252 3421 420 3496 vestis
439 3461 455 3484 ,
483 3419 766 3474 anathema
809 3421 875 3476 sit

255 3511 335 3567 De
353 3511 510 3587 [Lege
530 3514 863 3586 mulieribus]
893 3516 1125 3570 mulieres
1145 3533 1259 3586 qum
1288 3517 1430 3572 virile
1452 3526 1581 3572 veste
1602 3527 1832 3573 utuntur.

324 3603 467 3658 XIII.
502 3604 558 3660 Si
581 3621 683 3676 qua
707 3607 894 3662 mulier
915 3608 1206 3676 arripuerit
1226 3616 1460 3663 scemate
1488 3618 1714 3676 vestem,
1739 3626 1835 3680 pro

251 3707 511 3751 consueta
542 3697 819 3762 muliebre,
855 3698 1060 3753 virilem
1091 3699 1334 3769 accipiat,
1367 3699 1646 3756 anathema
1673 3702 1765 3758 sit.

581 3788 658 3842 De
687 3789 766 3842 his
796 3806 909 3855 qua:
940 3790 1002 3844 de
1027 3781 1214 3845 nubtiis
1251 3791 1514 3845 recedunt.

324 3877 467 3935 XIV.
500 3879 558 3936 Si
583 3895 686 3951 qua
716 3882 907 3936 mulier
935 3881 1314 3951 derelinquens
1354 3883 1525 3937 virum
1558 3899 1713 3939 suum
1743 3898 1833 3939 re-

250 3973 452 4028 cedere
478 3972 546 4028 ab
583 3987 648 4029 eo
675 3973 932 4045 voluerit,
956 3973 1108 4044 quasi
1139 3973 1452 4030 abominatis
1479 3975 1690 4031 nubtias
1716 4017 1730 4043 ,
1763 3976 1834 4031 sit

250 4063 556 4120 anathema.

326 4251 355 4280 ⁸
379 4242 515 4298 Cod.
539 4242 698 4310 Just.,
730 4253 817 4299 aut
843 4251 1154 4299 commutare
1176 4246 1286 4300 sine
1314 4262 1562 4301 consensu
1586 4245 1826 4302 Ecclesiae

249 4323 338 4384 aut
385 4315 632 4384 episcopi,
683 4317 853 4369 cui
885 4324 930 4370 et
978 4332 1079 4369 non
1124 4332 1236 4370 cum
1279 4332 1454 4370 eorum
1498 4319 1823 4373 conscientia.

248 4383 440 4440 Grarco
477 4386 834 4440 cohaerentior
861 4395 942 4442 est
968 4387 1134 4441 nostri
1166 4387 1368 4441 codicis
1399 4387 1576 4442 lectio.

318 4454 348 4493 δ
377 4453 452 4510 Ita
482 4455 602 4510 cod.
631 4455 756 4527 Vat.
786 4456 914 4526 Reg.
950 4457 1102 4526 Apud
1133 4457 1295 4521 Just...
1332 4457 1392 4512 Si
1417 4460 1529 4527 quis
1548 4459 1677 4512 dans
1699 4499 1712 4524 ,
1738 4470 1828 4513 aut

250 4527 506 4594 accipiens
531 4527 592 4580 de
617 4526 743 4594 ha'c,
773 4544 885 4597 qua:
911 4527 1206 4596 o/ferentur,
1235 4537 1377 4582 extra
1401 4526 1698 4582 consensum
1721 4531 1828 4595 epi-

251 4598 412 4664 sc0pi,
437 4606 524 4651 aut
554 4599 662 4668 ejus
689 4600 776 4667 qui
795 4599 1058 4652 ordinatus
1087 4609 1159 4653 est
1180 4600 1246 4652 ad
1265 4599 1646 4668 gubernandam
1677 4602 1825 4655 mise-

250 4670 527 4722 ricordiam
554 4685 864 4737 pauperum,
891 4679 1029 4732 etc.;
1064 4671 1236 4724 minus
1265 4680 1430 4725 recte.
1481 4691 1485 4694 ·

324 4749 346 4813 ﬁ
370 4738 506 4813 Cod.
533 4737 651 4813 Vat.
687 4739 840 4810 Reg.
870 4741 1176 4813 virginitatis
1205 4751 1252 4794 et
1280 4740 1614 4796 abstinentiae.

321 4807 348 4847 ἀ
375 4810 518 4883 Idem
544 4811 688 4883 cod.,
715 4807 920 4883 propter
946 4807 1130 4883 nomen
1153 4813 1474 4883 virginitatis.

324 4890 348 4917 ε
376 4881 521 4936 Idem
565 4881 686 4936 cod.
715 4925 730 4948 ,
766 4882 960 4936 nolunt.
993 4882 1110 4936 Mox
1138 4892 1192 4935 ut
1231 4881 1514 4936 adnihilent
1541 4899 1606 4938 ex
1639 4883 1827 4940 eodem

250 4963 354 5006 ms.
381 4952 714 5020 scripsimus.
741 4951 876 5007 Just.
900 4995 916 5018 ,
963 4962 1007 5006 et
1032 4953 1330 5006 adnihilent.

323 5021 345 5060 ί
380 5021 452 5075 Ila
479 5032 662 5078 noster
690 5023 808 5077 cod.
846 5023 998 5091 Apud
1021 5025 1188 5090 Just.,
1217 5041 1307 5094 pro
1328 5023 1653 5079 extimatione
1679 5036 1726 5079 et
1755 5043 1828 5081 re-

250 5093 455 5163 ligionis
492 5094 604 5147 vita:
630 5094 923 5149 venerabili.

321 5173 347 5211 8
382 5163 542 5231 Iust.,
571 5164 920 5236 derelinquens
951 5181 969 5219 :
1000 5176 1054 5221 et
1079 5164 1200 5220 dein
1230 5207 1244 5232 ,
1293 5165 1360 5218 ad
1387 5183 1492 5220 rem
1521 5182 1616 5236 pro
1642 5169 1708 5220 ad
1750 5186 1822 5223 se.

250 5233 501 5289 Nostrum
530 5233 783 5290 codicem
804 5237 970 5290 secuti
991 5251 1194 5290 sumus.

319 5302 350 5342 ιι
375 5305 488 5375 vox
519 5303 706 5360 Grmca
729 5347 742 5371 ,
775 5306 824 5362 id
854 5317 936 5361 est
957 5307 1279 5362 continentiae
1299 5350 1312 5375 ,
1341 5317 1396 5362 ut
1431 5307 1586 5363 Dion.
1617 5317 1670 5362 et
1699 5309 1824 5365 Isid.

253 5374 555 5434 reddidere.

333 5447 348 5484 ί
379 5446 519 5502 Just.
550 5447 696 5502 addit
724 5449 846 5502 ritu.
877 5448 1176 5504 Delevimus
1221 5465 1342 5505 cum
1373 5459 1556 5505 nostro
1583 5451 1704 5504 cod.

257 5590 290 5644 ά
327 5516 525 5642 i‘ldem
559 5533 659 5574 ms.
688 5518 806 5573 Vat.
841 5519 969 5588 Reg.
1002 5520 1150 5575 addit
1176 5538 1229 5576 se
1249 5563 1262 5587 ,
1293 5530 1346 5578 et
1372 5521 1494 5576 dein
1525 5522 1683 5575 habet
1713 5530 1824 5575 ton-

291 5606 348 5643 en
375 5605 422 5643 e.

291 5597 422 5643 ente.

281 5663 301 5733 ί
325 5658 352 5696 ι
386 5660 500 5733 vat.
533 5658 690 5730 Reg.,
721 5662 1078 5731 superveniens
1102 5701 1118 5728 ,
1149 5664 1307 5720 male.
1353 5663 1606 5721 Justellus
1645 5678 1825 5733 super-

257 5732 411 5798 siens,
444 5729 496 5786 id
525 5739 609 5786 est
628 5729 949 5800 ’super'biens.

2117 1847 2192 1902 De
2219 1849 2296 1901 his
2319 1845 2410 1918 qui
2439 1847 2781 1901 ecclesiastica
2795 1848 3000 1918 jejunia
3023 1852 3371 1900 contemnunt.

2025 1942 2208 1997 XVIII.
2240 1943 2556 2011 Quicunque
2612 1941 2895 2010 religiosus
2922 1941 3039 1994 sine
3066 1939 3318 2015 corporis,
3340 1951 3521 1993 ncces-

1949 2035 2104 2090 sitate
2133 2031 2160 2072 ιι
2185 2037 2515 2104 snperviens,
2551 2043 2604 2087 et
2628 2047 2747 2102 qum
2777 2030 3058 2086 traduntur
3080 2030 3306 2100 jejunia,
3339 2027 3358 2102 [
3386 2029 3521 2099 Sup-

1948 2125 2032 2200 ple
2075 2126 2332 2198 quisque]
2365 2128 2416 2181 in
2447 2139 2731 2181 commune
2760 2125 2827 2178 ab
2863 2124 3111 2178 omnibus
3154 2129 3438 2176 servantur
3469 2121 3522 2175 in
3591 2151 3596 2156 -

1949 2219 2210 2286 Ecclesia,
2242 2219 2645 2288 contempserit,
2679 2228 2729 2270 et
2760 2229 2859 2271 suo
2889 2228 3049 2268 sensu
3091 2212 3235 2268 dicat
3271 2227 3378 2267 non
3403 2224 3519 2269 esse

1951 2312 2204 2382 perlecta,
2238 2314 2307 2367 sit
2340 2313 2645 2366 anathema.

2262 2404 2334 2458 De
2360 2405 2439 2457 his
2467 2404 2551 2475 qui
2584 2403 2839 2456 dominico
2867 2401 2946 2453 r’ie
2960 2401 3226 2471 jejunant.

2019 2498 2159 2552 XIX.
2193 2497 2247 2554 Si
2275 2498 2392 2567 quis
2421 2511 2504 2562 ea,
2531 2511 2649 2565 qua:
2679 2496 2967 2547 arbitratur
2997 2488 3017 2527 ὶ
3042 2501 3346 2554 aseensem,
3368 2495 3409 2524 ω
3429 2494 3520 2542 aut

1945 2590 2371 2648 dissimulatione
2397 2599 2450 2644 et
2479 2588 2619 2642 diem
2650 2584 2973 2640 dominicum
3009 2580 3243 2652 ieiunat,
3278 2578 3350 2634 sit
3386 2592 3518 2633 ana-

1945 2683 2148 2738 thema.

1991 2777 2067 2830 De
2095 2776 2174 2829 his
2202 2775 2288 2844 qni
2319 2773 2677 2826 abominantur
2708 2778 2989 2839 martyrum
3016 2765 3454 2837 congregationes.

2017 2868 2132 2924 XX.
2176 2868 2232 2922 Si
2255 2866 2370 2936 quis
2396 2875 2422 2901 η
2454 2864 2764 2934 snperviens
2788 2860 3124 2928 dispositioni
3155 2865 3210 2912 et
3235 2856 3514 2910 abomina-

1943 2961 2081 3018 verit
2118 2959 2558 3028 congregationes
2607 2965 2913 3010 sanctorum
2953 2960 3282 3023 martyrum,
3316 2958 3372 3005 et
3397 2963 3512 3019 qua

1943 3057 1994 3111 in
2023 3057 2100 3111 eis
2134 3055 2266 3110 fiunt
2311 3052 2651 3108 celebritates
2676 3089 2692 3115 ,
2721 3058 2746 3084 ο
2775 3057 2828 3102 et
2869 3045 3203 3116 derogaverit
3241 3040 3512 3099 memoria

1942 3163 2152 3209 eorum,
2182 3147 2250 3201 sit
2279 3145 2584 3200 anathema.

2014 3253 2040 3291 ι)
2069 3241 2193 3295 Haec
2239 3237 2548 3309 scripsimus
2601 3247 2706 3288 non
2761 3230 3076 3289 recedentes
3120 3228 3188 3282 ab
3224 3226 3307 3281 his
3331 3268 3346 3293 ,
3372 3233 3402 3276 «ι
3427 3224 3515 3295 qui

1942 3343 2066 3389 sunt
2092 3335 2143 3388 in
2175 3331 2412 3388 Ecclesia
2455 3326 2746 3383 secundum
2783 3324 3074 3379 scribturas
3117 3319 3389 3376 custodire
3427 3331 3515 3373 se-

1941 3425 2173 3481 cundum
2226 3422 2554 3476 voluntatem
2599 3419 2711 3473 Dei.
2758 3417 2866 3471 Eos
2904 3431 3071 3480 vero,
3109 3413 3198 3482 qui
3251 3409 3514 3478 accipient

1941 3515 2346 3586 dispositionem
2389 3512 2563 3583 [Lege
2604 3509 2914 3579 superhient
2949 3505 3025 3560 vel
3073 3503 3420 3574 superbinnt,
3468 3506 3514 3553 et

1943 3616 2090 3662 antea
2117 3605 2382 3674 accipiunt
2410 3601 2430 3674 ]
2457 3601 2685 3666 ascesis,
2719 3608 2775 3654 et
2800 3599 2889 3668 qui
2923 3607 2944 3635 ι·
2975 3595 3282 3666 superbiant
3323 3600 3510 3645 contra

1939 3715 2032 3758 eos
2059 3699 2149 3770 qui
2175 3696 2493 3768 simpliciter
2519 3697 2707 3750 vivunt
2722 3702 2778 3749 et
2807 3691 2980 3748 elatos
3008 3698 3193 3744 contra
3217 3685 3511 3742 scribturas

1939 3802 1992 3848 et
2022 3789 2183 3864 535
2207 3788 2600 3845 ecclesiasticos
2638 3799 2872 3841 canones
2895 3825 2910 3849 ,
2939 3793 2992 3838 et
3020 3781 3308 3836 novitatem
3339 3779 3509 3831 intro-

1939 3885 2197 3941 dncentes
2226 3883 2455 3953 aliquam
2485 3889 2507 3917 ³
2542 3879 2703 3936 abicit
2732 3877 2991 3933 catholica
3022 3883 3076 3930 et
3095 3871 3385 3943 apostolica
3414 3869 3510 3924 Ec-

1936 3977 2118 4032 clesia.
2143 3975 2251 4030 Nos
2281 3983 2458 4030 autem
2484 3971 2843 4043 virginitatem
2874 3983 2993 4024 cum
3025 3963 3325 4020 humilitate
3345 3960 3508 4016 mira-

1937 4084 2056 4124 mur
2104 4077 2161 4124 et
2197 4067 2574 4123 abstinentiam
2602 4079 2722 4120 cum
2763 4061 3034 4133 pudicitia,
3067 4071 3121 4114 et
3148 4056 3362 4113 nubtias
3385 4067 3506 4110 cum

2005 4245 2022 4285 ι
2056 4247 2242 4302 Graeca
2273 4259 2374 4298 vox
2401 4253 2650 4312 corrupta
2719 4239 2770 4294 id
2798 4245 2899 4294 est.
2923 4235 3234 4289 continentia
3255 4248 3350 4288 seu
3379 4245 3506 4302 pro-

1929 4317 2161 4374 fessione
2185 4314 2543 4370 continentim.

2001 4398 2039 4426 ω
2067 4389 2136 4442 ita
2178 4397 2360 4442 noster
2399 4382 2588 4438 codex.
2622 4377 2773 4450 Apud
2803 4377 2940 4432 Just.
2962 4416 2978 4441 ,
3012 4391 3101 4444 per
3135 4372 3504 4428 dissimulatio-

1929 4476 2179 4585 πεπτω.
2205 4527 2325 4583 v...
2374 4528 2530 4596 κει,
2564 4521 2680 4596 uss
2719 4514 3504 4596 εμρεηεηεεησ.άέενρεεείοειεεε

1931 4584 2072 4656 forte
2115 4601 2206 4654 tati
2238 4584 2533 4668 superbie'ni
2562 4584 2898 4663 dispositione
2927 4603 2946 4642 :
2979 4600 3043 4642 ac
3083 4584 3214 4642 dein
3252 4585 3413 4642 habet
3459 4593 3506 4639 et

1852 4661 1906 4722 D
1927 4687 2043 4744 qua:
2065 4687 2222 4744 supra
2240 4661 2329 4744 eos
2353 4669 2504 4736 ﬁunt.

2006 4725 2030 4778 δ
2061 4725 2200 4796 Idem
2233 4725 2424 4801 codex,
2455 4738 2656 4792 omisso
2682 4731 2848 4789 verbo
2875 4729 3209 4804 derogauerit,
3237 4725 3420 4794 habet,
3452 4733 3499 4779 et

1932 4813 2194 4881 memoria,
2228 4807 2718 4881 legeetmemofl'at-
3017 4870 3028 4881 ,
3102 4874 3113 4881 ,
3200 4867 3212 4880 ,
3293 4864 3314 4881 ,

2007 4863 2380 4940 Hicesiae
2419 4878 2717 4947 scripsimus
2750 4889 2854 4928 non
2880 4870 3170 4947 recedentes
3199 4867 3254 4921 in
3286 4863 3505 4925 Justelli

1935 4971 2034 5010 ms.
2065 4967 2311 5009 corrosas
2338 4967 2404 5008 ex
2430 4941 2612 5007 nostro
2643 4962 2743 5001 ms.
2769 4941 3150 5012 supplevimus.

2005 5005 2034 5076 έί
2061 5005 2404 5095 insilia;
2432 5005 2572 5077 sunt.
2625 5005 2967 5095 Correximns
2995 5024 3119 5095 cum
3141 5005 3499 5095 [nostrae-od.

1935 5075 2456 5152 Adbuc'vei-ojlocus
2484 5075 2763 5155 corruptus
2795 5104 2806 5138 :
2832 5081 3027 5155 clarius
3053 5094 3116 5155 es
3141 5075 3326 5130 Graeco
3354 5091 3367 5128 :
3397 5091 3502 5155 non

1928 5145 2535 5236 nihilonihdeﬁdi
2561 5163 2614 5236 in
2643 5145 2739 5214 Dei
2774 5153 3004 5234 Ecclesia
3028 5149 3198 5203 volunt
3220 5145 3502 5200 secundum

1927 5241 2203 5310 scripturas
2228 5239 2282 5291 in
2311 5225 2622 5310 continentia
2644 5225 2888 5310 exerceri.
2906 5307 2933 5310 Α
2961 5287 3194 5310 nun!”

2005 5291 2236 5365 l7"Craiea
2267 5291 2393 5375 vox,
2425 5307 2478 5361 id
2504 5313 2585 5360 est
2614 5293 2935 5356 continentiae
2954 5291 3381 5360 dispositionem,
3405 5300 3500 5350 seu

1933 5382 2342 5451 professionem.
2401 5450 2406 5451 ί
2817 5436 2839 5451 ,
2899 5443 2912 5451 _
2974 5447 3027 5451 __
3063 5431 3104 5451 ,ε
3131 5430 3232 5451 ιη
3259 5427 3375 5451 ιη,
3408 5426 3474 5451 ,η

2005 5426 2449 5508 é'iifs'iéiii'éamo
2479 5451 2673 5516 puncta
2701 5436 2947 5516 praefert,
2969 5447 3034 5488 ac
3061 5431 3107 5487 si
3130 5427 3382 5516 hocrloeq
3397 5426 3500 5516 ali-

1931 5539 2031 5593 qua
2057 5498 2410 5578 desiit-{ﬁti-
2423 5498 2580 5571 vnirhil
2603 5498 2906 5593 desiderari
2918 5498 3045 5593 tum
3073 5498 3496 5593 nesteieodeg‘,

1929 5571 2049 5650 In}:
2089 5571 2546 5648 ‘iirzecustextus
2575 5582 2883 5638 ostendunt.
2918 5576 3050 5634 Dein
3093 5586 3277 5629 vocem
3312 5571 3500 5640 pudica

1935 5680 1998 5720 ex
2030 5673 2213 5719 nostro
2239 5661 2421 5718 codice
2449 5655 2787 5712 inseruimus.
