3996 6344
469 351 569 413 791

1408 351 1498 408 AD
1535 349 1766 407 OPERA
1803 351 1862 410 S.
1903 349 2149 412 LEONIS
2188 349 2403 409 MAGNI
2439 349 2802 408 APPENDIX.

3641 350 3750 423 τω

470 471 804 528 habitatione
836 469 1026 544 pudica
1063 467 1533 525 honoriﬁeavtmus
1558 509 1572 534 ,
1606 477 1660 523 et
1686 482 1808 524 cum
1831 483 2060 526 venerav
2087 476 2144 535 Α
2237 447 2354 522 XV’.
2386 466 2465 522 De
2485 475 2838 522 conaemnatts
2869 467 3144 538 episcopis.

472 567 621 622 tione
647 565 822 622 ﬂenda
849 564 1172 633 suscipimus
1192 603 1206 627 ,
1245 569 1302 618 et
1343 561 1599 618 recedere
1620 575 1650 615 a
1678 561 1864 617 saaculi
1893 561 2059 618 rebus

467 676 593 719 cum
627 659 927 716 humilitate
953 656 1296 727 suscipimus,
1320 663 1373 710 et
1401 654 1617 710 divitias
1632 669 1755 710 cum
1778 655 1985 724 iustitia
2005 664 2058 712 et

469 750 840 809 misericordia
871 764 979 806 non
1020 749 1402 818 reprobamus,
1439 757 1494 804 et
1532 747 1853 818 paucitatem
1883 747 2060 822 [Lege

469 855 526 902 et
571 841 868 914 vilitatem]
922 849 980 898 et
1029 841 1424 897 multitudinem
1478 841 1916 898 vestimentorum
1961 857 2058 912 pro

470 937 490 1010 [
520 934 654 1007 Lege
682 932 989 1006 diligentia]
1019 933 1351 1004 diligentiam
1382 932 1626 1003 corporis
1653 948 1759 989 non
1789 933 2055 989 curiosum

465 1026 778 1091 laudamus;
802 1027 1007 1082 solutas
1047 1034 1227 1082 autem
1273 1035 1329 1080 et
1363 1034 1390 1062 α
1410 1026 1706 1081 conteritas
1736 1026 1789 1081 in
1821 1027 2057 1082 vestibus

465 1120 847 1192 processiones
873 1134 981 1175 non
1026 1119 1386 1190 suscipimus,
1418 1127 1474 1174 et
1500 1117 1718 1173 domum
1752 1116 1780 1156 δ
1823 1119 1916 1173 Dei
1962 1134 2058 1174 no-

464 1213 565 1270 stri
597 1212 1019 1268 bonorilicamus
1050 1253 1064 1278 ,
1094 1222 1150 1267 et
1173 1227 1292 1282 qua:
1321 1211 1374 1266 in
1413 1227 1475 1266 ea
1505 1211 1639 1266 liunt
1668 1213 1942 1268 orationes
1969 1229 2058 1267 sa-

464 1319 612 1373 cras,
642 1315 696 1360 et
717 1304 735 1378 [
757 1305 838 1360 Ea:
863 1304 1032 1360 (ἕπεο.
1066 1301 1262 1374 utiles]
1289 1303 1557 1358 sanandas
1585 1305 1911 1374 accipimus,
1947 1321 2054 1362 non

464 1399 852 1457 concludentes
888 1400 1141 1470 pietatem
1166 1399 1417 1453 domibus
1451 1415 1463 1450 :
1504 1397 1599 1452 sed
1633 1414 1848 1454 omnem
1879 1401 2056 1456 locum

463 1493 521 1550 in
553 1494 772 1549 nomine
808 1491 903 1548 Dei
945 1491 1269 1547 mdilicatum
1303 1491 1634 1546 honoramus
1657 1532 1673 1557 ,
1707 1502 1760 1546 et
1791 1508 1910 1562 qua:
1949 1503 1970 1532 ο
2001 1493 2054 1548 in

463 1600 534 1642 eo
579 1585 922 1656 congregatio
951 1583 971 1656 [
999 1582 1197 1654 Supple
1241 1579 1345 1652 tit]
1385 1596 1730 1638 communem
1761 1583 2056 1639 Ecclesiam

463 1677 534 1734 ad
572 1678 802 1734 salutem
852 1686 1124 1743 nostram,
1160 1684 1216 1732 ct
1253 1676 1490 1731 omnium
1523 1673 1694 1748 [Lege
1734 1675 2056 1748 utilitatem]

464 1770 832 1827 diversitatem
879 1770 1203 1840 suscipimus
1228 1810 1246 1837 ,
1279 1777 1334 1824 et
1356 1767 1616 1839 plurimas
1656 1770 2054 1825 misericordias

2235 559 2375 616 XVI.
2411 563 2425 611 l
2462 561 2537 615 De
2558 562 2811 633 episcopis
2837 560 3158 632 uagantibus.

2234 651 2398 708 XVIl.
2428 652 2452 690 κ
2481 651 2559 709 De
2578 653 2660 709 Itis
2679 655 2770 724 qui
2792 653 2861 707 ad
2892 654 3246 726 episcopatum
3273 663 3538 725 vocantur,
3565 667 3746 716 escas-

2161 751 2390 800 temnunt
2465 784 2472 788 -

2234 838 2424 894 XVIII.
2464 838 2540 893 De
2558 838 2816 894 ordinatio
2845 849 2893 894 et
2921 855 3024 896 non
3055 851 3288 913 suscepto
3318 843 3583 914 episcopo.

2234 931 2377 986 XIX.
2412 930 2490 986 De
2521 933 2772 1004 episcopis
2797 933 3117 989 ordinandis.

2232 1023 2352 1078 XX.
2381 1023 2449 1078 Ut
2469 1025 2692 1078 secundo
2721 1025 2774 1078 in
2795 1040 2934 1078 anno
2964 1025 3192 1095 synodus
3220 1027 3333 1092 ﬁat.

2232 1114 2375 1170 XXI.
2402 1113 2487 1184 lUt
2526 1116 2703 1170 nullus
2755 1116 3025 1187 episcOpus
3070 1119 3134 1171 de
3176 1120 3388 1189 propria
3425 1121 3611 1190 migret
3651 1119 3747 1175 ει.

2161 1210 2336 1264 clcsia.

2231 1302 2396 1359 XXII.
2426 1302 2445 1341 ὶ
2483 1302 2558 1358 De
2587 1303 2666 1358 Itis
2694 1304 2783 1373 qui
2807 1304 2860 1358 iu
2883 1305 3054 1359 aliena
3081 1305 3292 1374 parocia
3311 1304 3564 1359 ordinant
3583 1321 3748 1372 quem-

2157 1413 2334 1468 quam.

2231 1489 2420 1544 XXIII.
2457 1489 2525 1544 Ut
2572 1488 2706 1544 nulli
2733 1493 3090 1562 episcoporum
3125 1491 3276 1545 liceat
3306 1489 3482 1563 [Lege
3518 1498 3641 1562 post
3665 1487 3748 1564 se]

2161 1599 2308 1653 posse
2334 1600 2680 1638 successorem
2710 1585 2922 1656 eligere.

2231 1675 2421 1730 XXIV.
2451 1674 2526 1730 De
2545 1677 2693 1730 rebus
2723 1674 3004 1746 Ecclesiae,
3032 1685 3080 1730 et
3106 1693 3223 1746 qua
3245 1683 3364 1732 sunt
3392 1677 3645 1748 episcOpi.

2231 1768 2397 1826 XXV.
2426 1768 2492 1822 Et
2519 1778 2572 1823 ut
2597 1770 2869 1824 euiscoous
2908 1777 3211 1840 potestatem
3242 1769 3427 1826 habeat
3468 1785 3556 1824 res
3578 1766 3750 1826 Eccle-

460 1861 688 1919 I'ratrnm
709 1903 725 1930 ,
757 1878 877 1933 quae
927 1861 1219 1918 secundum
1273 1861 1613 1917 traditionem
1652 1877 1750 1932 per
1782 1862 2054 1921 Ecclesias
2083 1859 2132 1920 B
2163 1863 2255 1918 siw
2276 1864 2559 1936 gubernare

459 1955 791 2024 pauperibus
824 1954 954 2009 [ient
979 1953 1160 2010 beatas
1186 1953 1440 2019 dicimus,
1471 1962 1528 2008 et
1569 1954 1774 2021 omnia,
1802 1971 1926 2024 quae
1960 1972 2050 2012 se-

465 2047 706 2103 cundum
735 2047 944 2102 divinas
975 2047 1281 2103 Scribturas
1309 2049 1500 2104 tradita
1529 2058 1673 2118 sunt,
1708 2051 2052 2119 etapostolo-

459 2152 583 2195 rum
615 2140 930 2196 traditiones
951 2181 966 2205 ,
1000 2139 1054 2194 in
1079 2149 1268 2195 sancta
1297 2140 1538 2196 Ecclesia
1572 2138 1688 2196 ﬁeri
1732 2155 2048 2198 exoramus.

457 2234 654 2302 Amen.
695 2237 767 2290 Ita
799 2235 1220 2305 subscripsimus
1247 2234 1500 2290 feliciter.

846 2324 873 2365 ά
895 2325 1236 2384 INCIPIUNT
1311 2325 1653 2383 CAPITULA

854 2419 1122 2476 Canonum
1156 2421 1616 2475 Anthiociensium.

526 2515 571 2570 Ι.
602 2514 787 2570 Deliis
819 2515 907 2583 qui
941 2522 964 2550 °
997 2512 1350 2566 contradicunt
1383 2510 1614 2566 Nicrcnis
1658 2514 1972 2580 canonibus,
2001 2525 2050 2570 et

459 2608 522 2664 de
554 2610 577 2682 [
604 2607 739 2679 Lege
758 2603 973 2676 sancto]
1004 2612 1241 2658 sanctum
1273 2601 1496 2658 Pascha.

529 2703 594 2759 II.
629 2704 708 2757 De
737 2701 816 2755 Itis
844 2701 931 2772 qui
955 2716 1008 2754 se
1035 2699 1099 2752 ab
1130 2697 1296 2770 [Lege
1334 2696 1611 2770 ecclesiis]
1640 2696 1873 2754 Ecclesia
1898 2717 2048 2771 sepa-

458 2803 593 2864 rant,
618 2806 666 2850 et
688 2797 742 2849 in
767 2793 996 2848 domibus
1023 2793 1424 2848 communicant.

525 2892 616 2947 111.
655 2889 674 2929 τ
708 2889 784 2943 De
815 2887 986 2960 [Lege
1031 2885 1446 2959 invadentibus]
1474 2889 1768 2944 invadentes
1812 2891 2046 2956 parocias

457 2985 669 3040 alienas.

511 3047 614 3130 .IV.
647 3075 724 3130 De
762 3075 938 3148 [Lege
974 3071 1425 3145 communicatis]
1456 3076 1922 3133 cxcommunicatos
1956 3081 2045 3147 qui

459 3178 768 3228 urtesumuut
807 3183 975 3238 agere.

523 3259 592 3314 V.
625 3259 704 3315 De
722 3259 802 3313 his
822 3260 906 3328 qui
930 3258 1127 3312 occulte
1151 3258 1213 3312 ab
1241 3255 1472 3312 Ecclesia
1495 3262 1801 3330 segregant.

527 3351 618 3407 VI.
647 3352 725 3406 De
749 3350 1202 3406 excommunicatis
1221 3349 1422 3404 clericis
1443 3351 1521 3404 uel
1545 3349 1712 3404 laicis.

516 3443 640 3500 .VII.
667 3443 746 3498 De
764 3445 951 3498 dandis
984 3442 1243 3513 epistulis.

524 3535 665 3592 VIII.
701 3535 779 3590 De
795 3552 897 3594 non
920 3535 1260 3607 suscipiendis
1280 3535 1580 3606 peregrinis.

523 3630 617 3686 IX.
649 3631 724 3685 De
745 3631 1173 3699 metropolitanis.

523 3722 685 3796 535
716 3723 781 3778 X.
807 3721 886 3776 De
907 3723 988 3778 Iris
1009 3724 1095 3794 qui
1126 3731 1372 3776 uocantur
1397 3721 1733 3791 corepiscopi.

524 3812 617 3869 XI.
645 3814 720 3867 De
736 3813 816 3868 his
842 3814 930 3882 qui
953 3823 977 3860 κ
1003 3813 1392 3883 imperatoribus
1429 3812 1738 3882 supplicant.

524 3905 642 3961 XII.
676 3904 704 3942 ιι
736 3905 815 3960 De
845 3906 924 3958 Itis
953 3907 1039 3976 qui
1060 3905 1325 3975 degradati
1347 3905 1646 3974 imperatori
1671 3905 1987 3975 supplicant.

523 3997 668 4052 XIII.
701 3996 778 4050 De
799 3997 1046 4067 episcopis
1073 3999 1159 4066 qui
1183 3999 1235 4050 in
1261 3995 1435 4050 aliena
1461 3997 1669 4065 parocia
1702 3999 1966 4055 ordinant.

524 4087 668 4143 XIV.
698 4087 714 4125 ί
743 4088 805 4142 Si
832 4101 1104 4143 accusatus
1131 4091 1397 4160 episcopus
1419 4090 1550 4146 inter
1571 4093 1908 4160 provinciales
1943 4095 2039 4151 nti-

455 4183 592 4238 nime
604 4182 861 4257 judicium
885 4183 1173 4239 conveniat.

520 4367 554 4398 ιν
571 4355 630 4412 Id
657 4363 740 4412 est
765 4354 988 4426 fractas‘,
1021 4368 1118 4410 seu
1140 4353 1340 4426 molles.

518 4427 549 4467 ι’
586 4429 658 4482 Ita
684 4421 866 4483 noster
891 4427 1084 4482 codex.
1117 4424 1273 4495 Apud
1302 4423 1439 4480 Just.
1469 4421 1678 4477 Domini
1699 4425 1855 4478 nostri
1877 4423 2038 4479 hono-

451 4499 783 4570 riﬁcarimus.

525 4580 548 4608 ε
579 4567 741 4631 .lust.,
769 4570 824 4622 in
863 4583 978 4640 eum
1007 4569 1478 4640 congregationem.
1507 4565 1698 4622 Melius
1727 4573 1911 4622 noster
1945 4582 2038 4623 co-

449 4640 573 4709 dex,
607 4641 694 4709 qui
725 4655 847 4694 mox
875 4637 1019 4693 delet
1046 4637 1296 4693 omnium.
1721 4669 1728 4674 -

519 4707 549 4748 ἀ
578 4707 835 4765 Justellus
873 4709 1034 4764 hosce
1077 4725 1311 4765 canones
1354 4710 1548 4776 priscae
1579 4709 1845 4764 versionis
1875 4709 2031 4766 inve-

450 4782 533 4836 nit
553 4781 714 4836 etiam
742 4781 793 4834 in
821 4779 924 4834 alio
953 4796 1056 4835 ms.
1081 4781 1290 4835 Thuan.
1325 4779 1446 4843 533,
1472 4794 1614 4834 nunc
1636 4781 1875 4836 Culbert.
1901 4781 2030 4849 784,

450 4867 550 4907 nos
573 4852 627 4907 in
661 4853 829 4907 tribus
855 4851 1258 4907 collectionibus
1283 4851 1534 4916 diversis,
1559 4851 1809 4906 nimirmn
1828 4852 1879 4907 in
1895 4868 2028 4910 mss.

449 4923 570 4979 Vat.
600 4924 730 4993 Reg.
765 4922 922 4989 I997,
948 4922 1173 4978 Luceusi
1224 4923 1294 4978 88
1321 4931 1376 4978 et
1404 4921 1524 4976 Vat.
1562 4922 1719 4977 I542.

523 4992 822 5049 ebIs.Vat.
871 4994 1027 5060 Reg.,
1059 5002 1248 5064 tentant
1297 4993 1554 5047 contraria
1606 5009 1756 5064 agere
1800 4992 2028 5048 Nicwnis

449 5065 752 5148 canonibus,
787 5065 860 5148 uti
895 5065 1055 5148 habet
1085 5064 1196 5146 ipse
1223 5063 1574 5148 Justelliantts
1589 5063 1759 5120 codex
1777 5065 1828 5119 in
1851 5066 2026 5131 titulo,

446 5137 537 5208 qui
559 5138 752 5192 cauoui
776 5137 947 5205 primo
965 5135 1184 5190 inferius
1207 5135 1525 5204 prmﬁgitur.

525 5206 546 5246 ί
587 5207 725 5279 Idem
747 5209 873 5263 cod.
905 5206 1043 5279 Vat.
1077 5205 1230 5279 Reg,
1266 5207 1340 5260 De
1370 5208 1448 5260 Itis
1469 5208 1558 5277 qui
1587 5209 1650 5262 de
1686 5211 1814 5264 alias
1842 5224 2026 5279 parro-

449 5279 554 5350 c_ias
575 5278 594 5348 (
619 5280 654 5333 I.
679 5279 798 5333 aliis
825 5275 1102 5348 parrociis)
1134 5275 1187 5332 in
1227 5279 1452 5350 aliasﬁsg
1482 5275 1767 5350 emergunt
1794 5297 1812 5333 :
1833 5275 1888 5336 et
1919 5277 2024 5334 IV.

446 5348 531 5420 ,ρο
563 5345 858 5420 degradatis
896 5345 1335 5418 prazsumentibus.
1367 5345 1470 5402 VI.
1514 5348 1593 5403 De
1619 5345 1698 5404 liis
1738 5352 1827 5420 qui
1872 5367 1924 5405 se
1965 5350 2026 5403 ab

448 5417 682 5476 Ecclesia
703 5417 942 5476 retinent.
1437 5477 1448 5484 ,

519 5501 546 5562 ἕ
578 5493 719 5548 Idem
752 5510 879 5561 ms.,
905 5493 1042 5562 apud
1066 5492 1445 5560 imperatorem.

521 5559 551 5598 δ
582 5563 725 5618 Idem
756 5559 902 5626 cud.,
933 5559 1010 5617 De
1057 5559 1351 5631 degradatis
1371 5603 1388 5629 ,
1423 5561 1512 5632 qui
1544 5577 1598 5616 sc
1635 5560 2024 5632 imperatoribus

515 5640 798 5688 osternunt.
830 5635 950 5690 Mox
977 5635 1030 5688 in
1061 5634 1230 5688 aliena
1255 5651 1320 5690 ex
1333 5631 1526 5689 eodem
1542 5632 1664 5689 cod.
1683 5631 2022 5702 scripsimus.

483 5712 586 5755 uss.
620 5705 669 5756 in
691 5706 812 5758 alia.

528 5770 545 5848 ξ
573 5771 707 5848 Qud.
740 5774 860 5848 Vat.
898 5777 1048 5844 Reg”
1087 5775 1162 5830 De
1181 5776 1430 5845 episwpis
1450 5775 1722 5848 accusatis.

523 5840 723 5901 iIIunc
767 5840 1001 5903 titulum
1032 5862 1127 5904 seu
1174 5840 1462 5914 capitulum
1511 5849 1561 5902 in
1601 5845 1809 5902 Iustclli
1853 5843 2026 5900 tabula

2659 1954 2738 2008 Es
2750 1953 2970 2024 pliciuut
2990 1955 3244 2025 capitula.

2527 2090 2864 2148 INCIPIUNT
2919 2058 3376 2148 consrtrurs'

2333 2207 2602 2262 Cauonum
2630 2208 3070 2264 Antltiociensium
3101 2210 3156 2263 in
3187 2207 3558 2267 Dedicatione.

2225 2342 2418 2398 Sancta
2467 2353 2521 2400 et
2564 2344 2850 2415 pacissima
2887 2345 3126 2416 synodus
3150 2386 3165 2412 ,
3195 2345 3371 2419 [Lege
3401 2345 3578 2418 quas]
3611 2345 3696 2418 qui
3718 2360 3746 2407 ι

2154 2433 2267 2490 Deo
2313 2448 2632 2508 congregata
2689 2447 2776 2493 est
2813 2438 3154 2504 Antliiociaz,
3201 2438 3284 2493 bis
3325 2438 3416 2508 qui
3451 2437 3746 2494 secundum

2154 2529 2465 2598 provincias
2498 2531 2778 2586 unanimes
2816 2532 3019 2587 sanctis
3049 2538 3104 2586 et
3132 2531 3535 2586 comministris
3565 2532 3618 2586 in
3643 2531 3740 2586 Do-

2157 2621 2303 2677 mino
2332 2623 2585 2679 salutem.
2620 2622 2806 2678 Gratia
2848 2631 2903 2678 et
2947 2624 3148 2678 veritas
3193 2623 3406 2678 Domini
3464 2623 3746 2678 salvatoris

2152 2713 2323 2768 nostri
2371 2714 2498 2769 Iesu
2539 2714 2761 2780 Christi,
2812 2715 3038 2771 visitans
3073 2725 3311 2770 sanctam
3343 2725 3382 2751 ω
3417 2715 3747 2770 Antbiocen-

2151 2818 2266 2861 sem
2301 2804 2600 2862 Ecclesiam
2632 2847 2646 2872 ,
2677 2818 2731 2861 et
2777 2808 2828 2861 in
2867 2823 3029 2862 unum
3063 2823 3161 2861 nos
3191 2823 3542 2878 congregans
3564 2849 3580 2875 ,
3611 2822 3745 2864 cont-

2151 2895 2300 2950 muni
2331 2905 2386 2952 et
2415 2913 2520 2951 uno
2546 2913 2706 2952 sensu
2757 2897 2810 2952 in
2841 2899 3030 2968 spiritu
3078 2899 3224 2968 pacis
3254 2907 3281 2934 η
3317 2899 3487 2953 multa
3530 2899 3742 2971 quidem

2149 2987 2254 3042 alia
2286 2989 2509 3059 corrigit
2535 3005 2549 3042 :
2583 2989 2636 3043 in
2667 2989 2916 3043 omnibus
2943 2998 3124 3045 autem
3156 2999 3208 3045 et
3238 2990 3487 3060 corrigit,
3514 3006 3584 3046 ex
3617 3007 3744 3059 prte-

2149 3087 2308 3149 cepto
2334 3081 2506 3135 sancti
2538 3088 2594 3136 et
2621 3081 2833 3152 paciﬁci
2865 3081 3100 3150 Spiritus
3128 3084 3265 3138 bene
3301 3083 3491 3138 haberi
3523 3083 3735 3153 placuit,

2149 3186 2271 3225 cum
2304 3173 2476 3226 multo
2507 3181 2771 3242 tractatu,
2807 3173 2967 3246 536
3005 3173 3283 3244 etjudicio
3311 3174 3474 3230 simul
3502 3177 3740 3231 omnium

2073 3252 2120 3315 C
2155 3271 2398 3318 nostrum
2431 3263 2484 3318 in
2510 3263 2612 3319 hoc
2637 3265 2755 3334 ipso
2787 3266 3128 3335 congregatis
3149 3267 3422 3345 episcopis
3465 3267 3612 3338 apud
3641 3270 3742 3323 An-

2153 3357 2457 3411 tbiocenam
2491 3359 2764 3412 civitatem
2812 3373 2880 3413 ex
2912 3358 3143 3414 diversis
3180 3359 3477 3430 provinciis
3504 3361 3573 3414 ad
3611 3363 3741 3416 noti-

2151 3449 2280 3503 tiam
2311 3459 2544 3504 vestram
2591 3450 2961 3520 suggerimus,
2995 3451 3282 3507 credentes
3319 3451 3542 3507 Domini
3575 3453 3740 3508 nostri

2149 3541 2322 3610 gratis
2349 3551 2403 3596 et
2435 3542 2580 3612 pacis
2602 3541 2656 3596 in
2686 3544 2888 3613 Spiritu
2928 3553 3149 3610 sancto,
3181 3553 3206 3580 ο
3238 3546 3361 3614 quia
3396 3555 3452 3600 ct
3487 3546 3588 3615 ipsi
3619 3561 3741 3602 eon-

2151 3634 2396 3688 sentiatis
2428 3650 2525 3704 per
2550 3635 2802 3690 virtutem
2833 3635 2952 3706 ejus
2972 3676 2988 3704 ,
3018 3637 3155 3691 sicut
3185 3637 3471 3692 nobiscum
3503 3653 3736 3708 prscsen-

2151 3735 2253 3788 tes.
2285 3737 2341 3783 et
2368 3729 2705 3784 orationibus
2735 3739 3126 3800 c00perantes,
3179 3732 3352 3802 magis
3396 3741 3585 3788 autem
3615 3747 3738 3788 cou-

2146 3821 2341 3877 [irmati
2365 3863 2381 3890 ,
2415 3831 2469 3878 et
2515 3831 2702 3879 sancto
2733 3824 2936 3894 Spiritu
2965 3833 3257 3893 coageutes
3283 3865 3298 3891 ,
3333 3824 3452 3880 hmo
3494 3825 3612 3895 ipsa
3642 3841 3734 3882 no-

2144 3913 2354 3970 biscum
2387 3909 2792 3972 consentientes
2820 3924 2876 3971 et
2923 3917 3314 3972 constituentes
3337 3958 3351 3983 ,
3383 3927 3440 3973 et
3478 3917 3598 3974 Isaac
3629 3919 3735 3988 ipsa

2143 4021 2266 4076 qua:
2325 4008 2642 4076 placuerunt
2693 4010 3030 4079 assignantes
3069 4017 3124 4064 et
3165 4008 3448 4066 ﬁrmantes
3493 4027 3590 4081 per
3615 4026 3733 4067 ssu-

2143 4106 2288 4154 ctum
2317 4100 2573 4169 Spiritum
2620 4109 3002 4156 consonanter.
3034 4100 3172 4156 Sunt
3205 4102 3347 4156 enim
3377 4102 3469 4172 qui
3499 4102 3731 4158 instituti

2141 4201 2268 4248 sunt
2295 4207 2529 4248 canones
2550 4192 2919 4259 ecclesiastici,
2954 4202 2980 4242 Ρ
2999 4193 3088 4263 qui
3112 4192 3311 4248 subditi
3339 4203 3467 4249 sunt
3491 4209 3521 4248 a
3543 4204 3727 4250 sancta

2140 4359 2396 4412 omissum
2429 4372 2493 4412 ex
2525 4365 2711 4411 nostro
2738 4356 2860 4412 cod.
2892 4355 3009 4410 Vat.
3043 4355 3176 4419 Reg.
3213 4356 3566 4419 restituimus,
3595 4373 3726 4414 cun-

2140 4429 2373 4499 cinitque
2399 4427 2848 4499 cumillo,quem
2889 4427 3083 4482 cauoui
3117 4427 3182 4482 I6
3207 4426 3719 4483 idemJustellisnus

2141 4498 2322 4572 codex,
2343 4498 2587 4572 prtelixit.
2622 4498 2753 4572 llinc
2777 4511 2937 4572 porro
2968 4512 3222 4572 numeros
3244 4500 3602 4572 capitulorum
3621 4514 3717 4572 se-

2139 4571 2419 4642 quentium
2449 4570 2650 4642 unitate
2675 4569 2900 4642 singulis
2923 4567 3101 4642 addita
3129 4570 3562 4624 emendavimus.

2213 4640 2239 4679 ¹ί
2265 4641 2342 4696 De
2368 4641 2447 4694 bis
2473 4641 2560 4711 qui
2583 4641 2748 4694 vocati
2775 4641 2842 4693 ad
2882 4641 3234 4711 episcopatum
3276 4648 3631 4711 contemnunt,
3668 4640 3720 4696 in

2140 4713 2328 4768 eodem
2369 4709 2493 4766 Vat.
2521 4712 2656 4783 Ileg.
2707 4725 2807 4767 ms.
2848 4709 3086 4766 ct'num.
3136 4711 3227 4780 I9,
3278 4709 3357 4767 De
3405 4711 3720 4768 ordinatione

2137 4799 2510 4854 episcoporum.

2215 4853 2230 4892 1
2260 4854 2402 4906 Idem
2426 4851 2574 4924 cod,
2607 4852 2679 4907 De
2707 4853 2783 4907 his
2812 4855 2902 4924 qui
2923 4853 2986 4906 ab
3027 4852 3145 4907 aliis
3171 4853 3424 4923 episcopis
3472 4855 3715 4908 ordinan-

2138 4934 2238 4979 tur.
2266 4924 2453 4980 XXIII.
2491 4923 2556 4978 Ut
2594 4924 2766 4978 nullus
2814 4923 3100 4994 Episwpus
3142 4934 3253 4994 post
3293 4941 3350 4979 se
3381 4941 3713 4981 successorem

2135 4997 2309 5066 eligat.
2336 4993 2522 5066 XXIV.
2550 4995 2635 5066 [De
2663 4997 2947 5049 substantia
2981 4993 3240 5066 Ecclesiae,
3259 5005 3306 5048 et
3326 5011 3442 5058 qut:
3468 5009 3587 5050 sunt
3611 4997 3714 5065 cpi-

2136 5065 2302 5130 scopi.
2338 5065 2506 5124 XXV.
2541 5065 2609 5121 Ut
2657 5069 2926 5132 episconus
2979 5065 3162 5120 habeat
3207 5076 3505 5136 potestatem
3552 5085 3712 5123 rerum

2141 5138 2384 5192 Ecclesia:
2414 5138 2779 5208 gubernaudw,
2807 5139 2922 5193 Ieec
2945 5137 3415 5207 gubernandarum.

2209 5219 2249 5246 πη
2276 5208 2408 5263 Cod.
2439 5209 2672 5275 Tliuan.,
2706 5209 3011 5263 Antiochiae.

2208 5288 2234 5315 η
2258 5279 2418 5345 .lust.,
2451 5283 2614 5333 mu'ta
2639 5281 2936 5348 corrigenda
2961 5297 2976 5332 ;
3011 5280 3060 5332 in
3085 5279 3316 5333 omnibus
3338 5288 3511 5332 autem
3539 5290 3582 5334 et
3602 5294 3706 5331 cor-

2137 5351 2257 5422 rigit
2291 5367 2354 5405 ex
2381 5360 2632 5422 prcecepto
2661 5353 2852 5422 sanctis
2878 5351 3118 5422 Pati-ibus
3141 5352 3261 5404 bene
3286 5349 3464 5405 Itabert'
3501 5349 3700 5421 placuit.

2137 5419 2308 5476 Minus
2340 5421 2480 5476 mala
2503 5419 2604 5476 ms.
2633 5422 2754 5476 Vat.
2788 5421 2918 5490 Reg.
2948 5421 3128 5475 lectio.
3502 5419 3509 5421 ”
3592 5487 3595 5489 _

2211 5501 2234 5526 ο
2266 5492 2428 5556 .lust.,
2457 5496 2544 5562 qui
2573 5494 2620 5547 ei
2641 5494 2742 5561 ipsi
2769 5493 3221 5548 consentientes....
3255 5501 3303 5546 et
3333 5492 3700 5560 operationibus

2141 5574 2490 5636 coapierant‘es.
2524 5564 2967 5636 Emendationem
2987 5562 3344 5636 suppeditavit
3361 5565 3503 5636 idem
3520 5563 3693 5636 codex.

2206 5630 2340 5688 P'lta
2373 5633 2511 5689 idem
2527 5635 2714 5690 noster
2737 5635 2859 5690 cod.
2886 5635 3038 5704 Apud
3057 5630 3195 5690 Just.
3226 5636 3366 5690 male
3389 5635 3478 5705 qui
3501 5630 3700 5705 tubjecti

2134 5715 2252 5778 s_u_nt
2298 5714 2479 5778 sancte
2497 5716 2544 5759 et
2590 5708 2876 5776 pacissinta:
2914 5709 3138 5778 synodus
3174 5718 3194 5759 :
3229 5715 3285 5762 et
3323 5713 3472 5764 ιιυιιι
3510 5707 3559 5761 in
3600 5715 3694 5759 ωε.

2138 5775 2348 5832 Tltuan.
2383 5776 2483 5847 legi
2514 5778 2732 5832 suttodo.
