3996 6344
236 337 339 405 ros
376 288 377 291 γ

1264 344 1503 403 PRISCA
1538 344 1863 403 CANONUM
1903 346 2127 406 EDITIO
2166 349 2436 409 LATINA.

3411 384 3515 441 791

236 469 289 517 et
317 455 597 529 pacissima
639 458 875 530 synodo,
907 472 1026 530 quae
1058 456 1111 513 iu
1151 459 1437 517 Anthiocia
1482 470 1804 534 congregata
1832 462 1887 521 Α
1910 466 2290 524 communicati
2322 468 2542 537 fuerint,
2577 470 2591 508 ί
2620 472 3045 543 communicare,
3078 490 3251 549 neque
3274 476 3328 534 in
3347 477 3509 533 domu

235 559 335 609 est.
803 642 1031 700 TITULI
1083 644 1250 700 XXV.

230 734 307 789 De
326 732 409 789 his
444 734 535 805 qui
570 734 828 788 contraria
868 745 1114 803 temptant
1146 736 1376 792 Nictenis
1413 737 1698 793 canonibus
1719 778 1735 804 ,
1765 747 1814 793 et

758 806 821 861 de
850 818 1025 861 sancto
1057 806 1277 863 Pascha.

296 923 339 978 1.
368 923 572 980 Omnes
601 922 692 995 qui
722 931 993 997 temptant
1020 924 1234 981 solvere
1265 926 1525 983 terminos
1553 936 1579 965 ι
1609 935 1812 983 sanctae

222 1024 278 1071 et
307 1030 518 1085 magna:
546 1015 761 1087 synodi,
791 1016 956 1091 [Lege
981 1018 1142 1088 qui...
1172 1018 1483 1091 constituti]
1513 1034 1631 1090 qua:
1654 1020 1707 1073 in
1728 1017 1811 1073 Ni-

222 1122 336 1163 οπο
367 1108 661 1163 constituta
700 1118 827 1163 sunt
854 1108 955 1164 sub
980 1109 1262 1179 praesentia
1305 1110 1527 1179 piissimi
1577 1110 1812 1179 impera-

222 1201 358 1257 toris
382 1202 720 1259 Constantini
745 1201 774 1242 δ
800 1203 868 1259 de
889 1204 1259 1259 sacratissima
1291 1204 1583 1259 festivitate
1607 1212 1813 1259 sancta:

220 1293 449 1351 Pascha:
470 1296 754 1353 salvatoris
781 1297 997 1353 Domini
1026 1298 1216 1363 nostri,
1241 1298 1735 1353 excommunicatos
1758 1305 1813 1354 et

217 1388 487 1459 expulsos
514 1403 638 1445 esse
666 1404 699 1445 a
740 1399 929 1445 sancta
957 1390 1197 1446 Ecclesia
1215 1431 1230 1456 ,
1256 1391 1300 1445 si
1329 1391 1719 1460 permanserint
1756 1391 1811 1446 in

215 1497 287 1539 eo
314 1494 524 1540 stantes
550 1492 608 1540 et
634 1484 1028 1540 contendentes
1050 1494 1236 1540 contra
1261 1500 1345 1547 ea,
1380 1500 1499 1555 quae
1528 1484 1663 1539 bene
1684 1494 1808 1539 sunt

214 1576 511 1630 constituta
542 1592 553 1627 :
591 1585 647 1632 et
693 1577 795 1632 hoc
826 1587 850 1616 ο
889 1578 935 1631 si
984 1576 1051 1631 de
1097 1576 1269 1631 laicis.
1298 1576 1356 1632 Si
1388 1584 1565 1630 autem
1598 1575 1664 1631 de
1693 1576 1807 1641 his,

212 1669 305 1740 qui
340 1679 581 1737 praesunt
610 1669 884 1735 Ecclesize,
917 1671 1207 1742 episcopis,
1230 1681 1321 1725 aut
1350 1672 1699 1742 presbyteris,
1725 1672 1809 1728 vel

210 1761 466 1818 diaconis
496 1772 617 1834 post
666 1763 772 1819 hoc
812 1764 1161 1819 constitutum
1191 1762 1219 1802 τι
1251 1768 1699 1835 praesumpserint
1740 1767 1807 1821 ad

210 1857 569 1914 evertendam
600 1858 858 1928 populum
880 1898 898 1924 ,
951 1868 1008 1915 et
1053 1860 1516 1916 conturbationem
1548 1861 1808 1916 ecclesia-

208 1964 357 2017 rum,
391 1961 449 2006 et
474 1951 668 2022 singuli
698 1965 821 2007 cum
859 1950 1061 2007 Judaeis
1085 1996 1100 2022 ,
1130 1953 1217 2007 vel
1248 1962 1374 2009 ante
1404 1953 1617 2009 Judaeos
1663 1956 1805 2010 cele-

208 2043 377 2101 brare
408 2044 610 2100 Pascha
640 2045 911 2100 voluerint
945 2063 957 2098 :
990 2045 1133 2100 hunc
1156 2056 1339 2101 sancta
1368 2047 1608 2118 synodus
1624 2048 1719 2102 abs
1745 2062 1804 2103 se

206 2146 263 2193 et
283 2137 360 2192 ab
383 2138 623 2193 Ecclesia
653 2138 888 2193 alienum
917 2152 1040 2194 esse
1070 2139 1311 2204 censuit;
1336 2140 1457 2208 quia
1488 2156 1594 2193 non
1627 2140 1804 2195 solum

204 2231 311 2287 sibi
344 2230 476 2287 facit
505 2238 782 2301 peccatum
808 2247 823 2297 ;
852 2231 947 2287 sed
975 2240 1029 2286 et
1068 2232 1252 2287 multis
1283 2231 1441 2305 [Lege
1483 2236 1804 2304 praavarica-

204 2325 375 2380 tionis
414 2333 460 2377 et
509 2322 919 2395 destructionis]
977 2326 1471 2395 przevaricationem
1524 2337 1578 2383 et
1604 2328 1802 2396 distrug

205 2418 457 2473 ctionem
483 2430 603 2472 esse
633 2425 655 2453 ε
688 2425 963 2471 auctorem
998 2434 1011 2469 :
1044 2425 1100 2472 et
1138 2432 1246 2471 non
1283 2420 1456 2474 solum
1500 2420 1635 2473 tales
1665 2420 1803 2489 dejci

200 2508 270 2564 de
300 2508 642 2573 ministerio;
671 2507 766 2561 sed
795 2508 958 2562 etiam
985 2517 1040 2563 et
1067 2523 1162 2564 eos
1184 2550 1199 2576 ,
1227 2511 1322 2580 qui
1356 2521 1619 2581 temptant
1652 2527 1801 2566 com-

199 2604 489 2659 municare
517 2618 638 2658 cum
670 2602 829 2674 537
855 2602 955 2669 eis,
985 2599 1005 2639 ί
1038 2610 1217 2672 postea
1250 2602 1650 2672 degradandum
1683 2620 1800 2661 eos.

198 2699 385 2756 Etiam
431 2700 706 2770 degradati
762 2699 998 2755 fraudari
1055 2710 1267 2770 oportet
1319 2700 1494 2772 [Lege
1557 2702 1794 2766 honore,

197 2807 367 2862 quem
402 2791 421 2864 ]
451 2793 684 2849 honores
712 2808 834 2864 qua:
855 2802 1073 2849 sanctus
1102 2808 1271 2849 canon
1290 2834 1307 2859 ,
1338 2803 1390 2849 et
1424 2794 1516 2849 Dei
1548 2794 1800 2848 sacerdo-

197 2888 340 2943 tium
370 2888 588 2958 accipit.

196 2979 277 3036 De
319 2982 407 3035 his
455 2981 542 3035 aui
578 2998 633 3037 se
668 2989 897 3035 avertunt
939 2980 1003 3033 ab
1049 2979 1319 3063 Ecclesia,
1360 2989 1406 3037 et
1454 2981 1508 3035 in
1550 2981 1789 3036 domibus

810 3062 1203 3108 communicant.

266 3167 339 3222 ll.
364 3166 589 3233 Omnes,
622 3168 710 3238 qui
740 3167 1110 3240 ingrediuntur
1130 3169 1349 3225 domum
1376 3170 1500 3236 Dei,
1535 3180 1589 3227 et
1617 3188 1799 3228 sacras

194 3259 523 3317 Scribtnras
554 3238 817 3327 audiunt,
843 3272 897 3317 et
924 3278 1031 3317 non
1062 3264 1462 3319 communicant
1491 3274 1516 3313 ε
1548 3266 1799 3321 euchari-
1826 3238 1873 3303 C

192 3353 297 3409 stis
323 3368 456 3408 cum
484 3354 716 3423 populo;
743 3354 836 3410 sed
860 3364 1110 3410 avertunt
1136 3371 1194 3412 se
1220 3371 1249 3411 a
1280 3355 1436 3430 [Lege
1464 3366 1651 3412 sancto
1678 3374 1795 3413 mu-

193 3461 333 3503 nere
364 3445 483 3519 per]
514 3457 758 3503 sanctum
786 3463 980 3503 munus
1002 3464 1111 3518 pra:
1136 3450 1317 3503 nescio
1338 3464 1497 3519 quam
1528 3450 1795 3520 inquietu-

192 3538 409 3605 dinem,
440 3548 493 3593 et
513 3540 563 3592 in
586 3539 696 3593 suis
714 3538 964 3595 domibus
980 3542 1411 3606 communicant;
1432 3543 1497 3596 de
1520 3542 1603 3596 his
1625 3540 1650 3579 ιι
1668 3558 1798 3598 cen-

189 3634 413 3690 suimus
432 3632 599 3704 projci
628 3632 697 3687 ab
720 3632 981 3701 Ecclesia,
1013 3634 1251 3704 quandiu
1281 3634 1516 3691 confessi
1562 3635 1793 3691 fructum

188 3726 492 3784 ostendant
517 3726 903 3793 conversionis,
933 3735 989 3783 et
1016 3728 1381 3798 supplicantes
1416 3737 1543 3782 tunc
1570 3736 1796 3796 possunt

187 3822 397 3880 mereri
425 3818 829 3891 indulgentiam.
872 3818 1006 3876 Nam
1050 3835 1156 3877 non
1206 3820 1373 3877 licere
1398 3819 1496 3887 eis,
1541 3834 1667 3875 cum
1698 3835 1796 3876 ex-

256 4008 285 4038 ι
312 3997 488 4069 Just.,
528 3999 689 4054 sancti
737 4006 787 4052 et
842 3999 1015 4069 magni
1060 3996 1308 4069 synodus.
1340 3999 1685 4058 Correximus
1714 4017 1779 4058 er

182 4085 287 4138 ms.
326 4068 457 4133 Vat.
490 4069 619 4138 Reg.
665 4069 783 4125 Mox
832 4070 887 4123 in
934 4068 1126 4125 mm
1172 4068 1487 4138 scripsimus
1514 4088 1635 4127 cum
1678 4090 1780 4130 ms.

183 4137 315 4197 Vat.
356 4138 514 4197 ιω.
555 4137 962 4197 Justellus-cum
992 4155 1090 4196 suo
1114 4137 1300 4197 codice
1324 4186 1339 4209 ,
1367 4152 1423 4199 et
1448 4153 1634 4200 nostro
1659 4144 1779 4199 Val.

182 4211 444 4299 3°32"?
474 4211 724 4299 Ῑῖίίῗίέτπο.
934 4284 969 4299 ,.
1032 4284 1043 4296 .
1246 4290 1264 4299 ,
1320 4286 1352 4299 _.
1390 4286 1419 4299 .,
1469 4287 1499 4299 _.

253 4277 296 4323 Ιῖ
314 4282 458 4339 Cod.
495 4277 658 4347 Jus’t.,
689 4284 752 4337 de
776 4284 1185 4339 sacratissimum
1237 4286 1523 4352 festivitatis
1548 4297 1780 4342 sanctum

180 4352 531 4410 Pascha.....
585 4365 641 4408 ut
692 4356 1174 4411 excommunicatos.
1206 4356 1626 4413 Emendavimus
1654 4373 1776 4415 cum

180 4441 289 4481 ms.
325 4425 482 4498 rVat.‘
499 4425 631 4495 Reg.
662 4426 810 4480 Alius
838 4425 955 4498 Vat.
983 4426 1139 4481 habet
1159 4428 1359 4498 pariter
1380 4429 1665 4494 festivitate.

1916 559 2300 617 convenientes
2321 565 2482 621 simul
2513 580 2693 633 orare,
2725 568 2847 638 quia
2885 569 3140 625 Ecclesia:
3167 581 3368 627 sancta:
3397 587 3509 633 non

1916 651 2398 723 condeprecantur,
2432 673 2604 728 neque
2644 674 2741 715 eos
2774 661 2827 715 in
2864 662 2971 717 alia
3016 662 3254 719 Ecclesia
3285 666 3507 735 suscipi,

1923 746 1939 794 t
1976 747 2063 815 qui
2093 746 2143 801 in
2172 747 2273 802 alia
2304 763 2411 803 non
2434 761 2845 822 congregantur.
2881 754 2936 809 Si
2963 763 3140 811 autem
3179 756 3324 811 visus
3346 756 3511 815 fuerit

1918 838 2111 910 aliquis
2132 842 2525 914 episcoporum,
2571 855 2662 901 aut
2691 848 3129 920 presbyterorum
3154 893 3169 917 ,
3202 860 3294 905 aut
3322 852 3509 907 diaco-

1920 948 2134 1000 norum,
2153 944 2244 1003 aut
2265 937 2571 1008 quicunque
2595 938 2661 995 de
2689 954 2899 997 canone
2925 940 3183 998 Ecclesiae
3200 958 3509 999 excommu-

1919 1024 2107 1083 nicatis
2132 1030 2561 1099 communicare,
2607 1046 2749 1087 nunc
2787 1039 2843 1086 et
2872 1031 2896 1070 ¹ι
2924 1034 3099 1103 ipsum
3130 1037 3505 1091 excommuni-

1918 1127 2095 1174 catum
2134 1134 2272 1187 esse,
2300 1136 2396 1190 pro
2426 1136 2492 1177 eo
2536 1122 2679 1192 quod
2730 1124 2875 1180 nisus
2905 1134 2988 1181 est
3020 1125 3393 1183 confusionem
3423 1126 3507 1182 fa-

1917 1228 2043 1268 cere
2071 1216 2264 1267 canoni
2298 1214 2577 1269 Ecclesiae.

1917 1325 1993 1381 De
2018 1326 2094 1380 his
2123 1328 2212 1397 qui
2242 1325 2410 1399 [Lege
2430 1327 2518 1404 _de
2537 1326 2959 1404 _aliis___parrociis
2997 1330 3050 1384 in
3084 1329 3255 1404 alias]
3279 1332 3343 1387 de
3369 1332 3501 1388 alias

2240 1398 2501 1467 parrocias
2529 1399 2582 1452 in
2612 1400 2730 1454 aliis
2760 1417 2813 1454 se
2850 1401 3179 1474 immergunt.

1986 1511 2072 1567 lll.
2097 1512 2154 1568 Si
2180 1514 2297 1582 quis
2326 1512 2624 1584 presbyter,
2659 1524 2750 1567 aut
2780 1513 3057 1579 diaconus,
3092 1516 3178 1570 vel
3206 1516 3398 1587 aliquis
3428 1531 3501 1573 ex

1915 1605 2071 1679 [Lege
2100 1621 2255 1660 sacro
2295 1604 2617 1677 ministerio]
2643 1607 2781 1661 sacri
2820 1608 3098 1662 ministerii
3123 1608 3506 1679 derelinquens

1913 1714 2064 1753 suam
2098 1700 2396 1767 parrociam
2424 1698 2489 1752 ad
2523 1698 2680 1753 aliam
2715 1698 2896 1763 vadat,
2924 1701 3083 1754 etiam
3130 1705 3348 1754 omnino
3382 1709 3507 1771 post

1914 1790 2219 1845 tarditatem
2276 1788 2294 1827 ι
2341 1790 2392 1844 in
2439 1790 2669 1845 alienam
2722 1793 3023 1861 parrociam
3066 1800 3288 1861 temptat
3340 1794 3506 1847 multo

1838 1857 1889 1919 Β
1915 1893 2176 1950 tempore,
2202 1898 2307 1938 non
2340 1884 2668 1939 ministrare.
2696 1885 2753 1941 Si
2782 1886 2919 1941 forte
2943 1897 3199 1942 evocatus
3226 1903 3256 1943 a
3288 1888 3505 1957 proprio

1907 1979 2180 2046 episcopo,
2210 1985 2267 2029 ut
2296 1977 2458 2049 538
2482 1985 2785 2032 revertatur
2809 1987 2849 2015 ω
2878 1978 2942 2032 ad
2976 1979 3270 2049 propriam,
3299 1988 3355 2035 et
3380 1995 3506 2035 cor-

1907 2078 2091 2139 reptus
2115 2085 2220 2123 non
2252 2070 2461 2137 audiat,
2494 2078 2547 2124 et
2577 2071 2933 2139 permanserit
2962 2071 3117 2144 [Lege
3140 2073 3191 2127 in
3228 2074 3501 2143 inquietu-

1907 2159 2053 2233 dine]
2086 2161 2477 2231 inquietudine,
2502 2162 2724 2216 omnino
2744 2162 3026 2232 degradari
3050 2179 3171 2219 eum
3202 2179 3231 2219 a
3260 2167 3506 2220 ministe-

1906 2255 2011 2321 rio,
2034 2264 2089 2309 et
2119 2254 2319 2309 nullam
2349 2269 2471 2310 eum
2502 2269 2653 2324 spem
2687 2254 2886 2311 habere
2914 2257 2981 2311 ad
3019 2257 3415 2312 revertendum.
3444 2259 3503 2315 Si

1906 2356 2084 2401 autem
2108 2345 2455 2416 degradatum
2477 2362 2573 2413 pro
2596 2346 2697 2401 hac
2712 2349 2867 2417 culpa
2892 2348 3286 2418 suscipiateum
3308 2358 3335 2386 ιι
3359 2350 3499 2405 alius

1905 2437 2212 2506 episcopus,
2240 2445 2263 2470 ο
2290 2444 2345 2491 et
2371 2436 2459 2490 ille
2488 2434 2507 2507 [
2532 2436 2661 2506 Lege
2686 2437 2933 2505 culpetur
2974 2453 3003 2492 a
3047 2440 3316 2494 communi
3340 2437 3359 2510 ]
3387 2442 3503 2495 cul-

1907 2538 2063 2600 patur
2084 2543 2113 2581 a
2143 2527 2518 2583 communione
2544 2530 2771 2600 synodo,
2798 2544 2865 2585 eo
2888 2528 3031 2601 quod
3051 2529 3295 2586 destruat
3315 2530 3501 2599 dispo-

1904 2622 2129 2677 sitiones
2154 2621 2575 2678 ecclesiasticas.

1903 2758 1982 2817 De
2018 2760 2096 2815 his
2131 2761 2218 2831 qui
2259 2759 2529 2829 degradati
2558 2768 2872 2828 praesumunt
2897 2767 3283 2813 sacrosanctum
3316 2774 3493 2830 agere.

1974 2894 2064 2949 lV.
2095 2894 2151 2950 Si
2181 2894 2302 2963 quis
2326 2892 2609 2963 episcOpus
2638 2908 2666 2947 a
2698 2892 2903 2964 synodo
2924 2892 3231 2962 depositus,
3256 2901 3347 2948 aut
3372 2907 3497 2963 pre-

1903 2988 2107 3059 sbyter,
2135 2996 2226 3042 aut
2255 2988 2512 3041 diaconus
2540 3001 2569 3039 a
2600 2987 2818 3057 proprio
2848 2986 3104 3057 episcopo
3125 2986 3501 3043 excommuni-

1902 3088 2054 3135 catus
2077 3080 2478 3148 praesumpserit
2506 3077 2706 3147 aliquid
2741 3077 3025 3133 ministerii
3074 3092 3265 3148 agere,
3300 3077 3414 3147 ipse
3443 3078 3498 3135 in

1902 3188 1962 3229 se
1989 3172 2389 3227 damnationem
2412 3172 2661 3226 ﬁrmavit.
2688 3171 2744 3228 Si
2769 3171 3051 3240 episcopus
3082 3182 3109 3221 P
3132 3171 3221 3237 sit,
3248 3171 3498 3227 similiter

1902 3264 2197 3320 secundum
2228 3278 2436 3319 morem
2465 3262 2899 3328 consuetudinis,
2923 3277 3195 3332 nunquam
3222 3264 3301 3317 eis
3332 3261 3499 3318 licere

1904 3357 1955 3411 in
1985 3356 2086 3410 alia
2123 3354 2331 3425 synodo
2370 3368 2520 3423 spem
2551 3354 2617 3408 ad
2648 3352 3010 3409 restituendos
3052 3352 3282 3421 habere,
3323 3368 3499 3423 neque

1903 3448 2282 3505 satisfactionis
2314 3448 2463 3504 locus
2489 3449 2568 3503 eis
2596 3448 2754 3503 datur
2779 3465 2793 3503 :
2822 3448 2914 3503 sed
2945 3456 3001 3503 et
3032 3448 3122 3517 qui
3149 3449 3228 3502 eis
3256 3462 3497 3504 commu-

1905 3540 2228 3607 nicaverint,
2256 3554 2447 3595 omnes
2467 3539 2631 3594 abicit
2659 3547 2843 3593 sancta
2871 3538 3109 3594 Ecclesia
3135 3556 3147 3591 :
3178 3537 3497 3610 [Legendum

1900 3645 1975 3691 est
2000 3635 2231 3690 maxime
2260 3633 2347 3707 si]
2376 3643 2634 3705 praeterea
2684 3633 2729 3687 si
2771 3642 3125 3703 agnoscentes
3173 3633 3494 3691 sententiam

1901 3738 2087 3783 contra
2115 3736 2445 3784 memoratos
2466 3727 2643 3783 datam
2661 3767 2678 3795 ,
2710 3736 2912 3783 temere
2941 3726 3208 3783 voluerint
3236 3725 3312 3782 eis
3341 3741 3491 3782 com-

1900 3823 2195 3879 municare.

1891 4000 2268 4055 communicant
2303 4013 2404 4055 nec
2435 4014 2487 4053 tn
2528 3999 2739 4067 Grzeco,
2780 4012 2883 4054 nec
2912 4012 2964 4053 tn
3001 4012 3120 4053 ams
3153 3999 3491 4061 versionibus

1895 4070 1998 4127 hoc
2034 4072 2152 4127 loco
2184 4072 2543 4126 inveniuntur.

1964 4140 1991 4179 ιι
2020 4143 2153 4197 Cod.
2191 4142 2343 4204 Luc.,
2374 4156 2631 4197 censemus
2654 4156 2671 4193 :
2694 4154 2756 4195 ac
2783 4155 2905 4194 mox
2930 4140 3078 4212 delet
3102 4142 3447 4212 supplicantes
3466 4162 3486 4203 :

1892 4228 2053 4281 quam
2084 4228 2366 4285 voremex
2399 4213 2519 4285 Vat.
2547 4213 2677 4282 Reg.
2702 4211 3081 4280 supposuimus
3104 4227 3200 4282 pro
3219 4216 3479 4285 supplica-

1890 4284 2047 4338 tionis
2080 4294 2126 4337 et
2157 4284 2295 4352 apud
2318 4283 2625 4339 Justellum.

1967 4358 1981 4393 ι
2010 4356 2173 4420 Just.,
2200 4354 2509 4423 perturbato
2534 4354 2821 4407 verborum
2838 4352 3045 4415 ordine,
3071 4370 3231 4423 neque
3256 4354 3307 4405 in
3330 4358 3483 4414 domo

1889 4426 2285 4493 communicare,
2316 4426 2391 4477 vel
2413 4424 2760 4479 convenientes
2804 4423 2975 4488 simul,
3008 4432 3112 4493 etc.
3150 4423 3479 4483 Emendavi-

254 4509 280 4537 ο
314 4496 423 4552 Ms.
455 4492 619 4560 Just.)
648 4498 752 4551 sive
771 4500 834 4550 de
866 4496 1037 4568 laicis,
1070 4492 1175 4551 sive
1196 4499 1257 4552 de
1284 4498 1363 4551 his
1382 4492 1477 4568 qui
1508 4508 1734 4567 praesunt
1762 4540 1778 4567 ,
1806 4499 1860 4560 D
1888 4513 2006 4553 mus
2035 4512 2156 4551 cum
2190 4497 2311 4551 Vat.
2341 4494 2474 4565 Reg.
2521 4493 2659 4548 Mox.
2692 4508 2789 4562 pro
2832 4494 2953 4563 quia
2985 4492 3106 4549 Vat.
3152 4495 3290 4551 1549.
3316 4499 3477 4557 habet

178 4568 482 4694 mengotie.
520 4567 711 4624 Noster
738 4568 862 4624 cod.
904 4567 1023 4623 Vat.
1073 4568 1207 4641 Reg.
1258 4567 1438 4624 veram
1492 4572 1777 4627 lectionem

178 4654 299 4694 orm
354 4655 404 4694 ut
438 4679 451 4693 .

177 4641 451 4712 praebuit.

251 4709 283 4749 α
320 4710 405 4766 Ita
435 4710 556 4767 cod.
580 4711 700 4767 Vat.
738 4710 893 4767 1342.
922 4710 1029 4767 Alii
1070 4712 1245 4768 minus
1278 4719 1423 4767 recte
1468 4727 1775 4783 presumse-

174 4792 335 4838 ηυιι.

254 4853 463 4911 °Just.
515 4862 798 4909 auctorum.
853 4852 1273 4910 Emendavimus
1322 4870 1443 4911 cum
1498 4870 1601 4911 ms.
1654 4856 1777 4912 Vat.

174 4925 327 5035 “‘l“
340 4923 549 5035 €1.33."
569 4926 741 5035 1.512.:

340 4995 514 5075 verba
568 5006 613 5075 et
666 4996 1268 5075 posteadegradandum
1299 5014 1383 5075 eos
1411 5013 1474 5053 ex
1508 5013 1629 5075 ms._
1653 4998 1775 5054 Vat.

173 5068 324 5140 Reg.
367 5068 745 5140 inseruimus,
776 5067 863 5122 uhi
896 5067 1111 5122 tandem
1152 5068 1434 5140 legendum
1475 5084 1540 5123 ex
1590 5070 1779 5125 Grmco

173 5137 297 5211 post
342 5137 986 5211 degradationemeorum.
1026 5140 1146 5193 Mox
1189 5137 1351 5205 Just.,
1398 5140 1548 5211 etiam
1588 5141 1777 5209 degra-

172 5210 292 5265 dati
320 5210 534 5281 omnino
558 5210 789 5281 fraudari
811 5226 895 5265 eos
934 5210 1150 5265 honores
1178 5211 1314 5281 quod
1345 5210 1507 5264 sancti
1532 5228 1775 5266 canones.

174 5280 307 5336 Vat.
349 5280 485 5363 Reg.
519 5280 822 5352 exemplum
850 5295 971 5336 cum
1009 5282 1199 5337 Graeco
1242 5283 1409 5352 magis
1440 5281 1774 5338 concordans

176 5363 366 5408 secuti
389 5367 599 5407 sumus.

249 5433 278 5469 8
302 5422 560 5494 Just.,ea
580 5423 717 5477 caris
731 5424 883 5478 etiam
900 5439 1015 5477 cum
1038 5423 1247 5494 populo.
1274 5423 1610 5479 Praetulimus
1636 5440 1771 5480 mss.

170 5493 320 5565 Luc.
352 5502 410 5549 et
454 5492 568 5565 Vat.
622 5494 777 5549 1542.
829 5495 979 5550 Alius
1022 5492 1138 5549 Vat.
1188 5495 1341 5565 Reg.,
1387 5496 1770 5552 eucharistiam.

168 5564 321 5620 Aliae
345 5563 627 5620 versiones
656 5566 710 5618 in
738 5568 987 5620 oratione.
1028 5565 1149 5620 Mox
1182 5563 1418 5620 avertunt
1459 5567 1775 5634 scripsimus

170 5650 308 5690 cum
340 5635 461 5688 Vat.
488 5635 571 5689 Al.
599 5646 844 5691 averterit.
882 5637 997 5691 Vat.
1039 5636 1173 5707 Reg.
1214 5637 1376 5693 habet
1420 5639 1509 5692 sed
1550 5649 1774 5693 avertent

166 5722 227 5761 ac
247 5707 367 5760 satis
410 5708 817 5775 communicant;
843 5708 907 5762 de
930 5709 1007 5762 his
1026 5748 1040 5772 ,
1084 5720 1213 5773 etc.,
1256 5710 1587 5765 intermediis
1611 5710 1774 5764 omis-

167 5776 275 5832 sis.
306 5777 475 5834 Forte
505 5777 783 5847 Iegendum
804 5820 818 5844 ,
856 5783 943 5834 sed
969 5788 1205 5833 avertunt
1229 5796 1279 5834 se
1306 5797 1338 5833 a
1358 5796 1507 5834 sacra
1543 5797 1769 5833 comnm-

165 5847 372 5915 na'ons;
397 5848 462 5904 de
504 5848 605 5917 his,
651 5858 795 5906 etc.:
830 5866 950 5908 nam
992 5849 1156 5907 verba
1204 5860 1251 5906 ct
1289 5852 1342 5908 in
1388 5853 1494 5907 suis
1540 5852 1771 5908 domibus

1924 4586 1995 4624 ω.

1885 4587 1995 4691 ηυξ.
2011 4639 2174 4704 Jttst.,
2198 4638 2285 4707 qui
2304 4638 2357 4691 in
2381 4636 2611 4690 Ecclesia
2630 4651 2730 4689 una
2753 4645 3143 4707 congregantur.
3168 4637 3477 4699 Lectionettt

1884 4710 2007 4765 Vat.
2035 4712 2165 4833 “leg.
2194 4706 2316 4764 eum
2338 4708 2460 4763 aliis
2486 4707 2820 4763 versionibus
2848 4717 2904 4763 et
2931 4706 3121 4764 Graeco
3148 4712 3473 4771 concordem

1884 4793 2052 4833 [metu
2084 4796 2243 4833 llllllS.

1924 4785 2243 4837 rretulinnts.

1884 4798 2243 4853 prretutnnus.

1889 4924 1901 4936 _
1956 4852 1981 4890 κ
2011 4854 2089 4909 ita
2128 4852 2267 4907 idem
2298 4866 2399 4906 ms.
2443 4849 2564 4904 Vat.
2593 4850 2727 4921 Reg.
2765 4848 2945 4907 Codex
2987 4850 3127 4907 Just.
3179 4853 3469 4921 mendose,

1882 4941 2010 4979 "188.

1902 4943 1990 5034 p818
1995 4964 2135 5050 .Vat.
2185 4994 2343 5060 1542,
2377 4995 2435 5055 in
2470 4995 2688 5049 alienam
2733 4994 3034 5060 parrochia,
3069 4994 3175 5061 leg.
3222 4995 3275 5047 in
3304 4995 3473 5051 aliena

1881 5069 2172 5139 parrochia.
2204 5066 2357 5120 Dion.
2382 5066 2577 5139 vertit:
2602 5067 2677 5119 vel
2708 5066 2914 5139 omnino
2951 5064 3264 5139 demigrans,
3294 5068 3344 5139 in
3368 5066 3474 5139 alia

1881 5134 2153 5210 parrochia
2176 5154 2267 5207 per
2287 5138 2457 5210 multa
2483 5147 2711 5207 tempora
2740 5137 2919 5191 nititur
2943 5134 3223 5200 immorari,
3251 5137 3460 5191 ulterius

1880 5208 2067 5264 ibidem
2097 5226 2198 5264 non
2228 5208 2500 5264 ministret.

1951 5290 1989 5317 ω
2018 5281 2133 5334 Vat.
2170 5280 2325 5349 Reg.,
2356 5281 2424 5351 ad
2446 5281 2788 5351 parrochiam.
2822 5277 2951 5351 Dein
2982 5276 3468 5351 Just.,upermanse-

1882 5352 1949 5406 rit
1978 5348 2335 5421 inquietudini.
2362 5348 2496 5408 Tres
2527 5362 2739 5407 nostros
2768 5348 2923 5404 codd.
2955 5349 3319 5421 antetulimus.

1950 5432 1977 5459 ιι
2008 5418 2082 5479 Ita
2109 5423 2215 5477 duo
2239 5422 2397 5477 codd.
2435 5422 2555 5477 Vat.
2596 5434 2650 5477 et
2689 5422 2820 5477 Luc.
2864 5418 3019 5490 Apud
3067 5419 3204 5475 Just.
3247 5431 3302 5477 et
3342 5420 3466 5477 Vat.

1880 5494 2012 5565 Reg.
2024 5536 2037 5557 ,
2072 5495 2255 5565 aliquis
2284 5495 2569 5562 episcopus.

1951 5564 1982 5602 (ί
2003 5564 2162 5625 Just.,
2208 5576 2255 5618 et
2282 5564 2370 5618 ille
2417 5567 2651 5634 culpatur
2681 5578 2811 5634 cum
2844 5579 2900 5617 eo
2930 5579 3181 5617 consensu
3228 5565 3463 5619 universo

1878 5638 2098 5708 synodo.
2129 5638 2306 5708 Minus
2338 5633 2594 5708 mendose
2619 5634 2740 5688 cod.
2774 5633 2895 5708 Vat.
2929 5635 3061 5703 Reg.
3086 5634 3302 5708 sublato
3323 5637 3466 5692 enim

1877 5705 2104 5775 mendo,
2134 5707 2292 5765 lectio
2336 5721 2457 5760 cum
2489 5706 2677 5761 Graeco
2713 5714 2768 5760 et
2792 5705 2922 5777 [aliis
2951 5706 3295 5764 versionihus
3334 5722 3468 5765 con-

1912 5782 2037 5836 ruit.
3542 5798 3545 5803 ‘

1876 5796 2133 5909 imlauded.
2165 5850 2297 5907 Luc.
2329 5856 2381 5905 ct
2402 5847 2524 5907 Vat.
2554 5846 2735 5904 delent
2762 5849 2844 5904 sit.
