3996 6344
501 315 606 375 795

1476 308 1565 364 AD
1599 303 1826 362 OPERA
1869 301 1928 358 S.
1968 295 2208 354 LEONIS
2245 298 2456 356 MAGNI
2493 299 2856 360 APPENDIX.
3656 299 3747 362 796

506 437 581 492 De
607 434 686 489 his
712 432 876 501 quise
903 431 966 488 ab
989 429 1222 486 Ecclesia
1255 424 1520 482 retrahunt
1561 431 1606 477 et
1637 420 1832 476 occulte
1871 432 2083 489 congre-
2112 415 2160 486 Α
2195 418 2519 486 parrociam,
2552 427 2608 473 et
2633 431 2754 487 quas
2781 417 2882 474 sub
2909 417 3024 487 ipsa
3047 415 3316 488 pertinent
3348 414 3487 498 loca.
3521 413 3535 453 ί
3581 385 3751 490 Singu-

1183 507 1384 572 gantur.

579 619 643 676 V.
687 618 744 676 Si
779 617 897 689 quis
943 614 1256 686 presbyter,
1293 617 1385 665 aut
1429 609 1687 664 diaconus
1735 613 2090 662 contemnens

509 728 660 770 suum
688 711 995 782 episcopum
1015 707 1340 778 separaverit
1363 719 1422 761 se
1445 704 1511 758 ab
1541 703 1805 765 Ecclesia,
1839 709 1894 756 et
1918 715 2094 756 secre-

511 808 614 864 tius
639 817 968 875 congregans
999 810 1026 838 ι
1069 800 1246 876 [Lege
1270 799 1437 854 altare
1461 805 1510 851 et
1546 795 1789 851 evocanti
1821 793 1838 866 j
1867 793 2091 847 altarem

510 906 738 962 statuat,
780 905 832 952 et
867 901 1123 950 evocante
1166 907 1289 947 eum
1327 891 1580 960 episcopo
1622 902 1727 941 non
1769 884 2091 951 obaudierit,

511 987 537 1031 δ
575 1005 698 1048 eum
727 997 781 1045 et
811 989 984 1060 primo
1020 994 1075 1042 et
1102 982 1342 1042 secundo
1372 991 1652 1038 vocantem
1683 977 2090 1045 contempserit,

511 1084 718 1138 noverit
745 1095 803 1136 se
829 1079 1048 1136 omnino
1075 1077 1378 1148 degradari,
1413 1085 1466 1131 ct
1498 1074 1817 1130 medicinam
1853 1088 1956 1126 non
1981 1085 2097 1127 meo

511 1173 638 1238 reri,
666 1187 838 1242 neque
862 1185 1013 1224 suam
1038 1168 1349 1239 dignitatem
1385 1166 1582 1220 habere
1611 1179 1788 1236 posse.
1819 1162 1876 1218 Si
1917 1170 2096 1217 autem

513 1263 863 1336 permanserit
883 1261 1209 1318 conturbans
1227 1267 1281 1315 et
1297 1259 1560 1314 resultans
1586 1255 1861 1320 Ecclesiae,
1887 1266 1906 1292 ί
1933 1253 2095 1326 [Sup-

518 1358 594 1414 ole
621 1356 839 1424 debent,
872 1364 918 1409 et
959 1352 1068 1426 lege
1091 1349 1230 1424 quas]
1264 1351 1408 1421 quia
1451 1349 1581 1404 loris
1622 1355 1747 1404 sunt
1772 1352 2098 1418 potestates,

525 1451 654 1506 .icut
678 1448 934 1506 rebellem
959 1463 1080 1502 eum
1107 1445 1399 1515 corrigere.

515 1543 677 1616 539
720 1541 798 1596 De
837 1541 914 1594 his
957 1539 1046 1611 qui
1087 1535 1595 1592 excommunicantur
1625 1533 1797 1588 clerici
1838 1530 1916 1585 vel
1958 1530 2100 1585 laici.

2197 508 2278 565 los
2306 518 2486 565 autem
2529 518 2585 565 et
2632 521 3064 579 unumquemque
3101 507 3408 577 episcopum
3460 515 3752 588 potestatem

2194 604 2390 660 habere
2414 603 2435 678 [
2460 601 3000 675 Legegubernandte,
3031 611 3080 656 et
3100 601 3278 671 supple
3316 614 3428 654 suae
3466 587 3752 674 parochiz‘]

2195 695 2596 768 gubernandam
2611 694 2906 751 secundum
2922 693 3339 763 uniuscujusque
3356 694 3754 762 venerationem,

2197 797 2248 845 et
2277 789 2634 858 provisionem
2658 785 2835 843 facere
2861 787 3020 842 totius
3043 787 3170 853 loci,
3198 786 3211 836 i
3243 786 3333 856 qui
3354 795 3440 842 est
3458 787 3559 842 sub
3572 773 3679 856 ejus
3694 789 3758 844 ci-

2196 881 2380 950 vitate,
2414 877 2575 954 550
2596 889 2655 934 ut
2695 879 2907 934 ordinet
2937 878 3312 951 presbyteros,
3341 889 3395 934 et
3425 877 3689 945 diaconos,
3714 891 3760 936 et

2198 988 2317 1029 cum
2336 972 2540 1042 judicio
2560 971 2766 1042 singula
2798 971 3122 1041 perspicere,
3153 977 3208 1025 et
3229 967 3254 1006 ¹ί
3285 968 3413 1024 nihil
3442 969 3587 1024 aliud
3604 985 3758 1041 agere.

2199 1075 2292 1123 aut
2319 1081 2642 1138 prwsumere
2665 1066 2780 1121 sine
2806 1065 3222 1134 metrOpolitano
3246 1066 3526 1135 episcopo.
3561 1061 3578 1100 ι
3609 1075 3659 1120 et
3679 1079 3762 1120 nec

2201 1159 2300 1230 ipsi
2329 1159 2487 1214 liceat
2515 1159 2633 1214 sine
2659 1158 2872 1213 caeteris
2899 1158 2953 1213 in
2981 1157 3234 1212 concilio.

2528 1248 2605 1303 De
2633 1249 2714 1304 his
2735 1251 2822 1321 qui
2850 1257 3094 1303 uocantur
3133 1247 3445 1315 corcpiscOpi

2273 1344 2342 1399 Χ.
2372 1344 2473 1413 Qui
2489 1343 2542 1400 in
2568 1343 2702 1399 locis
2719 1354 2809 1398 aut
2829 1343 2962 1399 vicis
2984 1349 3108 1396 sunt
3128 1339 3405 1396 constituti
3427 1338 3764 1413 corepiscopi,

2204 1450 2311 1490 non
2353 1434 2589 1490 audeant
2629 1448 2821 1490 manus
2869 1434 3145 1506 imponere
3183 1431 3356 1486 ordini
3407 1431 3646 1500 cuique:
3690 1411 3768 1486 sed

2207 1529 2406 1600 placuit
2434 1539 2472 1565 ω
2500 1536 2699 1584 sanctae
2729 1527 2936 1600 synodo
2976 1527 3120 1582 circa
3160 1541 3254 1582 eos
3300 1540 3452 1579 suam
3487 1539 3769 1580 mensuram

717 1634 773 1689 Si
813 1633 932 1704 quis
969 1601 1003 1686 θ
1053 1631 1270 1702 proprio
1303 1629 1556 1696 episcopo
1606 1625 2107 1682 excommunicatus
2208 1621 2432 1696 [Supple
2459 1631 2668 1687 tenere,
2692 1619 2768 1694 et]
2795 1609 3142 1692 gubernarei[
3169 1618 3302 1689 Lege
3327 1617 3473 1690 qure]
3500 1617 3592 1687 qui
3619 1601 3771 1687 subjaQ

517 1726 696 1793 fuerit,
722 1741 826 1781 non
851 1739 974 1780 eum
994 1723 1191 1780 debere
1211 1722 1277 1776 ab
1294 1721 1399 1775 alio
1416 1719 1613 1789 suscipi
1637 1719 1687 1774 in
1705 1719 2100 1784 communiOne,

2207 1725 2332 1770 cent
2357 1714 2458 1781 eis,
2501 1714 2791 1780 Ecclesias,
2822 1722 2877 1768 et
2919 1727 3104 1768 eorum
3148 1711 3398 1767 sufﬁcere
3446 1707 3772 1765 sollicitudini

519 1819 694 1873 sinon
733 1817 905 1888 primo
949 1831 1071 1871 eum
1114 1813 1448 1870 revocaverit
1497 1811 1744 1880 pr0prius
1794 1812 2102 1881 episcopus,
2134 1805 2264 1866 Bet
2319 1807 2598 1877 jubamini.
2657 1806 3004 1860 Constituere
3062 1813 3240 1859 autem
3295 1803 3692 1869 subdiaconos,
3732 1807 3774 1855 et

520 1917 613 1964 aut
635 1910 686 1964 in
711 1908 923 1981 synodo
953 1921 1241 1962 occurrens
1272 1903 1589 1970 satisfaciat,
1615 1913 1666 1957 et
1701 1905 1976 1974 agnoverit
2016 1919 2102 1974 sy-

521 2001 714 2069 nodus,
745 2013 903 2056 causa
929 1998 1045 2068 ejus
1070 1998 1410 2067 suscipiatur,
1436 2005 1528 2049 aut
1553 1992 1579 2032 δ
1611 1997 1654 2049 si
1697 1995 1766 2050 de
1805 2009 1869 2049 eo
1909 2009 2102 2049 secun-

521 2092 641 2148 dam
669 2093 984 2148 sententiam
1010 2090 1263 2146 dixerint.
1299 2087 1584 2144 Deﬁnitum
1613 2096 1697 2143 est
1729 2096 1751 2124 ο
1789 2088 1838 2141 in
1858 2101 1923 2142 eo
1954 2088 2105 2142 insti-

521 2194 691 2242 tutum
722 2186 790 2242 de
813 2186 981 2252 laicis,
1015 2185 1369 2256 presbyteris,
1400 2192 1452 2238 et
1485 2181 1833 2246 diaconibus,
1865 2179 2020 2254 [Lege
2051 2187 2104 2235 et

521 2277 768 2334 omnibus
799 2275 815 2348 ]
853 2285 906 2333 et
937 2291 1161 2343 omnes,
1202 2275 1290 2345 qui
1330 2284 1454 2330 sunt
1491 2273 1544 2329 in
1591 2288 1824 2338 canone,
1871 2273 1940 2327 ita
1965 2271 2108 2342 judi-

520 2369 737 2424 candus.

1036 2457 1113 2514 De
1135 2458 1322 2513 dandis
1346 2458 1599 2530 epistulis.

596 2550 706 2608 VII.
737 2549 806 2606 Ut
837 2564 942 2604 non
972 2548 1130 2604 liceat
1158 2549 1505 2620 presbytero,
1545 2547 1635 2618 qui
1668 2546 1841 2619 [Lege
1872 2547 1922 2600 in
1964 2547 2102 2614 loco,

523 2657 585 2696 ex
603 2639 783 2697 Graeco
813 2641 865 2694 in
897 2639 1065 2712 pagis]
1095 2641 1146 2695 in
1174 2641 1350 2694 locum
1383 2649 1496 2704 est,
1520 2639 1806 2695 canonicas
1849 2639 2108 2710 epistulas

524 2733 675 2802 dare,
703 2733 802 2790 nisi
825 2733 1000 2791 solum
1028 2735 1094 2790 ad
1124 2734 1329 2789 vicinos
1357 2735 1641 2805 cpiscopus
1681 2734 1942 2805 epistulas
1979 2735 2108 2791 diri-

526 2843 669 2899 gere.
699 2827 1214 2900 lnreprehensibiles
1243 2838 1421 2883 autem
1454 2829 1834 2900 corepiscOpos
1862 2829 1991 2884 dare
2017 2845 2108 2901 pa-

527 2921 725 2978 citicas.

849 3015 920 3072 De
941 3030 1040 3068 non
1063 3013 1397 3084 suscipiendis
1420 3013 1702 3086 peregrinis
1734 3011 1776 3068 τ.

603 3106 736 3163 VIII.
765 3106 978 3162 Nullum
1010 3106 1129 3162 sine
1174 3103 1401 3160 formata
1433 3107 1706 3174 suscipere
1749 3104 2107 3174 peregrinum.

702 3199 777 3255 De
799 3200 1204 3273 metrOpolitanis
1229 3201 1626 3270 uniuscujusque
1653 3200 1940 3269 provinciis.

603 3289 691 3345 IX.
723 3299 750 3339 ε
774 3289 1200 3361 Uniuscujusque
1225 3289 1512 3360 provincia:
1535 3288 1793 3372 debemus
1816 3305 2112 3361 agnoscere

532 3384 999 3456 metropolitanos,
1029 3391 1083 3440 et
1112 3398 1342 3453 praeesse
1369 3383 1663 3452 episcopis,
1697 3393 1750 3438 et
1792 3383 2111 3438 sollicitudi-

532 3492 653 3533 nem
686 3478 958 3548 suscipere
990 3477 1152 3532 totius
1184 3477 1496 3546 provincize,
1529 3491 1625 3547 pro
1655 3491 1719 3530 eo
1748 3476 1888 3546 quod
1919 3477 1968 3530 in
2003 3491 2115 3531 mc—

531 3568 780 3637 tr0polim
809 3567 1041 3639 undique
1061 3577 1381 3623 concurrunt
1422 3582 1629 3634 omnes,
1667 3569 1754 3637 qui
1802 3582 1991 3622 causas
2016 3570 2112 3623 ba-

534 3658 659 3714 bent
689 3680 700 3715 :
732 3659 871 3715 unde
904 3660 1100 3730 placuit
1137 3669 1193 3714 ut
1225 3659 1426 3714 honore
1458 3669 1856 3728 prmponantnr,
1899 3669 1952 3712 et
1983 3660 2113 3715 nihil

534 3765 690 3819 agere
717 3750 835 3820 plus
877 3751 1077 3821 aliquid
1119 3751 1282 3805 liceat
1316 3749 1524 3805 cmteris
1555 3752 1821 3819 episcopis
1853 3754 1967 3806 sine
1999 3753 2116 3820 ipso

536 3839 562 3880 ιι
592 3843 885 3898 secundum
917 3842 1191 3912 antiquum
1225 3858 1251 3894 a
1285 3842 1531 3896 Patribus
1579 3843 1778 3896 nostris
1809 3856 2116 3901 manentem

538 3948 817 4000 canonem,
851 3934 950 3987 nisi
986 3934 1085 3988 hoc
1115 3935 1287 3989 solum
1321 3942 1576 4003 quantum
1602 3935 1859 4004 cujusque
1892 3941 2121 4004 pertinet

612 4085 638 4113 ι
667 4075 784 4130 Vat.
819 4074 1252 4152 2542,_alteraiii_.
1287 4073 1406 4152 Mox
1439 4073 1591 4152 μηδ..
1626 4085 1670 4127 e:
1720 4086 1976 4152 vocantem
2005 4083 2115 4152 ερὶ-

542 4162 770 4212 scopum.
816 4145 1140 4212 Scripsimus
1195 4144 1478 4197 obaudierit
1527 4160 1646 4197 cum
1706 4147 1869 4199 tribu-
1919 4144 2114 4207 nostris

542 4216 698 4274 codd.
723 4216 875 4287 Apud
903 4215 1064 4280 .Iust.,
1090 4214 1328 4287 audierit.
1365 4213 1478 4267 Vat.
1519 4214 1648 4287 Reg.
1687 4229 1798 4282 post
1825 4217 2113 4275 obaudierit

543 4289 692 4362 addit
721 4286 1073 4362 eisubjacere,
1094 4286 1450 4362 Anecobedire;
1490 4286 1575 4340 ubi
1603 4287 1956 4354 supplendum
1993 4308 2112 4347 cum

542 4359 756 4429 Graeco,
795 4359 889 4414 nec
914 4359 1030 4414 uelit
1059 4359 1103 4412 ei
1131 4359 1408 4428 subjacere,
1434 4367 1537 4429 etc.

613 4431 638 4470 δ
660 4427 904 4486 Ιιθοοιιά.
935 4431 1052 4505 Vat.
1078 4441 1128 4485 et
1157 4427 1286 4483 Luc.
1318 4429 1465 4497 Apud
1490 4427 1652 4494 .Iust.,
1677 4445 1809 4505 cum.
1839 4431 1952 4505 Vat.
1980 4433 2111 4505 Reg.

542 4509 596 4574 et
615 4517 748 4568 eum,
769 4511 823 4556 et
837 4518 952 4556 cum
957 4502 1184 4574 jgnorat
1208 4517 1220 4552 :
1245 4508 1299 4553 et
1320 4509 1442 4574 post
1463 4515 1627 4574 panca
1657 4516 1752 4574 pro
1773 4502 1956 4557 habere
1985 4502 2121 4574 ρεπξέ-
2149 4509 2202 4571 1)

546 4571 916 4637 lertaccipere.
956 4571 1094 4628 Dein
1133 4587 1199 4625 ex
1233 4573 1422 4625 eodem
1473 4571 1622 4635 Vat.,
1659 4572 1788 4641 Reg.
1829 4571 2122 4642 adiecimus

546 4654 731 4697 autem.

622 4723 644 4785 ὲ
663 4711 800 4767 Just.
829 4723 883 4768 et
902 4711 1019 4785 Vat.
1043 4711 1200 4785 1542,
1225 4713 1310 4779 qui
1337 4729 1369 4766 a
1387 4728 1482 4785 sua
1501 4721 1747 4784 potestate
1764 4714 1890 4785 foris
1911 4726 2046 4782 sunt,
2071 4717 2123 4771 in

547 4783 760 4838 arbitrio
806 4793 877 4837 est
924 4784 1146 4856 episcopi
1191 4785 1322 4836 sicut
1350 4783 1616 4856 rebellem,
1644 4783 1771 4856 ietc.
1799 4785 1953 4853 Luc.,
2004 4789 2124 4850 quia

546 4864 722 4910 sancta
759 4853 1024 4926 potestate,
1052 4853 1181 4921 etc.,
1209 4864 1265 4908 ut
1285 4853 1427 4926 apud,
1453 4854 1590 4926 Just.
1626 4855 1816 4911 Grrrco
1843 4858 2124 4913 cohaeren-

546 4927 650 4996 tior
676 4923 768 4980 est
788 4927 963 4990 lectio,
985 4940 1142 4994 quam
1164 4940 1236 4996 rex
1263 4940 1361 4996 ms.
1397 4924 1511 4978 Vat.
1539 4923 1671 4996 Reg.
1698 4929 2018 4996 recepimus.

621 4995 645 5033 ἀ
676 4997 810 5051 Cod.
843 4996 960 5051 Vat.
987 4995 1118 5065 Reg.
1146 4995 1287 5050 delet
1315 4995 1378 5049 si.

621 5076 644 5104 ε
674 5067 844 5132 .Iust.,
879 5069 932 5122 in
962 5067 1306 5140 constitutum
1340 5067 1672 5140 siveﬂlaicus,
1721 5068 1794 5121 rel
1843 5068 2125 5140 presbyter,

546 5148 635 5192 aut
658 5140 901 5193 diaconus
926 5139 1015 5204 sit,
1037 5147 1084 5192 et
1101 5153 1294 5202 omnes,
1316 5146 1423 5192 etc.
1445 5137 1625 5194 Secuti
1648 5153 1832 5192 sumus
1845 5137 1975 5193 cod.
1996 5137 2125 5195 'Vat.

549 5209 682 5278 Reg.
739 5210 851 5263 Duo
898 5224 1110 5279 quoque
1151 5207 1309 5279 codd.
1363 5206 1482 5262 Vat.
1534 5208 1668 5265 I542
1713 5222 1768 5264 et
1811 5209 1942 5264 Luc.
1996 5213 2130 5266 hanc

548 5280 979 5334 emendationem
1007 5278 1358 5348 eornprobant
1385 5293 1401 5332 :
1429 5279 1627 5335 habent
1647 5281 1788 5336 enim
1816 5283 1870 5335 in
1899 5298 1953 5335 eo
1981 5283 2127 5337 insti-
2207 5301 2218 5310 ·

551 5360 740 5415 tutum,
772 5362 826 5406 et
847 5354 1100 5406 omittunt
1118 5353 1206 5406 sit.

625 5420 801 5477 t.Iust.
835 5423 980 5476 addit
1007 5421 1200 5476 clericis
1232 5439 1251 5478 :
1275 5421 1568 5477 delevimus
1594 5437 1714 5477 cum
1743 5423 1944 5477 nostris
1977 5423 2132 5478 codi-

551 5492 722 5565 cibus,
766 5494 955 5548 Graeco
1011 5503 1154 5548 textu
1187 5493 1415 5565 aliisque
1455 5492 1792 5550 versionibus
1834 5493 2133 5565 sullragan»

459 5611 464 5617 .
553 5563 714 5617 tibus.

625 5642 649 5714 If
677 5635 749 5689 Ita
777 5633 894 5691 Vat.
923 5633 1091 5718 “5.42..
1112 5636 1262 5704 Apud
1299 5635 1462 5692 Jusl..
1512 5635 1652 5717 Quos
1683 5633 1848 5707 (forte
1884 5633 2021 5759 Nos)
2046 5653 2134 5702 per

629 5719 836 5758 wcrsarn
866 5721 1177 5759 provinciam
1203 5707 1378 5759 αλιυδ..
1427 5706 1728 5759 Ecclestam.
1765 5705 1924 5759 tnalel
2011 5707 2129 5759 ebe-

555 5705 1177 5778 univcrsamAprovinciam
1203 5707 1378 5778 (an.,
1427 5705 1728 5778 Ecclesiain,
1765 5705 1941 5778 male),
1974 5705 2129 5761 debe-

559 5787 694 5838 mus,
724 5783 825 5828 etc.
850 5775 966 5830 Mox
987 5792 1082 5844 pro
1103 5775 1426 5846 concurrunt,
1451 5777 1592 5848 quod
1616 5777 1780 5832 nostri
1811 5777 1969 5833 codd.
1998 5793 2134 5848 prte-

2206 1901 2523 1967 exorcistas,
2554 1909 2608 1954 et
2636 1899 2888 1964 lectores,
2916 1909 2971 1952 et
2995 1913 3183 1953 eorum
3225 1896 3479 1953 sufficere
3505 1894 3775 1968 provectio-

2207 1993 2295 2060 ni,
2345 2001 2395 2047 et
2441 2007 2614 2060 neque
2664 1992 3036 2063 presbyterum
3079 1998 3172 2044 aut
3221 1989 3510 2044 diaconum
3559 1988 3775 2043 ordinare

2207 2093 2539 2155 presumant
2569 2084 2686 2138 sine
2709 2083 2940 2138 civitatis
2967 2083 3242 2159 episcopo,
3275 2082 3360 2136 cui
3393 2081 3637 2151 subjacel
3663 2083 3773 2151 ipse,

2208 2185 2263 2232 et
2303 2176 2419 2230 loca
2451 2175 2588 2245 ipsa.
2623 2175 2680 2229 Si
2724 2189 2851 2229 vero
2891 2175 3235 2243 temptaverit
3266 2174 3458 2244 aliquis
3507 2170 3777 2242 transgredi

2209 2267 2426 2323 Patrum
2467 2266 2757 2321 constituta
2782 2306 2797 2331 ,
2839 2265 3122 2337 degradari
3161 2281 3282 2320 enm
3329 2267 3396 2321 ab
3448 2267 3652 2320 honore
3691 2277 3778 2334 quo

2211 2363 2472 2434 fungitur,
2507 2373 2560 2419 et
2609 2363 3086 2434 excorepiscopum
3137 2362 3271 2427 fieri,
3315 2372 3367 2417 et
3405 2377 3434 2416 θ
3483 2360 3710 2424 civitate,
3735 2358 3777 2414 in

2211 2473 2312 2530 qua
2346 2455 2541 2523 fuerat,
2574 2465 2600 2493 υ
2637 2457 2797 2512 abici.

2415 2549 2490 2604 De
2520 2550 2598 2605 his
2623 2552 2709 2620 qui
2736 2551 2871 2620 apud
2900 2562 3257 2620 imperatorem
3283 2551 3604 2623 supplicant.

2287 2643 2374 2698 XI.
2407 2641 2464 2699 Si
2491 2643 2611 2712 quis
2639 2643 2945 2712 episcopus,
2975 2651 3068 2698 aut
3091 2643 3388 2714 presbyter,
3422 2651 3517 2698 aut
3547 2644 3592 2699 si
3620 2644 3701 2714 qui
3725 2642 3780 2700 de

2211 2751 2418 2794 canone
2451 2735 2568 2792 sine
2595 2735 2921 2791 conscientia
2964 2744 3054 2788 aut
3095 2733 3271 2808 [Lege
3299 2735 3541 2808 litteris]
3580 2737 3777 2802 litteras,

2211 2829 2300 2900 qui
2329 2827 2384 2883 in
2414 2828 2685 2898 provincia
2714 2837 2838 2880 sunt
2880 2827 3142 2898 episcopi,
3182 2836 3236 2883 et
3259 2829 3493 2883 maxime
3528 2839 3777 2897 metropo-

2211 2921 2385 2989 litani,
2416 2928 2602 2990 pergat
2635 2919 2703 2973 ad
2728 2919 3144 2987 imperatorem;
3170 2919 3312 2974 hunc
3341 2919 3609 2975 diﬂ‘amari
3635 2932 3682 2976 et
3705 2937 3783 2976 ex-

2216 3013 2338 3084 pelli
2370 3028 2475 3068 non
2504 3012 2676 3067 solum
2701 3026 2731 3066 a
2757 3011 3158 3077 communione,
3183 3012 3276 3065 scd
3310 3013 3471 3066 etiam
3511 3020 3536 3047 ο
3583 3013 3781 3081 dignita~

2215 3117 2320 3164 tem
2350 3122 2453 3178 qua
2503 3105 2741 3177 fungitur
2791 3106 3032 3172 amittat,
3090 3114 3312 3175 propter
3352 3107 3496 3177 quod
3548 3109 3782 3162 inolestus

2139 3188 2186 3254 C
2216 3199 2418 3256 exstitit
2443 3197 2696 3269 piissimis
2724 3196 3135 3265 imperatoribus
3166 3198 3365 3253 nostris
3393 3207 3547 3254 extra
3577 3199 3780 3270 disposio

2217 3295 2418 3348 tionem
2462 3290 2740 3347 Ecclesiae.
2792 3289 2846 3345 Si
2893 3298 3069 3345 autem
3104 3291 3415 3346 necessario
3457 3283 3712 3346 evocatus
3727 3289 3782 3345 ad

2217 3389 2622 3458 imperatorem,
2657 3381 2899 3456 [Supplc
2931 3382 3239 3439 facultatem
3260 3383 3477 3449 habeat,
3503 3383 3580 3439 uel
3609 3382 3782 3450 aliquid

2214 3477 2402 3552 simile]
2423 3477 2602 3543 eundi,
2637 3485 2690 3532 et
2717 3475 2819 3530 hoc
2843 3491 2963 3531 cum
2994 3485 3220 3530 tractatu
3251 3485 3304 3531 et
3334 3478 3662 3532 conscientia
3685 3491 3783 3530 me-

2218 3573 2522 3644 tropolitani
2556 3571 2843 3640 provincia:
2885 3569 3157 3639 episcopi,
3193 3579 3218 3618 ρ
3246 3578 3299 3624 et
3328 3585 3518 3624 eorum
3547 3571 3631 3628 nui
3661 3571 3707 3624 in
3728 3582 3780 3624 ea

2215 3674 2360 3729 sunt,
2392 3671 2446 3718 et
2477 3676 2664 3717 eorum
2697 3660 2910 3714 scribtis
2938 3659 3130 3715 instrui
3162 3661 3374 3715 debeat.

2379 3753 2454 3808 De
2473 3755 2552 3807 his
2579 3752 2667 3823 qui
2697 3751 2963 3824 degradati
2994 3751 3293 3823 imperatori
3325 3753 3634 3824 supplicant.

2297 3849 2410 3904 XII.
2436 3847 2493 3904 Si
2523 3846 2642 3915 quis
2663 3861 2692 3899 a
2716 3846 2933 3914 proprio
2956 3848 3209 3916 episcopo
3239 3845 3560 3916 degradatus
3591 3847 3779 3918 presby.

2225 3954 2306 3999 ter
2327 3951 2418 3996 aut
2439 3941 2718 4002 diaconus,
2751 3948 2842 3993 aut
2869 3940 2913 3993 si
2941 3940 3226 4009 episcopus
3247 3950 3272 3988 ιι
3297 3955 3326 3992 θ
3354 3942 3582 4016 synodo,
3609 3950 3659 3995 et
3688 3953 3782 3993 mo-

2225 4081 2424 4146 ierunt,
2455 4077 2667 4133 Justelli
2698 4077 2866 4133 codex
2896 4074 3153 4131 mendose
3178 4085 3500 4131 corruerunt.

2295 4149 2323 4188 ιι
2351 4149 2513 4213 .Iust.,
2545 4150 2820 4202 secundum
2845 4148 3111 4212 antiquum
3139 4163 3170 4200 a
3205 4146 3447 4201 Patr-ibus
3474 4148 3657 4203 nostris
3685 4161 3782 4199 nta-

2225 4239 2347 4276 nens
2377 4235 2638 4273 canonem.
2671 4219 2848 4272 Nostri
2877 4217 3036 4272 codd.
3083 4217 3515 4274 emendationem
3556 4217 3788 4287 suppedi-

2225 4302 2424 4348 tarunt.
2459 4289 2586 4344 Dein
2614 4289 2708 4343 sub
2736 4290 2848 4359 ipsa
2877 4290 3191 4358 scripsimus
3228 4303 3350 4343 cum
3383 4299 3485 4344 ms.
3524 4290 3639 4346 Vat.
3667 4291 3778 4356 Reg.

2225 4364 2350 4429 Alii,
2381 4361 2475 4415 sub
2499 4362 2629 4428 ipso.

2301 4433 2314 4470 ί
2352 4433 2422 4486 Ita
2453 4445 2558 4486 ms.
2595 4430 2708 4485 Vat.
2743 4429 2905 4502 1542.
2932 4429 3275 4502 AputIJust.,
3308 4431 3560 4502 singulas.

2300 4507 2314 4555 l
2351 4504 2490 4560 Just.
2520 4518 2640 4556 cum
2664 4515 2792 4556 mss.
2823 4501 2950 4554 Luc.
2981 4511 3034 4556 et
3059 4501 3200 4560 Vat.,
3227 4503 3317 4569 qui
3343 4501 3482 4558 sunt.
3513 4503 3687 4559 Melius
3708 4514 3786 4552 no-

2230 4588 2343 4632 ster
2369 4574 2492 4630 cod.
2519 4573 2638 4627 Vat.
2677 4574 2832 4640 Reg.,
2862 4574 3065 4643 quiest.
3099 4572 3229 4628 Dein
3261 4575 3550 4642 prospicere
3575 4588 3666 4646 pro
3692 4585 3786 4641 per-

2230 4647 2420 4698 spicere
2443 4647 2494 4698 in
2528 4659 2628 4698 ms.
2659 4645 2788 4698 Luc.

2229 4662 2420 4720 spicere
2444 4662 2494 4698 in
2528 4659 2628 4698 ms.
2660 4659 2788 4699 Luc.

2308 4717 2332 4754 ιι
2364 4717 2452 4772 Sic
2491 4730 2614 4769 cum
2665 4730 2766 4769 ms.
2812 4715 2930 4769 Vat.
2968 4715 3100 4781 Reg.
3131 4713 3284 4783 Apud
3333 4712 3475 4773 Just.
3517 4726 3570 4774 et
3609 4717 3658 4770 in
3687 4713 3787 4766 aliis

2231 4787 2416 4851 codd.,
2446 4787 2575 4839 nihil
2605 4785 2784 4851 altius,
2823 4785 2959 4840 forte
2979 4786 3214 4839 ulterius.

2309 4858 2324 4896 ι
2357 4857 2489 4912 Cod.
2531 4857 2644 4911 Val.
2678 4856 2842 4927 Reg”
2870 4865 2915 4910 et
2946 4873 3036 4910 nec
3064 4857 3232 4927 ipsum
3269 4855 3380 4909 sine
3417 4853 3606 4927 ueteris
3641 4856 3788 4906 consi-

2234 4930 2384 4993 lium,
2443 4938 2695 4996 corrupte
2740 4924 2894 4982 :'ubi
2950 4924 3232 4997 legendum
3291 4924 3638 4980 colla-rentius
3682 4938 3788 4997 cum

2239 4999 2430 5056 Grmco
2458 4995 2682 5067 aliisque
2703 4995 3134 5067 versionibus,_et
3164 5012 3255 5050 nec
3280 4997 3448 5063 ipsum
3471 4995 3788 5066 (subauditur

2237 5070 2560 5125 antecedens
2590 5070 2810 5123 verbum
2837 5069 3006 5140 agere)
3041 5069 3150 5140 sine
3175 5077 3477 5122 cwterorum
3507 5067 3721 5140 consilio.

2309 5151 2348 5178 ω
2377 5142 2448 5194 Ita
2466 5141 2586 5194 cod.
2616 5139 2733 5193 Vat.
2768 5138 2900 5208 Reg.
2921 5138 3074 5208 Apud
3093 5138 3258 5203 .Iust.,
3276 5148 3454 5193 sancto
3468 5138 3650 5207 synodo
3669 5139 3789 5189 circa

2239 5230 2320 5266 eos
2341 5228 2485 5266 suam
2498 5227 2789 5266 mensuram
2804 5222 2850 5266 et
2863 5212 3299 5282 gubernationem,
3312 5211 3400 5279 qui
3414 5211 3678 5278 subiacent,
3695 5215 3788 5260 etc.

2310 5292 2336 5319 η
2370 5282 2498 5336 Cod.
2535 5282 2688 5346 an.,
2717 5282 2974 5352 abigatur.

2314 5361 2338 5390 ο
2367 5353 2504 5407 Just.
2538 5353 2722 5407 inserit
2749 5351 2829 5414 et;
2852 5353 3146 5407 delevimus
3169 5367 3290 5406 cum
3312 5366 3414 5406 ms.
3449 5351 3571 5406 Luc.

2310 5435 2336 5475 Ρ
2367 5425 2532 5490 .Iust.,
2565 5437 2688 5488 ms.,
2724 5433 2811 5478 aut
2834 5438 3031 5487 eorum,
3057 5425 3143 5492 qui
3169 5423 3220 5475 in
3250 5439 3310 5476 ea
3331 5431 3447 5478 sunt
3472 5419 3668 5481 scribtis,
3696 5423 3787 5469 etc.

2240 5495 2581 5550 Prmtulimns
2609 5496 2892 5549 lcetionem
2921 5494 3080 5548 codd.
3108 5493 3226 5546 Vat.
3259 5493 3391 5564 Reg.
3426 5503 3479 5546 et
3500 5493 3613 5546 Luc.

2309 5577 2334 5615 ιι
2365 5564 2528 5623 .Iust.,
2559 5584 2591 5618 a
2617 5575 2800 5618 cuncto
2826 5567 3058 5631 synodo;
3099 5574 3152 5618 et
3176 5564 3300 5619 dein
3321 5561 3520 5627 [etiam
3557 5561 3790 5631 uniuersos

2239 5639 2290 5690 in
2315 5636 2586 5690 universali
2614 5637 2828 5706 synodo.
2853 5629 3237 5690 Voces-cuncto
3258 5644 3314 5690 et
3348 5635 3594 5688 uniuersos
3621 5629 3790 5706 exclu-

2239 5708 2404 5762 simus
2438 5721 2559 5761 cum
2603 5703 2704 5761 nis.
2745 5707 2862 5760 Vat.
2899 5707 3052 5774 Reg.,
3091 5705 3183 5776 qui
3224 5721 3319 5776 pro
3363 5706 3546 5773 fuerint
3570 5703 3628 5756 ad
3655 5711 3790 5751 dum

2241 5778 2399 5833 habet
2425 5779 2743 5832 temtauerint
2769 5793 2940 5832 aures.
