3996 6344
239 325 342 384 797

237 416 355 500 Iesti
401 443 603 499 fuerint
639 443 704 499 ad
747 443 902 518 551
951 458 1110 500 aures
1157 447 1499 514 imperatoris
1547 463 1559 500 :

231 627 344 702 qui]
369 647 490 700 qua:
520 631 701 685 dicunt
731 630 1070 700 sejustitiam
1105 632 1325 700 habere,
1359 641 1386 672 ι
1415 633 1648 702 allegare
1679 633 1822 702 apud

233 723 496 792 plurimos
532 725 812 792 episcopos
837 764 850 787 ,
891 731 948 777 et
989 723 1057 777 ab
1099 739 1284 778 eorum
1331 724 1668 780 discussione
1698 771 1712 792 ,
1770 734 1827 781 et

232 811 406 885 [Lege
422 811 624 882 judicio
645 812 666 884 ]
691 813 951 883 judicium
999 828 1311 883 exspectare
1337 829 1510 892 spem.
1542 814 1599 871 Si
1645 824 1824 871 autem

229 907 284 959 in
320 906 423 960 hoc
445 893 668 971 anxiati,
701 905 910 960 molesti
932 904 1130 960 fuerint
1156 908 1506 976 imperatori;
1539 922 1824 965 censemus

228 996 338 1052 hoc
369 998 421 1051 in
465 998 611 1052 nulla
638 999 793 1053 venia
832 999 1116 1068 pervenire
1138 1039 1155 1066 ,
1201 1015 1372 1069 neque
1403 1000 1579 1054 locum
1612 1001 1826 1056 satisfa-

226 1088 426 1145 ctionis
458 1089 680 1156 habere,
714 1105 887 1160 neque
916 1105 1066 1162 spem
1099 1090 1296 1146 futura:
1339 1093 1700 1149 restitutionis
1728 1108 1822 1149 ex-

226 1189 502 1250 spectare.

375 1271 453 1327 De
480 1275 733 1344 episcopis
757 1274 845 1344 qui
871 1275 924 1328 in
967 1275 1137 1330 aliena
1181 1277 1414 1342 parrocia
1440 1278 1698 1332 ordinant.

296 1363 439 1420 Xlll.
464 1364 690 1431 Placuit,
715 1374 772 1421 ut
797 1366 980 1421 nullus
1016 1366 1303 1437 episcopus
1338 1368 1534 1423 audeat
1566 1367 1594 1407 δ
1619 1372 1685 1423 ab
1715 1369 1819 1425 alia

223 1458 508 1527 provincia
539 1459 592 1514 in
639 1459 799 1514 aliam
830 1460 1057 1530 ingredi,
1115 1469 1170 1516 et
1208 1461 1458 1517 ordinare
1488 1463 1537 1516 in
1567 1462 1819 1518 Ecclesiis

217 1551 438 1623 aliquos
467 1552 533 1607 ad
560 1561 871 1622 provectum
901 1555 1040 1608 sacri
1064 1554 1366 1622 ministerii,
1394 1565 1566 1625 tt‘eque
1583 1556 1626 1609 si
1646 1557 1815 1611 comi-

217 1642 326 1697 tari
358 1657 544 1699 secum
596 1643 785 1699 fecerit
813 1644 1022 1709 socios;
1080 1645 1181 1699 nisi
1236 1655 1452 1715 rogatus
1483 1646 1678 1702 abierit
1725 1662 1819 1715 per

219 1733 434 1789 litteras
465 1735 886 1802 metropolitam,
911 1742 967 1790 et
995 1736 1084 1804 qui
1114 1750 1234 1790 cum
1261 1750 1326 1791 eo
1351 1745 1496 1804 sunt,
1535 1737 1816 1806 episcopo-

214 1841 372 1889 rum,
405 1835 461 1882 et
494 1828 572 1881 sic
601 1827 667 1881 ad
695 1826 1051 1882 ordinandum
1085 1837 1340 1884 transeat.
1361 1829 1418 1885 Si
1448 1837 1622 1885 autem
1666 1830 1814 1885 nullo
1843 1830 1890 1891 Β

211 1922 456 1971 vocante
502 1916 790 1972 comitetur
817 1918 1052 1987 inquiete
1081 1917 1148 1971 ad
1177 1918 1571 1972 ordinationem
1600 1919 1812 1988 aliquo-

210 2023 369 2074 rum,
395 2016 453 2063 et
471 2008 876 2078 dispositionem
900 2010 1388 2065 ecclesiasticarum
1421 2026 1598 2066 rerum
1625 2027 1727 2065 non
1746 2011 1813 2066 ad

209 2115 343 2156 eum
373 2100 794 2170 pertinentium;
828 2101 1061 2157 inaniter
1097 2101 1313 2172 quidem
1341 2103 1407 2156 ab
1429 2117 1494 2156 eo
1522 2111 1635 2156 acta
1667 2112 1810 2171 sunt,

207 2201 266 2250 et
290 2195 481 2264 ipsum
508 2211 614 2251 non
647 2197 868 2268 suscipi,
923 2206 1146 2267 propter
1175 2196 1336 2270 [Lege
1390 2198 1811 2268 inquietudinem

207 2301 373 2344 suam
417 2296 475 2344 et
515 2289 950 2344 inrationabilem
999 2289 1376 2361 temeritatem]
1426 2291 1813 2360 inquietudinis

207 2394 352 2447 suae,
373 2387 432 2435 et
461 2379 851 2436 inrationabilis
879 2381 1200 2437 temeritatis
1223 2397 1353 2448 sine,
1375 2381 1441 2436 de
1469 2397 1574 2452 qua
1601 2391 1814 2451 oportet

204 2473 478 2545 judicium
499 2475 654 2542 ferre,
698 2474 891 2530 deinde
919 2484 973 2530 et
993 2473 1150 2547 [Lege
1177 2472 1478 2545 depositus]
1506 2475 1810 2545 depositum

203 2563 488 2620 abiciatur
515 2581 546 2619 a
579 2574 762 2621 sancta
793 2565 999 2636 synodo
1269 2555 1274 2560 ’

209 2677 288 2737 De
305 2681 572 2752 episcopis
597 2682 686 2753 qui
714 2682 1042 2754 adpetuntur,
1073 2692 1122 2736 et
1158 2682 1291 2736 inter
1312 2681 1648 2753 provinciales
1671 2690 1693 2720 ε
1718 2686 1812 2754 ju-

708 2753 845 2829 dices
879 2768 984 2807 non
1011 2762 1318 2808 consonant.

277 2864 428 2921 XIV.
456 2865 513 2921 Si
540 2864 660 2936 quis
683 2866 972 2936 episcOpus
1002 2867 1051 2920 in
1083 2867 1352 2937 aliquibus
1377 2867 1692 2924 criminibus
1726 2885 1812 2926 ac-

200 2965 434 3015 cusatus
467 2953 491 2993 ἀ
514 2957 805 3027 judicetur,
837 2968 890 3012 et
931 2958 1270 3028 postmodum
1299 2960 1509 3014 eveniat
1543 2960 1808 3033 [Abundat

200 3049 356 3124 et]et
391 3065 493 3122 pro
522 3063 587 3105 eo
616 3049 895 3105 dissonare
918 3050 1058 3106 inter
1079 3065 1174 3107 eos
1203 3053 1290 3122 qui
1318 3060 1444 3106 sunt
1471 3053 1520 3107 in
1540 3053 1812 3123 provincia

201 3143 484 3214 episc0pi,
507 3141 663 3215 [Lege
684 3143 949 3214 aliquibus
973 3145 1387 3201 innocentem...
1421 3147 1803 3213 asserentibus,

201 3237 328 3292 aliis
351 3236 561 3309 autem]
586 3237 886 3308 aliquorum
924 3240 1179 3295 innocens
1209 3240 1299 3310 qui
1331 3242 1600 3309 judicatur
1659 3259 1808 3299 asse-

201 3339 437 3396 rentes,
482 3338 506 3366 °
539 3331 763 3385 aliorum
796 3339 973 3387 autem
1009 3348 1200 3398 reum;
1244 3349 1342 3404 pro
1389 3335 1701 3392 elimatione
1723 3338 1807 3391 di-

198 3419 515 3476 scussionis
537 3425 696 3476 totius
718 3437 894 3478 causa:
915 3425 1114 3493 placuit
1139 3435 1338 3480 sanctae
1360 3429 1587 3496 synodo,
1615 3439 1672 3485 ut
1699 3446 1810 3487 me-

199 3515 582 3586 tropolitanus
611 3518 918 3587 episcopus,
971 3517 1124 3591 [Lege
1157 3518 1272 3592 eos]
1303 3531 1357 3576 et
1383 3523 1470 3590 qui
1516 3539 1579 3579 ex
1637 3525 1807 3580 vicina

197 3609 494 3679 provincia
525 3607 682 3682 [Lege
707 3609 984 3681 convocet]
1039 3623 1436 3676 convocenlnr,
1481 3623 1534 3669 et
1577 3615 1807 3683 collegas

195 3701 446 3771 aliquos,
508 3702 596 3770 qui
622 3701 896 3769 judicent,
935 3710 990 3756 et
1019 3702 1346 3758 dubietatem
1379 3705 1709 3772 dissolvent,
1753 3717 1807 3763 et

195 3807 298 3864 per
332 3792 443 3847 hos
485 3791 698 3846 firmare
724 3792 881 3865 [Lege
913 3795 1478 3869 comprovincialibus]
1521 3815 1641 3853 cum
1668 3814 1806 3855 com-

199 3885 606 3959 provinclales,
639 3901 759 3956 quae
792 3886 871 3942 eis
893 3887 1161 3943 videntur.

542 3977 700 4050 542
732 3979 804 4032 De
835 3981 1183 4035 condemnatis
1215 3983 1483 4052 episcOpis.

267 4071 400 4127 XV.
433 4071 492 4126 Si
521 4073 640 4141 quis
664 4071 953 4141 episcopus
982 4073 1033 4126 in
1071 4073 1340 4142 aliquibus
1369 4077 1684 4132 criminibus
1717 4094 1803 4135 ac-

189 4173 429 4221 cusatus
472 4161 743 4231 judicetur
785 4164 852 4216 ab
897 4165 1146 4219 omnibus
1178 4165 1269 4232 qui
1295 4175 1419 4220 sunt
1444 4168 1494 4220 in
1530 4162 1800 4238 provincia

189 4255 504 4328 episcOpis,
541 4253 694 4326 [Lege
722 4262 778 4309 et
797 4255 874 4309 vel
902 4258 974 4310 ita
1006 4256 1082 4328 ut]
1115 4266 1170 4310 ut
1198 4272 1387 4312 omnes
1411 4274 1516 4312 uno
1539 4274 1800 4316 coiisensn

190 4365 369 4404 unam
398 4356 594 4403 contra
617 4341 740 4401 eum
775 4346 1049 4416 proferant
1084 4351 1436 4416 sententiam;
1483 4352 1622 4406 hunc
1655 4354 1802 4407 nullo

187 4440 367 4495 modo
406 4436 524 4493 fab
543 4438 662 4492 aliis
703 4438 958 4508 judicari:
1006 4441 1098 4495 sed
1148 4456 1463 4511 permanere
1517 4447 1721 4499 lii-mani
1749 4457 1802 4500 et

184 4539 641 4596 consonantem,
685 4545 804 4600 quac
839 4545 869 4583 a
913 4532 1332 4600 provincialibus
1367 4536 1636 4605 episcopis
1675 4537 1797 4591 data

184 4622 480 4680 sententia
503 4631 606 4676 est.

256 4774 288 4804 ι
322 4765 663 4830 ldemlust.,
696 4765 920 4836 allegat;
949 4779 1092 4832 mox,
1115 4777 1162 4821 et
1192 4769 1252 4821 ob
1275 4785 1454 4823 eorum
1477 4772 1791 4832 discussione

179 4847 230 4894 ει
250 4838 572 4910 judicium;
599 4845 653 4890 ct
682 4845 804 4906 post
830 4852 1015 4906 pauca,
1052 4852 1149 4910 nec
1184 4853 1291 4894 non
1323 4843 1376 4895 in
1407 4845 1510 4897 line
1548 4852 1792 4908 canonis.

181 4909 439 4980 spectare
461 4923 555 4980 pro
574 4916 859 4980 expectare.
884 4909 1296 4964 ltlmcndavimus
1321 4929 1438 4966 cum
1461 4917 1648 4970 eodem
1667 4919 1791 4975 cod.

183 4977 489 5054 Vat._l{eg.
515 4977 567 5031 lit
601 4977 700 5054 ftis.
734 4978 1076 5054 Lucaultitno
1109 4983 1226 5035 loco
1251 4983 1441 5053 legitur
1466 5003 1693 5054 sperare.

254 5050 286 5088 ιι
317 5049 498 5122 Just.,
525 5049 708 5122 audeat
732 5052 785 5102 in
813 5052 981 5104 aliena
1009 5053 1244 5122 parrocia
1267 5049 1631 5122 iii'gi-edi.'ljod.
1661 5061 1790 5116 Luc.

179 5123 418 5198 mcliu;,
438 5121 494 5198 in
520 5120 743 5198 alienam
767 5124 1079 5198 pagrociam.
1107 5121 1238 5177 Cum
1262 5120 1450 5180 Grmco
1483 5131 1650 5198 magis
1668 5148 1795 5185 con-

177 5191 535 5264 gmitlcctio
562 5207 678 5264 ms.
699 5191 814 5264 Vat.
838 5191 966 5262 Reg.
985 5209 1141 5262 quam
1177 5199 1513 5259 recepimus.‘

260 5276 286 5302 ο
323 5261 458 5317 vat.
491 5262 618 5334 Reg.
652 5263 800 5343 delet
828 5261 1052 5334 jiid’iees.
1087 5265 1236 5343 Alius
1292 5268 1407 5323 Vat.
1441 5280 1494 5324 et
1539 5269 1671 5326 Luc.
1697 5288 1793 5343 pro

176 5351 288 5388 non
333 5347 628 5387 consonant
652 5335 851 5388 habent
879 5352 978 5389 non
1010 5340 1330 5392 conveniunt.

254 5403 282 5443 ά
318 5405 504 5470 Just.,
539 5417 585 5457 et
619 5408 1239 5478 judicatuspostnioduni
1263 5413 1477 5478 eveniat,
1504 5423 1556 5466 ut
1590 5432 1680 5478 pro
1713 5432 1789 5469 eo.

175 5475 552 5531 Correximus
583 5475 701 5530 cum
733 5493 832 5530 ms.
873 5477 988 5533 Vat.
1033 5481 1160 5546 lteg.
1203 5479 1307 5534 Alii
1342 5485 1445 5536 dun
1467 5475 1636 5540 'cndd.
1669 5486 1789 5541 Vat.

172 5558 236 5604 ut
255 5549 403 5623 Luc.
422 5558 704 5623 accusatur
733 5555 776 5602 ct
801 5549 1083 5611 iudicatur.
1117 5551 1236 5606 Mox
1275 5552 1392 5608 Vat.
1420 5555 1550 5623 Reg.
1573 5564 1628 5610 et
1658 5556 1783 5612 Luc.

1273 329 1511 398 PRISCA
1548 328 1880 386 CANONUM
1921 330 2152 391 EDITIO
2188 335 2459 394 LATINA.

1610 455 1824 515 oportet
1852 445 1906 506 Α

233 537 396 595 etiam
427 536 483 591 in
521 535 808 609 universali
843 538 1046 609 synodo
1087 540 1358 594 conveniri
1400 553 1530 607 eos,
1580 539 1830 614 et[Lege

1828 4585 1883 4646 D

2375 453 2452 509 De
2472 455 2722 525 episcopis
2745 457 3062 514 vacantibus.
3483 435 3490 444 '

2006 541 2145 598 XVI.
2176 544 2230 599 Si
2261 547 2380 616 quis
2402 548 2687 618 episcOpus
2712 564 2932 618 vacans,
2970 559 2996 598 ε
3017 565 3168 604 suam
3207 551 3514 619 relinquens

1932 634 2247 703 Ecclesiam,
2273 647 2327 693 et
2347 639 2643 710 adripuerit
2669 641 2901 696 alienam
2933 641 3114 697 sedem
3145 643 3260 696 sine
3279 645 3513 712 perlecta

1929 729 2163 799 synodo;
2199 729 2340 787 hunc
2370 749 2489 790 esse
2524 735 2743 789 omnino
2769 735 3066 805 deiectum,
3097 735 3303 790 etiamsi
3335 736 3512 790 couti-

1927 823 2086 893 gerit,
2120 833 2177 879 ut
2196 826 2372 882 omnis
2401 829 2646 898 populus,
2691 844 2849 900 quem
2879 829 3168 899 subrepsit,
3201 829 3512 886 desiderent

1927 931 2088 972 eum:
2125 916 2420 988 perfectam
2461 931 2639 976 autem
2683 931 2805 979 esse
2853 939 2972 977 eam
3006 921 3174 995 [Lege
3211 921 3510 996 synodum]

1927 1011 2166 1082 synodus
2216 1015 2444 1082 censuit,
2502 1017 2733 1072 maxime
2787 1015 3010 1072 ubihet
3065 1017 3509 1088 metr0politanus

1927 1113 2140 1175 praeest.

1997 1197 2075 1252 De
2105 1199 2182 1252 ftis
2211 1201 2300 1270 qui
2331 1201 2494 1254 vocati
2516 1202 2584 1254 ad
2616 1202 2986 1271 episcopatum,
3031 1213 3354 1259 contemnunt
3393 1202 3436 1259 ί.

1995 1289 2154 1346 XVII.
2185 1291 2240 1346 Si
2271 1292 2390 1361 quis
2419 1295 2708 1363 episcopus
2754 1293 3050 1359 ordinatus,
3101 1299 3373 1364 praeesset
3415 1311 3510 1366 po-

1922 1383 2053 1454 pulo
2081 1384 2332 1451 noluerit,
2367 1395 2421 1440 et
2441 1385 2739 1440 ministeria
2765 1402 2867 1441 non
2913 1387 3246 1456 suscipiens,
3277 1404 3381 1442 non
3414 1388 3508 1443 ad-

1921 1478 2118 1534 sentiat
2149 1493 2374 1548 pergere
2403 1477 2455 1533 in
2485 1479 2830 1534 commissam
2879 1481 2979 1534 sibi
3013 1480 3335 1546 Ecclesium;
3367 1481 3507 1536 hunc

1921 1583 2041 1626 esse
2066 1561 2297 1625 alienum
2327 1585 2354 1624 a
2381 1571 2782 1632 communione.
2819 1586 3100 1643 quousque
3119 1571 3144 1610 ι
3175 1583 3392 1628 coactus
3413 1589 3507 1629 su-

1921 1663 2133 1732 scipiat,
2161 1672 2253 1717 aut
2283 1672 2556 1732 postremo
2574 1664 2827 1736 diSponat
2855 1665 2922 1719 de
2952 1665 3068 1733 ipso
3095 1665 3328 1734 perfecta
3355 1680 3506 1738 syno-

1921 1752 2040 1820 dus,
2072 1753 2158 1814 qui
2182 1763 2304 1808 sunt
2334 1753 2388 1808 in
2423 1755 2718 1824 provincia,
2748 1757 3148 1826 episcoporum.

2162 1871 2238 1922 De
2268 1870 2505 1922 ordinato
2537 1870 2772 1938 episwpo
2793 1879 2838 1922 et
2873 1887 2972 1923 non
3006 1879 3262 1940 suscepto.

1988 1980 2172 2036 XVIII.
2194 1982 2248 2037 Si
2270 1982 2387 2052 quis
2410 1983 2694 2052 episcopus
2714 1981 3015 2047 ordinatus,
3043 1992 3098 2039 et
3124 1983 3176 2036 in
3209 1985 3500 2056 parociam,

1916 2076 1967 2130 in
1997 2091 2098 2146 qua
2123 2075 2400 2131 ordinatus
2422 2084 2523 2139 cst,
2554 2092 2658 2128 non
2685 2085 2790 2142 eat,
2839 2092 2944 2131 non
2977 2092 3075 2131 suo
3115 2078 3263 2144 vitio,
3291 2078 3383 2132 sed
3417 2094 3502 2148 p0-

1917 2167 2042 2236 pulo
2063 2175 2297 2233 vetante,
2314 2175 2406 2221 aut
2429 2182 2524 2238 pro
2547 2167 2649 2221 alia
2680 2168 2836 2237 culpa
2861 2184 2964 2222 non
2989 2169 3055 2222 ab
3080 2184 3146 2223 eo
3174 2168 3306 2224 facta
3327 2189 3336 2222 :
3358 2170 3500 2225 hunc

1915 2269 2092 2316 autem
2125 2276 2408 2317 censemus
2452 2262 2651 2316 babere
2691 2261 3001 2332 dignitatem
3037 2271 3091 2317 ct
3137 2264 3496 2320 ministerium

1916 2354 2110 2418 solum,
2130 2353 2274 2424 quod
2295 2368 2456 2408 causa
2484 2368 2588 2407 non
2607 2353 2849 2409 videatur
2872 2355 3133 2411 liaberein
3157 2357 3316 2412 rebus
3335 2356 3500 2425 ipsius

1917 2443 2196 2511 Ecclesiae,
2228 2445 2284 2499 in
2313 2461 2414 2514 qua
2434 2454 2517 2499 est
2537 2443 2851 2499 ordinatus:
2883 2445 3016 2500 sedl
3045 2455 3358 2514 exspectare
3377 2461 3500 2502 eum

1914 2548 2169 2605 oportere
2195 2577 2210 2604 ,
2258 2551 2538 2606 quousque
2586 2535 2879 2606 provincia:
2921 2537 3160 2608 synodus
3196 2537 3264 2593 de
3291 2551 3356 2592 eo
3383 2553 3501 2608 quat

1913 2629 1993 2684 eis
2022 2630 2273 2685 videntur
2303 2629 2539 2684 ordinet.

2261 2721 2420 2795 5&3
2443 2721 2519 2777 De
2546 2721 2851 2777 ordinandis
2873 2723 3123 2792 episcopis

1986 2837 2127 2892 XIX.
2166 2837 2485 2906 Episcopum
2517 2851 2625 2890 non
2657 2836 2894 2891 ordinari
2941 2837 3148 2907 absque
3183 2849 3390 2907 synodo
3419 2838 3500 2893 vel

1916 2931 2200 3000 praesentia
2237 2929 2634 2997 metropolitani
2681 2929 2978 2997 provinciae
3001 2971 3014 2991 ,
3047 2930 3170 2999 quia
3221 2930 3338 2997 ipso
3368 2945 3500 2999 prae-

1915 3031 2068 3078 sente
2101 3023 2311 3081 melius,
2334 3030 2528 3075 etcum
2558 3020 2748 3075 eodem
2777 3035 2967 3076 omnes
2990 3009 3212 3093 [Supple
3229 3021 3498 3094 aderunt],

1916 3117 2004 3186 thi
2036 3124 2163 3170 sunt
2196 3116 2333 3169 intra
2360 3114 2688 3182 provinciam
2717 3114 2978 3184 episcopi,
3005 3129 3142 3182 quos
3165 3115 3324 3169 etiam
3348 3130 3500 3185 opor-

1833 3208 1882 3272 Β
1913 3217 1988 3263 tet
2031 3223 2126 3278 per
2166 3207 2448 3277 epistulam
2502 3207 2971 3275 metropolitanum
3025 3207 3316 3275 postulare.
3362 3208 3425 3262 Et
3454 3208 3498 3262 si

1915 3314 2106 3355 omnes
2131 3301 2500 3363 occurrerint,
2548 3298 2847 3363 melius;si
2874 3308 3052 3354 autent
3102 3298 3353 3364 minime,
3400 3299 3500 3355 hoc

1915 3403 2119 3450 tantum
2149 3393 2327 3464 plures
2354 3407 2471 3446 esse
2495 3401 2786 3460 praesentes
2838 3401 3070 3461 Oportet,
3102 3392 3257 3465 [Lege
3309 3394 3472 3448 aliis..
3557 3409 3564 3416 ·

1911 3481 2393 3553 causentientibtts]
2433 3484 2519 3537 alii
2547 3499 2643 3551 per
2674 3484 2885 3537 litteras
2913 3477 3039 3538 suas
3059 3486 3463 3541 consentientes

1911 3587 1968 3635 et
1988 3579 2066 3632 sic
2093 3592 2214 3632 cum
2248 3591 2517 3630 consensu
2541 3575 2894 3644 plurimorum
2917 3575 3031 3630 sive
3055 3579 3359 3645 pratsentia,
3386 3576 3500 3633 sive

1910 3670 2176 3726 eleCtione
2205 3669 2316 3723 fieri
2339 3677 2592 3737 oportere
2617 3668 3038 3724 ordinationem.
3061 3667 3117 3724 Si
3141 3683 3316 3723 autem
3345 3671 3499 3726 aliter

1909 3771 2062 3817 extra
2100 3776 2220 3832 qua:
2249 3759 2494 3814 ordinata
2523 3768 2647 3813 sunt
2676 3759 2826 3823 flant,
2864 3754 2968 3813 no'n
3003 3760 3180 3815 valere
3207 3761 3498 3817 ordinatio-

1909 3868 2052 3909 nem.
2081 3853 2138 3908 Si
2174 3860 2350 3906 autem
2383 3851 2680 3906 secundum
2713 3851 3020 3906 ordinatum
3053 3867 3312 3908 canonetn
3341 3852 3492 3920 ﬂant,

1905 3957 1964 4002 et
1986 3945 2148 4015 aliqui
2177 3945 2552 4001 contradicant
2583 3959 2677 4013 per
2701 3947 2970 4014 propriam
2994 3945 3372 4011 intentionem,
3398 3949 3496 4002 ob-

1909 4037 2080 4093 tinere
2125 4021 2416 4090 multorum
2447 4036 2768 4090 electionem
2817 4033 2969 4107 [Haec
3006 4036 3155 4089 verba
3185 4036 3495 4112 redundant]

1904 4131 2124 4184 omnino
2151 4145 2258 4184 non
2287 4129 2520 4184 valeant.

1945 4242 2010 4298 Ut
2036 4242 2312 4316 [Secundo
2338 4258 2431 4310 pro
2462 4238 2563 4310 bis]
2593 4240 2815 4294 secundo
2837 4241 2888 4293 in
2921 4257 3054 4294 anno
3084 4241 3308 4310 synodus
3343 4244 3454 4310 ﬁat.

1977 4357 2093 4412 XX.
2123 4357 2345 4425 Propter
2367 4353 2755 4410 ecclesiasticas
2781 4354 3150 4419 necessitates,
3175 4363 3228 4407 et
3255 4364 3291 4390 ιη
3311 4370 3492 4424 quere

1906 4453 2076 4507 larum
2115 4448 2482 4520 perlinitioncs
2515 4447 2715 4514 optime
2748 4444 2946 4498 habere
2978 4445 3174 4512 placuit
3196 4443 3352 4517 [Lege
3367 4461 3463 4500 san

1906 4553 2006 4599 ctu:
2032 4538 2256 4612 synodo]
2274 4547 2452 4594 sancta
2479 4535 2737 4607 synodus,
2757 4544 2783 4571 ¹¹
2810 4550 2902 4604 per
2925 4535 3161 4604 singulas
3189 4538 3492 4606 provincias

1908 4639 2282 4710 episcoporum
2307 4632 2422 4687 fieri
2439 4630 2666 4686 concilia
2691 4629 2738 4703 [1
2749 4629 2781 4680 d
2807 4640 2877 4684 cst
2895 4630 2977 4686 bis
2995 4631 3046 4685 in
3073 4631 3237 4702 anno]
3257 4633 3492 4689 secundo

1938 4791 1945 4797 ·
1976 4776 1995 4816 ι
2030 4777 2100 4830 Ita
2129 4777 2250 4828 cod.
2280 4773 2408 4824 Luc.
2452 4769 2641 4824 Gra-co
2681 4767 3019 4823 concinente.
3061 4767 3179 4824 Vat.
3235 4771 3402 4838 1542,
3428 4773 3490 4827 ab

1904 4851 2055 4914 alios,
2082 4843 2357 4899 mendose.
2391 4842 2557 4906 Just.,
2590 4841 2651 4914 ali
2683 4841 2807 4914 alio.

1974 4929 1998 4967 ε
2027 4909 2168 4973 .Inst.
2196 4914 2384 4968 inserit
2413 4915 2529 4979 qui:
2553 4913 2846 4966 delevimns
2877 4926 2998 4965 cum
3020 4927 3120 4965 ms.
3141 4909 3263 4964 Vat.
3287 4912 3370 4978 R.,
3397 4915 3486 4980 qui

1903 5006 2029 5047 mox
2058 4988 2218 5041 liabet
2237 4986 2508 5054 jactarerlt
2547 4982 2828 5037 Ecclesium
2850 5023 2867 5049 ,
2910 4992 2955 5036 et
2987 4983 3268 5052 adripuerit
3293 4984 3481 5038 sedem.

1975 5061 2002 5098 ¹ι
2024 5061 2154 5116 Luc.
2189 5074 2290 5110 ms.
2318 5056 2457 5110 delet
2487 5066 2554 5108 et.

1985 5133 1998 5169 ί
2035 5132 2166 5182 Coll.
2195 5127 2313 5179 Vat.
2343 5127 2476 5179 t5’il
2499 5125 2646 5180 addit
2683 5126 2871 5180 venire.

1981 5204 1994 5253 i
2038 5201 2233 5254 Vocem
2263 5201 2450 5269 populo
2477 5197 2871 5269 ailieciiiiusex
2903 5209 3002 5269 ins.
3038 5193 3152 5249 Vat.
3183 5191 3316 5269 Reg.
3350 5194 3482 5251 Dein
3563 5252 3567 5256 _

1901 5291 2003 5328 non
2036 5287 2132 5340 pro
2156 5287 2246 5324 nec
2263 5265 2521 5340 adsentiat
2557 5269 2718 5337 magis
2746 5266 2938 5340 placuit
2963 5279 3083 5318 cum
3111 5265 3373 5340 tns.__l.uc.

1975 5343 2000 5382 ι
2028 5336 2102 5397 lta
2130 5343 2248 5397 cod.
2277 5339 2399 5394 Vat.
2427 5340 2554 5408 “:‘g.
2576 5336 2763 5392 Gratco
2781 5336 2965 5408 etaliis
2989 5336 3325 5408 versionibns
3354 5351 3480 5392 con-

1901 5414 2276 5472 sentientibus.
2307 5411 2469 5472 .lust.,
2501 5405 2781 5478 correptus.
2813 5407 2942 5478 Dein
2978 5416 3085 5460 ires
3114 5405 3289 5462 nostri
3318 5411 3477 5464 codd.

1903 5503 1999 5553 pro
2024 5487 2374 5555 ερίδεοροναηι
2396 5482 2592 5555 habent
2622 5477 2866 5555 episcopi.

1977 5556 1995 5595 1
2034 5547 2226 5610 l'tadno
2249 5556 2415 5609 nostri
2441 5552 2596 5606 codd.
2625 5550 2740 5603 Vat.
2763 5550 2894 5620 tteg.
2915 5547 3110 5602 etLuc.
3133 5547 3289 5618 Apud
3312 5547 3454 5608 Just.

172 5620 385 5676 delent
415 5619 550 5670 inter
579 5635 680 5672 eos.

257 5700 284 5727 ε
335 5691 632 5767 Seqnciitia
671 5693 861 5767 desunt
905 5694 1132 5767 injust.
1167 5696 1288 5767 cod.
1317 5697 1691 5767 Sttpplcvitttus
1723 5715 1788 5754 ex

173 5763 402 5840 nostris
437 5775 590 5840 mss,
617 5777 684 5815 ex
710 5763 902 5832 quibus
943 5764 1062 5820 Vat.
1100 5766 1238 5820 1542
1269 5771 1322 5823 in
1357 5763 1458 5824 use
1490 5771 1644 5826 liabet
1675 5786 1789 5840 qua:

170 5836 255 5893 cis
286 5843 438 5891 recte
459 5831 712 5886 videntur.

1893 5637 2324 5752 ⁸,ὶῇιξῖίῖθηοειτί
2347 5693 2500 5748 codd.
2524 5691 2676 5760 Apud
2707 5689 2869 5756 Just.,
2899 5687 3228 5760 querelam...
3281 5691 3477 5747 haberi.

1967 5779 1993 5804 ο
2019 5771 2159 5824 Just.
2205 5767 2351 5822 addit
2395 5774 2445 5816 ut
2484 5778 2571 5832 per
2609 5762 2855 5829 epistulas
2879 5776 2898 5815 :
2941 5770 3251 5831 espungunt
3311 5765 3476 5819 nostri

1896 5839 2078 5904 codd.,
2104 5838 2292 5893 Grmco
2310 5835 2655 5903 suffragante.
