3998 6346
489 389 589 450 τω

490 505 546 560 in
575 515 747 559 anno:
775 509 802 538 ι
830 497 997 556 semel
1032 501 1153 565 post
1177 490 1390 548 tertiam
1430 483 1820 542 hebdomadem
1867 483 2074 538 festivi-
2099 484 2155 544 Α

490 594 616 651 tatis
641 592 882 656 Paschae,
927 598 984 644 ut
1012 595 1201 658 quarta
1232 580 1565 637 hebdomada
1599 579 1953 634 Pentecosten
1982 591 2078 631 ce-

491 685 689 744 lebrari
718 681 955 756 synodus
977 679 1166 749 possit,
1191 685 1245 733 et
1267 674 1422 747 [Lege
1446 669 1817 742 commonere]
1843 685 2082 726 comme-

495 793 710 836 morare
740 772 1179 844 metropolitanos
1209 769 1604 841 provinciarum
1635 768 1940 838 episcopos.
1978 765 2083 822 Se-

491 874 716 932 cundam
739 877 918 926 autem
942 866 1206 940 synodum
1230 864 1350 920 idus
1368 861 1588 919 Octobr.
1614 877 1733 932 quae
1755 870 1840 917 est
1864 860 2076 916 decima

491 965 522 1007 b
558 962 970 1037 Yperberethei,
994 969 1053 1017 et
1082 961 1135 1015 in
1163 972 1226 1014 ea
1261 955 1469 1027 synodo
1496 953 1843 1026 presbyteros
1871 953 2078 1022 suppli-

489 1077 643 1127 care,
662 1071 717 1116 et
737 1059 1012 1122 diaconos,
1041 1064 1097 1111 et
1115 1067 1303 1110 omnes
1327 1049 1547 1122 qullaesi
1573 1057 1720 1117 sunt,
1737 1057 1792 1104 et
1816 1064 1845 1103 a
1870 1050 2080 1121 synodo

489 1152 786 1226 iudicatum
822 1148 1054 1205 mereri:
1085 1155 1138 1202 et
1157 1159 1429 1216 nunquam
1460 1143 1619 1198 liceat
1645 1143 1915 1214 aliquibus
1940 1145 2080 1198 inter

490 1243 814 1312 semetipsos
843 1240 1108 1312 synodum
1149 1238 1327 1293 facere
1370 1236 1575 1306 absque
1607 1233 1777 1307 [Lege
1803 1234 1916 1307 eis]
1949 1251 2076 1303 cos,

491 1339 581 1411 qui
610 1348 631 1376 ο
660 1336 899 1392 creditas
928 1333 1128 1388 habent
1158 1329 1600 1399 metropolitanas
1629 1328 1893 1382 civitates.

537 1429 606 1486 Ut
647 1428 824 1483 nullus
854 1427 1210 1498 episcOporum
1239 1424 1301 1476 de
1327 1421 1540 1494 prapria
1577 1422 1757 1490 migret
1779 1421 2039 1476 ‘Ecclesia.

565 1520 710 1577 XXI.
743 1519 813 1575 Ut
837 1518 1093 1587 episeopo
1118 1529 1223 1570 non
1248 1515 1410 1571 liceat
1435 1529 1463 1567 a
1497 1515 1708 1583 parocia
1732 1513 1786 1568 in
1813 1514 1968 1568 aliam
1994 1530 2081 1585 pa-

497 1613 700 1671 rociam
731 1609 982 1677 transire,
1015 1623 1189 1678 neque
1223 1623 1320 1678 per
1340 1607 1672 1662 voluntatem
1703 1606 1866 1679 544
1903 1621 2076 1676 suam,

500 1722 675 1778 neque
699 1721 728 1760 a
759 1703 968 1774 populis
991 1702 1098 1757 vim
1129 1716 1367 1772 passum,
1390 1715 1563 1770 neque
1585 1702 1654 1756 ab
1681 1701 1947 1772 aliquibus
1967 1702 2082 1771 epi-

494 1800 671 1871 scopis
700 1806 975 1854 coactum:
1007 1809 1322 1866 permanere
1341 1804 1518 1849 autem
1548 1810 1670 1850 eum
1694 1793 1718 1832 ά
1742 1805 1995 1865 oportere
2023 1797 2076 1852 in

1426 375 1516 431 AD
1552 372 1776 430 OPERA
1817 371 1877 428 S.
1920 367 2162 426 LEONIS
2199 367 2410 425 MAGNI
2449 365 2819 424 APPENDIX.
3675 365 3761 425 800

2329 478 2408 556 De
2425 480 2710 534 substantia
2741 477 3005 546 Ecclesia,
3031 487 3077 535 et
3097 495 3214 551 qua:
3231 487 3350 535 sunt
3375 493 3636 551 episcops.

2260 572 2449 629 XXIV.
2474 571 2500 610 ιι
2533 573 2599 628 Ut
2635 587 2756 643 quae
2785 582 2913 628 sunt
2951 572 3341 639 ecclesiastica,
3373 571 3585 642 optime
3618 580 3677 628 et
3697 573 3763 630 di-

2187 665 2412 738 ligenter
2439 664 2674 721 debeant
2723 664 3006 731 custodiri,
3035 662 3177 720 sicut
3208 669 3445 734 oportet,
3469 677 3597 720 cum
3642 663 3763 722 bona

2186 759 2516 814 conscientia
2561 767 2617 813 et
2644 757 2838 814 timore
2865 754 3035 828 [Lege
3073 765 3130 813 et
3160 754 3296 828 fide]
3338 755 3492 822 lidei,
3547 756 3762 814 scientes

2186 852 2310 922 quia
2337 850 2478 923 apud
2514 866 2635 907 eum
2683 857 2836 917 sunt,
2869 850 2961 920 qui
3003 850 3183 906 omnia
3228 850 3452 920 respicit
3480 849 3764 917 Dominus;

2189 958 2310 1014 qua:
2340 951 2397 998 et
2424 944 2728 1013 gubernare
2767 950 2982 1012 oportet
3018 956 3140 997 cum
3180 941 3385 1012 judicio
3421 950 3480 998 et
3513 950 3766 1011 potestate

2185 1036 2446 1106 episcopi,
2489 1034 2877 1106 quicreditum
2909 1033 3071 1090 habet
3120 1033 3376 1105 populum
3410 1031 3429 1072 ι
3462 1043 3518 1088 et
3563 1033 3764 1099 omnia,

2186 1127 2346 1200 555
2394 1144 2512 1200 quae
2559 1129 2699 1184 intra
2741 1128 3028 1185 ecclesiam
3075 1138 3492 1200 congregantur.
3549 1127 3764 1185 Probata

2183 1232 2365 1278 autem
2405 1232 2460 1278 et
2485 1231 2632 1278 certa
2655 1237 2779 1279 esse
2803 1238 2924 1292 qua:
2952 1229 3078 1278 sunt
3117 1222 3405 1288 Ecclesiae,
3434 1237 3562 1278 cum
3595 1223 3764 1280 notitia

2183 1317 2623 1388 presbyterorum
2650 1325 2706 1372 et
2733 1316 3111 1384 diaconorum,
3143 1326 3199 1372 et
3224 1316 3405 1372 omnia
3435 1330 3532 1372 eos
3563 1316 3704 1371 scire
3723 1322 3765 1370 et

2181 1423 2288 1463 non
2318 1409 2585 1479 ignorare,
2613 1425 2734 1480 quae
2762 1417 2890 1464 sunt
2918 1410 3137 1481 propria
3164 1418 3204 1447 ω
3228 1409 3518 1474 Ecclesiae,
3551 1417 3612 1463 et
3649 1407 3764 1464 nihil

2182 1514 2278 1555 eos
2308 1500 2490 1564 lateat,
2534 1509 2594 1555 ut
2621 1516 2743 1556 cum
2776 1505 2988 1557 venerit
3015 1503 3304 1572 episcopus
3332 1503 3486 1557 exire
3506 1500 3579 1556 de
3614 1515 3764 1556 saecu-

2183 1591 2259 1658 lo,
2289 1593 2522 1648 scientes
2555 1608 2619 1648 ea
2648 1609 2767 1664 quae
2797 1606 2924 1649 sunt
2965 1593 3249 1662 Ecclesiae,
3277 1609 3460 1650 rerum
3483 1608 3591 1664 per
3618 1594 3764 1664 negli-

2181 1688 2415 1756 gentiam
2445 1688 2624 1757 perire
2651 1688 2873 1744 minime
2900 1698 2929 1726 ιι
2956 1687 3250 1758 patiantur,
3278 1697 3337 1744 ut
3358 1703 3540 1759 neque
3563 1689 3764 1758 propria

2181 1780 2423 1849 episcopi
2448 1780 2730 1850 pulsentur
2746 1781 3033 1837 occasione
3061 1781 3550 1837 ecclesiasticarum
3575 1795 3764 1838 rerum.

495 1911 598 1967 qua
627 1897 906 1952 ordinatus
927 1904 1009 1952 est
1029 1910 1060 1951 a
1095 1895 1318 1950 Domino
1339 1894 1392 1949 in
1425 1893 1692 1963 principio
1721 1893 1988 1961 Ecclesia,
2021 1903 2076 1952 et

2185 1871 2392 1928 Justum
2423 1873 2567 1928 enim
2599 1881 2654 1928 et
2682 1873 3078 1944 beneplacitum
3119 1885 3200 1930 est
3229 1875 3338 1930 Deo
3367 1884 3421 1929 et
3443 1873 3763 1942 hominibus,

494 2003 599 2046 non
634 2005 756 2045 eum
800 1990 1059 2056 transire,
1091 1990 1230 2046 sicut
1276 1988 1388 2060 jam
1435 1987 1636 2044 dudum
1664 1987 1732 2044 de
1760 1988 1863 2045 hoc
1892 1991 2076 2046 termi-

495 2097 620 2138 num
649 2083 914 2151 prolatum
945 2092 1050 2139 est.

493 2173 572 2232 De
601 2177 680 2233 his
700 2177 1104 2250 quiordinantur
1126 2175 1282 2250 [Lege
1294 2176 1362 2250 ab
1389 2175 1991 2250 aliarumiparociarum]
2014 2177 2076 2231 ab

883 2249 1106 2303 aliorum
1130 2248 1370 2320 'parociis
1401 2249 1671 2319 episcopis.

563 2335 732 2393 XXII.
764 2339 1088 2411 Episcopum
1120 2354 1226 2393 non
1259 2338 1564 2394 subintrare
1617 2337 1846 2393 alienam
1887 2337 2080 2394 civita-

492 2439 619 2498 tem,
643 2446 763 2502 qua:
793 2446 898 2487 non
931 2431 980 2486 ei
1003 2430 1264 2501 subiacet,
1291 2445 1464 2500 neque
1490 2427 1648 2502 [Lege
1675 2432 1727 2484 in
1757 2417 1892 2501 loca]
1925 2431 1976 2485 in
2001 2431 2080 2485 lo-

492 2523 591 2588 cis,
637 2536 761 2592 quze
813 2523 879 2576 ad
911 2537 1032 2577 eum
1063 2537 1168 2576 non
1197 2522 1486 2592 pertinent,
1514 2530 1536 2556 τε
1565 2537 1741 2592 neque
1766 2523 1834 2578 ad
1863 2523 2080 2578 ordina-

493 2615 695 2671 tionem
739 2614 968 2684 alicujus
989 2655 1003 2679 ,
1034 2629 1209 2684 neque
1237 2627 1560 2670 consecrare
1591 2615 1960 2687 presbyterum
1994 2617 2078 2672 vel

492 2705 774 2762 diaconem
804 2707 858 2760 in
878 2706 1011 2761 locis
1046 2704 1064 2744 ί
1098 2706 1259 2762 alieni
1281 2707 1540 2777 episcopi,
1575 2707 1677 2762 nisi
1721 2707 1860 2764 forte
1887 2719 2077 2778 postu-

493 2794 634 2856 latus
663 2813 783 2854 cum
824 2812 1092 2854 consensu
1133 2798 1619 2868 propriiepiscopi.
1669 2800 1724 2856 Si
1751 2801 1869 2869 quis
1898 2812 2076 2856 autem

496 2890 599 2946 hoc
629 2890 995 2960 temptaverit,
1024 2890 1236 2946 infirma
1267 2890 1423 2964 [Lege
1446 2892 1533 2958 sit,
1578 2893 1657 2946 vel
1693 2894 1876 2964 supple
1917 2893 2077 2948 debet

494 2990 546 3037 tu
571 2998 690 3036 can.
717 2981 849 3054 seq.]
898 2997 1020 3038 esse
1056 2997 1248 3039 manus
1300 2984 1569 3054 impositio
1614 2985 1819 3041 ordinis
1861 2987 2000 3056 ejus,
2024 2997 2079 3043 et
2117 3019 2120 3022 ~

495 3073 611 3144 Ipse
631 3075 1000 3132 confusionem
1032 3086 1058 3124 κ
1075 3091 1106 3130 a
1141 3075 1350 3148 synodo
1373 3077 1626 3146 patiatur,
1653 3077 1778 3148 quia
1807 3078 1948 3149 quod
1971 3079 2079 3135 vin-

497 3165 679 3224 dicare
704 3183 811 3222 non
841 3177 1039 3238 potest,
1067 3168 1319 3225 ordinare
1346 3184 1454 3224 non
1483 3169 1662 3225 debet.

607 3257 674 3311 Ut
701 3258 873 3312 nullus
899 3259 1168 3330 episcopus
1198 3268 1311 3330 post
1352 3275 1406 3314 se
1429 3277 1766 3316 successorent
1795 3263 1968 3335 eligat.

569 3349 755 3406 XXIII.
787 3348 816 3389 ιι
846 3350 986 3406 Nulli
1015 3351 1389 3422 episcoporum
1432 3355 1596 3410 licere
1621 3355 1721 3410 sibi
1750 3357 2080 3414 constituere

497 3455 860 3498 successorem
897 3442 956 3498 in
993 3444 1196 3500 exitum
1225 3445 1346 3500 vita:
1368 3461 1503 3500 sure.
1533 3447 1599 3501 Et
1643 3449 1688 3503 si
1731 3447 1930 3517 aliquid
1973 3451 2080 3507 tale

497 3532 692 3590 laetum
735 3534 927 3602 fuerit,
959 3535 1173 3591 inlirma
1211 3551 1332 3592 esse
1379 3537 1542 3593 debet
1577 3537 1593 3575 ί
1629 3538 1898 3594 ordinatio
1937 3541 2074 3610 ejus.

500 3625 634 3681 Illud
656 3636 834 3684 autem
873 3628 1150 3684 observari
1197 3629 1603 3700 dispositionem
1651 3633 2078 3690 ecclesiasticam

495 3715 864 3774 lnstituentem
912 3735 1017 3774 non
1049 3721 1207 3776 aliter
1254 3720 1402 3789 ﬁeri,
1447 3723 1590 3778 nisii
1639 3738 1759 3778 cum
1791 3727 1998 3795 synodo
2027 3736 2082 3782 et

495 3809 691 3883 iudicio
719 3811 1128 3882 episcoporum,
1174 3822 1231 3868 ut
1258 3823 1380 3882 post
1421 3814 1698 3870 transitum
1751 3817 2078 3886 quiescentis

493 3911 814 3973 potestatem
843 3903 1078 3960 habeant
1106 3903 1361 3960 ordinare
1390 3921 1511 3962 eum
1533 3905 1624 3974 qui
1651 3905 1841 3977 dignus
1865 3917 1964 3964 est.

568 4199 595 4229 ι
626 4190 700 4245 Ita
730 4191 1057 4276 noster'cod.
1078 4192 1199 4276 Vat.
1222 4192 1355 4276 Reg.
1369 4193 1750 4276 dustelluspro
1779 4208 1891 4270 post
1913 4199 2075 4257 habet

495 4267 816 4345 congregari,
846 4273 896 4318 et
923 4267 1128 4330 ignorat
1151 4275 1332 4329 quarta
1359 4267 1700 4322 Itebdomada.
1780 4267 1788 4270 ⁷

565 4334 593 4372 δ
615 4335 705 4408 διο
731 4349 861 4408 mss.
905 4334 1023 4408 vat.
1055 4344 1110 4390 et
1134 4335 1258 4408 ch.
1285 4337 1438 4407 Apud
1475 4338 1757 4394 .lustellum
1790 4340 2071 4408 Ypirethei,

495 4405 770 4482 mendose.
806 4406 926 4460 Mox
953 4406 1094 4461 idem
1120 4407 1297 4482 _Just.,
1335 4405 1626 4480 presbyteri
1673 4405 1993 4482 supplicare,
2028 4405 2072 4468 et

496 4477 723 4541 diaconi,
746 4487 790 4529 et
819 4493 1010 4541 omnes,
1041 4479 1130 4544 qui
1159 4488 1275 4533 sunt
1308 4477 1362 4534 in
1392 4477 1603 4535 canone.
1629 4477 2071 4539 Emendationem

495 4547 852 4620 suppeditavit
874 4548 992 4602 cod.
1040 4549 1162 4603 Vat.
1190 4551 1320 4620 Reg.

2184 1977 2243 2022 ut
2267 1967 2482 2037 propria
2508 1982 2603 2022 sua
2627 1967 2912 2036 episcopus
2929 2007 2944 2032 ,
2973 1967 3168 2037 quibus
3194 1966 3310 2034 ipse
3336 1965 3596 2033 voluerit,
3625 1965 3763 2022 dere-

2185 2060 2390 2129 linquat
2409 2075 2422 2119 :
2455 2058 2527 2112 ita
2555 2067 2755 2125 tamen,
2781 2068 2838 2113 ut
2862 2073 2984 2129 quae
3006 2058 3260 2114 Ecclesiae
3282 2068 3430 2124 sunt,
3458 2058 3578 2127 ipse
3598 2057 3651 2112 in
3672 2057 3762 2117 vita

2183 2165 2277 2204 sua
2297 2149 2456 2223 [Lege
2476 2149 2768 2220 custodiat]
2795 2151 3092 2217 custodire,
3113 2158 3290 2206 etnon
3316 2150 3555 2220 patiatur
3579 2149 3761 2220 aliquid

2189 2243 2431 2300 Ecclesia
2473 2244 2874 2299 detrimentum.
2921 2245 2986 2298 Et
3019 2251 3043 2280 ο
3078 2258 3252 2314 neque
3295 2243 3585 2314 episcopus
3625 2257 3760 2298 ocea-

2185 2337 2339 2392 sione
2369 2336 2625 2391 Ecelesiaz
2649 2334 2805 2407 [Lege
2837 2335 3220 2404 proscribatur,
3245 2346 3358 2395 et...
3395 2332 3612 2405 cadant]
3643 2350 3760 2406 prte-

2185 2426 2386 2493 seribi,
2420 2437 2474 2482 et
2513 2428 2567 2480 in
2591 2441 2782 2481 causas
2822 2426 3052 2492 cadere,
3091 2428 3183 2497 qui
3224 2428 3292 2482 ad
3336 2442 3461 2483 eum
3511 2427 3758 2497 pertinent

2185 2519 2454 2586 btnredes,
2479 2529 2538 2574 ut
2563 2529 2618 2575 et
2641 2519 2742 2591 ipsi
2767 2504 2892 2588 post
2919 2529 3146 2575 mortem
3163 2521 3231 2575 de
3251 2535 3318 2575 eo
3338 2519 3498 2591 [Lege
3528 2519 3758 2591 blaspbe

2184 2613 2308 2669 miis
2338 2627 2444 2668 non
2471 2611 2775 2682 detrahantl
2809 2613 3159 2683 blasphemiae
3189 2628 3296 2668 non
3323 2612 3560 2668 detrahi.

2223 2729 2290 2785 Ut
2316 2730 2580 2802 episcopus
2622 2738 2919 2802 potestatem
2964 2729 3150 2784 habeat
3181 2746 3260 2784 res
3286 2728 3539 2786 Ecclesia!
3562 2731 3731 2804 guber-

2914 2818 3058 2856 nare.

2257 2891 2424 2948 XXV.
2471 2891 2775 2963 Episcopus
2821 2893 3019 2948 habeat
3057 2907 3239 2948 rerum
3285 2892 3551 2948 Ecclesiae
3587 2891 3756 2964 guber-

2187 2986 2457 3040 nationem
2495 2986 2562 3040 ad
2604 3001 2815 3051 omnes,
2857 2989 2948 3056 qui
2979 2993 3239 3055 expetunt
3265 3001 3388 3040 cum
3431 2985 3579 3040 omni
3619 2999 3756 3040 vene.

2186 3078 2394 3133 ratione
2416 3085 2470 3132 et
2497 3077 2690 3133 timore
2721 3077 2817 3134 Dei
2846 3079 3113 3147 accipere,
3147 3085 3202 3131 et
3241 3092 3301 3129 ea
3333 3091 3456 3146 quae
3487 3091 3623 3147 opus
3646 3086 3756 3132 sunt

2184 3168 2250 3223 ad
2290 3170 2589 3224 necessaria
2629 3170 2779 3237 ejus,
2811 3179 2838 3219 r
2869 3181 2926 3224 et
2952 3168 3303 3241 [Subauditur
3335 3167 3402 3221 ad
3443 3167 3654 3239 eorum]
3681 3165 3756 3238 qui

2183 3263 2322 3331 apud
2346 3278 2468 3318 cum
2499 3264 2882 3334 suscipiuntur,
2915 3264 3141 3318 fratrum
3175 3263 3480 3318 necessaria
3500 3305 3516 3329 ,
3549 3270 3606 3317 ut
3631 3263 3755 3316 nullo

2183 3355 2568 3426 impedimento
2589 3356 2890 3411 occasionis
2913 3355 3069 3428 [Lege
3092 3355 3405 3410 fraudentur
3427 3349 3620 3426 aliqui]
3638 3354 3757 3409 frau-

2184 3449 2296 3503 dari
2323 3449 2530 3520 aliquos
2557 3450 2851 3505 secundum
2880 3450 3195 3520 Apostolam
3221 3448 3494 3504 dicentem
3525 3465 3541 3503 :
3573 3447 3758 3503 [laben-

2185 3549 2257 3594 tes
2284 3552 2451 3596 autem
2481 3558 2621 3597 escas
2649 3552 2694 3596 et
2726 3550 3096 3614 tegumentum,
3123 3543 3206 3596 liis
3239 3543 3467 3596 contenti
3497 3557 3666 3596 sumus
3687 3542 3704 3610 (
3721 3539 3756 3595 ll

2181 3630 2316 3685 Tim.
2346 3633 2442 3702 v1).
2473 3634 2528 3688 Si
2567 3634 2709 3688 enim
2744 3645 2769 3684 ιι
2802 3633 2856 3688 in
2883 3633 2967 3688 liis
3011 3647 3115 3689 non
3139 3633 3381 3704 sufficit,
3414 3643 3470 3688 et
3499 3639 3752 3688 convertat

2182 3739 2272 3780 res
2301 3725 2556 3781 Ecclesiae
2586 3737 2608 3764 τ
2635 3729 2684 3781 in
2710 3727 2952 3797 proprias
2976 3725 3373 3781 etdontesticas
3399 3725 3748 3788 necessitates,

2179 3828 2233 3872 et
2273 3819 2416 3873 lucra
2464 3820 2722 3876 Ecclesia:
2762 3829 2814 3875 et
2857 3819 3257 3890 possessionum
3299 3818 3482 3888 fruges
3510 3830 3611 3872 non
3644 3829 3745 3870 cum

2179 3911 2365 3966 notiiia
2391 3912 2828 3984 presbyterorum
2850 3922 2906 3970 et
2928 3912 3273 3969 diaconorum
3291 3919 3509 3978 tractet,
3528 3909 3617 3966 sed
3638 3907 3744 3981 [Rc-

2177 4219 2264 4277 co.
2288 4214 2337 4260 et
2366 4205 2416 4259 in
2448 4205 2570 4262 aliis
2590 4207 2931 4264 versionibus
2955 4207 3186 4263 omissas
3205 4209 3564 4277 expunximus
3582 4215 3740 4263 aucto-

2180 4275 2342 4330 ritate
2366 4278 2570 4332 codicis
2591 4278 2710 4333 Vat.
2734 4280 2865 4348 Reg.
2884 4279 3016 4334 Dein
3040 4294 3228 4335 vocem
3245 4275 3358 4334 eum
3379 4294 3410 4333 a
3440 4279 3576 4335 Just.
3594 4278 3735 4332 omis-

2177 4360 2293 4419 sam
2318 4363 2456 4419 _mss.
2489 4348 2679 4404 Vat.et
2705 4349 2836 4405 Luc.
2865 4365 3203 4419 suggessere.

2248 4418 2272 4454 ιι
2311 4417 2474 4484 Just.,
2517 4421 2648 4484 Qua:
2674 4431 2794 4474 sunt
2813 4417 3176 4486 ecclesiastica,
3200 4432 3249 4476 et
3271 4422 3541 4488 diligenter
3559 4426 3737 4474 careant

2176 4489 2444 4612 custogiiii,
2458 4491 2604 4615 ἐῖσαι
2633 4503 2815 4562 portet,
2843 4507 2959 4546 cum
2977 4491 3133 4560 bona,
3155 4501 3262 4550 etc.
3280 4491 3615 4548 Correxituus
3634 4502 3735 4546 ωω

2177 4573 2280 4612 ms.
2354 4577 2379 4612 a
2416 4600 2428 4614 .
2507 4578 2590 4615 oe.

2177 4573 2280 4630 ms.
2312 4573 2428 4630 vat.
2458 4573 2590 4630 Heg.

571 4613 782 4706 tillast”
826 4627 988 4673 certas
1028 4619 1228 4674 habent.
1269 4613 1615 4678 Correximus
1650 4638 1714 4680 ex
1744 4625 1933 4682 eodem
1967 4640 2070 4681 lllS.
2099 4613 2152 4674 Ῑ)
2177 4701 2210 4706 __
2254 4613 2587 4706 {Mentitus}.
2619 4631 2739 4706 Vat.
2771 4631 2905 4706 Reg.
2932 4644 2978 4686 et
3002 4635 3238 4689 animare
3269 4635 3328 4706 (Ι.
3357 4644 3404 4689 et
3425 4636 3614 4688 animos
3641 4647 3735 4706 me-

498 4687 619 4742 Vat.
649 4687 781 4742 Reiz.

583 4704 619 4741 ι,
769 4729 781 4741 .
1191 4715 1196 4720 ‘

495 4704 594 4832 iud
625 4704 1109 4832 Viciguturoportere
1131 4761 1535 4832 suppeditarunt
1561 4781 1690 4821 mss.
1720 4767 1845 4822 Luc.
1876 4767 2068 4822 etVat.

497 4828 815 4906 l’ost__pauca
844 4828 1019 4884 de'ltoc
1041 4847 1106 4886 ex
1129 4828 1246 4887 ms.
1266 4834 1380 4906 Vat.
1406 4835 1540 4906 Reg.
1571 4837 1890 4904 adiecimus.

571 4910 595 4938 ο
621 4900 820 4956 Novem
847 4915 1009 4956 voces
1048 4912 1333 4971 sequentes
1363 4905 1414 4958 in
1454 4900 1776 4963 Justelliano
1807 4924 1909 4964 ms.
1938 4909 2072 4964 dell-

495 4971 700 5046 cientes
726 4985 794 5027 ex
826 4972 1026 5046 nostris
1051 4973 1325 5046 codicibus
1351 4979 1738 5046 supplevinms.

574 5040 769 5105 Uust.,
794 5042 1078 5096 alienorum
1105 5040 1519 5112 e'piscOpis.l.tic.
1552 5058 1607 5105 et
1637 5049 1755 5104 Vat.
1786 5049 2072 5106 alienorum

497 5114 739 5190 episcopi.
768 5112 1113 5190 Correximus
1130 5129 1261 5190 _cum
1295 5114 1413 5171 Vat.
1448 5119 1576 5190 Reg.

569 5194 594 5231 ε
628 5184 862 5262 V_oces_a
893 5185 1090 5262 synodo
1120 5185 1311 5242 Graeco
1343 5199 1493 5246 textu
1523 5184 1845 5262 approbatas
1875 5208 1942 5250 ex
1968 5207 2071 5248 ms.

497 5254 618 5325 Vat.
652 5253 784 5325 Reg.
811 5253 1155 5313 inse'rnimus.

568 5324 597 5362 ιι
619 5324 764 5380 Idem
793 5325 917 5404 cod.
941 5329 1233 5404 episcopum
1280 5346 1382 5404 non
1406 5331 1574 5404 [licere
1607 5350 1698 5404 pro
1727 5351 1782 5388 se
1814 5335 2075 5391 restituere

501 5395 640 5520 ἔρξε.
667 5395 1000 5469 constituere)
1043 5397 1292 5473 collegam
1318 5401 1416 5457 sibi
1443 5395 1783 5460 successorem
1808 5407 1859 5460 in
1887 5409 2077 5462 exitum

529 5483 544 5520 ι
568 5482 614 5520 ω
636 5483 760 5520 sum.

497 5481 614 5521 vute
636 5483 760 5522 suw.

575 5536 592 5574 ί
619 5538 758 5595 Just.
784 5553 906 5595 cum
935 5542 1205 5598 mss.Vat.
1239 5553 1292 5599 et
1313 5545 1438 5602 Luc.
1461 5546 1606 5602 addit
1633 5548 1809 5602 electio
1837 5547 1947 5602 vel:
1981 5549 2073 5604 de-

500 5607 727 5689 lgat'imus
774 5624 897 5666 cum
937 5612 1221 5689 cod.__Va_t.
1261 5616 1392 5687 Reg.
1433 5631 1555 5672 cum
1597 5634 1704 5689 quo
1745 5619 2073 5676 concordant

501 5677 723 5758 Graecus
747 5690 998 5758 textuset
1017 5686 1136 5758 aliae
1174 5677 1667 5758 interpretationes.

574 5749 590 5830 ξ
614 5749 752 5803 .lust.
782 5766 901 5807 cum
916 5754 1124 5832 duobus
1147 5749 1370 5832 laudatis
1399 5776 1526 5814 mss.
1554 5761 1741 5816 inserit
1755 5771 1864 5827 aut,
1881 5773 1930 5818 et
1955 5773 2075 5832 post

502 5823 853 5903 episcoporum
883 5823 1030 5878 addit
1067 5835 1144 5903 __ct_
1177 5831 1393 5903 maxime
1433 5832 1614 5886 electio
1643 5823 1973 5894 clericorum:
2011 5851 2074 5890 ac

501 5891 668 5950 verbo
686 5890 924 5948 ordinare
945 5897 1172 5966 praeﬁgit
1198 5900 1401 5970 eligere,
1425 5909 1530 5960 etc.
1549 5905 1653 5959 llus
1676 5920 1835 5962 voces
1854 5907 1903 5961 in
1927 5890 2074 5962 Grae-

2177 4701 2301 4770 lius)
2323 4703 2594 4777 qumintra
2615 4703 2670 4757 in
2693 4705 2905 4758 ecclesia
2929 4701 3322 4777 congregantur.
3341 4707 3461 4761 Mox
3482 4721 3544 4762 ex
3567 4705 3730 4761 eodem

2176 4773 2584 4827 cmendavimus
2612 4783 2658 4826 et
2680 4784 2816 4828 certa
2837 4791 2856 4828 :
2880 4777 2965 4829 ubi
2986 4773 3148 4835 Just.,
3172 4785 3219 4831 et
3241 4786 3453 4831 certant.

2249 4851 2286 4878 π’
2316 4843 2422 4896 Vox
2444 4842 2686 4899 Ecclesia?
2709 4861 2772 4898 ex
2803 4846 2998 4900 nostris
3025 4846 3183 4902 codd.
3207 4847 3411 4902 addita.

2248 4921 2276 4948 η
2308 4913 2382 4967 Ita
2413 4917 2579 4969 nostri
2605 4917 2765 4969 codd.
2795 4920 2944 4990 Apud
2971 4919 3134 4990 Just.,
3166 4919 3468 4990 patientur:
3497 4920 3610 4987 qui,
3637 4923 3736 4986 post

2175 4984 2474 5108 ἳξὲιέιιιῖἒιὲὲ,
2506 4994 2561 5041 ut
2593 4995 2639 5040 et
2668 4989 2877 5058 propria
2902 5005 2999 5042 sua
3022 5005 3041 5044 :
3068 4984 3370 5044 deleiimus
3405 5000 3454 5044 et
3491 4984 3604 5045 cum
3638 4984 3736 5041 ‘ms.

2226 5063 2300 5108 at.
2339 5063 2469 5110 Ιίθε.

2251 5073 2300 5108 ιι.
2339 5073 2377 5108 ιι
2457 5099 2469 5110 .

2251 5135 2274 5161 °
2311 5073 2448 5200 Va?
2470 5128 2625 5200 Reg.,
2653 5145 2811 5197 neque
2840 5130 3066 5200 episcorri
3096 5135 3364 5184 occasione
3405 5130 3642 5187 Ecclesia
3671 5143 3739 5181 res

2181 5197 2461 5271 prwscribi.
2485 5199 2648 5271 Just.,
2679 5215 2835 5269 neque
2853 5197 3122 5271 episcOpus
3144 5203 3401 5256 occasioni
3434 5202 3658 5258 Ecclesia!
3674 5213 3740 5252 res

2179 5269 2460 5343 praescribi.
2491 5269 2686 5326 Vocem
2716 5287 2798 5343 res
2818 5269 2937 5343 cum
2969 5286 3069 5325 ms.
3106 5271 3236 5327 Luc.
3266 5274 3636 5343 cxpnnximus.

2255 5338 2470 5412 eiust”
2492 5352 2539 5396 et
2565 5357 2698 5412 quae.
2728 5341 3142 5412 Emendavimns
3167 5358 3286 5397 cum
3320 5338 3454 5398 mss.
3479 5344 3594 5399 Vat.
3623 5344 3732 5406 Reg.

2183 5411 2413 5482 etLuc.
2448 5411 2585 5467 Mox'
2620 5411 2759 5466 idem
2792 5411 2954 5477 Just.,
3001 5422 3054 5465 ut
3085 5414 3138 5466 in
3182 5413 3326 5468 nullo
3365 5415 3737 5482 impedimento:

2186 5481 2480 5538 delevimus
2503 5485 2554 5537 in
2583 5484 2899 5539 auctoritate
2926 5483 3084 5538 codd.
3109 5483 3233 5539 Vat.
3253 5492 3306 5540 et
3335 5485 3466 5540 Luc.

2259 5564 2286 5603 (ι
2312 5553 2637 5610 lnseruimus
2668 5555 3098 5626 praepositionem
3137 5556 3192 5610 in
3229 5571 3353 5612 cum
3382 5557 3620 5613 omnibus
3656 5565 3735 5608 uo-

2181 5627 2309 5682 stris
2336 5627 2569 5696 antiquis
2591 5626 2760 5680 libris.

2256 5707 2278 5734 τ
2302 5696 2436 5752 Octo
2466 5695 2751 5767 Sequentes
2774 5711 2956 5762 voces,
2981 5712 3100 5766 quae
3122 5698 3176 5753 in
3200 5698 3532 5764 Justelliauo,
3554 5707 3602 5752 et
3621 5695 3732 5767 duo-

2181 5767 2280 5821 bus
2305 5767 2504 5823 uostris
2532 5766 2660 5823 mss.
2687 5768 2808 5823 Vat.
2836 5777 2888 5823 et
2915 5768 3046 5824 Luc.
3073 5769 3447 5826 desiderantur
3467 5770 3532 5826 ob
3553 5766 3728 5822 facilem

2181 5839 2373 5893 saltum
2415 5856 2442 5890 a
2483 5853 2617 5895 voce
2657 5837 2898 5894 Ecclesiae
2925 5840 2990 5894 ad
3035 5840 3192 5894 aliam
3231 5842 3495 5909 similem,
3530 5853 3588 5896 ex
3627 5834 3726 5892 5010

2182 5925 2282 5965 ms.
2311 5909 2429 5967 Vat.
2457 5911 2672 5982 Regina:
2703 5911 2954 5982 supplere
2978 5911 3268 5982 potuimus.
