3998 6346
273 415 356 471 801

1273 399 1511 460 PRISCA
1551 401 1876 460 CANONUM
1920 403 2142 462 EDITIO
2182 397 2452 462 LATINA.

3405 408 3509 467 ΘΜ

273 517 473 587 duudat,
495 511 638 586 cum]
677 529 798 570 eum
830 509 1140 568 domesticis
1187 513 1302 568 suis
1336 523 1392 569 et
1435 514 1705 582 amnibus,
1739 522 1831 570 aut
1857 527 1912 587 Α
2007 515 2094 570 VI.
2121 526 2147 565 P
2171 514 2238 570 Ut
2267 515 2468 570 nullum
2490 512 2718 570 absolute
2747 515 2896 570 liceat
2919 513 3179 570 ordinare.

272 613 517 673 fratribus,
541 615 635 662 aut
663 606 785 661 (iliis
813 615 1029 676 praestet
1051 614 1393 676 potestatem,
1424 615 1483 662 ut
1509 606 1602 676 per
1629 622 1721 663 eos
1756 615 1831 662 ta-

2007 607 2117 664 VII.
2149 618 2178 658 ει
2202 608 2280 664 De
2307 608 2386 663 his
2410 609 2498 678 qui
2525 608 2830 679 profitentur
2855 623 2908 662 se
2942 607 3112 662 clerici
3138 623 3260 675 esse,
3293 609 3372 664 vel
3394 623 3508 666 stto-

271 706 339 761 lcs
362 702 612 756 absconse
635 695 790 771 [Lege
815 694 1078 751 laedantur
1104 704 1266 751 certa:
1293 695 1405 768 res]
1431 697 1628 754 laedere
1653 707 1830 753 certas
1930 702 2066 756 naci.

270 811 346 853 res
368 790 636 857 Ecclesiae,
659 790 800 845 hunc
820 798 995 845 autem
1013 789 1352 844 convinctum
1376 787 1538 861 546
1553 789 1832 860 subiacere

270 883 456 958 synodo
500 879 808 952 provincize.
839 879 896 934 Si
934 887 1112 934 autem
1139 891 1195 935 et
1220 879 1376 936 aliter
1421 881 1692 936 incusetur
1719 879 1831 951 epi-

268 987 464 1045 scopus,
489 980 514 1008 ι
539 980 631 1025 aut
659 969 718 1038 ii,
747 969 840 1040 qui
865 983 984 1024 cum
1008 984 1074 1026 eo
1101 979 1226 1025 sunt
1247 971 1571 1043 presbyteri,
1597 985 1664 1026 eo
1689 971 1832 1042 quod

269 1067 328 1122 de
349 1064 502 1136 agris,
526 1061 641 1117 sive
661 1076 730 1116 ex
759 1060 938 1130 aliqua
961 1061 1257 1116 substantia
1286 1062 1538 1117 Ecclesia:
1560 1063 1613 1116 in
1639 1071 1835 1118 seruet-

269 1159 398 1228 ipsos
438 1153 601 1228 [Lege
646 1163 939 1222 usurpent,
973 1161 1032 1207 ut
1077 1152 1368 1224 pauperes]
1405 1168 1524 1224 qua:
1565 1153 1834 1223 pertinent

269 1251 326 1305 ad
345 1248 622 1304 Ecclesium
634 1287 648 1312 ,
667 1247 783 1302 sive
795 1254 1199 1316 usurpantes,et
1215 1261 1477 1316 pauperes
1491 1247 1829 1315 tribulentur,

270 1340 682 1397 ltaccusationttm
702 1348 878 1394 autem
899 1348 956 1394 et
977 1339 1359 1410 blasphemiam
1379 1339 1493 1395 ﬁeri
1514 1337 1832 1405 rationibus,

267 1431 348 1503 qui
391 1432 466 1486 sic
507 1445 630 1486 eum
676 1430 1134 1500 gubernaverint:
1173 1431 1272 1485 bos
1311 1446 1407 1500 per
1443 1431 1833 1486 correctionem

270 1522 463 1577 lucrare
487 1522 628 1592 apud
656 1533 894 1576 sanctam
922 1521 1185 1592 synodum
1210 1531 1257 1575 ο.
1286 1521 1354 1576 Et
1379 1522 1833 1593 subscripserunt.

330 1613 586 1670 Eusebius
614 1629 852 1684 prasens
882 1613 1132 1670 omnibus
1161 1614 1487 1684 subscripsi,
1514 1615 1832 1670 Theodorus

267 1704 497 1759 omnibus
538 1703 844 1758 constitutis
883 1703 935 1757 in
974 1711 1158 1758 sancta
1202 1704 1410 1775 synodo
1443 1719 1682 1773 praesens
1712 1705 1838 1759 sub-

268 1794 471 1866 scripsi,
493 1792 524 1832 ιι
572 1795 1088 1864 Tharcudamantes,
1138 1805 1162 1834 ε
1198 1797 1518 1865 Mauricius,
1553 1800 1840 1855 Macbedo-

2005 791 2135 847 VIII.
2167 791 2244 848 De
2272 792 2706 862 dispensatoribus
2729 791 2991 850 Ecclesiae.

2003 884 2096 941 IX.
2131 895 2152 922 τ
2179 883 2256 939 De
2277 887 2447 942 causis
2471 887 2790 942 clericorum.

2005 977 2070 1033 X.
2105 985 2126 1012 ⁸
2157 976 2225 1032 Ut
2264 977 2396 1032 nulli
2427 979 2728 1034 clericorum
2759 979 2908 1034 liceat
2929 978 2994 1032 de
3018 976 3252 1034 Ecclesia
3287 995 3384 1035 sua
3408 979 3515 1034 dis-

1933 1071 2125 1126 cedere.

2005 1162 2095 1216 XI.
2127 1160 2202 1216 De
2227 1179 2330 1215 non
2356 1170 2539 1217 temere
2563 1162 2747 1218 dandis
2772 1163 3006 1232 epistulis
3025 1162 3302 1234 synodicis.

2008 1255 2120 1310 XII.
2156 1255 2222 1309 In
2258 1272 2362 1309 una
2398 1256 2660 1325 provincia
2687 1270 2848 1310 unum
2873 1255 3053 1310 debere
3075 1271 3184 1310 esse
3213 1254 3512 1325 metropoli-

1935 1356 2106 1400 tanum
2135 1347 2445 1416 episcopum.

2015 1435 2155 1490 XIII.
2191 1437 2209 1473 ί
2246 1435 2400 1491 Nulli
2440 1437 2742 1492 clericorum
2781 1437 2930 1492 liceat
2966 1438 3022 1492 in
3063 1437 3276 1492 alterius
3322 1437 3518 1491 civitate

1935 1530 2246 1584 ministrare.

2010 1621 2150 1676 XIV.
2180 1632 2208 1659 ιι
2242 1620 2309 1678 Ut
2340 1624 2518 1678 nullus
2545 1624 2762 1680 clericus
2781 1641 2992 1681 uaorem
3009 1624 3298 1680 haereticam
3324 1625 3400 1679 vel
3426 1640 3518 1695 pa-

1939 1730 2124 1784 ganum
2149 1714 2390 1784 accipiat.

2012 1807 2130 1862 XV.
2157 1818 2179 1846 τ
2203 1807 2359 1880 [Lege
2377 1809 2540 1883 Quot]
2567 1810 2719 1878 Quod
2741 1827 2992 1868 annorum
3013 1811 3172 1868 velari
3191 1811 3402 1867 debeant
3428 1821 3520 1860 au-

268 1893 396 1956 nins,
425 1887 734 1954 Eutherius,
780 1887 1012 1958 Alphion
1037 1933 1050 1956 ,
1093 1889 1312 1954 Bassus,
1345 1889 1560 1957 Paulus,
1592 1890 1838 1945 Theodo-
1869 1905 1918 1965 Β
1943 1899 2079 1953 cilia:
2109 1896 2224 1954 Dei.

269 1990 364 2045 tus,
404 1978 608 2046 Niceta,
633 1977 974 2044 Anatbolius,
1019 1977 1326 2046 Narcissus,
1358 1980 1671 2046 Archelaus,
1706 1978 1725 2018 τ
1755 1980 1839 2036 Si-

269 2072 448 2138 ricins,
508 2070 818 2138 Hisicbius,
882 2070 1176 2135 Manicius,
1238 2071 1444 2140 Moses,
1488 2082 1514 2118 κ
1566 2073 1836 2144 Agapius,

268 2163 293 2204 δ
317 2165 646 2230 Theodotus,
681 2163 698 2202 ί
733 2163 1013 2230 Mocimus,
1050 2164 1064 2214 i
1099 2165 1392 2221 Eustatius.

328 2257 704 2315 Ordinavimus
723 2256 1148 2322 subscribentes,
1176 2259 1368 2312 Amen.

559 2349 790 2423 Explicit
814 2350 1084 2405 concilium
1113 2350 1572 2406 Anthiocensium..

271 2451 411 2524 557
447 2453 473 2490 ¹ι
506 2449 850 2507 INCIPIUNT
887 2449 1227 2506 CAPITLLA
1278 2451 1834 2509 CALCIDONENSIS.

330 2543 368 2598 I.
402 2542 417 2582 ι
447 2543 524 2599 De
547 2543 632 2598 his
659 2543 747 2614 qui
776 2543 986 2612 praemio
1014 2543 1219 2597 ordines
1241 2545 1616 2616 adipiscuntur.

330 2636 386 2692 II.
415 2645 454 2674 ω
479 2635 559 2691 De
587 2635 964 2691 accusatoribus
985 2635 1358 2708 episcOporum.

328 2726 409 2784 III.
444 2728 510 2784 Ut
539 2729 716 2793 clerici
742 2729 1073 2783 conductores
1099 2745 1202 2783 non
1231 2731 1351 2786 sint.

330 2819 411 2875 IV.
441 2830 468 2858 ιι
499 2820 584 2876 De
617 2822 698 2877 his
729 2822 818 2890 qui
845 2823 1000 2876 vitam
1038 2823 1319 2878 solitariam
1350 2832 1626 2890 sectantur,
1663 2834 1706 2878 et
1737 2839 1838 2894 quo

267 2911 440 2967 honore
470 2914 774 2984 fungantur.

331 3003 388 3060 V.
413 3013 438 3042 °
475 3005 546 3062 Ut
595 3007 770 3063 nullus
803 3008 1019 3063 clericus
1068 3009 1132 3063 de
1169 3007 1403 3065 Ecclesia
1445 3027 1541 3066 sua
1585 3010 1640 3065 in
1681 3009 1839 3064 aliam

269 3104 494 3159 ιωιεωι.

2009 1990 2153 2068 _XVI.
2188 1990 2262 2046 De
2288 1993 2568 2063 virginibus
2595 2005 2641 2049 et
2672 1997 2918 2051 monacis.

2001 2083 2105 2146 .XV
2116 2086 2176 2139 ll.
2195 2083 2272 2140 De
2290 2083 2445 2158 [Lege
2467 2087 2724 2157 parrociis
2740 2087 2971 2160 rusticis]
2985 2089 3249 2161 parrocias
3265 2089 3520 2146 rusticius.

2014 2173 2202 2228 XVIII.
2229 2174 2303 2230 De
2326 2181 2626 2250 conjuratis.

2014 2266 2158 2322 XIX.
2187 2267 2254 2322 Ut
2286 2269 2543 2343 [secundo
2565 2288 2660 2340 pro
2687 2270 2792 2343 bis]
2823 2274 3045 2328 secundo
3065 2275 3120 2329 in
3146 2289 3282 2329 anno
3307 2273 3525 2329 concilia
3601 2277 3608 2281 ’

1941 2359 2091 2427 ﬁant.

1953 2520 1964 2530 '
2016 2449 2135 2506 XX.
2162 2460 2187 2488 ι
2209 2451 2288 2506 De
2313 2469 2414 2508 non
2442 2455 2778 2522 suscipiendis
2809 2454 3022 2510 alterius
3043 2454 3289 2512 Ecclesia:
3306 2457 3524 2524 clericis,

1942 2555 1991 2600 et
2017 2548 2081 2599 de
2101 2549 2474 2616 susceptoribus
2494 2564 2689 2602 eorum.

2016 2641 2180 2714 548
2222 2642 2364 2697 XXI.
2407 2644 2483 2698 De
2519 2643 2686 2716 [Lege
2733 2643 3170 2717 accusatoribus]
3210 2654 3527 2701 accusatores

1942 2733 2320 2803 episcOporum.

2018 2824 2182 2879 XXII.
2219 2824 2286 2880 Ut
2314 2824 2487 2880 nullus
2511 2825 2726 2882 clericus
2746 2828 2918 2882 aliena
2942 2828 3172 2898 diripiat.

2017 2914 2204 2970 XXIII.
2238 2915 2316 2969 De
2335 2916 2532 2970 clericis
2554 2927 2602 2970 et
2631 2919 2856 2973 monacis
2876 2918 3346 2974 excommunicatis.

2015 2996 2206 3061 XXIV.
2238 3005 2316 3061 De
2347 3006 2501 3079 [Lege
2528 3009 2752 3064 sacratis
2788 3007 3150 3080 monasteriis]
3186 3017 3387 3064 sacrata
3417 3025 3526 3064 mo-

1944 3109 2185 3153 nasterta.
3381 3111 3388 3117 ε

380 3266 513 3322 Just.
536 3265 666 3322 Vat.
693 3263 1024 3339 et_Luc_.,\b
1054 3264 1164 3334 his,
1189 3267 1279 3339 qui
1307 3282 1422 3322 cunt
1457 3283 1537 3322 eo.
1564 3265 1836 3322 Emenda-
1863 3271 1911 3334 ρ
1941 3263 2255 3339 Constantio
2279 3261 2540 3339 laudatus,
2587 3272 2640 3316 et
2666 3261 2876 3339 Tltuan.
2903 3262 3026 3339 139,
3059 3263 3147 3333 qui
3196 3263 3525 3329 Quesnellia-

269 3349 425 3392 thtus
444 3353 568 3393 cum
597 3350 698 3391 ms.
725 3334 846 3390 Vat.
874 3335 1003 3404 Reg.

329 3407 353 3446 ιι
396 3409 618 3464 Multum
669 3408 783 3462 haec
840 3408 1209 3476 interpretatio
1250 3406 1479 3463 laborat.
1522 3409 1600 3463 Ex
1651 3408 1842 3464 Graeco

269 3480 650 3534 emendandum
682 3479 796 3533 sic:
831 3482 1086 3532 accusatio
1115 3491 1285 3532 autem
1315 3489 1360 3532 et
1398 3479 1714 3547 blasphemia
1751 3481 1844 3548 ﬁat

269 3551 468 3616 rationi,
497 3565 599 3605 seu
638 3553 813 3618 potius
840 3550 1009 3613 uerbo,
1039 3562 1086 3604 et
1115 3551 1179 3604 iis
1207 3552 1294 3619 qui
1338 3552 1410 3604 sic
1445 3551 1581 3603 istud
1619 3551 1844 3604 admini-

269 3631 412 3674 strant
440 3637 458 3676 .'
488 3621 584 3676 hos
611 3637 810 3692 quoque
843 3623 1203 3675 correctionem
1232 3621 1452 3687 lucrari,
1484 3623 1533 3675 id
1564 3632 1675 3688 est,
1706 3638 1845 3676 asse-

269 3691 374 3758 qui,
417 3695 557 3760 apud
601 3691 827 3745 sanctam
875 3693 1158 3762 synodum,
1201 3706 1295 3746 seu
1339 3703 1514 3744 sancta
1547 3693 1748 3761 synodo
1789 3692 1845 3745 id

273 3763 396 3828 quod
421 3765 561 3833 decet
585 3764 918 3833 approbante,
943 3772 999 3816 ut
1027 3762 1248 3818 Cra-cus
1277 3772 1454 3816 textus
1484 3773 1718 3831 prwtert.

337 3841 358 3870 θ
407 3832 540 3888 Cod.
591 3832 712 3888 Vat.
748 3833 882 3902 Reg.
937 3833 1080 3888 addit
1130 3834 1537 3902 provocationem
1589 3835 1844 3887 hortante.

272 3896 387 3956 Post
415 3905 578 3960 verba
612 3915 790 3960 autem
817 3896 866 3956 Et
893 3896 1316 3972 subscripserunt,
1341 3919 1461 3972 qua:
1493 3906 1652 3958 linem
1682 3919 1847 3958 cano-

272 3983 386 4026 num
425 3975 692 4042 indicant,
727 3975 869 4030 idem
912 3989 1014 4029 ms.
1045 3977 1206 4029 altum
1241 3990 1507 4030 eanouetn
1543 3975 1846 4031 addititium

271 4043 471 4113 subiicit
497 4047 581 4102 sic
605 4062 619 4101 :

583 4135 651 4192 Ut
687 4137 951 4207 episcopus
981 4137 1034 4190 in
1070 4136 1259 4192 crimen
1288 4137 1532 4192 adulterii

695 4209 1014 4262 sacramenta
1051 4224 1152 4262 non
1183 4211 1418 4278 prtebeat.

337 4315 523 4375 XXVI.
561 4317 792 4398 Quodsi
819 4323 944 4398 quis.
976 4322 1260 4398 episco,nus_
1287 4324 1341 4398 in
1366 4323 1560 4398 crimen
1608 4323 1850 4377 adulterii

273 4392 596 4446 sacramenta
617 4392 838 4457 prabere
861 4393 1095 4455 voluerit,
1126 4392 1260 4459 quod
1293 4394 1488 4446 licitum
1515 4409 1615 4446 non
1658 4402 1762 4460 est,
1795 4404 1851 4447 ut

274 4460 502 4533 sacerdos
525 4463 581 4515 in
601 4461 702 4520 hoc
729 4461 872 4530 nefas
902 4463 1134 4515 conscius
1158 4463 1460 4529 inveniatur,
1484 4462 1606 4516 Jubi
1635 4467 1763 4533 (sic)
1795 4473 1851 4517 ut

273 4528 464 4604 quihoc
489 4528 896 4604 prgsutnpserit,
925 4534 1190 4602 proprium
1217 4537 1432 4604 gradum
1448 4528 1726 4590 rammitlal.

338 4596 363 4634 ἀ
399 4596 516 4655 Vat.
545 4602 678 4672 Reg.
715 4596 1358 4659 Tharcudamantostuc.
1383 4615 1439 4658 et
1472 4605 1590 4659 Vat.
1623 4604 1851 4658 Tharcu-

273 4666 558 4743 dantantus.
593 4660 705 4743 Huc
735 4687 900 4743 usque
932 4675 1065 4727 ordo
1099 4677 1152 4727 in
1192 4675 1440 4729 omnibus
1483 4675 1624 4730 idem
1652 4686 1762 4740 est,
1792 4676 1847 4730 in
1874 4660 1931 4723 Ῑ)

274 4742 614 4814 sequentibus
633 4742 902 4814 discrepat
925 4761 937 4798 :
962 4743 1104 4814 quod
1136 4743 1399 4802 indicasse
1421 4746 1552 4801 satis
1575 4748 1662 4800 sit.

344 4811 484 4878 9M3.
510 4813 668 4878 an.,
704 4812 950 4867 Marcius.

345 4877 362 4916 ¹
393 4880 528 4953 (god.
561 4877 682 4940 Vat.
711 4881 869 4953 Reg.,
898 4885 1114 4939 Siricus.

341 4958 366 5027 β
394 4950 544 5027 god:
568 4953 687 5008 Vat.
703 4950 857 5027 Αἵ)ἱῖ
875 4997 890 5020 ,
925 4955 1191 5027 Agapitus.

337 5019 366 5057 ⁸·
394 5024 492 5076 Ms.
523 5023 678 5090 Luc.,
700 5019 1017 5080 Theodore}.

347 5090 362 5166 ξ
399 5091 518 5166 Vat.
550 5094 709 5166 Reg.,
738 5094 1010 5166 Mosimus.

343 5161 544 5243 tuldem
575 5161 705 5234 uti,
736 5165 1220 5243 Eustacius.‘l_.nc.,
1253 5168 1538 5243 Eustasius.
1572 5170 1702 5226 Dein
1730 5171 1849 5226 sub-

278 5231 542 5353 mlbentes
572 5231 700 5292 cum'
723 5239 925 5294 nostris
955 5238 1113 5293 codd.
1141 5231 1496 5310 reposuimus.
1522 5244 1688 5308 Just.,
1728 5244 1853 5296 scri-

387 5320 462 5353 88-

306 5313 462 5358 entes.

344 5369 368 5410 ¹ι
413 5374 666 5452 Capones
719 5379 1186 5452 Chalcedonenses
1235 5396 1298 5436 ex
1349 5383 1520 5452 prisca
1568 5384 1847 5448 versione,

281 5455 430 5525 quam
471 5446 732 5525 Justellus
771 5453 824 5525 in
872 5465 970 5525 suo
1006 5451 1192 5506 codice
1239 5446 1473 5521 reperit,
1522 5456 1574 5508 in
1620 5446 1846 5525 quatuor

277 5513 390 5567 aliis
421 5530 554 5590 mss.
586 5521 989 5590 collectionibus
1020 5532 1262 5590 receptos
1301 5513 1605 5580 invenimus
1619 5513 1652 5589 ,⁸
1685 5525 1846 5578 trimi-

277 5589 486 5668 rnm‘in
505 5589 676 5668 codd._
695 5589 1469 5668 colleclionis_Quesnel_liunje,
1501 5611 1658 5668 quam
1691 5604 1848 5668 antea

279 5654 636 5732 saltibuimus,
665 5664 718 5716 in
747 5677 849 5718 ηις.
881 5663 994 5717 Vat.
1023 5654 1238 5732 Resina:
1269 5664 1428 5729 1997,
1449 5654 1848 5721 vin-Colbertino

279 5719 410 5800 gat,
438 5741 494 5800 et
532 5719 692 5786 simili
743 5733 969 5788 Lucensi
1009 5719 1131 5798 ss,"
1151 5734 1206 5787 in
1239 5735 1354 5789 Vat.
1383 5719 1559 5800 ista,
1589 5719 1662 5790 ei"
1686 5737 1844 5791 κατι).

278 5791 438 5850 2888.
467 5799 614 5855 Duos
650 5803 783 5859 alios
823 5803 1037 5859 codices
1065 5791 1350 5861 Tliuaueos
1394 5791 1712 5861 memoravit
1749 5805 1848 5860 Ju-

277 5867 467 5926 steltus
492 5869 701 5930 Thuan.
724 5874 848 5942 555,
888 5875 979 5945 qui
1018 5874 1160 5932 idem
1198 5885 1282 5932 est
1319 5891 1381 5932 ac
1405 5875 1641 5934 Colbert.
1683 5878 1786 5934 78-1
1815 5891 1850 5934 a

1950 3353 2072 3392 nam
2097 3335 2471 3390 collectionem
2505 3334 2900 3402 complectitur.
2928 3333 3062 3388 Cum
3105 3348 3263 3402 porro
3291 3351 3526 3393 canones

1951 3407 2110 3476 hujus
2142 3404 2405 3459 versionis
2432 3406 2690 3476 superius
2726 3406 3049 3476 dederitmts
3071 3403 3123 3458 in
3155 3406 3362 3460 edenda
3411 3409 3524 3461 col-

1949 3475 2182 3532 lectione
2209 3475 2585 3542 Qnesnelliann
2613 3489 2730 3542 cap.
2761 3477 2854 3539 25',
2887 3475 2985 3528 soli
3018 3475 3153 3528 tituli
3185 3489 3448 3531 canonum
3477 3487 3528 3531 et

1949 3549 2390 3616 subscriptiones,
2413 3545 2502 3614 qui
2533 3547 2585 3598 in
2614 3562 2676 3600 ea
2717 3547 3032 3601 collectiOne
3061 3544 3275 3600 luerunt
3301 3548 3522 3614 omissi,

1952 3620 2040 3673 hic
2073 3618 2432 3684 proferentur.

2028 3688 2044 3725 ¹
2080 3689 2211 3759 Cod.
2247 3688 2364 3741 Vat.
2394 3685 2649 3756 Regium:
2683 3687 2760 3742 De
2788 3689 2866 3742 his
2899 3687 2986 3759 qui
3027 3689 3190 3759 pretio
3230 3685 3423 3740 honore
3459 3688 3525 3758 (l.

1952 3757 2189 3828 honores)
2226 3759 2531 3813 distrahunt.

2022 3841 2060 3902 ’τι
2091 3831 2233 3886 Idem
2268 3828 2390 3902 cod.
2429 3829 2506 3882 De
2543 3830 2866 3902 accusatione
2893 3831 3268 3902 episcoporum.
3291 3828 3524 3902 AJusteLi

1951 3901 2119 3957 codex
2163 3904 2213 3953 in
2253 3900 2406 3953 titulo
2434 3901 2624 3955 canoni
2665 3905 2883 3970 prteliso
2921 3900 3074 3957 addit
3101 3911 3149 3954 et
3177 3900 3477 3954 clericorum
3507 3919 3526 3956 :

1952 3972 2074 4027 Vat.
2102 3971 2268 4034 1542,
2293 3970 2368 4023 vel
2391 3971 2707 4026 clericorum.

2023 4053 2051 4078 ιι
2081 4041 2214 4096 Cod.
2246 4041 2366 4096 Vat.
2401 4040 2556 4109 Ileg.,
2583 4040 2660 4095 De
2688 4045 2945 4098 monachis
2979 4044 3188 4097 minime
3224 4057 3526 4112 promoven-

1951 4114 2052 4176 dis,
2081 4113 2138 4168 In
2172 4113 2322 4165 titulo
2344 4121 2536 4184 autem
2571 4116 2766 4184 Acanoni
2799 4115 3076 4184 praemisso
3105 4131 3117 4165 :
3155 4113 3281 4178 Qua:
3315 4115 3380 4183 (I.
3414 4113 3527 4184 qui)

1951 4200 2124 4237 revera
2144 4191 2192 4237 et
2214 4181 2480 4251 manifeste
2503 4181 2786 4237 solitariam
2800 4181 2956 4239 uitam
2979 4194 3256 4248 sectantur,
3287 4181 3529 4238 honorem

1953 4255 2018 4326 (I.
2041 4255 2253 4326 honore)
2278 4253 2576 4326 competenti
2599 4255 2897 4326 fungantur.

2029 4337 2053 4360 υ
2085 4325 2222 4396 Just.
2246 4324 2509 4396 cod._cum
2532 4322 2739 4396 Luc._et
2774 4324 2886 4377 Vat.
2913 4325 2965 4380 in
2996 4324 3146 4379 titulo
3171 4326 3360 4380 canoni
3391 4341 3528 4396 prm-

1956 4397 2121 4450 misso
2148 4412 2161 4448 :
2196 4394 2272 4448 De
2310 4394 2559 4464 episcopis
2590 4393 2680 4464 uel,
2710 4396 2922 4459 clericis,
2949 4398 3038 4464 qui
3069 4411 3121 4448 se
3157 4397 3219 4449 de
3247 4393 3444 4450 ciuitaie
3476 4402 3527 4450 in

1956 4467 2114 4518 aliam
2143 4467 2479 4538 transferunt.
2516 4463 2633 4516 Vat.
2664 4463 2795 4538 Reg.
2827 4465 2878 4518 in
2905 4463 3081 4538 tabula
3111 4481 3123 4517 :
3156 4465 3230 4538 Ue
3257 4468 3527 4538 episcopis,

1955 4538 2046 4604 qui
2073 4552 2128 4590 se
2155 4536 2216 4587 de
2248 4535 2446 4604 civitate
2490 4549 2584 4586 sua
2613 4536 2948 4604 transferunt.
2985 4551 3002 4589 :
3050 4534 3102 4589 in
3151 4537 3302 4592 titulo
3349 4534 3528 4594 autem

1955 4603 2178 4662 eanonis
2201 4619 2214 4656 :
2247 4603 2320 4656 De
2341 4603 2608 4670 episcopis,
2636 4606 2711 4658 vel
2739 4603 2960 4659 clericis.

2000 4687 2052 4726 ,ιι
2081 4677 2156 4730 Ita
2199 4673 2322 4729 cod.
2362 4673 2480 4727 Vat.
2513 4674 2644 4743 Reg.
2687 4677 3093 4731 concinentibus
3135 4676 3255 4731 Vat.
3296 4687 3352 4734 et
3399 4679 3530 4733 Luc.
3571 4681 3580 4690 ‘

1952 4746 2328 4804 Justellianum
2377 4744 2680 4813 exemplum
2725 4747 2777 4800 in
2829 4747 3006 4802 tabula
3043 4765 3056 4800 :
3099 4746 3251 4803 Nulli
3297 4751 3531 4802 absoluto

1955 4820 2107 4873 liceat
2157 4815 2433 4878 ordinare;
2479 4816 2530 4868 in
2581 4817 2734 4871 titulo
2779 4829 2957 4873 autem
2997 4819 3262 4874 canonis:
3309 4818 3534 4872 Nullum

1955 4889 2184 4943 absolute
2207 4886 2354 4939 liceat
2381 4886 2632 4941 ordinari.
2955 4898 2966 4905 '

2030 4969 2059 5008 ιι
2088 4958 2226 5014 Just.
2266 4958 2396 5029 cod.
2421 4956 2472 5010 in
2507 4959 2658 5029 titulo
2686 4960 2907 5015 canonis
2946 4975 3066 5016 cum
3114 4959 3230 5014 Vat.
3265 4957 3420 5029 Reg.,
3455 4957 3535 5013 De

1955 5030 2198 5102 professis
2227 5026 2541 5102 cleric_is,_vel
2573 5031 2814 5085 monacis.

2032 5097 2061 5138 τ’
2087 5101 2224 5155 Just.
2261 5097 2494 5170 in_titulo
2520 5102 2710 5155 canoni
2739 5101 2955 5170 praeﬁxo
2978 5110 3033 5156 et
3063 5100 3182 5154 Vat.
3214 5099 3347 5170 Reg.
3370 5101 3530 5156 etiam

1956 5171 2012 5227 in
2043 5170 2219 5226 tabula
2243 5187 2256 5222 :
2290 5167 2350 5223 Si
2372 5168 2586 5222 clericus
2611 5188 2724 5224 cum
2740 5167 2935 5225 clerico
2961 5185 3163 5224 causam
3184 5167 3385 5225 habeat.

2032 5252 2053 5278 ³
2093 5242 2206 5295 Vat.
2259 5238 2417 5307 Reg.,
2465 5238 2532 5293 Ut
2573 5243 2746 5295 nullus
2789 5243 3000 5294 clericus
3051 5240 3248 5294 duabus
3291 5240 3536 5294 Ecclesiis

1955 5313 2156 5367 militet.
2188 5311 2318 5365 Luc.
2345 5318 2402 5364 et
2433 5309 2577 5379 Vat.,
2608 5310 2674 5366 Ut
2704 5313 2876 5366 nullus
2909 5311 3124 5366 clericus
3151 5326 3298 5365 suam
3339 5313 3536 5366 deserat

1958 5383 2261 5438 Ecclesium.

2034 5456 2052 5490 ι
2086 5455 2225 5508 Just.
2253 5456 2303 5506 in
2335 5452 2497 5524 titulo
2521 5452 2763 5524 canonis,
2792 5461 2848 5524 et
2875 5451 2993 5524 Vat.
3025 5451 3158 5521 Reg.
3190 5451 3421 5524 ubique,
3465 5450 3537 5508 Ut

1957 5524 2012 5578 in
2035 5527 2207 5579 aliena
2227 5524 2426 5576 civitate
2451 5522 2619 5576 clerici
2645 5539 2748 5575 non
2777 5523 3080 5576 ministrent.
3304 5522 3317 5524 ⁷
3472 5585 3476 5590 ι

2031 5604 2061 5631 ιι
2091 5594 2211 5649 Vat.
2252 5593 2410 5662 Reg.,
2450 5591 2524 5646 De
2559 5591 2758 5646 clericis
2787 5609 2850 5646 ne
2876 5594 3147 5648 indiscrete
3193 5593 3378 5649 nubere
3417 5608 3538 5660 per-

1960 5667 2217 5720 mittatur.

2035 5746 2059 5773 ν
2087 5737 2230 5791 idem
2255 5733 2402 5796 cod..
2432 5731 2510 5786 De
2530 5733 2836 5787 diaconissis
2858 5735 3109 5790 vetandis.

2033 5814 2062 5842 ι
2090 5806 2252 5863 Idem.
2277 5803 2423 5861 cod..
2470 5802 2553 5868 Ne
2578 5803 2750 5859 clerici
2776 5804 2829 5859 in
2848 5805 3069 5862 alienam
3095 5806 3345 5863 civitatem
3373 5816 3540 5862 trans-

1960 5887 2100 5952 eant.
