3998 6346
186 454 289 513 In

187 570 3240 603 MM

718 446 1196 518 ANTIQUISSIMA
1234 447 1561 507 CANONUM
1600 445 2027 509 NICENORUM
2066 451 2626 513 lNTERPRETATIO
2663 454 2935 516 LATINA.

3365 470 3472 528 8i8

1142 670 2498 821 ANTIQUISSIMA

568 888 1701 1008 INTERPRETATIO
1789 895 2315 1012 LATINA
2401 902 3080 1031 CANONUM

1484 1111 2103 1197 NICENORUM
2124 1171 2144 1211 ,

860 1272 1013 1351 ρυω
1032 1287 1205 1334 nunc
1224 1272 1502 1351 primum
1522 1270 1796 1352 prodite
1818 1291 1930 1336 ms.
1972 1277 2284 1341 Vaticano
2317 1281 2570 1362 Regina:
2605 1284 2778 1351 1997.

631 1552 791 1628 537
830 1549 1077 1607 INCIPIT
1113 1549 1313 1606 FIDES

645 1669 850 1725 Nicwni
878 1667 1084 1722 concilii
1110 1667 1288 1724 AIHN.

232 1790 277 1848 Ι.
331 1788 466 1846 Cum
508 1786 854 1844 convenisset
898 1795 1142 1842 sanctum
1186 1793 1240 1839 et
1283 1800 1531 1855 magnum
1580 1789 1765 1844 conci-

163 1884 292 1939 lium
317 1925 336 1951 ,
377 1889 510 1951 etc.,
540 1880 613 1934 uti
659 1878 873 1934 habetur
913 1893 1073 1948 supra
1117 1878 1170 1931 in
1210 1876 1438 1933 Nictcnis
1483 1881 1763 1936 cauonibus

162 1978 404 2034 editionis
431 1976 633 2044 prisca.

230 2072 305 2126 ll.
348 2069 632 2127 Credimus
670 2068 723 2123 in
766 2081 931 2124 unum
958 2066 1128 2123 Deum
1167 2066 1379 2122 Patrem
1421 2069 1760 2138 omnipoten-

161 2175 300 2235 tem,
330 2165 573 2222 omnium
601 2162 894 2219 visibilium
922 2170 976 2217 et
1006 2162 1348 2218 invisibilium
1381 2162 1632 2218 factorem
1657 2208 1670 2233 ,
1704 2172 1763 2220 et

162 2262 211 2317 in
244 2276 416 2317 unum
448 2258 733 2315 Dominum
766 2264 1009 2313 nostrum
1037 2255 1223 2313 Jesum
1254 2255 1529 2313 Christum
1571 2267 1758 2313 natum

160 2372 221 2411 ex
255 2354 421 2409 Patre
460 2352 826 2423 unigenitum,
856 2349 958 2405 hoc
1003 2359 1086 2406 est
1114 2349 1183 2407 de
1212 2348 1510 2406 substantia
1544 2349 1715 2405 Patris
1736 2394 1755 2421 ,

161 2457 294 2511 etc.,
330 2446 405 2500 uti
434 2461 595 2514 supra
624 2461 739 2515 cap.
770 2445 796 2499 1
834 2441 1145 2498 collectionis
1178 2441 1569 2509 Quesnellianae.

160 2560 234 2615 De
263 2559 349 2613 Itis
373 2557 459 2629 qui
491 2572 544 2611 se
572 2556 712 2629 ipsos
736 2555 1031 2629 abscidunt,
1059 2553 1138 2607 vel
1167 2554 1474 2629 eunicizant,
1508 2556 1561 2609 in
1594 2564 1756 2610 totum

521 2628 588 2682 ad
614 2628 804 2681 clerum
832 2626 1032 2680 admitti
1064 2641 1165 2679 non
1194 2625 1393 2681 debere.
1606 2704 1619 2716 '

223 2742 323 2799 111.
368 2742 427 2797 Si
456 2742 575 2809 quis
597 2750 774 2794 autem
805 2740 1091 2794 incurrerit
1113 2739 1267 2813 [Lege
1293 2740 1345 2795 in
1369 2740 1752 2815 valetudinem]

156 2835 206 2891 in
239 2834 577 2900 valetudine,
609 2842 664 2887 et
690 2836 1012 2888 necessitate
1044 2844 1269 2901 cogente
1291 2850 1317 2883 a
1344 2834 1564 2888 medicis
1592 2833 1754 2889 fuerit

155 2938 374 2992 sectus,
413 2938 506 2983 aut
532 2928 765 2983 dominis
805 2927 947 2989 suis,
976 2935 1069 2980 aut
1097 2941 1127 2980 a
1159 2925 1401 2980 barbaris
1429 2927 1754 2983 eunuchina-

154 3031 269 3088 tus;
300 3020 392 3077 hic
418 3018 573 3093 [Lege
599 3014 837 3089 maneat]
864 3029 1044 3073 manet
1068 3017 1124 3072 in
1152 3018 1318 3073 clero.
1351 3018 1405 3072 Si
1428 3019 1547 3087 quis
1575 3029 1753 3075 autem

154 3130 323 3171 sanus
354 3114 472 3183 ipse
500 3126 560 3167 se
587 3112 898 3174 absciderit,
928 3118 983 3166 et
1018 3111 1269 3164 inventus
1289 3110 1448 3165 fuerit
1480 3107 1532 3165 in
1565 3111 1751 3177 clero;

155 3217 377 3263 n-iortet
402 3223 526 3261 eum
554 3222 581 3260 a
610 3208 729 3263 loco
750 3205 927 3277 abjici,
952 3215 1007 3260 et
1033 3205 1101 3259 de
1121 3215 1317 3260 caetero
1338 3205 1539 3260 nullum
1569 3206 1754 3274 hujus—

156 3300 303 3353 modi
336 3310 589 3368 oportere
616 3298 837 3366 suscipi.
874 3296 1027 3352 Sicut
1080 3306 1257 3350 auti-tn
1295 3296 1364 3352 de
1404 3296 1488 3352 bis
1529 3298 1755 3353 manife-

151 3402 295 3449 stum
321 3398 427 3454 est.
455 3403 514 3445 ut
540 3390 585 3445 si
607 3392 726 3462 quis
753 3405 913 3444 ausus
941 3388 1102 3444 fuerit
1122 3389 1400 3445 abscidere
1421 3405 1498 3454 se,
1524 3391 1749 3459 alijicia-

152 3494 255 3540 tur.
290 3483 387 3539 Sic
430 3483 607 3553 itaque
635 3480 798 3553 siqui
826 3490 917 3535 aut
954 3494 986 3535 a
1029 3480 1272 3536 barbaris
1309 3490 1401 3535 aut
1444 3497 1474 3537 a
1515 3482 1751 3538 dominis

150 3577 265 3633 suis
293 3576 519 3631 castrati
563 3582 722 3639 sunt,
753 3582 975 3643 provata
1005 3573 1112 3629 vita
1150 3588 1338 3629 eorum
1378 3576 1752 3645 suscipiendos

150 3684 273 3726 esse
306 3668 362 3723 in
387 3666 593 3723 clerum
621 3680 928 3723 censemus.

251 3784 341 3839 De
368 3781 620 3854 neopltitis
646 3797 808 3852 neque
836 3782 1122 3854 episcOpos,
1144 3795 1301 3849 neque
1326 3780 1641 3852 presbyteros

829 3853 1082 3908 ordinari.

216 3946 317 4003 IV.
360 3946 597 4002 Plurima
641 3948 756 4004 sive
796 3947 1118 4004 necessitate
1156 3956 1418 4018 cogente,
1454 3947 1570 4003 sive
1616 3948 1750 4006 alias

146 4041 325 4114 [Lege
363 4039 679 4111 cogentibus
726 4034 1061 4109 hominibus]
1110 4039 1282 4094 coacti
1329 4038 1396 4093 ab
1445 4038 1749 4095 hominibus

145 4133 440 4190 commissa
465 4140 595 4189 sunt
618 4141 802 4188 contra
832 4131 1189 4203 disciplinam,
1223 4140 1277 4187 et
1299 4132 1537 4203 regulam
1569 4133 1747 4189 eccle-

149 4226 457 4292 siasticam,
485 4236 543 4280 ut
574 4225 834 4294 quosdam
866 4224 1115 4279 homines
1142 4239 1170 4278 a
1193 4225 1602 4280 conversatione
1625 4242 1749 4297 gen~

145 4318 219 4374 tili
250 4331 483 4389 repente
504 4318 824 4373 accedentes
853 4317 919 4371 ad
950 4317 1347 4386 credulitatem,
1376 4320 1586 4374 modico
1613 4328 1747 4405 tem-
1774 4339 1821 4402 ο

143 4426 278 4481 pore
301 4410 662 4465 cathucizatos
684 4412 864 4465 statim
891 4409 957 4465 ad
984 4410 1227 4480 spiritale
1246 4410 1517 4465 lavacrum
1545 4420 1739 4481 cogant

144 4506 408 4563 accalere
441 4522 457 4562 :
488 4512 543 4560 et
569 4511 691 4559 mox
714 4506 1009 4575 baptizatos
1031 4504 1226 4561 multos
1253 4505 1320 4559 ad
1347 4506 1734 4576 episcopatum,

142 4598 228 4657 vel
258 4598 659 4670 presbyterium
681 4597 865 4654 venire
895 4608 1106 4667 cogant,
1132 4598 1271 4655 bene
1294 4598 1493 4655 habere
1518 4599 1734 4669 placuit.

142 4689 221 4747 De
248 4697 458 4747 caetero
487 4687 624 4745 nihil
654 4689 758 4745 tale
783 4691 1044 4745 committi
1072 4689 1159 4746 vel
1180 4691 1316 4747 fieri.
1341 4691 1574 4763 Tempus
1593 4693 1737 4748 enim

141 4783 304 4842 debet
326 4782 559 4855 probare
580 4781 1037 4849 catechumiuum,
1068 4794 1123 4840 et
1150 4795 1269 4855 post
1294 4785 1614 4855 baptismum
1646 4803 1739 4843 ex-

140 4876 465 4949 perimentis
494 4876 677 4933 multis
703 4876 939 4947 probari.
968 4877 1246 4933 Manifesta
1277 4880 1474 4935 etenim
1499 4881 1738 4951 Apostoli

139 4972 414 5027 scribtttra
434 4970 661 5026 dicentis
687 4985 705 5024 :
732 4972 852 5025 Non
879 4972 1220 5043 neophytum,
1251 4990 1313 5027 ne
1338 4974 1468 5042 forte
1494 4975 1657 5029 elatus
1686 4975 1740 5029 in

137 5064 403 5140 judicium
441 5063 633 5117 incidat
673 5062 883 5117 diaboli.
916 5063 1139 5130 Quidetn
1170 5064 1213 5119 si
1246 5065 1583 5132 praecedente
1605 5075 1740 5122 tem-

140 5169 278 5225 pore
328 5156 438 5210 tale
480 5154 684 5225 aliquid
724 5155 978 5211 delictum
1024 5157 1343 5223 admiserit,
1389 5157 1503 5212 haec
1550 5159 1738 5215 eadem

140 5261 380 5318 persona
400 5256 457 5303 et
481 5255 764 5303 accusetur
787 5260 820 5301 a
843 5246 1070 5314 duobus,
1097 5247 1183 5304 vel
1214 5247 1405 5315 tribus,
1434 5247 1739 5319 huiusmodi

142 5340 447 5410 privabitur
469 5354 500 5394 a
532 5339 673 5395 loco.

250 5457 333 5511 De
353 5457 578 5512 vindicta
604 5474 803 5526 eorum,
826 5459 915 5531 qui
942 5470 1121 5517 contra
1147 5476 1366 5518 canones
1396 5463 1628 5533 fecerint.

218 5570 286 5625 V.
326 5570 386 5628 Si
431 5573 551 5644 quis
592 5582 770 5631 autem
814 5579 1080 5634 contraria
1121 5578 1205 5634 bis
1244 5580 1441 5653 egerit,
1481 5583 1740 5640 resistens

137 5662 273 5720 huic
290 5680 498 5738 magno
540 5674 596 5722 et
639 5675 827 5724 sancto
863 5671 1113 5740 concilio,
1145 5671 1261 5742 ipse
1300 5688 1361 5730 se
1401 5674 1454 5730 iu
1502 5676 1740 5746 periculo

136 5756 366 5814 mittens
396 5756 694 5829 privabitur
720 5774 749 5814 a
780 5760 947 5818 clero.

215 5933 252 5969 ⁸
279 5923 568 6001 Sequenda
591 5937 857 6000 pertinent
874 5935 939 5992 ad
958 5926 1167 5993 initium
1192 5934 1413 5991 canonis
1433 5935 1727 6006 sequentis.

1788 1552 1845 1613 Α
1868 1552 1948 1609 De
1972 1558 2267 1616 mulieribus
2296 1580 2423 1633 quas
2453 1566 2618 1639 [Lege
2649 1575 2967 1648 sgnesactas]
2999 1591 3228 1648 syneclas
3258 1596 3458 1643 vocant.

1946 1672 2029 1728 Vl.
2076 1675 2417 1749 Qumcunque
2450 1682 2671 1757 [Supple
2699 1689 2845 1761 cum]
2872 1693 3158 1763 episcopis,
3189 1698 3275 1754 vel
3304 1716 3460 1770 pres-

1872 1766 2098 1839 byteris,
2124 1779 2177 1826 et
2202 1772 2519 1831 diaconibus
2549 1794 2968 1854 commorantur,
2995 1787 3107 1843 sive
3134 1766 3325 1858 vidum,
3350 1794 3463 1851 sive

1870 1864 2146 1934 virgines;
2190 1868 2303 1923 haec
2333 1871 2385 1923 in
2415 1882 2584 1928 totum
2610 1879 2820 1932 censuit
2845 1878 2946 1936 ltoc
2971 1895 3234 1947 sanctum,
3268 1895 3321 1941 (ιι
3351 1905 3464 1944 ma~

1865 1968 2030 2024 gnum
2071 1958 2361 2015 concilium
2409 1965 2611 2020 nullum
2655 1968 2817 2041 568
2851 1973 2953 2027 sibi
2994 1991 3317 2043 praesumere
3360 1981 3462 2038 hoc

1870 2047 1954 2102 vel
1986 2047 2187 2103 licitum
2219 2066 2337 2109 esse
2366 2055 2444 2111 eis
2475 2060 2707 2115 maxime
2735 2064 2826 2131 qui
2852 2064 2903 2118 in
2935 2067 3082 2122 clero
3112 2082 3233 2125 sunt
3261 2076 3461 2129 consti-

1870 2145 1967 2197 tuti
2004 2161 2017 2197 :
2050 2145 2152 2200 nisi
2192 2146 2331 2203 forte
2372 2158 2464 2205 aut
2508 2167 2663 2209 soror
2698 2156 2787 2221 sit,
2818 2168 2909 2213 aut
2936 2166 3260 2231 germanicia
3305 2166 3460 2239 [Lege

1867 2235 1953 2289 vel
1986 2234 2091 2309 liae]
2123 2240 2237 2295 lucc
2269 2256 2514 2311 persona:
2548 2254 2755 2303 tantum
2788 2266 2907 2319 quze
2946 2252 3151 2323 fugiant
3190 2234 3455 2326 suspicio-

1866 2345 2014 2387 nem.
2042 2332 2175 2389 Alire
2204 2350 2334 2392 vero
2372 2352 2616 2407 persona:
2658 2343 2923 2413 fugienda:
2949 2355 3109 2415 sunt,
3137 2365 3257 2421 qua:
3286 2354 3457 2408 maxi-

1862 2436 2009 2479 mam
2040 2425 2270 2483 afferunt
2292 2430 2673 2498 suspicionem.

2026 2538 2104 2594 De
2122 2542 2375 2613 episcopis
2396 2561 2428 2597 a
2458 2548 2952 2616 conprovincialibus
2970 2552 3289 2608 ordinandis.

1937 2654 2047 2709 VII.
2092 2657 2415 2729 Episcopum
2457 2672 2670 2731 oportet
2700 2666 2768 2719 ab
2799 2669 3049 2725 omnibus
3071 2671 3336 2741 episcopis
3365 2674 3456 2743 qui

1863 2756 1986 2801 sunt
2010 2747 2062 2802 in
2095 2752 2386 2819 provincia,
2421 2754 2521 2809 sub
2551 2772 2654 2825 qua
2684 2758 2878 2821 agitur.
2906 2760 3160 2818 ordinari.
3190 2762 3244 2819 Si
3276 2775 3454 2820 autem

1863 2840 2237 2899 difﬁcillimum
2284 2858 2395 2911 est,
2437 2857 2527 2904 aut
2567 2866 2764 2920 urgens
2803 2857 3095 2913 necessitas
3133 2859 3321 2925 fuerit,
3364 2870 3455 2915 aut

1784 2949 1959 3010 Bper
2010 2935 2459 3007 longinquitatem
2513 2942 2738 3009 itineris,
2786 2949 3007 3002 omnino
3055 2959 3228 3005 tamen
3282 2952 3454 3007 tribus

1862 3030 2131 3100 cpiscOpis
2179 3034 2532 3098 praesentibus
2576 3048 2793 3107 oportet
2839 3040 3090 3096 consﬁtui
3140 3045 3450 3113 episcopum

1862 3124 2323 3178 consentientibus
2345 3138 2395 3179 et
2420 3127 2523 3193 Itis,
2545 3130 2634 3198 qui
2657 3133 2906 3187 absentes
2922 3133 3118 3189 fuerint
3139 3150 3233 3204 per
3254 3136 3451 3193 scribta

1860 3226 1957 3267 sua
1984 3214 2377 3273 ordinationem
2411 3220 2521 3275 fieri
2549 3231 2797 3293 tauquam
2828 3241 2887 3281 se
2919 3234 3231 3295 proeSentes.

2269 3333 2345 3386 De
2372 3345 2616 3400 potestate
2645 3338 3042 3409 metropolitani.

1934 3421 2069 3479 Vill.
2116 3424 2282 3499 [Lege
2307 3420 2511 3483 Habeat
2557 3440 2875 3499 putestatem
2911 3434 2954 3488 is
2987 3443 3032 3488 et
3063 3436 3366 3489 subauditur
3393 3436 3449 3493 in

1858 3515 2156 3589 provincia]
2182 3518 2477 3574 [labentem
2500 3530 2819 3591 potestatem
2850 3540 2972 3579 eum
2995 3528 3081 3593 qui
3107 3527 3159 3581 in
3186 3528 3449 3598 ampliore

1854 3606 2071 3663 civitate
2100 3609 2397 3677 provinciae
2426 3610 2637 3667 videtur
2667 3628 2786 3669 esse
2811 3616 3159 3685 constitutus,
3192 3618 3242 3674 id
3284 3626 3365 3675 est
3389 3620 3447 3679 in

1856 3696 2220 3770 Metmpolim.

1952 3791 2027 3847 De
2048 3794 2127 3849 Itis
2156 3796 2245 3867 qui
2271 3800 2694 3854 excommunicati
2715 3812 2830 3858 sunt
2861 3804 2924 3858 ab
2947 3805 3196 3878 episcopis
3224 3806 3347 3863 suis.

1926 3911 2020 3969 1X.
2063 3912 2139 3967 De
2170 3914 2253 3969 his
2290 3916 2380 3985 qui
2423 3919 2871 3973 excommunicati
2902 3920 3034 3975 fiunt
3058 3961 3073 3985 ,
3110 3923 3224 3976 sive
3261 3922 3350 3992 qui
3392 3923 3445 3980 in

1853 4003 2024 4069 clero,
2052 4005 2165 4059 sive
2185 4007 2272 4075 qui
2304 4006 2357 4061 in
2380 4006 2515 4063 laico
2541 4008 2730 4064 ordine
2758 4010 2827 4064 ab
2849 4010 2954 4077 bis,
2978 4012 3065 4081 qui
3096 4012 3148 4066 in
3175 4014 3447 4081 provincia

1853 4104 2001 4158 sunt,
2027 4097 2264 4167 episcopi
2293 4108 2473 4154 teneat
2492 4102 2757 4157 sententia
2786 4120 2800 4157 :
2834 4103 2989 4175 [Lege
3014 4114 3070 4159 ut
3098 4104 3208 4177 qui]
3240 4114 3334 4162 aut
3354 4109 3447 4177 qui

1851 4188 1921 4245 ab
1969 4191 2093 4247 aliis
2142 4192 2579 4249 incommunicati
2626 4194 2747 4250 facti
2800 4182 3026 4264 fuerint,
3063 4200 3129 4254 ab
3171 4199 3292 4254 aliis
3337 4215 3445 4256 non
3526 4208 3533 4215 '

1853 4281 2236 4351 suscipiantur.
2276 4284 2635 4354 Perrogentur
2674 4296 2851 4343 autem
2876 4330 2890 4353 ,
2936 4303 3004 4344 ne
3047 4290 3183 4345 forte
3226 4302 3446 4361 propter

1852 4372 2277 4441 contentionem,
2308 4384 2401 4429 aut
2427 4376 2780 4446 inimicitiam,
2813 4387 2905 4433 aut
2934 4380 3163 4449 aliquam
3188 4384 3451 4438 animosis

1846 4473 2006 4519 talem
2039 4465 2280 4536 episcopi
2320 4464 2446 4523 facti
2491 4476 2615 4523 sunt
2656 4471 3115 4527 incommunicati.
3162 4482 3185 4511 ι
3216 4474 3285 4531 Ut
3312 4490 3441 4547 ergo

1842 4556 1911 4613 de
1938 4559 2187 4615 omnibus
2212 4576 2517 4632 congruens
2546 4563 2893 4635 interrogatio
2920 4564 3034 4621 fleri
3064 4566 3330 4625 videatur.

1841 4670 1921 4726 De
1958 4672 2156 4743 synodo
2185 4674 2267 4730 bis
2300 4675 2354 4729 in
2384 4691 2519 4731 anno
2548 4693 2639 4752 per
2673 4694 3085 4751 unamquamque
3126 4681 3440 4752 provinciam

2481 4749 2804 4808 celebranda.

1913 4838 1982 4895 Χ.
2024 4840 2231 4897 Placuit
2258 4856 2355 4911 per
2389 4843 2628 4915 singulos
2653 4860 2823 4901 annos
2852 4846 2907 4902 in
2949 4848 3189 4918 singulas
3221 4849 3437 4918 provin-

1844 4932 1955 4988 cias
1995 4933 2104 4989 duo
2142 4935 2369 4990 concilia
2412 4935 2563 5001 fieri,
2594 4948 2651 4993 ut
2693 4939 2851 4995 simul
2893 4941 3141 4996 omnibus
3171 4941 3437 5009 episcopis

1844 5028 2294 5085 convenientibus
2315 5030 2479 5085 totius
2502 5032 2790 5101 provinciae
2808 5033 2890 5088 ba:
2906 5049 3095 5089 omnes
3115 5034 3437 5102 quzrstioncs

1844 5122 2261 5194 interrogentur,
2291 5135 2349 5181 ut
2382 5128 2471 5197 qui
2514 5128 2781 5184 manifesti
2824 5130 3028 5186 inventi
3073 5130 3269 5186 fuerint
3304 5130 3437 5184 deli-

1845 5218 2054 5287 quisse,
2093 5220 2176 5276 vel
2224 5220 2516 5279 oﬂ‘endisse
2556 5222 2866 5295 episcopum
2910 5238 3109 5289 suum,
3158 5232 3250 5278 aut
3293 5235 3439 5279 certe

1804 5326 1807 5327 ν
1843 5311 2081 5380 graviter
2109 5312 2403 5383 deliquisse
2433 5324 2561 5386 aput
2589 5330 2684 5373 eos
2712 5324 2945 5381 constet,
2969 5329 3063 5371 eos
3092 5329 3212 5371 esse
3236 5317 3439 5370 incom-

1845 5405 2186 5475 municatos,
2232 5406 2404 5464 donec
2447 5411 2687 5466 omnium
2731 5408 2998 5476 consilio,
3046 5409 3132 5464 vel
3183 5410 3436 5478 episcopo

1844 5510 2030 5552 eorum
2066 5498 2278 5567 placeat
2312 5499 2686 5557 humaniorem
2727 5501 2983 5557 adversus
3028 5515 3152 5556 eum
3197 5501 3438 5570 proferre

1844 5591 2186 5645 sententiam.
2230 5589 2469 5647 Concilia
2511 5602 2690 5648 autem
2731 5594 2861 5648 ﬁant
2902 5610 3063 5649 unum
3111 5602 3236 5649 ante
3284 5592 3436 5665 [Lege

1846 5688 2235 5740 tessaracosten
2273 5700 2335 5740 ex
2364 5683 2566 5753 Grieco,
2598 5686 2652 5739 id
2678 5695 2773 5755 est,
2804 5682 3301 5759 Quadragesimam]
3330 5693 3436 5741 tes»

1841 5788 1961 5831 sera
1990 5786 2272 5848 constent,
2311 5786 2371 5834 ut
2401 5779 2641 5837 omnium
2672 5781 3015 5837 animositate
3044 5791 3316 5853 amputata
3342 5795 3434 5857 put
