3998 6346
530 440 640 504 819

1470 439 1562 496 AD
1597 437 1822 494 OPERA
1864 437 1922 493 S.
1962 430 2204 492 LEONIS
2243 429 2454 488 MAGNI
2492 433 2855 492 APPENDIX.

528 577 650 621 rum
679 573 732 620 et
761 561 1159 620 immaculatum
1197 558 1516 616 sacriﬁcium
1555 561 1811 617 oﬂ‘eratur
1838 557 1968 612 Deo.
2012 555 2112 612 Se-
2138 553 2194 616 A
2217 553 2428 609 siastica
2460 554 2739 627 disciplina
2770 573 2876 613 non
2919 556 3140 628 suscipit
3179 572 3194 610 :
3236 556 3376 628 quod
3414 555 3768 630 irrepreheosi

530 657 760 714 cundum
788 671 916 712 vero
946 655 1037 710 ﬂat
1061 663 1182 725 post
1210 663 1545 711 autumnum.

873 746 946 801 De
974 746 1198 816 primatu
1221 745 1467 806 Ecclesia:
1495 745 1760 800 Romanis.

601 839 694 894 XI.
736 829 979 894 Ecclesia
1026 839 1264 893 Romana
1313 854 1524 908 semper
1573 835 1756 891 hahuit
1799 819 2106 905 primatum.

528 931 730 989 Teneat
763 942 943 988 autem
982 942 1038 988 et
1075 931 1343 1004 Egyptus,
1376 938 1433 984 nt
1461 931 1742 1000 episcopus
1770 924 2109 983 Alexandria!

525 1026 768 1086 omnium
819 1025 1010 1080 habeat
1048 1033 1370 1096 potestatem
1417 1043 1430 1080 :
1473 1025 1725 1091 quoniam
1769 1031 1826 1077 et
1867 1023 2108 1076 Romano

525 1119 782 1191 episcOpo
817 1118 930 1174 haec
955 1127 1040 1174 est
1059 1117 1408 1173 consuetudo.
1449 1116 1704 1171 Similiter
1732 1121 1908 1169 autem
1938 1121 1993 1169 et
2019 1111 2108 1182 qui

527 1213 772 1268 Antiocia
798 1213 1119 1266 constitutus
1145 1219 1246 1273 est,
1267 1221 1321 1264 et
1345 1211 1396 1263 in
1428 1209 1637 1264 c:uleris
1671 1206 1970 1275 provinciis,
1999 1205 2108 1276 pri-

525 1313 703 1362 matus
727 1304 958 1362 habeant
984 1303 1235 1359 Ecclesiae
1257 1302 1530 1357 civitatum
1560 1297 1896 1370 ampliorum.

524 1421 688 1494 569
712 1419 792 1477 De
817 1419 1130 1490 infirmanda
1161 1419 1520 1504 ordinatione,"
1533 1431 1646 1504 qu
1682 1417 1792 1471 sine
1818 1412 2110 1487 metropoli-

823 1506 829 1508 ‘
876 1489 882 1490 ⁷
1075 1491 1181 1544 toni
1209 1506 1454 1544 consensu
1485 1489 1563 1557 ﬁt.

595 1583 715 1643 XII.
744 1580 881 1642 Ante
905 1584 1083 1640 omnia
1111 1583 1450 1638 manifestum
1475 1583 1541 1635 ~it
1570 1580 1723 1649 illud,
1748 1579 1888 1652 quod
1915 1581 1957 1637 si
1988 1581 2107 1652 quis

529 1683 646 1736 sine
673 1679 896 1734 arbitrio
927 1677 1072 1748 ejus,
1103 1675 1195 1747 qui
1227 1685 1309 1730 est
1341 1675 1390 1728 in
1424 1673 1791 1744 mctropolim,
1820 1674 2108 1730 constitue.

527 1773 596 1829 rit
625 1772 962 1843 episcopum;
1019 1773 1156 1824 hunc
1194 1771 1475 1824 concilium
1509 1768 1607 1823 hoc
1645 1777 1886 1823 sanctum
1917 1777 1969 1822 et
1997 1781 2109 1822 ma-

527 1883 684 1938 gnum
711 1866 917 1920 censuit
944 1881 1046 1920 non
1085 1879 1202 1919 esse
1231 1864 1558 1932 episc0pum.

2214 644 2325 704 bile
2351 653 2436 703 est
2459 649 2628 716 enim,
2655 649 2889 706 vindicat
2916 651 3196 706 catholica.

2213 759 2376 836 [Lege
2415 763 2491 818 De
2519 766 2674 838 lapsis
2712 764 2979 837 ordinatis]
3007 765 3100 849 [De
3126 767 3474 847 prmuarieatis
3500 767 3790 839 recipiendis

2765 853 2854 906 per
2883 848 3246 904 paenitentiam.

2283 928 2449 984 XVII.
2492 927 2548 986 Si
2577 930 2668 1001 qui
2698 929 2931 986 ordinati
2978 941 3102 986 sunt
3129 947 3193 986 ex
3226 930 3339 998 his,
3368 933 3459 1001 qui
3490 931 3629 1001 lapsi
3653 939 3792 1002 sunt,

2211 1034 2308 1090 per
2331 1022 2710 1092 ignorantiam,
2744 1030 2837 1078 aut
2862 1023 3317 1079 dissimulantibus
3341 1023 3444 1094 eis,
3477 1026 3570 1095 qui
3598 1039 3696 1079 eos
3715 1040 3791 1080 urb

2210 1111 2556 1183 dinaverunt;
2582 1117 2683 1172 hoc
2703 1131 2808 1172 non
2826 1115 3138 1188 praeiudicat
3159 1116 3360 1186 regulae
3379 1116 3788 1174 ecclesiasticas:

2209 1206 2406 1279 cogniti
2434 1208 2574 1263 enim
2598 1216 2655 1264 et
2682 1207 2875 1265 detecti
2903 1208 3255 1279 deponentur.

2349 1320 2430 1384 De
2456 1323 2802 1392 prmaricatis
2831 1339 2920 1394 per
2949 1328 3294 1392 ptemtentlam
3317 1323 3656 1394 recipiendis.

2281 1433 2465 1489 XVIII.
2497 1435 2571 1490 De
2596 1434 2679 1490 his
2699 1436 2787 1505 qui
2822 1435 3305 1504 przevaricaverunt
3326 1435 3444 1490 sine
3468 1434 3576 1489 ulla
3599 1434 3676 1501 vi,
3705 1447 3790 1488 ne-

2211 1524 2357 1582 mine
2383 1537 2636 1596 cogente,
2669 1527 2786 1582 sine
2813 1526 3103 1581 amissione
3125 1537 3306 1581 rerum
3328 1565 3346 1592 ,
3375 1527 3492 1582 sine
3520 1526 3638 1580 ullo
3664 1526 3794 1595 peri-

2210 1617 2331 1672 cqu
2352 1658 2368 1685 ,
2401 1619 2540 1687 quod
2583 1618 2778 1673 factum
2811 1627 2894 1673 est
2923 1619 2977 1672 in
3021 1615 3321 1672 novissimis
3351 1618 3687 1685 temporibus
3719 1627 3792 1689 ty-

2213 1709 2364 1764 ranni
2394 1709 2582 1764 Licinii
2608 1749 2621 1773 ,
2648 1708 2855 1779 placuit
2882 1717 3070 1763 sancto
3099 1709 3326 1762 concilio
3365 1709 3524 1773 huic,
3566 1708 3695 1764 licet
3726 1708 3793 1762 in-

2211 1799 2354 1872 digni
2400 1803 2508 1855 sint
2557 1799 2922 1856 misericordia
2980 1799 3121 1864 Dei,
3178 1808 3548 1855 verumtamen
3604 1799 3795 1868 placuit

2213 1894 2470 1951 miserere
2499 1897 2597 1950 eis.
2631 1892 2787 1966 [Lege
2815 1890 3107 1965 Quotquot]
3135 1893 3434 1964 Quodquod
3466 1892 3631 1962 igitur
3676 1905 3795 1948 cou-

528 1979 604 2036 De
627 1982 877 2051 sequendo
905 1981 1320 2060 majorinumero
1339 2020 1352 2042 ,
1385 1995 1498 2060 runt
1536 1977 1755 2049 [Supple
1784 1973 1868 2048 de]
1904 1975 2110 2030 ordina-

2226 1945 2469 1951 .-η----η
2504 1945 2597 1950 --_-
2633 1945 2781 1966 πη-
2825 1945 2894 1962 η.-
2940 1945 3106 1965 ,γη
3145 1945 3432 1964 ,πίννη
3468 1945 3617 1962 ηπ-
3686 1945 3770 1948 _-_

2226 1989 2423 2059 Iignam
2455 1989 2826 2060 pmnitentiam
2871 1987 3119 2060 egerint,
3171 1987 3400 2042 triennio
3445 1987 3591 2041 inter
3637 1985 3794 2042 verbo

1066 2051 1198 2104 tione
1228 2051 1566 2104 contenditur.

595 2143 728 2204 XIII.
775 2145 830 2201 Si
867 2159 993 2199 vero
1024 2159 1124 2198 una
1156 2143 1395 2198 omnium
1427 2151 1637 2197 maneat
1662 2141 1924 2197 sententia
1957 2140 2109 2196 firma

528 2237 820 2298 secundum
851 2238 1088 2309 regulam
1111 2236 1568 2304 ecclesiasticam;
1599 2234 1704 2292 duo
1725 2249 1874 2302 vero,
1898 2235 1981 2290 vel
2003 2240 2111 2291 tres

528 2333 867 2390 animositate
923 2332 1068 2387 ducti
1117 2345 1212 2402 per
1259 2331 1656 2387 contentionem
1703 2328 2108 2396 contradicunt;

525 2433 702 2482 teneat
730 2425 1078 2496 plurimorum
1108 2426 1394 2479 sententia.

819 2518 892 2572 De
920 2517 1112 2570 honore
1139 2514 1572 2587 Gerosolymitani
1601 2514 1842 2586 episc0pi.
1905 2539 1920 2548 ~

599 2607 741 2664 XIV.
788 2609 1050 2677 Quoniam
1083 2609 1411 2664 consuetudo
1452 2608 1621 2663 tenuit
1653 2606 1874 2679 [Supple
1899 2604 1974 2677 et]
2005 2613 2113 2661 tra-

530 2701 661 2758 ditio
689 2702 928 2771 antiqua,
960 2712 1019 2756 ut
1047 2702 1136 2772 qui
1163 2704 1215 2756 in
1245 2701 1400 2774 [Lege
1425 2701 1587 2774 [Elia]
1618 2701 1869 2774 Ecclesia.
1886 2709 1969 2755 est
2000 2700 2124 2770 epi-’

531 2811 748 2866 scopus,
775 2795 828 2852 id
857 2804 964 2864 est,
995 2795 1356 2868 Gerosolymis
1381 2797 1691 2862 honoretur,
1712 2795 1905 2851 habeat
1925 2810 2118 2850 secun-

531 2889 658 2945 dum
678 2888 921 2944 ordinem
947 2903 1106 2944 suum
1133 2888 1417 2956 honorem,
1441 2888 1836 2960 metropolitani
1867 2895 2117 2946 manente

532 2983 806 3054 dignitate.

533 3072 610 3130 De
635 3073 716 3130 his
742 3076 830 3146 qui
855 3073 1041 3128 Mundi
1070 3074 1309 3129 dicuntur
1338 3092 1436 3145 quo
1464 3091 1642 3147 genere
1675 3075 1952 3146 recipiendi
1977 3084 2116 3132 sunt.

603 3164 720 3222 XV.
768 3167 842 3222 De
870 3165 954 3220 his
981 3166 1074 3236 qui
1102 3183 1161 3222 se
1204 3169 1349 3238 ipsus
1373 3167 1631 3222 Catharos
1655 3207 1671 3234 ,
1704 3167 1753 3222 id
1784 3176 1866 3223 est
1892 3167 2122 3224 mundos

535 3267 752 3330 vocant,
783 3261 826 3314 si
861 3260 980 3329 quis
1008 3260 1189 3314 veniat
1214 3261 1280 3314 ad
1311 3259 1604 3317 Ecclesium
1633 3262 1975 3329 catholicam,
2008 3261 2122 3332 pla-

535 3353 646 3410 cuit
671 3362 877 3419 sancto,
922 3362 978 3409 et
1023 3369 1215 3425 magno
1260 3355 1485 3410 concilio
1517 3355 1638 3410 huic
1667 3396 1682 3422 ,
1714 3367 1772 3410 ut
1807 3371 1901 3426 per
1931 3370 2117 3412 manus

535 3445 934 3523 impositionem
966 3445 1221 3501 Ecclesiae
1264 3445 1540 3503 catho‘licae
1587 3457 1798 3504 maneat
1847 3449 1899 3503 in
1949 3449 2115 3503 clero.

537 3537 676 3594 Ante
695 3524 873 3612 omnia
896 3523 1072 3618 autem
1096 3538 1196 3595 hoc
1217 3543 1552 3595 manit'estum
1581 3543 1666 3608 sit,
1692 3541 1940 3611 quoniam
1967 3555 2121 3610 opor-

537 3638 647 3686 teat
671 3645 765 3686 eos
803 3630 1134 3687 in'omnibus
1181 3635 1486 3689 consentire
1516 3634 1889 3702 traditionibus
1920 3642 2121 3688 sanctae

537 3722 818 3779 catholicae
846 3723 1098 3780 Ecclesiae
1123 3767 1147 3798 ,
1186 3727 1286 3780 hoc
1327 3735 1494 3780 estut
1535 3737 1589 3782 et
1631 3726 1876 3782 secundis
1923 3727 2120 3797 nuptiis

539 3820 955 3882 communicent,
984 3827 1038 3873 ct
1069 3817 1291 3891 [Supple
1314 3817 1402 3890 iis]
1442 3819 1531 3888 qui
1562 3819 1612 3873 in
1653 3827 1969 3887 tempestate
2001 3833 2123 3887 per-

538 3910 830 3966 secutionis
850 3911 983 3982 lapsi
1013 3918 1158 3977 sunt,
1181 3926 1341 3980 super
1369 3925 1501 3980 quos
1522 3919 1577 3967 et
1598 3921 1837 3980 tempora
1867 3910 2123 3982 [Subaudi

539 3999 891 4072 pmnitentiae]
923 4008 1120 4055 statuta
1143 4011 1267 4056 sunt
1297 4012 1349 4056 et
1371 4003 1516 4056 anni.
1550 4001 1771 4070 Oportet
1796 4002 1954 4072 igitur
1973 4004 2121 4072 sequi

541 4106 636 4148 cos
663 4092 843 4149 omnia
863 4133 877 4159 ,
911 4109 1030 4165 qua:
1055 4095 1262 4151 censuit
1289 4105 1468 4152 sancta
1499 4095 1758 4152 catholica
1783 4142 1797 4165 ,
1829 4107 1882 4152 et
1911 4104 2123 4167 aposto-

542 4183 642 4239 lica
670 4183 930 4242 Ecclesia.
967 4186 1128 4258 Igitur
1153 4186 1200 4241 si
1233 4189 1352 4258 quis
1382 4203 1568 4244 eorum
1598 4188 1711 4245 sive
1744 4189 1796 4244 in
1829 4189 1982 4257 vicis,
2011 4189 2125 4245 sive

543 4274 598 4330 in
627 4275 931 4332 civitatibus
985 4279 1083 4334 soli
1118 4279 1315 4335 inventi
1359 4279 1556 4337 fuerint
1583 4281 1854 4352 episcopi,
1887 4282 1972 4338 vel
2007 4298 2125 4353 pre-

540 4367 771 4442 sbyteri;
804 4380 829 4408 ἰ
851 4371 1142 4428 reordinati
1178 4374 1244 4429 ab
1273 4376 1527 4446 episcopo
1559 4375 1815 4432 Ecclesiae
1847 4377 2125 4432 catholicae

540 4463 830 4518 manebunt
872 4466 924 4521 in
971 4465 1157 4522 eodem
1205 4467 1426 4524 honore.
1480 4469 1529 4524 Is
1577 4475 1755 4525 autem
1781 4511 1796 4535 ,
1827 4469 1914 4540 qui
1945 4467 2126 4524 habuit

540 4569 734 4610 nomen
762 4559 997 4629 episcopi
1030 4558 1186 4632 [Lege
1215 4563 1354 4631 apud
1377 4560 1493 4633 eos]
1521 4561 1584 4617 ad
1616 4577 1710 4618 eos
1737 4565 1827 4633 qui
1855 4563 2040 4618 dicunt
2069 4577 2127 4618 se

539 4662 664 4704 esse
695 4651 940 4720 mundos,
973 4653 1026 4708 in
1058 4654 1293 4709 Ecclesia
1323 4655 1586 4711 catholica
1618 4655 1836 4712 habebit
1867 4657 2124 4711 honorem

541 4739 881 4810 presbyterii.
915 4743 971 4798 Si
1001 4753 1178 4799 autem
1208 4745 1308 4801 hoc
1334 4743 1412 4802 illi
1439 4761 1545 4802 non
1570 4746 1846 4815 placuerit,
1881 4746 2127 4816 provide-

541 4830 620 4887 bit
647 4833 696 4889 ei
728 4835 899 4889 locum
927 4835 980 4890 in
1010 4839 1274 4907 parrocia,
1306 4849 1364 4895 ut
1392 4855 1499 4896 non
1523 4838 1806 4897 videantur
1832 4839 1888 4895 in
1913 4839 2128 4896 civitate

537 4923 648 4984 duo
677 4926 917 4998 episc0pi
946 4943 1084 4986 esse.
1761 4924 1764 4928 ’

509 5029 511 5031 ‘
839 5020 912 5075 De
942 5023 1020 5076 Itis
1049 5023 1137 5093 qui
1157 5023 1494 5080 ineataminati
1513 5027 1840 5083 ordinantur.

610 5107 748 5163 XVI.
779 5109 832 5164 Si
861 5114 952 5182 qui
988 5114 1105 5170 sine
1134 5115 1477 5187 inquisitione
1505 5116 1630 5173 facti
1653 5125 1780 5174 sunt
1807 5116 2125 5190 presbyteri,

537 5210 629 5255 aut
651 5203 960 5274 interrogati
987 5207 1219 5264 confessi
1251 5217 1376 5266 sunt
1405 5210 1594 5267 delicta
1626 5223 1741 5279 sua,
1779 5217 1836 5266 et
1868 5210 2128 5266 confessis

535 5292 616 5346 eis
635 5293 769 5348 citra
796 5296 1064 5368 ordinem,
1087 5308 1141 5355 et
1170 5300 1331 5373 57o
1351 5301 1695 5373 disciplinam
1727 5304 1853 5357 moti
1886 5301 2133 5359 homines

536 5398 726 5442 manus
757 5387 837 5444 eis
868 5399 1070 5447 temere
1090 5391 1496 5464 imposuerunt;
1528 5395 1625 5451 hos
1652 5405 1845 5462 canen,
1879 5403 1934 5451 et
1962 5395 2136 5451 eccle-

673 5587 798 5645 Hasc
819 5593 998 5673 verba,
1021 5595 1303 5673 reordinati
1326 5598 1390 5652 ab
1415 5599 1654 5670 episcopo
1683 5597 1922 5673 Ecclesia:
1950 5595 2129 5673 catho-

534 5654 667 5724 licae,
703 5674 800 5714 nec
824 5661 881 5736 in
900 5654 1104 5736 Graeco
1129 5668 1398 5736 leguntur,
1435 5654 1533 5725 nec
1568 5654 1619 5722 in
1657 5669 1992 5724 versionibus
2023 5667 2132 5736 βτί·

533 5738 630 5815 sca
645 5732 1108 5815 atqu.e._l_)ionysii.
1162 5732 1359 5815 Noster
1382 5732 1535 5815 ivero
1582 5744 1845 5815 interpres
1885 5732 2128 5815 Gratiam

760 5809 945 5886 3'21"".
981 5809 1205 5886 ρειειοηξε
1262 5813 1563 5872 adhibitam
1609 5814 2128 5886 χειροθφιςουμένοωί,

532 5881 654 5952 qua;
684 5869 888 5952 reddita
913 5873 1019 5952 luit
1057 5879 1254 5949 Latina
1281 5869 1368 5952 per
1407 5899 1588 5952 ntanus
1609 5869 1993 5952 imposition'em
2017 5924 2032 5948 ,
2065 5869 2133 5934 de

531 5937 871 6010 ordinatione
911 5944 1106 6005 iterum
1150 5937 1474 6034 rqpcipienda
1531 5937 1914 6024 interpretatus
1945 5991 1961 6020 ,
2017 5937 2132 6009 hac

2212 2081 2512 2149 audientes,
2543 2090 2598 2138 et
2626 2092 2830 2150 septem
2860 2081 3015 2136 annis
3046 2081 3296 2152 prostrati
3323 2079 3610 2150 iacebunt;
3645 2079 3792 2134 bien-

2214 2174 2304 2229 nio
2352 2182 2531 2228 autem
2577 2171 2694 2228 sine
2741 2171 3064 2228 eucharistia
3109 2169 3586 2227 communicabunt
3635 2168 3794 2240 plebis

2213 2264 2567 2324 orationibus.

2216 2358 2294 2414 De
2315 2357 2608 2430 paenitentia
2629 2372 2825 2430 eorum,
2842 2356 2935 2430 qui
2956 2361 3067 2428 post
3087 2353 3390 2424 baptismum
3410 2352 3481 2408 ad
3501 2351 3794 2412 sucularum

2701 2427 2939 2481 militiam
2965 2437 3307 2482 revertuntur.

2284 2519 2427 2577 XIX.
2476 2520 2578 2587 Qui
2608 2527 2788 2576 autem
2816 2519 2988 2574 vocati
3026 2528 3154 2574 sunt
3195 2518 3263 2574 ad
3299 2518 3526 2589 gratiam
3546 2557 3563 2584 ,
3594 2524 3653 2571 et
3677 2529 3798 2572 cou-

2215 2613 2342 2670 I'essi
2368 2659 2383 2684 ,
2427 2616 2630 2684 primos
2661 2615 2892 2684 impetos
2920 2626 3048 2668 suos
3083 2612 3429 2668 ostenderunt
3460 2610 3797 2682 projicientel

2217 2708 2387 2762 baltea
2416 2747 2433 2774 ,
2474 2715 2595 2775 post
2631 2721 2762 2762 vero
2789 2706 3033 2761 conversi
3062 2715 3190 2760 sunt
3227 2705 3295 2760 ad
3341 2704 3605 2759 vomitum
3647 2715 3798 2758 suum

2218 2799 2453 2871 (quidam
2483 2802 2626 2858 enim
2655 2808 2711 2856 et
2751 2799 3007 2869 pecunias
3035 2799 3342 2866 dederunt,
3372 2806 3429 2853 et
3468 2797 3640 2852 multa
3682 2810 3795 2851 mu-

2219 2912 2374 2964 nera,
2396 2905 2454 2951 ut
2475 2911 2689 2951 rursum
2711 2892 3047 2966 militarent),
3071 2895 3125 2949 bi
3155 2894 3337 2949 decem
3368 2891 3522 2946 annis
3551 2887 3800 2962 prostrati

2214 2991 2465 3062 iacebunt
2518 3000 2638 3060 post
2689 2989 2900 3044 triennii
2943 2988 3199 3058 temporis
3250 2986 3580 3042 auditionem
3630 2983 3799 3041 verbi.

2219 3089 2391 3156 Super
2419 3099 2609 3141 omnes
2634 3091 2818 3139 autem
2854 3084 2972 3139 hanc
2994 3082 3097 3138 erit
3128 3079 3483 3151 interrogatio
3501 3121 3516 3143 ,
3546 3088 3603 3134 et
3630 3076 3799 3148 inqui-

2220 3177 2343 3234 sitio
2373 3176 2768 3232 satislactionis.
2823 3173 2976 3247 [Lege
3002 3171 3296 3243 Quotquot]
3333 3167 3631 3240 Quodquod
3660 3167 3798 3223 enim

2224 3279 2277 3325 et
2304 3271 2516 3334 timore,
2549 3276 2604 3324 et
2633 3267 2767 3336 ﬁde,
2799 3276 2856 3322 et
2888 3265 3328 3328 conversatione,
3361 3272 3414 3318 et
3444 3259 3722 3331 lacrymis,
3749 3262 3800 3313 et
3826 3275 3830 3280 ‘

2227 3365 2496 3430 instantia,
2521 3372 2576 3417 et
2604 3361 2758 3417 bonis
2783 3359 3036 3428 operibus
3064 3354 3481 3413 misericordiam
3510 3353 3606 3408 Dei
3636 3350 3798 3407 ﬂexe-

2223 3467 2347 3511 runt
2377 3472 2484 3511 non
2526 3455 2666 3510 facta
2705 3454 3076 3516 simulatione;
3121 3451 3173 3505 hi
3222 3445 3554 3518 complentes
3599 3453 3800 3514 tempus

2221 3557 2500 3612 statutum,
2533 3548 2652 3604 sine
2680 3545 2845 3602 dubio
2871 3541 3343 3600 communicabunt
3367 3537 3598 3594 orationi
3628 3551 3645 3590 :
3683 3545 3798 3590 cum

2223 3642 2382 3697 liceat
2402 3642 2654 3712 episcopo
2680 3639 2838 3695 etiam
2863 3636 3209 3692 humanitatis
3229 3633 3488 3688 auxilium
3507 3631 3587 3686 eis
3612 3630 3798 3699 imper-

2230 3737 2337 3792 tiri.
2386 3736 2681 3806 Quodquod
2711 3745 2888 3791 autem
2920 3733 3136 3804 segnius
3162 3731 3390 3798 egerint,
3422 3729 3510 3784 vel
3538 3725 3799 3797 negligen-

2227 3833 2338 3887 tius
2362 3846 2422 3888 se
2444 3831 2790 3886 tractaveriut
2809 3843 2933 3884 raro
2951 3839 3268 3898 apparentes
3291 3823 3343 3879 in
3374 3823 3535 3878 domo
3560 3819 3680 3885 Dei;
3704 3816 3798 3873 bos

2223 3933 2433 3994 oportet
2462 3933 2698 3993 tempora
2727 3921 3018 3991 complere.

2464 4037 2539 4094 De
2561 4033 2972 4093 reconciliatione
2999 4033 3175 4088 danda
3199 4025 3554 4088 morientibus.

2299 4133 2419 4208 XX.
2472 4153 2546 4208 De
2591 4151 2673 4207 his
2720 4159 2896 4205 autem
2921 4190 2938 4215 ,
2979 4148 3070 4219 qui
3099 4149 3151 4202 in
3181 4147 3324 4201 exitu
3363 4151 3491 4199 sunt
3517 4135 3794 4201 constituti,

2227 4256 2380 4303 vetus
2401 4257 2454 4302 et
2475 4245 2730 4301 canonica
2752 4244 2839 4300 lex
2862 4243 2914 4298 in
2937 4243 3013 4298 eis
3038 4241 3338 4298 servabitur
3362 4246 3417 4293 et
3445 4250 3600 4293 nunc.
3625 4233 3796 4301 Itaque

2229 4344 2269 4398 si
2301 4342 2418 4412 quis
2449 4341 2500 4394 in
2531 4341 2674 4394 exitu
2705 4335 2864 4392 fuerit
2890 4335 3211 4391 constitutus
3261 4330 3420 4404 [Lege
3448 4328 3723 4384 novissimo
3741 4329 3793 4377 et

2232 4433 2539 4490 necessario
2561 4428 2775 4501 viatico]
2808 4427 3082 4483 novissimi
3113 4436 3166 4482 et
3189 4425 3476 4479 necessarii
3508 4418 3673 4475 viatici
3697 4429 3792 4470 non

2231 4524 2580 4583 fraudabitur.
2632 4524 2687 4577 Si
2733 4533 2910 4576 autem
2960 4518 3116 4592 [Lege
3156 4511 3494 4586 desperatus]
3544 4513 3791 4579 dispectus

2231 4617 2663 4675 communionem
2706 4614 2866 4670 fuerit
2926 4620 3286 4674 consecutus,
3334 4619 3388 4664 et
3435 4602 3790 4663 eucharistiam

2153 4720 2207 4781 D
2232 4711 2546 4782 sumpserit;
2581 4716 2764 4778 postea
2786 4721 2914 4760 vero
2936 4706 3073 4759 inter
3097 4703 3246 4757 vivos
3269 4700 3428 4755 fuerit
3454 4697 3792 4771 571inven-

2235 4817 2351 4869 tus;
2391 4804 2495 4859 erit
2521 4800 2921 4857 communicans
2949 4795 3173 4853 orationi
3199 4795 3320 4852 soli.
3361 4793 3615 4849 Similiter
3635 4796 3681 4843 et
3705 4798 3785 4837 su-

2233 4913 2330 4968 per
2357 4911 2566 4961 omnes,
2594 4893 2684 4964 qui
2716 4893 2766 4947 in
2791 4891 2937 4947 exitu
2969 4898 3093 4944 sunt
3113 4885 3415 4950 constituti,
3451 4883 3606 4959 [Lege
3626 4887 3789 4951 peten-

2237 4985 2400 5059 tibus]
2457 4985 2839 5057 ptenitentibus
2887 4979 3317 5038 communionem
3370 4979 3644 5047 episcopus
3684 4980 3788 5024 cum

2236 5078 2620 5136 deliberatione
2653 5073 2990 5146 impertiatur
3015 5069 3421 5127 eucharistiam.

2450 5191 2526 5248 De
2547 5191 2846 5245 diaconibus
2875 5205 2937 5243 ne
2965 5203 3115 5259 super
3140 5183 3459 5257 presbyteros
3486 5182 3603 5236 sint.

2307 5306 2448 5362 XXI.
2493 5304 2745 5360 Pervenit
2785 5303 2836 5357 in
2883 5316 3065 5356 aurem
3112 5298 3281 5353 sancti
3313 5305 3368 5351 et
3403 5293 3577 5364 magni
3608 5281 3788 5345 concilii

2242 5400 2423 5472 hujus,
2448 5397 2588 5469 quod
2615 5397 2666 5451 in
2689 5393 3002 5465 quibusdam
3031 5391 3184 5458 locis,
3209 5398 3263 5445 et
3291 5385 3592 5444 civitatibus
3613 5379 3789 5450 episcw

2239 5593 2399 5649 verba
2429 5588 2726 5659 explicandi
2757 5589 2922 5657 gratia
2953 5605 3017 5642 ex
3046 5585 3499 5659 ingenioadjecit.
3525 5582 3593 5635 uti
3623 5579 3788 5659 fecerat

2237 5667 2399 5720 etiam
2421 5656 2608 5716 auctor
2631 5656 3103 5727 interpretationis,
3125 5673 3242 5725 quae
3267 5656 3554 5709 lsidoriana
3579 5656 3780 5704 vocatur.

2237 5736 2306 5791 At
2333 5735 2439 5789 alio
2467 5748 2626 5788 sensu
2657 5726 2784 5785 em
2809 5745 2989 5783 voccm
3024 5745 3049 5780 a
3083 5729 3310 5784 concilio
3337 5735 3600 5791 acceptam
3629 5726 3783 5794 oste}!-

2237 5790 2414 5861 dimus
2452 5813 2635 5858 annot.
2672 5801 2686 5838 1
2725 5801 2774 5854 in
2806 5800 3077 5867 Qucsnelli
3121 5790 3534 5853 Observationes
3567 5790 3783 5867 iu‘gpiff;

2239 5856 2410 5933 Id’lS.
2430 5856 2621 5930 Leonis
2637 5874 2699 5926 ad
2716 5856 2988 5926 Rusticum
3004 5870 3403 5936 Narbonensem
3431 5877 3557 5928 toni.
3576 5856 3780 5927 ιιίΝοιιδ

2201 5993 2204 5997 .
2239 5956 2363 6005 tom.
2396 5937 2426 6010 ι
2455 5944 2554 6024 col.
2586 5945 2746 6020 1491,
2779 5949 2883 5996 not.
2909 5939 2985 6016 ιι).
