3998 6346
218 363 313 465 ssi

742 391 1220 462 ANTIQUISSIMA
1259 389 1588 449 CANONUM
1625 385 2044 445 NICJENORUM
2081 386 2636 445 INTERPBETATIO
2672 387 2946 445 LATINA.

3382 384 3493 446 833

217 525 295 596 pis
337 527 397 580 et
441 515 763 591 presbyteris
812 510 1191 570 eucharistiam
1239 508 1492 565 diaconos
1532 503 1795 570 dividant,
1824 502 1880 567 Α
1903 518 2028 560 nem
2053 545 2068 569 ,
2099 514 2192 561 aut
2219 505 2610 562 contumaciam
2635 521 2815 578 agere,
2849 515 2904 561 ut
2934 507 3024 578 qui
3047 505 3114 562 ad
3135 504 3300 564 alium
3329 511 3491 576 perti-

216 613 355 687 quod
385 626 558 682 neque
587 621 853 675 canones,
888 619 1058 674 neque
1085 603 1447 662 ecclesiastica
1476 598 1658 670 regula
1690 608 1800 653 tra-
1849 631 1856 638 .
1903 604 1997 652 not
2023 598 2124 654 sibi
2153 598 2418 656 vincando
2446 615 2569 656 eum
2605 599 2946 656 constituerit
2971 609 2996 636 δ
3019 600 3330 672 episcopum
3351 643 3370 671 ,
3399 602 3492 660 vel

217 708 311 771 dit,
344 713 403 760 ut
429 702 517 773 qui
549 708 867 772 potestatem
909 711 1014 752 non
1046 695 1244 750 habent
1272 693 1529 749 oll‘erendi
1551 732 1569 760 ,
1603 691 1639 746 il
1668 688 1806 747 oile-

217 799 458 856 rentibus
477 807 674 864 corpus
693 790 887 849 Christi
909 789 1167 845 dividant.
1193 786 1322 842 Illud
1347 786 1507 841 etiam
1529 784 1803 853 cognitum

215 900 296 950 est
325 890 506 956 nobis,
539 885 682 958 quod
702 883 918 956 quidam
947 897 1016 938 ex
1043 881 1352 938 diaconiltus
1384 893 1477 951 per
1500 877 1804 946 usurpatio-

217 1003 336 1042 nem
366 993 424 1040 et
460 983 818 1040 temeritatem
868 992 1067 1048 corpus
1110 974 1307 1031 Christi
1353 974 1564 1045 priores
1591 974 1804 1030 contin-

215 1087 365 1150 gunt.
393 1076 586 1134 Omnia
617 1073 778 1145 igitur
808 1071 922 1127 haec
949 1079 1314 1141 amputentur,
1337 1077 1389 1122 et
1419 1076 1668 1124 maneant
1692 1067 1806 1123 dia-

215 1184 380 1227 conos
426 1168 482 1226 in
530 1166 698 1237 priori
744 1162 1082 1220 ordinatione
1131 1173 1184 1218 et
1231 1176 1481 1218 mensura
1507 1201 1521 1225 ,
1572 1161 1807 1216 scientes

215 1264 470 1336 quoniam
521 1260 738 1332 quidem
779 1258 1018 1328 episcopi
1067 1254 1294 1312 ministri
1341 1261 1485 1309 sunt.
1533 1253 1810 1322 Accipiant

214 1364 396 1411 autem
437 1351 736 1410 secundum
785 1348 1027 1405 ordinem
1060 1354 1180 1417 post
1225 1345 1565 1416 presbyteros
1590 1385 1604 1408 ,
1645 1344 1808 1400 dante

215 1449 294 1506 eis
316 1455 413 1504 aut
439 1446 692 1518 episcopo
712 1482 731 1512 ,
758 1451 852 1500 aut
876 1441 1206 1513 presbytero.
1253 1439 1356 1495 Sed
1388 1453 1486 1494 nec
1515 1439 1702 1494 sedere
1731 1439 1810 1496 eis

215 1542 545 1614 permittitur
569 1542 622 1596 in
643 1537 823 1595 medio
847 1537 1286 1610 presbyterorum
1325 1552 1338 1588 :
1368 1544 1519 1590 extra
1547 1548 1808 1589 canonem

215 1645 300 1692 est
328 1635 473 1692 enim
498 1675 515 1701 ,
547 1644 602 1690 et
628 1641 789 1689 extra
827 1630 1072 1686 ordinem
1115 1628 1257 1700 quod
1289 1628 1365 1682 Iit.
1398 1627 1454 1683 Si
1484 1628 1604 1696 quis
1631 1637 1809 1682 autern

215 1726 456 1788 noluerit
475 1725 698 1784 obedire
718 1722 979 1796 posthaec
996 1728 1216 1786 statuta,
1247 1720 1542 1791 privabitur
1561 1727 1616 1776 et
1640 1735 1670 1775 a
1689 1719 1810 1776 loco

214 1817 479 1876 diaconii.

669 1907 746 1962 De
770 1906 1145 1962 catechumenis
1179 1904 1352 1960 (absis.

288 2022 460 2082 XXII.
492 2022 568 2078 De
600 2021 1001 2080 catechumenis
1031 2020 1194 2076 Iabsis
1231 2029 1411 2075 autem
1451 2018 1652 2088 placuit
1682 2031 1811 2074 san-

216 2127 311 2175 cto
337 2126 394 2174 et
426 2131 621 2188 magno
648 2115 877 2171 concilio
899 2114 1042 2179 huic,
1075 2122 1133 2168 ut
1161 2112 1396 2169 triennio
1424 2112 1645 2166 audiant
1669 2112 1814 2166 Scri-

217 2210 444 2276 bturas;
485 2217 673 2279 postea
712 2221 841 2264 vero
878 2206 1274 2263 communicent
1302 2204 1532 2261 orationi
1557 2206 1812 2262 catechu-

223 2302 524 2358 minorum.

218 2394 307 2451 De
327 2394 411 2450 Itis
439 2394 532 2465 qui
563 2393 822 2449 Ecclesias
846 2408 967 2447 suas
1003 2393 1275 2460 deserunt,
1306 2401 1354 2446 et
1388 2393 1458 2447 ad
1485 2393 1620 2448 alias
1648 2401 1817 2449 usus.

963 2472 1106 2518 eunt.

296 2577 488 2635 XXIII.
522 2578 747 2650 Propter
775 2578 1082 2649 frequentes
1111 2579 1386 2646 tumultus,
1418 2589 1471 2635 et
1499 2581 1815 2648 seditiones.

222 2692 345 2746 qua:
374 2675 511 2732 ﬁunt
540 2675 596 2730 in
636 2675 853 2745 plebes,
886 2675 1086 2745 placuit
1125 2677 1348 2730 omnino
1379 2677 1642 2745 amputari
1683 2675 1820 2731 hanc

223 2767 674 2824 consuetudinem
700 2809 717 2835 ,
764 2784 884 2838 quae
913 2781 1061 2822 extra
1110 2768 1446 2837 disciplinam
1477 2781 1528 2823 et
1559 2783 1819 2824 canonem

223 2860 306 2928 iit,
341 2870 398 2917 ut
427 2861 471 2916 si
494 2861 613 2932 quis
641 2859 892 2916 inventus
931 2859 1092 2917 luerit
1120 2861 1186 2916 de
1226 2862 1440 2916 civitate
1477 2863 1526 2915 in
1550 2862 1819 2918 civitatem

224 2953 498 3009 transiens
536 2953 822 3022 episcopus
846 2996 861 3020 ,
912 2953 998 3007 vel
1044 2955 1324 3024 presbyter
1353 2995 1368 3020 ,
1402 2954 1512 3007 sive
1541 2954 1818 3019 diaconus,

225 3053 569 3101 amoveatur.
594 3043 650 3100 Si
674 3043 793 3115 quis
818 3052 995 3099 autem
1029 3053 1149 3113 post
1178 3045 1334 3108 huius
1362 3045 1530 3100 sancti
1560 3054 1614 3098 et
1643 3045 1819 3116 magni

227 3139 446 3197 concilii
483 3139 699 3196 decreta
745 3137 942 3209 aliquid
986 3138 1289 3207 hlljllalllOdl
1323 3141 1660 3208 usurpaverit
1684 3181 1698 3204 ,
1731 3147 1825 3196 aut

227 3235 566 3290 consenserit
588 3231 710 3287 huic
739 3229 834 3299 rei,
860 3233 1080 3287 inritum
1112 3231 1223 3295 ﬁet,
1251 3241 1304 3286 et
1327 3231 1728 3301 deliberaititur,
1753 3246 1820 3286 an

1907 693 2299 764 presbyterum,
2327 693 2484 748 inrita
2516 693 2606 747 ttat
2638 691 2754 762 ejus
2785 691 3072 748 ordinatio.

2338 807 2417 864 De
2443 808 2810 880 feneratoribus
2835 806 3057 864 clericis.

1977 919 2167 979 XXVI.
2199 920 2460 990 Quoniam
2491 920 2700 992 plurimi
2725 920 2780 975 in
2801 919 3041 976 ordinem
3070 917 3494 974 eet-lesiasticum

1906 1017 2224 1083 constituti,
2282 1013 2564 1070 avaritiam
2617 1023 2672 1070 et
2730 1022 2884 1083 turpe
2938 1014 3143 1068 lucrum
3203 1021 3497 1078 sectantes,

1908 1110 2058 1168 obliti
2087 1118 2214 1165 sunt
2247 1116 2444 1162 sanctae
2471 1107 2761 1162 Scrihturae
2782 1107 3014 1162 dicentis
3044 1123 3060 1159 ι
3095 1105 3196 1173 Qui
3230 1105 3502 1175 pecuniam

1909 1224 2059 1264 suam
2096 1223 2201 1262 non
2229 1205 2372 1259 dedit
2412 1205 2482 1258 ad
2519 1219 2726 1258 usuram
2761 1219 2780 1258 :
2822 1202 3046 1278 [Supple
3073 1201 3148 1274 et]
3195 1201 3500 1256 letterantes

1908 1300 2232 1358 centesimas
2279 1306 2578 1366 expetunt;
2625 1296 2834 1353 censuit
2875 1307 3114 1351 sanctum
3157 1305 3208 1350 et
3249 1310 3498 1364 magnum

1909 1395 2195 1452 concilium
2217 1434 2232 1459 ,
2271 1402 2331 1449 ut
2357 1392 2605 1466 quisquis
2637 1393 2883 1446 inventus
2911 1392 3069 1446 inet-it
3098 1399 3217 1456 post
3248 1389 3362 1444 haec
3391 1399 3502 1444 sta-

1913 1499 2020 1546 tuta
2052 1502 2242 1545 usuras
2278 1487 2550 1559 accip’ens
2572 1531 2586 1556 ,
2619 1484 2780 1561 [Lege
2807 1494 2895 1539 ant
2934 1483 3306 1555 qttnqnomodn
3339 1497 3504 1552 nego-

1915 1582 2044 1639 tium
2074 1597 2238 1652 agens
2263 1623 2278 1647 ,
2320 1591 2412 1637 aut
2455 1580 2697 1646 sescupla
2745 1575 3023 1650 expetens]
3079 1587 3170 1632 aut
3210 1576 3502 1645 quomodo,

1912 1684 2006 1730 aut
2025 1685 2168 1730 extra
2191 1673 2455 1743 legatione
2477 1687 2642 1742 agens
2666 1687 2803 1735 rem,
2825 1680 2914 1724 aut
2935 1685 3023 1724 res
3046 1685 3199 1736 quam
3223 1678 3500 1737 expetens,

1913 1778 2006 1825 aut
2039 1768 2181 1824 aliud
2213 1766 2340 1837 quid
2380 1767 2728 1822 adinveniens
2763 1767 2931 1834 turpis
2961 1765 3090 1818 lucri
3121 1778 3302 1824 causa,
3341 1763 3506 1832 depo-

1835 1898 1885 1958 B
1915 1871 2073 1924 natur
2095 1878 2126 1918 a
2157 1861 2303 1918 clero
2323 1902 2339 1928 ,
2378 1870 2432 1917 et
2461 1861 2666 1916 alienus
2695 1861 2798 1914 erit
2825 1875 2853 1913 a
2882 1874 3090 1914 canone
3120 1858 3505 1914 ecclesiastico.

2481 1973 2557 2028 De
2589 1972 2950 2026 Paulianistis.

1987 2085 2205 2144 XXVII.
2255 2087 2332 2142 De
2369 2084 2871 2153 Pattlianistis,'qtti
2913 2083 3181 2153 refugiunt
3221 2084 3287 2139 ad
3326 2083 3511 2140 catho-

1916 2181 2071 2237 licam
2111 2191 2165 2236 et
2207 2179 2556 2249 apostolicam
2607 2177 2924 2242 Ecclesiam,
2973 2176 3246 2231 decretum
3283 2178 3512 2242 positum

1919 2287 2024 2341 est,
2055 2275 2152 2330 hos
2189 2273 2409 2328 omnino
2450 2270 2793 2339 rebaptizari.
2846 2269 2903 2325 Si
2945 2270 3032 2339 qni
3066 2279 3242 2323 autem
3284 2269 3335 2321 in
3378 2283 3514 2338 prte-

1919 2368 2080 2424 terito
2111 2377 2351 2436 tempore
2382 2365 2433 2420 in
2470 2365 2616 2420 clero
2649 2363 2862 2417 luerunt
2897 2361 3206 2424 con~tituti,
3251 2358 3515 2429 siquidem

1921 2461 2126 2517 inlibati
2154 2467 2210 2516 et
2231 2458 2744 2527 inreprehen‘siniles
2774 2454 2991 2509 fuerunt
3019 2453 3241 2516 inventi,
3273 2468 3369 2522 per
3397 2467 3517 2508 ma-

1921 2571 2023 2612 nus
2053 2553 2448 2624 impositionem
2475 2551 2716 2620 episcopi
2751 2547 3003 2604 Ecclesia:
3032 2547 3332 2610 catholicae,
3365 2545 3516 2600 ordi-

1923 2647 2086 2703 nandi
2123 2655 2282 2701 erunt
2309 2642 2360 2697 in
2392 2642 2579 2696 ordine
2609 2641 2762 2696 cleri.
2807 2639 2863 2694 Si
2894 2650 3071 2693 autem
3104 2637 3340 2706 inquisiti
3361 2678 3376 2701 ,
3401 2637 3519 2693 inu-

1925 2741 2046 2797 tiles
2073 2738 2305 2804 iuerint;
2339 2735 2614 2807 degradati
2642 2742 2803 2790 erunt
2832 2735 2882 2788 in
2914 2735 3104 2788 ordine
3135 2732 3413 2787 laicorum.

2505 2848 2584 2903 De
2613 2850 2941 2903 diaconissis.

1996 2944 2235 3002 XXVIII.
2265 2918 2527 2998 Similiter
2557 2951 2734 2994 autem
2759 2952 2812 2994 et
2843 2939 3000 3010 [Lege
3031 2938 3099 2992 tle
3129 2936 3447 2991 diaconissis
3469 2943 3523 2996 et

1926 3038 1994 3094 de
2019 3039 2082 3092 iis
2108 3034 2220 3108 qui]
2246 3033 2596 3098 diaconissas,
2621 3043 2669 3085 et
2697 3031 2785 3099 qui
2811 3032 2861 3083 in
2891 3044 3097 3084 canone
3127 3030 3376 3083 videntur
3403 3041 3524 3085 esss

1927 3129 2240 3198 constituti,
2276 3126 2450 3182 simile
2481 3125 2582 3180 etit
2613 3131 2893 3178 statutum.
2948 3122 3205 3176 Metnntcs
3236 3131 3411 3174 autem
3439 3133 3525 3174 su-

1932 3239 2053 3278 mus
2091 3235 2143 3278 et
2184 3221 2252 3276 de
2286 3217 2621 3282 diaconissis,
2654 3232 2773 3286 qua:
2808 3216 2856 3268 in
2890 3213 3142 3268 scismate
3173 3222 3297 3266 sunt
3327 3209 3527 3265 consti-

230 3333 489 3396 oporteat
533 3340 656 3380 eum
704 3326 911 3394 regredi
962 3323 1025 3377 atl
1075 3325 1372 3394 parrociam
1423 3339 1570 3378 suam
1598 3366 1613 3392 ,
1643 3325 1696 3379 in
1715 3292 1830 3396 'qua
1858 3292 1904 3356 δ
1934 3327 2084 3380 tutae,
2113 3315 2365 3385 quoniam
2397 3325 2498 3365 nec
2536 3325 2632 3381 per
2667 3324 2918 3363 manuum
2967 3306 3362 3376 impositionem
3402 3311 3528 3358 sunt

231 3418 544 3491 episc0pus,
568 3426 660 3472 aut
689 3417 965 3499 presbyter
988 3414 1147 3470 fuerit
1175 3413 1471 3470 ordinatus.

366 3552 447 3608 De
473 3569 576 3608 non
605 3553 944 3620 suscipiendis
970 3551 1180 3606 alterius
1212 3549 1459 3606 Ecclesia
1483 3549 1703 3606 clericis.

307 3667 501 3725 XXIV.
554 3669 710 3743 [Lege
744 3669 1018 3737 Qumquot
1063 3668 1458 3736 praecipitanter
1505 3676 1674 3723 et.....
1724 3682 1832 3722 non

219 3763 524 3836 habentes]
559 3763 857 3834 Quodquod
889 3758 1161 3832 praecipito
1187 3769 1345 3828 sunt,
1376 3773 1427 3817 et
1460 3762 1704 3816 timorem
1737 3760 1834 3816 Dei

236 3864 367 3913 ante
391 3855 577 3911 oculos
607 3871 710 3910 non
741 3854 944 3910 habens
970 3855 1276 3924 episcopus,
1300 3853 1383 3909 vel
1410 3854 1710 3924 presbyter,
1733 3868 1830 3910 seu

238 3948 520 4016 diaconus,
556 3963 655 4003 nec
701 3947 1037 4016 disciplinam
1058 3989 1076 4016 ,
1112 3959 1206 4001 aut
1240 3947 1476 4018 regulam
1507 3946 1836 4002 ecclesiasti-

237 4054 362 4097 cam
394 4049 642 4096 tenentes
663 4081 680 4107 ,
711 4040 992 4096 discedent
1017 4039 1083 4094 de
1113 4040 1370 4095 Ecclesiis
1409 4040 1519 4094 suis
1549 4041 1600 4095 in
1627 4053 1832 4096 canone

243 4132 555 4198 constituti;
599 4133 634 4186 ii
675 4147 936 4202 nusquam
981 4132 1306 4201 suscipiendi
1337 4142 1458 4186 sunt
1491 4131 1542 4184 in
1571 4131 1830 4197 Ecclesia,

240 4225 342 4281 sed
381 4231 598 4296 oportet
625 4238 719 4278 eos
745 4223 1063 4278 necessitate
1107 4223 1262 4293 cogi,
1310 4233 1366 4277 ut
1405 4231 1741 4278 revertantur
1768 4221 1835 4278 ad

241 4319 521 4387 parrocias
563 4331 709 4373 suas.
762 4317 818 4374 Si
865 4323 1042 4372 autem
1072 4315 1466 4386 permanserint
1508 4315 1562 4369 in
1599 4313 1841 4372 obstina-

239 4411 392 4468 tione
421 4425 538 4477 sua,
570 4418 780 4482 oportet
803 4423 898 4464 eos
929 4409 1404 4465 incommunicatos
1436 4398 1567 4464 tie'ri.

320 4527 484 4602 ⁵72
502 4525 580 4581 De
598 4541 701 4584 non
722 4523 1066 4650 ordinaudutnt
1083 4525 1395 4650 qitentpiam,
1413 4522 1499 4593 qui
1519 4521 1588 4576 ad
1607 4523 1770 4578 alium

922 4611 1009 4650 uer
1033 4611 1113 4649 tne
1140 4633 1154 4648 .

921 4611 1154 4666 perttnet.

1934 3409 2236 3473 ordinatae,
2283 3404 2503 3460 omnino
2548 3403 2689 3458 inter
2727 3402 2888 3455 laicas
2937 3415 3030 3455 eas
3081 3407 3334 3467 oportere
3374 3394 3530 3452 dinu-

1937 3502 2152 3560 merari.

2007 3595 2112 3650 Hic
2155 3593 2391 3648 desinunt
2436 3604 2653 3644 canones
2702 3585 2926 3650 Nicwni,
2965 3584 3150 3639 omisso
3179 3583 3274 3637 illo
3320 3581 3384 3635 de
3428 3595 3533 3637 non

1937 3690 2184 3759 ﬂectendo
2231 3703 2364 3759 genu
2411 3684 2492 3738 die
2538 3682 2831 3746 Dominico,
2870 3690 3000 3741 etc.,
3044 3686 3097 3729 ut
3139 3679 3191 3730 in
3240 3675 3534 3729 collectione

1941 3782 2309 3851 Quesnelltatta
2352 3779 2544 3850 pariter
2577 3774 2897 3828 desideratur
2928 3788 2947 3825 :
2974 3787 3073 3840 qua
3100 3768 3163 3823 de
3189 3785 3242 3822 re
3272 3766 3384 3822 vide
3421 3779 3535 3838 qut!

1935 3875 2122 3930 ibidem
2162 3873 2469 3927 notavimus.
2515 3867 2683 3923 Porro
2717 3866 3012 3919 continuata
3040 3875 3368 3916 numerorum
3407 3857 3536 3912 serie

1937 3969 2046 4024 sine
2075 3963 2185 4020 ulla
2222 3962 2548 4018 distinctione
2585 3958 2925 4030 subjiciuntur
2953 3971 3170 4009 canones
3203 3951 3540 4007 Sardicenses

1938 4062 2116 4120 eadem
2145 4059 2428 4124 divisione,
2457 4071 2612 4122 quam
2636 4054 2690 4108 in
2728 4054 2940 4106 laudata
2973 4048 3268 4103 collectione
3289 4043 3530 4108 invenies,

1940 4154 2042 4209 nisi
2069 4152 2206 4224 quod
2248 4130 2364 4204 duo,
2379 4164 2598 4202 canones
2627 4145 2700 4199 29.
2723 4155 2771 4198 et
2804 4145 2872 4198 30
2902 4144 2983 4195 hic
3013 4142 3068 4194 in
3098 4155 3256 4193 unum
3285 4135 3534 4208 copulan-

1943 4254 2028 4300 tur
2057 4259 2076 4299 :
2102 4261 2161 4297 ac
2192 4242 2405 4311 proinde
2451 4239 2648 4293 numeri
2688 4251 2943 4291 canonum
2981 4242 3350 4302 prosequuntur
3378 4243 3536 4296 usque

1943 4341 2011 4392 ad
2047 4335 2232 4394 XLVI.
2287 4335 2490 4390 Horum
2517 4346 2776 4387 canonum
2805 4329 3060 4382 variantes
3100 4327 3435 4378 indicavimus
3480 4323 3536 4375 in

1945 4433 2078 4487 notis
2103 4431 2170 4485 ad
2198 4430 2472 4484 editionem
2502 4426 2744 4500 priscam.
2800 4421 3026 4475 Tandem
3053 4419 3332 4472 canonibus
3361 4414 3537 4470 Nicos-

1945 4539 2129 4578 norum
2154 4521 2373 4580 Patrum
2400 4519 2661 4589 catalogus
2689 4513 3002 4570 subnectitur
3038 4510 3213 4566 eodem
3243 4508 3446 4576 ordine,
3474 4523 3536 4560 ac

1944 4615 2000 4669 in
2025 4613 2318 4668 collectione
2342 4607 2730 4678 Quesnetliana,
2759 4604 2844 4658 ubi
2873 4604 3029 4673 hujus
3055 4600 3242 4656 codicis
3272 4598 3532 4668 lectiones,

321 4712 488 4770 XXV.
533 4711 595 4770 Si
633 4713 754 4784 quis
799 4719 976 4769 autem
1023 4724 1186 4767 ausus
1224 4709 1387 4766 tuerit
1415 4723 1512 4780 per
1537 4707 1838 4780 subreptio-
1863 4699 1921 4763 D
1943 4705 2105 4764 sicubi
2133 4705 2447 4775 discrepant,
2474 4699 2803 4774 protulimus.

321 4856 349 4886 ι
391 4847 492 4903 Hic
516 4847 600 4902 vel
638 4846 973 4917 interpretis,
1004 4843 1090 4917 vel
1122 4843 1323 4901 librarii
1353 4845 1540 4917 saltus,
1555 4851 1658 4917 aut
1680 4857 1834 4917 error

247 4918 487 4988 irrepsit.
539 4919 615 4975 De
655 4913 909 4988 episcopo
943 4916 1087 4974 enim
1123 4919 1334 4988 agitur,
1375 4916 1466 4987 qui
1497 4916 1728 4985 aliquem
1767 4913 1836 4969 ad

247 4987 414 5046 alium
441 4989 751 5061 episcopum
795 4989 1148 5057 pertinentem
1192 4987 1488 5055 clericum,
1522 5002 1628 5041 non
1656 4993 1833 5041 autem

1731 5104 2002 5124 ψ

1942 4843 2255 4924 episcopum
2286 4840 2520 4923 ordinat.
2570 4835 2881 4924 Legendtim
2910 4850 3030 4924 eunt
3067 4828 3536 4924 non‘consentiet‘ue

1942 4905 2150 4987 praprio
2171 4914 2412 4982 episcopo
2435 4912 2489 4966 in
2509 4926 2606 4966 sua
2629 4905 2859 4966 Ecclesia
2879 4905 3207 4968 ordinauerit,
3229 4905 3406 4966 inrita,
3425 4905 3531 4954 etc.

2005 5085 3502 5116 _____________..____—v

981 5196 1436 5260 ADMONITIO
1477 5197 1559 5259 IN
1611 5189 2233 5262 COLLECTIONEM
2281 5183 2794 5263 SEQUENTEM.

323 5321 484 5395 577
505 5322 549 5375 l.
565 5320 812 5395 Socrates
831 5321 922 5376 lib.
944 5336 960 5374 ι
982 5320 1227 5395 Historia:
1248 5320 1646 5395 ecclesiasticae.
1662 5335 1712 5375 c.
1732 5320 1822 5383 20,
1849 5318 1916 5374 de
1932 5313 2603 5395 Pairibnssardicensibus
2619 5312 2892 5395 scribens:
2911 5307 2976 5360 Et
2994 5301 3537 5395 confit‘titalttth'cilit‘l-Oa

249 5377 628 5464 ﬁda-firmum
652 5395 888 5462 ἀνομοίου
918 5393 1120 5463 quidem
1163 5393 1458 5445 tocalruluon
1490 5377 1774 5464 reiecerunt
1793 5377 2286 5464 {consubstantialis
2313 5396 2477 5464 autem
2490 5400 2689 5464 _vocem_
2699 5381 2929 5464 apertius
2962 5377 3384 5464 proflulggruntz‘
3401 5377 3530 5464 πεξ-

488 5442 635 5517 iis}
653 5442 1662 5532 Fé't‘iit'eﬁu"signasignastrains;
1694 5442 1986 5535 miserunt;
2015 5442 2404 5535 expositionem
2431 5455 2554 5535 fidei
2604 5442 2821 5535 indicat,
2853 5464 3010 5518 quam
3041 5442 3537 5535 Synbdicm‘Saj‘di:

252 5521 401 5591 censi
430 5539 483 5589 in
513 5549 612 5588 suo
639 5535 824 5590 codice
870 5521 1130 5604 adjectatn
1165 5546 1372 5604 nactus,
1406 5537 1471 5588 ab
1503 5521 1614 5602 ipsa
1646 5534 1851 5605 synotlo
1893 5521 2100 5605 editam'
2133 5527 2576 5605 crediditxllanc
2617 5521 2832 5605 quidem
2862 5521 3257 5605 exptisitionem
3304 5521 3377 5598 uti
3399 5527 3538 5605 fere

251 5585 1965 5674 siiltic'énéém'itania“éiiirR'riiébaliieItIsi‘Sabrinam
2005 5602 2174 5672 ipsam
2223 5599 2545 5674 Synodicam
2589 5585 2715 5674 eum
2761 5585 3266 5674 hoc_addita_mento
3309 5585 3539 5674 inseruit

253 5662 503 5733 Historia:
535 5677 914 5732 ecclesiasticae
955 5677 1045 5731 lib.
1085 5691 1163 5747 In,
1194 5692 1244 5732 c.
1278 5677 1341 5731 l2
1373 5662 1541 5747 (Toni.
1583 5675 1646 5731 IV
1676 5662 1832 5731 Coac.
1871 5672 1998 5747 Yen.
2026 5662 2192 5747 'edi_t.,
2224 5662 2327 5726 σόι.
2363 5668 2554 5747 1766)ι
2563 5665 2717 5747 _Quid
2754 5662 2897 5733 quod
2927 5662 3540 5747 eamdetiiqupque‘uti

253 5727 522 5806 sinceram
538 5727 1562 5817 ‘a'tiéﬁ'aﬂiiiiai'fes'ctiaieéioftéitgés
1584 5727 1644 5802 in
1676 5727 2000 5817 :illocutione
2024 5743 2091 5817 ad
2120 5727 2888 5817 impera_torem:M;Trcianum,
2923 5735 3050 5787 dum
3079 5748 3106 5786 a
3137 5727 3383 5817 Pairtbus
3409 5727 3540 5817 Sar:

253 5799 1067 5888 aientibusantesignani;
1092 5799 1205 5872 Ᾰιῖίῖ
1218 5799 1299 5872 id
1331 5799 1643 5874 omitas;
1658 5799 1865 5888 directa
1882 5799 2224 5888 traditlerun't
2249 5814 2331 5868 sui
2361 5810 2643 5888 constituta
2657 5807 2846 5888 judicii
2870 5799 2889 5860 ὲ
2915 5820 3035 5888 qua:
3060 5803 3351 5888 constituta
3366 5799 3538 5888 paulo

253 5899 378 5954 ante
401 5891 808 5968 appellaverant
831 5875 1091 5949 desistunt
1115 5891 1174 5944 de
1199 5890 1319 5960 ﬁde.
1353 5890 1611 5962 Legitima
1641 5890 1785 5949 enim
1815 5887 2082 5966 Synodica
2110 5886 2384 5944 decretum
2410 5875 2736 5940 continet'de
2756 5875 3034 5961 personis;
3064 5875 3176 5934 sola
3205 5887 3337 5930 vero
3357 5881 3535 5950 estva
