3998 6346
216 433 325 491 835

218 665 341 707 nam
367 648 637 702 civitatem
670 638 1006 708 metropolim
1063 633 1323 704 Bithyniae
1353 630 1640 701 provinciae
1666 641 1797 682 con-

220 742 399 799 sulatu
431 734 668 800 Paulini,
705 742 759 787 et
800 729 993 785 Juliani
1027 725 1135 781 νγ.
1182 724 1289 779 CC.
1332 721 1615 778 consulum
1656 732 1798 774 anno

218 835 290 889 ab
309 831 615 888 Alexandro
644 836 671 865 ι
702 825 987 881 millesimo
1042 819 1317 891 trigesimo
1370 825 1560 884 sexto,
1614 827 1799 872 mense

218 926 384 989 Julio,
410 938 497 977 xtv
523 919 632 975 kal.
660 918 850 975 Iulias.

290 1017 576 1073 Credimus
618 1014 672 1069 in
703 1026 865 1077 unum
896 1009 1061 1064 Deum
1094 1006 1309 1063 Patrem
1339 1004 1795 1075 omnipotentem,

215 1111 459 1167 omnium
488 1106 776 1162 visibilium
810 1102 1263 1173 invisibiliumqne
1307 1099 1613 1165 factorem;
1653 1106 1708 1153 et
1744 1097 1798 1153 in

216 1218 385 1259 unum
442 1201 727 1257 Dominum
774 1208 1017 1254 nostrum
1050 1196 1233 1253 Jesum
1279 1192 1553 1250 Christum
1601 1192 1798 1248 Filium

217 1294 336 1360 Dei,
373 1302 556 1348 natum
584 1292 653 1347 de
674 1291 831 1346 Patre
852 1290 1203 1360 unigenitum,
1238 1289 1337 1343 hoc
1357 1294 1439 1342 est
1464 1284 1531 1341 de
1552 1284 1801 1340 substan-

216 1388 288 1441 tia
322 1384 518 1449 Patris,
554 1383 719 1437 Deum
746 1382 813 1438 de
836 1382 969 1445 Deo,
999 1381 1177 1436 lumen
1228 1379 1295 1434 de
1343 1376 1568 1443 lumine,
1610 1390 1798 1432 verum

212 1478 389 1534 Deum
418 1478 488 1534 de
517 1477 629 1532 Deo
669 1491 817 1542 vero,
866 1486 1071 1540 natum,
1110 1489 1214 1530 non
1260 1474 1485 1538 factum.
1516 1472 1797 1527 omousion

214 1568 387 1636 Patri,
418 1568 518 1624 hoc
550 1578 635 1624 est
672 1568 915 1638 ejusdem
959 1581 1081 1622 cum
1131 1566 1289 1621 Patre
1329 1565 1660 1631 substantiae,
1705 1577 1800 1634 per

212 1677 375 1733 quem
398 1662 577 1717 omnia
601 1660 737 1716 facta
766 1668 909 1729 sunt,
939 1674 1057 1730 quae
1088 1659 1139 1715 in
1171 1659 1311 1715 coelo
1348 1666 1491 1726 sunt,
1514 1668 1570 1713 et
1594 1672 1713 1728 quae
1742 1658 1795 1713 in

212 1765 360 1813 terra
388 1772 402 1809 :
433 1755 525 1826 qui
555 1762 775 1825 propter
803 1769 901 1809 nos
926 1754 1189 1819 homines,
1219 1760 1276 1807 et
1300 1760 1536 1807 nostram
1569 1750 1797 1805 salutem

211 1848 518 1910 descendit,
550 1855 604 1903 et
631 1848 941 1902 incarnatus
969 1856 1075 1914 est,
1104 1854 1159 1900 et
1199 1846 1359 1899 homo
1388 1843 1560 1899 lactus
1591 1852 1693 1910 est,
1743 1850 1797 1899 et

216 1953 417 2010 passus
440 1948 546 2007 est,
590 1946 645 1994 et
684 1938 981 1994 resurrexit
1026 1937 1183 1993 tertia
1229 1936 1340 2003 die,
1386 1944 1441 1991 et
1473 1934 1715 1991 ascendit
1739 1934 1794 1990 in
1822 1923 1873 1987 Β

206 2032 405 2101 «ιω-109,
434 2032 463 2073 δ
493 2033 636 2089 unde
659 2041 919 2089 venturus
972 2040 1054 2087 est
1096 2031 1342 2101 judicare
1373 2030 1525 2086 vivos
1565 2038 1618 2085 et
1655 2044 1801 2085 mor-

210 2135 372 2185 tuos:
404 2134 458 2181 et
488 2126 543 2181 in
569 2125 826 2196 Spiritum
858 2133 1127 2179 sanctum.

276 2217 395 2275 Eos
418 2225 621 2286 autem,
652 2216 739 2285 qui
774 2227 796 2255 ο
848 2215 1023 2272 dicent
1052 2234 1065 2269 :
1102 2215 1230 2271 Erat
1266 2214 1554 2286 aliquando
1586 2215 1800 2286 quando

208 2322 325 2365 non
346 2317 485 2373 erat,
512 2317 568 2364 et
595 2307 846 2378 quoniam
874 2306 942 2363 de
969 2321 1076 2362 non
1106 2304 1463 2364 existentibus
1492 2308 1662 2363 factus
1690 2316 1797 2377 est,

206 2399 294 2455 vel
321 2398 546 2455 alterius
570 2399 907 2467 substantiae,
931 2396 1236 2465 dicentes,d
1253 2405 1345 2453 aut
1366 2398 1795 2466 convertibilem,

206 2499 307 2547 aut
330 2491 651 2548 mutabilem
698 2491 893 2548 Filium
922 2491 1042 2558 Dei,
1073 2492 1490 2548 anathematth
1530 2492 1794 2549 catholica

204 2591 261 2640 et
286 2583 585 2653 apostolica
612 2583 873 2639 Ecclesia.

278 2674 412 2729 Haec
437 2682 522 2729 est
544 2674 699 2738 ﬁdes,
724 2689 883 2745 quam
912 2684 1276 2745 exposuerunt
1308 2676 1539 2746 primum
1580 2677 1797 2748 quidem

205 2764 470 2821 adversus
498 2763 685 2819 Arium
738 2765 1227 2835 blaspltemantem,
1260 2775 1314 2822 et
1344 2767 1611 2823 dicentem
1642 2783 1795 2825 crea-

207 2865 384 2912 turam
434 2856 628 2912 Filium
658 2856 778 2926 Dei,
834 2865 890 2912 et
936 2857 1222 2914 adversum
1269 2873 1482 2915 omnem
1534 2860 1797 2917 hmresem

204 2948 561 3006 extollentem
591 2963 671 3014 se,
700 2957 756 3006 et
780 2948 1146 3022 insurgentem
1176 2960 1365 3009 contra
1395 2953 1713 3011 catholicam
1741 2964 1800 3013 et

203 3040 559 3111 apostolicam
603 3040 919 3107 Ecclesiam,
971 3057 1105 3113 quas
1139 3058 1262 3098 cum
1315 3044 1623 3100 auctoribus
1672 3045 1784 3100 suis

203 3133 596 3201 damnaverunt
623 3133 761 3204 apud
780 3132 1048 3190 Nictcnam
1076 3134 1344 3191 civitatem
1368 3134 1523 3209 [Lege
1547 3137 1794 3207 supradi-

205 3226 374 3299 ctamj
416 3226 708 3297 supradicti
758 3227 864 3283 5l8
913 3228 1151 3298 episcopi
1176 3228 1227 3283 in
1259 3243 1422 3283 unum
1454 3231 1788 3301 congregati,

206 3332 439 3390 quorum
481 3318 700 3373 nomina
748 3333 869 3375 cum
921 3320 1236 3388 provinciis,
1286 3329 1342 3376 et
1388 3322 1692 3378 civitatibus
1731 3323 1783 3377 in
1820 3302 1869 3373 C

206 3410 615 3480 exemplaribus
646 3412 807 3483 582
833 3412 1207 3468 continentur:
1253 3412 1347 3468 sed
1384 3412 1608 3469 studiosi
1657 3415 1800 3470 servi

204 3501 303 3557 Dei
329 3500 502 3572 magis
530 3502 1229 3560 curaveruntOrientalium
1264 3505 1478 3560 nomina
1517 3506 1801 3576 episcopo-

205 3604 326 3648 rum
347 3593 717 3663 conscribere,
768 3604 1053 3666 propterea
1084 3596 1226 3666 quod
1267 3596 1644 3655 Occidentales
1691 3614 1799 3656 non

203 3684 467 3742 similiter
488 3687 844 3757 quaestionem
866 3688 933 3744 de
962 3688 1260 3745 haeresibus
1283 3689 1616 3747 habuissent.

275 3776 443 3833 Osius
488 3777 854 3835 Cordubensis
900 3780 1183 3851 episcOpus
1231 3780 1410 3837 dixit:
1456 3782 1547 3839 Sic
1588 3782 1794 3852 credo,

204 3869 663 3941 quemadmodum
721 3871 968 3941 superius
1016 3872 1219 3929 dictum
1269 3883 1372 3930 est.
1430 3874 1691 3933 Similiter
1736 3886 1794 3933 et

206 3969 230 3999 ο
260 3961 480 4030 Avitus,
508 3972 557 4019 et
580 3962 896 4021 Vincentius
926 3965 1225 4038 presbyteri
1252 3966 1403 4024 urbis
1432 3967 1619 4027 Roma
1637 3968 1788 4028 dixe-

205 4062 361 4122 rnnt,
391 4063 446 4111 et
470 4053 928 4125 subscripserunt.

431 4206 625 4247 INCIPIT
655 4206 828 4248 CANON
866 4207 1057 4249 PIIIUS
1099 4204 1282 4251 SYNODI
1318 4210 1565 4252 1116888.

275 4328 322 4385 1.
350 4328 451 4385 Ubi
476 4331 563 4403 qui
592 4346 647 4387 se
674 4330 812 4401 ipsos
842 4340 1216 4398 castravernnt,
1248 4336 1317 4389 ad
1346 4336 1725 4392 ordinationem

742 4404 909 4459 venire
952 4420 1055 4457 non
1091 4406 1263 4461 licere.

282 4535 342 4593 Si
372 4536 495 4606 quis
523 4536 842 4605 aegritudine
874 4538 1103 4594 faciente
1128 4553 1157 4592 a
1190 4538 1414 4595 medicis
1438 4540 1508 4595 ita
1537 4540 1676 4597 forte
1704 4555 1798 4597 cu-

207 4637 385 4693 retur,
442 4637 498 4684 et
542 4638 668 4684 nato
701 4632 752 4684 in
788 4630 922 4685 locis
969 4631 1194 4687 vulnere
1240 4648 1377 4701 Opus
1424 4633 1491 4689 sit
1518 4632 1831 4701 testiculos:

203 4721 498 4791 amputari,
528 4733 619 4775 aut
668 4722 713 4778 si
755 4723 1003 4793 cuiquam
1034 4722 1298 4779 violenter
1341 4740 1373 4780 a
1408 4726 1653 4783 barbaris
1682 4729 1791 4795 fiat,

203 4807 422 4871 inaneat
452 4816 504 4869 in
533 4817 702 4872 clero.
733 4816 824 4872 Sin
849 4832 977 4873 vero
999 4831 1160 4873 sanus
1190 4818 1387 4889 aliquis
1416 4834 1474 4875 se
1506 4820 1680 4884 ipsum
1703 4837 1797 4877 ex-

203 4907 424 4973 ciderit,
464 4907 608 4963 hunc
656 4909 707 4963 in
758 4909 907 4965 clero
953 4926 1173 4966 manere
1202 4926 1308 4967 non
1348 4918 1619 4983 oportere.
1648 4915 1798 4971 Sicut

205 5003 351 5058 enim
384 5005 486 5057 hoc
514 5002 877 5065 manifestum.
924 5005 1266 5060 abscidentes
1311 5020 1371 5061 se
1406 5004 1424 5043 ί
1482 5007 1793 5064 manifestos

206 5108 328 5151 esse
356 5110 373 5157 ;
418 5094 486 5148 ita
522 5094 566 5149 si
595 5094 685 5165 qui
714 5110 746 5151 a
776 5095 1040 5164 barbaris,
1073 5106 1166 5151 aut
1209 5112 1239 5151 a
1285 5097 1519 5153 dominis
1547 5112 1790 5157 castran-

208 5194 320 5251 tur,
350 5187 691 5244 inveniantur
709 5199 893 5273 autem
922 5191 1029 5246 alio
1059 5190 1219 5247 modo
1247 5190 1413 5263 digni,
1442 5192 1795 5252 admittantur

206 5278 277 5335 ad
306 5278 529 5335 clerum.

272 5426 301 5455 ³
317 5418 623 5490 Legendum
639 5423 1269 5490 sexcentesimo‘lriqesimo
1292 5432 1433 5478 sexto
1446 5439 1619 5479 mense
1638 5423 1671 5477 .1
1680 5426 1802 5481 unio

209 5503 301 5544 χιιι
330 5489 434 5544 kal.
462 5490 655 5546 Iulias.
692 5492 822 5547 Vide
858 5504 969 5547 not.
1000 5494 1033 5546 2
1066 5494 1117 5547 in
1168 5493 1533 5560 pm‘fatinnem
1566 5494 1799 5553 Niczenis

209 5561 505 5633 canonibus
535 5564 809 5631 praelium
840 5564 892 5617 in
920 5565 1243 5620 collectione
1283 5566 1685 5633 Quesnelliana.

280 5628 310 5709 lt
344 5632 398 5709 In
430 5628 671 5709 margine
699 5635 901 5709 codicis
940 5635 1228 5704 posteriori
1254 5628 1414 5692 manu
1439 5638 1690 5709 additur:
1716 5655 1797 5694 se-

210 5699 295 5755 det
318 5706 389 5755 ad
417 5699 678 5759 dextiram
708 5705 898 5759 Patris.

286 5782 310 5811 ο
340 5772 402 5828 ιιι
426 5776 618 5832 eodem
642 5777 899 5845 margine,
930 5778 1104 5833 dicunt
1121 5794 1140 5833 :
1161 5786 1216 5834 et
1240 5793 1363 5834 mox
1387 5794 1449 5834 ex
1471 5778 1574 5835 alia
1594 5779 1799 5836 versio-

214 5854 285 5923 ne
314 5859 328 5896 :
359 5853 470 5898 erat
500 5854 698 5916 tempus
725 5849 927 5919 quando
968 5866 1069 5904 non
1106 5857 1213 5906 erat
1244 5864 1263 5903 :
1291 5851 1588 5923 priusquam
1614 5867 1792 5907 nasce-

212 5920 347 5967 retur
377 5931 479 5973 non
500 5926 630 5972 έναι.

568 418 798 481 VETUS
832 413 1160 477 CANONUM
1196 410 1465 478 ΝΙΟᾸΞΝ..
1504 410 1707 468 SARD.
1748 409 1836 468 ΕΤ
1872 407 2207 470 CHALCED.
2253 414 2805 477 INTEBPRETATIO
2842 417 3118 482 LATINA.

294 548 570 622 Expositio
595 547 716 604 fidei
744 560 772 599 a
802 550 987 599 sancta
1007 539 1213 613 synodo
1242 536 1417 592 habita
1445 532 1585 606 apud
1626 531 1797 587 Nicat-
1822 530 1880 591 Α

3373 419 3489 489 828

2113 536 2179 591 Il.
2218 535 2295 592 De
2332 539 2623 610 neapltytis,
2658 550 2684 587 Β
2718 550 2889 595 utrum
2928 542 3267 600 adnsitttaslstr

2531 612 2599 665 ad
2634 611 2845 669 clerum.

1971 723 2128 799 [Lege
2176 725 2462 799 Quoniam]
2516 728 2685 796 Quam
2712 730 2878 786 multa
2904 744 3048 804 sape
3089 732 3205 789 sive
3241 735 3484 792 necessi-

1903 824 2033 885 tate,
2088 818 2203 874 sive
2247 821 2561 889 cogentibus
2602 822 2923 893 quibusdam
2965 824 3107 881 facta
3155 833 3284 882 sunt
3327 837 3482 884 extra

1900 910 2322 967 ecclesiasticum
2349 926 2629 981 canonem,
2662 924 2718 970 ut
2746 915 2994 973 homines
3018 918 3297 977 venientes
3346 918 3375 958 ¹ι
3409 923 3480 978 de

1900 1004 2087 1073 gentili
2116 1004 2247 1072 vita,
2277 1003 2441 1060 simul
2470 1006 2795 1063 accesserint
2821 1007 2889 1064 ad
2922 1008 3104 1078 ﬁdem,
3147 1018 3203 1066 et
3240 1011 3294 1066 in
3323 1010 3484 1069 brevi

1902 1107 2167 1168 tempore,
2210 1107 2492 1169 postquam
2541 1100 2861 1169 baptismum
2922 1102 3124 1161 fuerint
3174 1106 3479 1174 consecuti,

1900 1191 1968 1247 ad
1998 1191 2357 1248 sacerdotium
2401 1192 2747 1265 presbyterii,
2777 1196 2864 1252 vel
2891 1196 3234 1269 episcopatus
3263 1212 3481 1270 promo-

1901 1294 2155 1342 veantur:
2185 1285 2383 1356 placuit
2406 1285 2539 1341 nihil
2579 1286 2695 1342 fieri
2725 1288 2832 1345 tale
2862 1289 2931 1346 dc
2959 1299 3178 1360 cetero,
3209 1294 3335 1365 quia
3363 1294 3483 1350 lon-

1898 1380 2050 1450 giore
2070 1388 2332 1449 tempore,
2358 1388 2417 1435 ut
2431 1377 2632 1435 diutius
2651 1382 3068 1454 catechizentur,
3090 1394 3175 1443 est
3201 1401 3338 1458 opus
3356 1396 3483 1445 ante

1899 1491 2059 1545 quam
2105 1477 2482 1549 baptisentur;
2523 1488 2578 1535 et
2621 1488 2917 1552 postquam‘
2959 1480 3157 1536 fuerint
3202 1480 3480 1552 baptizati,

1899 1567 1991 1623 diu
2013 1575 2139 1623 sunt
2163 1568 2569 1640 comprobandi.
2601 1569 2939 1627 Manifestum
2964 1570 3104 1627 enim
3131 1579 3217 1627 est
3260 1582 3480 1643 aposto-

1899 1659 2062 1716 licum
2094 1660 2295 1716 dictum
2334 1677 2351 1716 :
2385 1659 2508 1716 Non
2552 1664 2885 1734 neaphytum,
2914 1679 2977 1717 ne
3023 1664 3230 1733 inﬂatus
3258 1663 3311 1717 in
3330 1663 3481 1735 judi-

1898 1753 2033 1806 cium
2063 1753 2234 1821 cadat,
2266 1761 2315 1807 et
2356 1754 2594 1825 laqueum
2623 1754 2817 1809 diaboli
2857 1754 2900 1826 (Ι
2928 1753 3063 1810 Tim.
3103 1752 3208 1825 ιιι).
3253 1754 3407 1822 Quod
3435 1755 3480 1811 si

1900 1845 2224 1917 procedente
2252 1855 2492 1917 tempore
2523 1854 2801 1918 peccatum
2833 1847 3077 1918 aliquod,
3125 1847 3268 1918 quod
3298 1848 3480 1905 animo

1898 1949 2111 2007 noceat,
2140 1941 2442 1997 inveniatur
2486 1941 2629 1997 circa
2680 1955 2937 2011 personas
2976 1941 3279 2011 hujusmodi
3304 1983 3321 2010 ,
3361 1951 3416 1998 et
3449 1956 3481 1998 a

1899 2033 2133 2099 duobus,
2158 2034 2245 2090 vel
2288 2033 2459 2090 tribus
2488 2032 2715 2090 testibus
2751 2042 3079 2105 arguantur;
3131 2034 3385 2091 recedant
3412 2033 3481 2091 de

1900 2126 2065 2183 clero.
2091 2125 2192 2194 Qui
2223 2133 2400 2181 autem
2431 2134 2583 2181 extra
2619 2126 2738 2182 haec
2790 2124 2998 2193 fecerit,
3050 2125 3197 2181 velut
3224 2125 3481 2181 audacter

1899 2219 2202 2275 contrarius
2226 2232 2435 2289 magnae
2470 2217 2676 2290 synodo
2706 2218 2822 2290 ipse
2868 2219 3158 2276 clericatus
3184 2219 3479 2291 periculum

1900 2312 2207 2369 sustinebit.
2450 2342 2451 2347 η

2078 2406 2238 2480 583
2275 2405 2365 2463 Ill.
2414 2404 2491 2461 De
2521 2422 2624 2490 non
2650 2407 2985 2491 colt-abitme
3013 2407 3307 2463 mulieribus

2522 2488 2622 2532 nisi
2648 2488 2814 2533 certis.
2972 2498 2981 2506 ‘

1970 2571 2172 2627 Abnuit
2210 2586 2277 2627 ex
2299 2578 2432 2637 toto,
2461 2579 2622 2642 atque
2650 2570 2926 2642 prohibuit
2962 2586 3159 2643 magna
3206 2574 3477 2646 synodus,

1900 2679 2079 2735 neque
2097 2664 2372 2735 episcopo,
2404 2677 2581 2734 neque
2620 2664 2959 2735 presbytero,
3012 2680 3185 2736 neque
3230 2666 3481 2737 diacono,
3586 2732 3593 2739 ,

1901 2776 2074 2831 neque
2096 2775 2316 2830 prorsus
2340 2760 2590 2830 cuiquam
2617 2756 2817 2814 clerico
2834 2758 3036 2813 licitum
3065 2771 3189 2816 esse
3216 2774 3337 2816 cum
3366 2776 3483 2816 mu-

1899 2853 2119 2927 lieribus
2136 2852 2471 2918 conversari,
2495 2860 2691 2922 praeter
2710 2860 2962 2919 matrem,
2976 2866 3241 2919 sororem,
3267 2868 3482 2924 germa-

1900 2962 2045 3014 nam,
2070 2956 2123 3003 et
2148 2949 2388 3017 amitam,
2418 2956 2509 3001 aut
2555 2960 2648 3002 eas
2675 2947 2821 3002 solas
2850 2960 3131 3018 personas,
3178 2947 3246 3004 de
3290 2948 3484 3020 quibus

1899 3040 2043 3096 nulla
2074 3041 2240 3111 possit
2268 3053 2389 3095 esse
2418 3038 2679 3109 suspicio.

2215 3132 2304 3190 IV.
2349 3132 2426 3188 De
2477 3132 2847 3188 constituendis
2892 3134 3163 3205 episcopis.

1970 3248 2289 3317 Episcopum
2318 3247 2570 3302 convenit
2590 3244 2824 3301 maxime
2849 3244 3068 3317 quidem
3099 3246 3167 3302 ab
3186 3246 3480 3317 episcopis,

1900 3342 1989 3414 qui
2011 3350 2136 3397 sunt
2156 3342 2295 3396 inter
2316 3338 2670 3411 provinciam,
2695 3338 2945 3394 omnibus
2995 3338 3252 3394 ordinari.
3297 3338 3353 3396 Si
3384 3354 3483 3396 au-

1903 3441 2008 3489 tem
2039 3430 2259 3487 difﬁcile
2285 3429 2355 3487 sit
2382 3430 2485 3485 hoc
2511 3430 2687 3500 ipsum
2719 3437 2937 3499 propter
2967 3437 3247 3500 cogentem
3295 3444 3484 3487 neces-

1901 3526 2131 3589 sitatem,
2162 3537 2281 3594 quae
2318 3522 2431 3577 fieri
2468 3528 2684 3591 expetat
2725 3519 3084 3587 sacerdotem,
3128 3529 3220 3575 aut
3262 3529 3484 3590 prepter

1900 3616 2109 3672 itineris
2136 3613 2542 3685 longitudinem.
2576 3613 2646 3668 de
2674 3612 2927 3668 omnibus
2946 3620 3055 3668 tres
3085 3611 3139 3667 in
3162 3627 3325 3667 unum
3347 3627 3482 3669 con-

1900 3706 2127 3779 gregati,
2159 3703 2626 3761 consentientibus
2668 3717 2765 3775 per
2811 3703 3067 3773 epistolas
3119 3704 3352 3775 caeteris,
3398 3705 3486 3775 qui

1900 3798 2155 3856 absentes
2181 3797 2403 3863 fuerint,
2456 3795 2729 3863 electioni,
2761 3794 2831 3851 de
2856 3809 2963 3865 quo
2984 3793 3306 3863 .habuerint,
3337 3796 3486 3852 ordi-

1900 3906 2031 3949 nare
2085 3891 2380 3948 debebunt.
2434 3888 2919 3945 Conﬂrmationem
2973 3903 3105 3945 sane
3149 3888 3381 3945 ordinati
3432 3888 3488 3947 in

1900 3998 2220 4055 unaquaque
2246 3981 2525 4054 provincia
2561 3980 2984 4053 metropolitano
3031 3982 3283 4053 episcopo
3312 3994 3487 4039 reser-

1899 4077 2154 4136 vendam.

2187 4166 2255 4223 γ.
2312 4165 2392 4222 De
2439 4168 2545 4236 iis,
2588 4170 2675 4238 qui
2717 4168 2779 4221 ab
2824 4166 3063 4237 episcopo
3114 4182 3208 4222 suo

2436 4240 2967 4297 exeommunirantur.

1971 4356 2052 4412 De
2071 4353 2554 4416 excommunicatis
2583 4354 2696 4408 sive
2719 4353 2770 4407 in
2794 4353 2966 4419 clero,
2994 4354 3109 4409 sive
3137 4353 3191 4409 in
3217 4354 3414 4424 papulo
3432 4357 3487 4413 in

1900 4464 2217 4521 unaquaque
2240 4447 2513 4518 provincia
2542 4446 2810 4502 sententia
2842 4444 3115 4517 synodalia
3143 4446 3404 4513 obtineat,
3430 4457 3488 4505 ut

1900 4543 1991 4613 qui
2014 4542 2083 4595 ab
2114 4540 2236 4595 aliis
2281 4537 2732 4595 excommunicati
2779 4536 3046 4607 episcopis
3095 4536 3327 4607 iuerint,
3379 4556 3488 4597 non

1900 4633 2252 4691 admittantur
2295 4632 2362 4685 ab
2391 4630 2532 4685 aliis.
2576 4628 3005 4700 Requirendum,
3030 4637 3209 4685 tamen
3237 4672 3251 4696 ,
3284 4632 3489 4689 exami-

1899 4729 2241 4797 nandumque
2275 4732 2359 4780 est
2386 4723 2723 4793 diligentius,
2756 4737 2825 4779 ne
2855 4722 3070 4778 levitate
3097 4723 3349 4793 quadam,
3393 4734 3487 4782 aut

1897 4820 2339 4895 pusillauitnitnte
2368 4817 2611 4889 episcopi
2643 4817 2723 4873 sui
2748 4818 2813 4873 sit
2846 4832 2875 4871 a
2902 4820 3282 4874 communione
3310 4834 3488 4874 remo-

1898 4926 2004 4973 tus.
2036 4914 2219 4985 Itaque
2243 4922 2301 4969 ut
2324 4911 2481 4985 [Lege
2503 4910 2712 4984 harum]
2757 4912 2941 4966 allium
2974 4926 3256 4966 causarum
3296 4910 3487 4967 decen-

1900 5017 1983 5066 ter
2012 5006 2338 5065 examinatio
2358 5004 2673 5073 ventiletur,
2703 5005 2841 5060 hene
2866 5004 3066 5075 placuit
3091 5002 3313 5073 singulis
3329 5004 3487 5058 annis

1901 5104 1954 5158 in
1984 5113 2301 5171 unaquaque
2329 5098 2605 5167 provincia
2636 5098 2719 5153 bis
2761 5099 2814 5153 in
2869 5112 3011 5153 anno
3048 5096 3312 5168 synodum
3344 5094 3483 5162 fieri,

1900 5205 1959 5252 ut
1987 5194 2224 5251 omnium
2253 5193 2323 5249 de
2347 5192 2536 5247 eadem
2567 5191 2841 5260 provincia
2865 5191 3240 5260 episc0porum
3264 5203 3488 5259 congre-

1900 5288 2119 5360 gatione
2144 5286 2305 5355 facta,
2359 5284 2738 5356 inquisitiones
2786 5281 3093 5353 hujusmodi
3140 5289 3484 5352 peragantur.

1981 5426 2008 5464 ά
2040 5426 2095 5481 In
2120 5426 2361 5493 margine
2381 5424 2482 5480 add
2491 5425 2714 5481 ituresse
2734 5424 2944 5478 eretiton
2965 5422 3105 5494 (lege
3130 5419 3375 5493 trepton),
3392 5420 3488 5477 hoc

1906 5506 2007 5563 est,
2038 5497 2431 5567 convertibilem,
2461 5506 2565 5553 etc.

1975 5578 1999 5607 ⁸
2027 5567 2130 5622 Alii
2160 5563 2605 5632 scribunt’Vitus,
2639 5565 2781 5632 Vile,
2811 5564 2898 5619 vel
2933 5563 3124 5621 Victor.

1978 5637 1999 5677 ί
2022 5638 2079 5694 ld
2115 5648 2218 5703 est,
2249 5640 2565 5764 maniéestea
2592 5636 2730 5691 clero
2750 5638 2980 5691 exclusos
3010 5652 3134 5690 esse.

1978 5718 2000 5757 Β
2026 5708 2083 5763 in
2113 5724 2283 5764 mare.
2313 5723 2378 5764 co
2423 5708 2541 5764 icis.
2574 5708 2636 5761 de
2656 5708 2886 5764 novellis.
2916 5706 2992 5761 vel
3014 5706 3133 5761 rudi

1973 5718 2000 5780 β
2026 5708 2083 5780 in
2113 5724 2283 5780 marg.
2313 5706 2541 5777 codicis,
2574 5708 2636 5780 de
2656 5708 2888 5780 novellis,
2916 5706 3249 5780 "trudibus.

1971 5776 2085 5851 llln
2127 5775 2255 5835 cod:
2280 5775 2556 5851 corrupte,
2579 5779 2643 5834 de
2667 5775 3079 5851 centilicita._Ex
3100 5775 3290 5835 ϐωεο
3302 5790 3489 5838 veram

1899 5850 2187 5911 lectionem
2210 5849 2593 5922 expressimus.
