3998 6346
475 409 581 472 827

1374 416 1468 473 AD
1505 417 1734 474 OPEBA
1775 419 1830 473 S.
1873 419 2120 474 LEONIS
2158 421 2372 480 MAGNI
2410 428 2776 491 APPENDIX.

3656 445 3748 505 828

483 535 658 603 Atque
685 532 757 588 ita
781 531 827 587 si
857 531 1149 630 alendisse
1186 531 1496 630 episcopum
1536 535 1818 630 manifeste
1859 534 2057 589 fuerint
2084 535 2137 594 Α
2233 538 2301 594 Χ.
2335 538 2412 596 De
2451 544 2548 610 Itis,
2582 548 2745 630 quiin
2766 553 3125 630 persecutione
3147 530 3485 630 neqaversmt,
3511 564 3561 610 et
3587 570 3748 630 postea

481 626 827 698 deprehensi,
874 626 1264 682 rationabiliter
1295 627 1363 683 ab
1407 629 1655 685 omnibus
1687 631 2066 686 communione

481 720 778 790 priventur,
809 718 984 774 donec
1013 730 1104 774 aut
1131 720 1294 776 simul
1337 737 1457 777 cum
1503 723 1779 794 omnibus,
1834 734 1923 779 aut
1953 725 2066 792 ipse

484 814 634 869 solus
671 814 981 882 episcopus,
1035 815 1191 884 cuius
1219 816 1302 870 vel
1356 816 1606 883 clericus,
1643 818 1727 873 vel
1779 818 1945 873 laicus
1973 833 2067 873 ex-

482 907 909 962 communicatus
933 907 1125 977 fuerit,
1159 908 1531 968 humaniorem
1556 912 1622 968 de
1653 927 1717 967 eo
1749 912 1881 968 ferat
1932 914 2067 968 forte

483 1001 830 1057 sententiam.
865 1001 1070 1074 Synodi
1122 1013 1301 1060 autem
1350 1005 1512 1074 fiant,
1545 1022 1648 1061 una
1704 1007 1919 1078 quidem
1944 1017 2068 1064 ante

483 1093 981 1166 Quadragesimam,
1030 1105 1090 1153 ut
1112 1099 1289 1154 omnis
1344 1098 1671 1170 fatigationis
1722 1104 2068 1160 excusatione

483 1187 695 1244 sublata
724 1189 1069 1260 purissimum
1098 1208 1294 1247 munus
1339 1192 1598 1249 otieratur
1644 1195 1955 1250 Altissimo:
1992 1195 2068 1249 al-

485 1287 602 1338 tera
622 1296 754 1340 vero
789 1283 932 1340 circa
954 1293 1167 1356 tempus
1192 1287 1456 1342 autumni.

988 1397 1077 1454 VI.
1111 1399 1189 1454 De
1213 1401 1535 1468 primatibus.

489 1603 654 1676 polim
685 1606 1020 1661 consuetudo
1049 1615 1316 1671 servetur,
1344 1616 1401 1662 ut
1422 1608 1818 1665 Alexandrinus
1857 1609 2072 1678 episco-

489 1711 588 1768 pus
646 1697 836 1754 horum
886 1697 1082 1754 habeat
1137 1708 1478 1769 potestatem,
1531 1700 1781 1770 quoniam
1817 1711 1870 1756 et
1928 1703 2074 1757 urbis

491 1788 677 1844 Roma:
707 1789 900 1845 similis
930 1805 1046 1845 mos
1067 1799 1168 1858 est,
1200 1807 1296 1846 nec
1325 1807 1429 1846 non
1456 1801 1508 1848 et
1535 1792 1866 1859 Antiochize;
1896 1795 2074 1863 itaque

2546 619 2617 670 ad
2646 618 2947 677 clericatum
2973 627 3192 695 promoti
3212 618 3371 683 vsunt.

2239 749 2556 822 Quicunque
2602 752 2836 810 ordinati
2861 765 2986 812 sunt
3012 773 3109 827 per
3131 759 3511 830 ignorantiam,
3543 770 3637 816 aut
3655 762 3748 819 dis-

2166 843 2558 900 simulationem
2608 846 2998 916 ordinautium,
3031 856 3098 906 de
3145 850 3253 920 Itis,
3284 853 3374 924 qui
3419 855 3472 908 in
3505 869 3749 923 persecu-

2169 936 2315 992 tione
2363 947 2486 993 sunt
2517 939 2692 1010 lapsi;
2721 941 2924 997 nullum
2969 943 3339 1000 ecclesiastico
3379 948 3580 1000 canoni
3627 962 3748 1016 prae-

2167 1026 2425 1096 judicium
2476 1028 2700 1088 faciunt.
2733 1029 2946 1106 Cogniti
2993 1035 3138 1091 enim
3176 1049 3297 1090 cum
3328 1035 3557 1105 fuerint,
3608 1038 3753 1108 depu-

2172 1137 2392 1183 DllIlIlIl'.

2173 1220 2333 1294 585
2350 1221 2438 1278 XI.
2455 1221 2530 1277 De
2548 1224 2648 1290 Itis,
2663 1226 2750 1296 qui
2761 1232 3095 1298 negaverunt,
3109 1235 3155 1281 et
3168 1226 3417 1282 habentur
3429 1227 3570 1281 inter
3589 1227 3754 1283 laicos.

2242 1334 2343 1402 Qui
2371 1337 2697 1405 prmvaricati
2739 1347 2865 1394 sunt
2890 1338 3096 1410 absque
3123 1339 3454 1396 necessitate
3484 1340 3688 1410 aliqua,
3712 1352 3758 1398 et

2123 1447 2126 1449 λ
2173 1429 2376 1500 absque
2417 1431 2688 1488 ablatione
2717 1432 3025 1490 facultatum
3066 1450 3308 1505 suarum,
3345 1435 3428 1488 vel
3466 1435 3592 1491 sine
3636 1434 3764 1504 peri-

559 1512 853 1585 Antiquam
877 1530 973 1585 per
996 1514 1308 1587 Egyptum,
1342 1531 1404 1572 ac
1423 1516 1665 1588 Libyam,
1693 1525 1851 1588 atque
1881 1517 2071 1574 Penta-
2120 1508 2126 1518 ’

2174 1526 2295 1581 culo
2323 1525 2560 1593 fuerunt,
2594 1527 2676 1584 vel
2719 1528 2836 1583 sine
2871 1529 3048 1597 aliqua
3081 1527 3174 1583 tali
3223 1543 3307 1594 re,
3339 1542 3461 1596 qua:
3512 1526 3659 1582 facta
3693 1535 3764 1583 est

2175 1621 2273 1677 sub
2296 1621 2577 1692 tyrannide
2607 1621 2821 1687 Licinii,
2853 1622 3058 1693 placuit
3084 1621 3311 1694 synodo,
3351 1621 3454 1678 etsi
3478 1621 3634 1690 digni
3669 1636 3764 1679 non

2175 1725 2376 1779 essent,
2412 1715 2742 1771 humanitate
2777 1723 2956 1773 tamen
3009 1715 3266 1770 utendum
3305 1715 3357 1768 in
3397 1727 3518 1768 eos.
3549 1711 3608 1771 Si
3655 1728 3766 1781 ergo

2179 1821 2245 1862 ex
2277 1806 2439 1862 c0rde
2467 1792 2782 1876 pmniteaut,
2815 1807 3046 1863 triennio
3075 1808 3214 1863 inter
3243 1805 3527 1861 audientes
3556 1806 3667 1860 sint
3690 1804 3766 1874 qui

489 1893 545 1940 et
572 1884 624 1939 in
655 1885 773 1940 aliis
800 1887 1088 1957 provinciis
1113 1889 1762 1958 propriajuraserventur
1787 1891 2066 1948 Ecclesiis.
2103 1919 2153 1980 Β
2178 1898 2310 1968 lapsi
2344 1898 2542 1956 fuerint
2571 1900 2846 1970 baptizati,
2888 1910 3095 1971 septem
3125 1900 3278 1954 annis
3306 1909 3329 1940 ο
3362 1897 3463 1958 sub
3505 1897 3766 1964 manibus,

493 1976 577 2035 Sit
600 1989 778 2036 autem
831 1982 1167 2038 manifestum
1226 1984 1496 2050 omnibus,
1550 1985 1688 2054 quod
1712 1985 1759 2039 si
1800 1985 1917 2053 quis
1943 1987 2076 2040 citra

492 2073 772 2130 arbitrium
806 2076 1202 2145 metropolitani
1243 2077 1406 2150 584
1430 2079 1670 2149 episc0pi
1719 2079 1880 2134 fuerit
1928 2079 2080 2134 ordi-

492 2174 669 2234 natus,
699 2166 979 2222 constituit
1004 2182 1196 2238 magna
1223 2169 1462 2240 synodus
1492 2168 1568 2224 ita
1594 2169 1791 2224 factum
1822 2185 1947 2226 esse
1967 2169 2080 2240 epi-

491 2271 713 2327 scopum
737 2273 840 2312 non
870 2267 1144 2327 oportere.
1190 2259 1257 2313 Et
1302 2260 1421 2314 ideo
1454 2260 1498 2314 si
1530 2261 1804 2315 communi
1837 2261 2078 2317 omnium

494 2347 650 2421 [Lege
674 2351 954 2407 sententia:
993 2361 1040 2404 et
1078 2353 1260 2422 supple
1287 2351 1432 2424 quae]
1478 2354 1744 2419 sententia
1790 2354 2082 2409 rationabi-

491 2439 617 2497 liter
652 2441 850 2506 habita,
883 2452 939 2498 et
986 2445 1278 2508 secundum
1330 2447 1759 2502 ecclesiasticum
1816 2462 2079 2503 canonem

492 2532 673 2598 fuerit,
705 2533 833 2602 duo,
867 2545 959 2589 aut
987 2544 1098 2591 tres
1125 2547 1342 2606 propter
1371 2539 1746 2596 contentiones
1788 2554 2078 2611 quampro-

499 2627 649 2698 prias
675 2627 1050 2684 contradicant
1071 2671 1084 2691 .
1115 2629 1354 2688 obtineat
1409 2616 1673 2692 sententia
1704 2635 2078 2704 plurimorum.

742 2742 848 2798 VII.
874 2742 951 2798 De
971 2747 1211 2816 episcopo
1241 2746 1403 2804 Elia:
1424 2758 1451 2805 ﬂ.
1475 2749 1835 2822 Jerosolymaz.

563 2854 826 2925 Quoniam
845 2859 1177 2915 consuetudo
1196 2864 1494 2930 praevaluit,
1519 2874 1575 2920 et
1596 2867 1812 2937 antiqua
1842 2865 2080 2934 traditio,

497 2955 558 3006 ut
611 2950 967 3008 honoraretur
998 2953 1280 3024 episcopus
1311 2957 1468 3012 zEliaa
1495 2974 1510 3021 ;
1545 2957 1738 3014 habeat
1783 2960 2044 3017 honorem
2065 3002 2079 3027 ,

497 3045 926 3116 metropolitanre
947 3047 1178 3102 civitatis
1204 3048 1462 3122 dignitate
1487 3060 1723 3106 servata.

809 3159 941 3216 VIII.
976 3159 1052 3215 De
1085 3161 1148 3216 iis
1176 3163 1263 3234 qui
1288 3165 1526 3219 dicuntur
1564 3165 1797 3220 Cat/tari.

572 3271 649 3327 De

2179 1989 2388 2046 duobus
2413 2001 2592 2048 autem
2624 1993 2780 2048 annis
2812 2007 2916 2046 non
2947 1991 3176 2048 otl'erant
3203 1990 3534 2056 oblationes,
3564 1988 3765 2054 sedsa-

2181 2082 2288 2137 lum
2315 2083 2718 2139 communicent
2747 2083 3082 2142 orationibus
3112 2080 3310 2152 populi.

2181 2198 2297 2255 XII.
2327 2198 2406 2254 De
2431 2200 2532 2263 his,
2561 2201 2648 2270 qui
2672 2199 3180 2262 abrettuutiaverunt,
3215 2206 3260 2252 et
3288 2199 3478 2252 iterum
3505 2197 3581 2252 ad
3624 2213 3770 2255 sccl!

2707 2272 2815 2326 lum
2843 2279 2962 2326 sunt
2991 2271 3241 2326 conversi.

2253 2385 2566 2454 Quicunque
2594 2387 2766 2440 vocati
2797 2393 2924 2440 sunt
2965 2384 3034 2440 ad
3063 2385 3313 2453 gratiam,
3360 2393 3418 2438 et
3463 2381 3629 2455 [Lege
3678 2382 3772 2453 pri-

2182 2477 2352 2550 mum]
2388 2477 2674 2547 plurimum
2699 2477 2955 2546 impetum
2987 2475 3252 2543 fecerunt,
3283 2474 3372 2531 vel
3393 2475 3638 2532 calorem
3658 2472 3778 2530 ﬁdei-

2183 2570 2534 2627 ostenderunt
2575 2570 2629 2625 in
2669 2570 2875 2625 militiae
2905 2570 3136 2638 cingulis
3162 2567 3539 2639 ,depouendis,
3588 2575 3765 2636 postea

2184 2677 2314 2719 vero
2343 2663 2410 2717 ad
2447 2662 2708 2717 vomitum
2741 2662 3013 2733 proprium
3046 2661 3254 2718 reversi
3275 2669 3401 2716 sunt
3420 2659 3603 2718 dando
3623 2674 3774 2732 pecu-

2185 2756 2323 2820 nias,
2351 2769 2589 2826 0pesque
2613 2753 2906 2818 fundendo,
2936 2764 2989 2810 et
3017 2755 3243 2824 plurima
3276 2755 3566 2810 commoda
3592 2753 3770 2810 confe-

2185 2847 2378 2914 rendo,
2410 2855 2467 2901 ut
2507 2847 2752 2902 militiam
2793 2855 3129 2916 repeterent;
3161 2847 3197 2901 ii
3243 2845 3431 2902 decem
3473 2846 3632 2901 annis
3660 2845 3776 2902 sub-

2180 2939 2310 3010 jecti
2355 2939 2463 2994 sint
2502 2939 2750 2995 manibus
2779 2939 3142 3005 sacerdotum,
3175 2947 3300 3008 post
3326 2937 3542 2993 triennii
3581 2937 3778 2997 scilicet

2189 3044 2399 3102 tempus
2429 3033 2584 3106 [Lege
2623 3033 2752 3106 quo]
2784 3033 2925 3104 quod
2971 3035 3110 3087 inter
3149 3032 3430 3088 audientes
3466 3031 3684 3087 fuerint.
3725 3030 3775 3085 lu

2188 3127 2272 3181 his
2293 3137 2472 3180 autem
2502 3125 2661 3180 annis
2685 3125 2934 3179 omnibus
2961 3134 3174 3194 oportet
3194 3125 3513 3180 examlnare
3538 3111 3779 3178 volunta-

2189 3226 2320 3283 tem,
2346 3227 2399 3273 et
2426 3217 2780 3287 propositum,
2805 3218 3196 3287 etqualitatem
3215 3215 3552 3286 pmnitentiae
3578 3229 3774 3270 eorum.

675 3271 779 3337 his,
807 3272 997 3381 quinse
1022 3273 1205 3381 dicunt
1231 3275 1512 3381 Catharos,
1542 3279 1588 3333 si
1613 3280 1834 3381 veniam
1868 3278 1935 3333 ad
1982 3278 2082 3334 Ec'
2113 3297 2160 3366 0
2192 3271 2355 3381 igitur
2385 3271 2474 3379 qui
2509 3271 2702 3364 timore
2741 3319 2795 3364 et
2841 3271 3116 3379 laerymis,
3148 3271 3233 3364 vel
3265 3309 3599 3378 poenitentia,
3624 3315 3779 3378 atque

499 3363 717 3422 clesiam
749 3366 1066 3424 catholicam
1093 3378 1146 3426 et
1171 3372 1544 3440 apostolicam,
1573 3373 1772 3444 placuit
1802 3383 2001 3430 sanctae
2031 3382 2087 3430 et
2129 3363 2159 3366 ί
2190 3363 2347 3461 ignis
2383 3363 2636 3474 Speribus
2677 3363 3281 3458 gog,e,si,,‘,,e,,,’su,,,;
3311 3363 3418 3456 ἢθη
3460 3363 3658 3472 speci,

504 3473 710 3530 magna:
739 3460 966 3532 synodo,
993 3472 1052 3518 ut
1097 3478 1288 3519 manus
1330 3465 1407 3520 eis
1446 3465 1717 3535 impositio
1762 3467 1878 3532 fiat,
1936 3474 1990 3522 et
2031 3467 2084 3522 in

500 3550 645 3608 clero
665 3565 932 3622 maneant,
957 3565 1081 3611 ante
1104 3557 1282 3612 omnia
1299 3567 1476 3613 autem
1501 3559 1703 3628 scripto
1719 3573 1812 3614 eos
1834 3560 2087 3614 convenit

503 3643 762 3714 profiteri,
796 3645 936 3716 quod
961 3649 1316 3712 consentiant,
1353 3659 1407 3705 et
1429 3661 1722 3721 sequantur
1751 3653 1929 3706 omnia
1954 3651 2086 3722 dog-

502 3744 642 3790 mata
669 3736 951 3794 catholicae
987 3739 1266 3806 Ecclesim,
1298 3751 1354 3796 et
1398 3743 1803 3799 communicare
1850 3759 1910 3800 se
1937 3745 2086 3815 biga-

503 3827 628 3894 mis,
661 3839 714 3884 et
742 3830 830 3897 iis,
855 3831 944 3900 qui
975 3831 1025 3885 in
1073 3834 1444 3900 persecutione
1473 3835 1607 3904 lapsi
1648 3835 1862 3892 suntde
1896 3836 2090 3901 quibus

504 3921 874 3989 constitutum,
895 3933 948 3978 et
971 3923 1287 3992 praeﬁnitum
1315 3935 1398 3980 est
1427 3933 1662 3996 tempus,
1687 3928 1770 3984 vel
1792 3928 1859 3984 de
1882 3931 2092 3986 caeteris

506 4012 738 4065 statutis.
773 4011 925 4067 Unde
952 4029 1163 4080 omnes,
1196 4016 1311 4071 sive
1351 4017 1405 4072 in
1433 4017 1588 4087 vicis,
1620 4019 1735 4074 sive
1762 4020 1814 4074 in
1857 4021 2088 4077 civitati-

507 4099 608 4158 bus
632 4104 992 4175 inveniantur,
1036 4106 1304 4177 impositis
1345 4110 1595 4167 manibus
1634 4114 2091 4170 reconciliationis

508 4189 537 4234 δ
567 4193 814 4249 chemate
842 4206 1093 4253 maneant
1116 4197 1461 4260 clericorum.
1493 4204 1632 4275 Ergo
1663 4205 1755 4275 qui
1783 4205 1942 4261 fuerit
1970 4208 2090 4278 epi-

508 4299 705 4356 scopus
738 4289 947 4356 talium,
981 4292 1282 4364 presbyteri
1311 4292 1573 4352 honorem
1607 4298 1660 4352 in
1693 4299 1957 4356 catltolic:t
1993 4300 2090 4354 ha—

509 4380 630 4436 beat
660 4380 902 4438 Ecclesia
932 4401 945 4436 :
979 4386 1079 4440 nisi
1101 4384 1238 4442 forte
1266 4388 1512 4444 maluerit
1540 4391 1828 4462 episcopus
1869 4392 2095 4448 catholi-

512 4487 608 4528 cus
640 4473 764 4542 loci,
791 4475 842 4531 in
874 4492 979 4546 quo
1017 4477 1068 4533 id
1099 4480 1299 4550 agitur,
1329 4482 1380 4536 in
1411 4483 1527 4538 solo
1558 4485 1776 4539 nomine
1811 4486 2093 4555 episcopao

513 4575 599 4622 tus
631 4569 680 4621 ei
709 4568 838 4624 dare
866 4573 1220 4629 consortium.
1254 4573 1312 4630 Si
1349 4590 1480 4631 vero
1512 4575 1563 4630 id
1611 4577 1866 4645 noluerit,
1918 4577 2097 4647 provi-

2190 3512 2354 3568 opere
2399 3495 2623 3570 fecerint
2676 3494 3014 3550 manifestam
3051 3493 3136 3550 :ii
3178 3492 3498 3566 [Legendum
3545 3499 3779 3561 tempore

2193 3590 2414 3659 impleto
2445 3587 2684 3660 triennii]
2729 3597 2938 3658 tempus
2986 3587 3210 3657 impleto
3250 3586 3469 3643 triennii
3513 3587 3656 3641 inter
3682 3599 3774 3639 au-

2193 3684 2402 3739 dientes
2444 3690 2695 3752 poterunt
2745 3683 2937 3736 merito
2971 3681 3245 3736 nobiscum
3286 3678 3458 3752 [Lege
3484 3673 3776 3749 orationes]

2201 3777 2496 3832 ortutiones
2529 3775 2727 3830 habere
2755 3790 3070 3830 communes
3109 3775 3175 3830 ad
3210 3774 3518 3838 Dominum,
3548 3783 3597 3828 ut
3625 3773 3777 3827 liceat

2193 3871 2447 3940 episcopo
2468 3869 2535 3925 de
2559 3869 2661 3923 illis
2681 3868 2878 3939 aliquid
2901 3869 3187 3924 humanius
3210 3869 3470 3939 cogitare.
3493 3869 3588 3936 Qui
3607 3876 3774 3922 autem

2194 3964 2480 4021 indiscrete
2511 3963 2562 4018 id
2600 3962 2827 4031 egerint,
2857 3963 3089 4032 speciem
3121 3963 3223 4018 sibi
3249 3963 3421 4020 solam
3455 3959 3773 4032 ingrediendi

2195 4057 2489 4112 Ecclesiam
2503 4055 2806 4126 iudicantes
2821 4055 2887 4110 ad
2906 4055 3313 4111 conversionem
3338 4069 3498 4126 posse
3519 4053 3770 4119 sufﬁcere,

2195 4165 2356 4204 omne
2379 4147 2687 4219 compleant
2711 4155 2924 4217 tempus
2950 4147 3266 4217 ascriptum.

2194 4261 2331 4318 XIII.
2351 4260 2429 4316 De
2449 4263 2550 4331 his,
2572 4261 2661 4330 qui
2680 4261 2733 4314 in
2755 4261 2892 4314 exitu
2905 4259 3059 4328 positi
3081 4259 3486 4313 communionem
3501 4257 3764 4329 requirunt.

2267 4376 2418 4431 Circa
2442 4390 2558 4439 eos,
2585 4373 2674 4445 qui
2703 4373 2964 4442 incipiunt
2985 4371 3140 4428 exire
3159 4372 3229 4427 de
3257 4372 3485 4439 saeculo,
3517 4371 3600 4428 lex
3623 4383 3771 4441 syno-

2199 4467 2336 4523 dalis
2366 4474 2420 4524 et
2445 4467 2662 4536 antiqua
2692 4464 3016 4532 servabitur,
3048 4473 3108 4518 ut
3139 4463 3186 4518 si
3216 4465 3337 4534 quis
3369 4464 3425 4518 in
3451 4464 3632 4519 ultimo
3653 4475 3771 4517 con-

2197 4560 2414 4616 stitutus
2440 4558 2874 4614 communionem
2905 4556 3206 4628 quaesierit,
3247 4571 3354 4610 non
3385 4571 3508 4630 eum
3553 4555 3637 4610 tali
3675 4555 3773 4606 via-

512 4657 660 4716 debit
680 4659 877 4728 locum,
910 4663 998 4718 ubi
1025 4673 1117 4718 aut
1142 4664 1580 4738 chorepiscopus,
1613 4669 1666 4723 id
1695 4678 1800 4738 est,
1829 4642 1997 4726 vicem
2027 4670 2085 4726 ad

2203 4653 2309 4709 tico
2338 4651 2536 4708 debere
2560 4649 2817 4706 fraudari.
2852 4649 2906 4704 Si
2938 4659 3116 4703 autem
3145 4649 3465 4717 desperatus
3487 4662 3516 4700 a
3547 4642 3766 4710 medicis,

512 4754 956 4810 consuetudinem
987 4756 1246 4827 episcOpi,
1276 4769 1367 4814 aut
1409 4761 1695 4834 presbyter
1722 4763 1813 4826 sit,
1838 4764 1884 4818 si
1915 4763 2095 4834 place-

514 4842 612 4915 bit,
647 4855 703 4901 ut
727 4861 847 4902 eum
881 4847 934 4902 in
959 4849 1103 4904 clero
1134 4851 1382 4907 retineat.
1411 4852 1523 4908 Hoc
1545 4865 1728 4910 autem
1768 4855 1990 4925 idcirco,
2027 4873 2097 4915 ne

515 4938 568 4994 in
591 4954 693 4993 una
724 4937 940 4996 civitate
967 4940 1075 4997 duo
1103 4944 1343 5016 episcopi
1367 4959 1488 5002 esse
1518 4946 1824 5003 videantur.

584 5051 678 5108 IX.
710 5053 788 5109 De
813 5055 900 5124 iis,
931 5056 1018 5126 qui
1043 5057 1152 5112 sine
1181 5060 1556 5116 mmiuatioue
1579 5061 1648 5116 ad
1664 5061 2030 5133 presbyterium

1117 5139 1495 5199 promoventur.

587 5238 646 5296 Si
670 5240 760 5310 qui
781 5239 1130 5298 inexaminati
1151 5245 1568 5313 promoveantur
1589 5247 1655 5304 ad
1680 5251 2100 5323 presbyterium,

515 5338 607 5385 aut
639 5331 928 5387 examinati
958 5334 1314 5390 conﬁteantur
1347 5347 1565 5406 peccata
1598 5354 1716 5407 sua,
1743 5351 1797 5396 et
1825 5353 1944 5412 post
1971 5359 2104 5400 con-

517 5418 802 5477 fessionem
825 5439 1012 5479 eorum
1045 5425 1248 5482 incitati
1303 5429 1520 5497 quidam
1551 5445 1654 5485 non
1712 5431 2104 5505 circumspecte

457 5512 462 5522 '
517 5528 706 5570 manus
743 5513 900 5588 [Lege
938 5516 1039 5589 eis]
1088 5517 1204 5588 ejus
1239 5519 1546 5590 imponant,
1583 5521 1892 5591 hujusmodi
1931 5542 2104 5585 canon

519 5607 760 5676 respuit,
815 5622 915 5664 nec
967 5605 1220 5665 admittit.
1279 5612 1823 5686 lnreprehensibilem
1879 5621 2106 5692 requirit

521 5697 892 5770 presbyterum
919 5700 1184 5760 catholica
1218 5703 1485 5763 Ecclesia.

594 5841 625 5911 ξ
650 5835 708 5911 l_n
735 5852 903 5911 marg.
931 5843 1053 5898 cod.
1078 5843 1290 5900 additur
1315 5847 1371 5901 id
1390 5857 1486 5904 est.

594 5899 628 5952 δ
650 5904 794 5982 Lege
816 5899 1097 5971 schemate:
1120 5925 1204 5972 est
1238 5899 1361 5973 vos
1380 5899 1586 5989 Graeca,
1616 5935 1774 5996 quam
1805 5924 1927 5984 alia
1962 5939 2083 5986 ver-

2201 4759 2253 4802 et
2283 4743 2588 4813 oblationis,
2614 4742 2699 4798 vel
2723 4741 3116 4796 communionis
3139 4754 3306 4795 sacrae
3330 4738 3597 4810 particeps
3625 4736 3773 4792 factus

2202 4837 2484 4910 sanitatem
2514 4833 2837 4904 perceperit,
2868 4840 2922 4886 et
2950 4841 3072 4902 post
3095 4831 3210 4886 haec
3235 4828 3391 4904 [Lege
3417 4823 3770 4902 vixeritjdi‘xe-

2203 4931 2293 4996 rit,
2319 4928 2390 4983 sit
2419 4941 2581 4983 orans
2604 4924 2975 4980 tantummodo
2996 4939 3118 4978 cum
3151 4922 3234 4978 his
3255 4923 3344 4994 qui
3376 4919 3766 4980 communicant,

2203 5019 2480 5077 abstinens
2502 5034 2533 5074 a
2561 5017 2943 5074 communione
2984 5029 3044 5072 se
3091 5015 3290 5085 ipsum,
3324 5014 3500 5072 donec
3535 5009 3769 5080 compleat

2205 5121 2415 5185 tempus
2439 5127 2470 5167 a
2514 5125 2708 5181 magna
2743 5108 2952 5180 synodo
2989 5107 3362 5162 constitutum.
3399 5100 3768 5162 Postulantibus

2206 5220 2336 5262 vero
2365 5203 2694 5275 quibuslibet
2724 5202 2778 5256 in
2806 5202 2910 5255 line
2932 5214 3031 5255 suo
3058 5198 3517 5266 communionem,
3545 5188 3766 5268 probabi-

2182 5297 2329 5354 -Iiter
2358 5299 2643 5367 episcOpus
2675 5293 2804 5349 dare
2834 5291 3071 5347 debebit.

2485 5413 2648 5486 586
2672 5409 2814 5466 XIV.
2841 5409 2919 5464 De
2945 5405 3323 5462 catechumeuis
3353 5405 3533 5474 lapsis.

2285 5532 2359 5588 De
2386 5526 2788 5586 catechumenis
2823 5523 3049 5597 [Supple
3076 5519 3264 5593 lapsis]
3294 5519 3497 5591 placuit
3521 5513 3763 5586 magnae!

2213 5633 2411 5681 sanctae
2432 5621 2661 5692 synodo,
2693 5628 2751 5674 ut
2778 5617 2946 5672 tribus
2977 5614 3135 5669 annis
3171 5614 3272 5682 ipsi
3299 5613 3402 5668 soli
3439 5613 3544 5667 siut
3580 5604 3758 5702 audietl'
3779 5669 3794 5679 ο

2217 5729 2314 5783 tes,
2347 5724 2507 5785 atque
2537 5714 2606 5768 ita
2635 5725 2793 5766 orare
2824 5718 3011 5780 postea
3037 5721 3160 5764 cum
3185 5701 3600 5762 catechumenis.

2216 5857 2396 5913 siones
2431 5851 2666 5908 reddunt
2688 5853 2742 5905 in
2779 5849 2980 5903 ordine.

2269 5940 2288 5966 θ
2327 5926 2379 5982 Id
2420 5933 2525 5993 est,
2552 5925 2652 5978 sint
2683 5921 2928 5992 prostrati
2955 5918 3046 5974 sub
3071 5919 3403 5990 impositione
3431 5925 3665 5974 manuum.
