3998 6346
273 440 378 500 829

627 435 852 495 VETUS
889 433 1212 492 CANONUM
1250 431 1528 500 NIGER,
1565 429 1764 486 SABD.
1809 427 1899 515 ET
1935 427 2272 490 CHAL‘CED.
2314 435 2864 501 INTERPRETATIO
2902 446 3174 506 LATINA.

3421 447 3536 513 830

270 553 385 613 XV.
411 553 480 610 Ut
497 554 709 609 transire
725 569 827 606 non
851 553 999 607 liceat
1016 551 1229 618 clericis,
1250 551 1328 606 vel
1353 559 1546 605 mutare
1565 548 1842 603 Ecetesios.
1873 545 1928 608 Α
1950 560 2101 606 extra
2129 554 2370 612 ordinem
2399 572 2684 627 canonum,
2716 562 2759 616 si
2801 563 2915 619 haec
2941 563 3086 622 ﬂant.
3119 567 3176 625 Si
3200 568 3320 640 quis
3352 579 3527 629 autem

338 650 567 720 Propter
593 648 1019 718 perturbationes
1041 655 1093 702 et
1115 645 1424 710 seditiones,
1451 659 1585 716 quas
1610 643 1843 698 excitant

269 757 412 812 saepe
451 739 713 808 nonnulli,
745 738 1056 794 omnimodo
1098 736 1564 803 consuetudinem,
1609 750 1728 807 qua:
1764 743 1847 790 est

267 843 418 890 extra
445 847 728 900 canonem,
763 831 961 902 placuit
985 830 1285 902 amputari:
1319 839 1374 884 ut
1396 829 1440 884 si
1465 830 1584 899 quis
1608 828 1766 883 fuerit
1794 829 1847 882 in

267 927 510 999 partibus
552 926 815 994 aliquibus
861 926 1107 982 inventus
1137 926 1403 981 transiens
1434 924 1502 979 de
1530 923 1745 980 civitate
1791 923 1844 978 in

267 1020 427 1076 aliam
439 1019 715 1076 civitatem
729 1020 910 1076 animo
926 1021 1196 1092 propriam
1220 1020 1514 1077 Ecciesiam
1539 1019 1840 1085 deserendi,

264 1113 382 1170 sive
402 1112 708 1184 episcopus,
735 1113 847 1170 sive
876 1115 1176 1186 presbyter,
1207 1115 1321 1170 sive
1346 1115 1600 1169 diaconus
1623 1115 1714 1180 sit,
1745 1114 1848 1168 illi-

265 1207 371 1263 cite
395 1205 603 1274 facere;
632 1217 687 1263 et
715 1207 940 1280 [Suppte
964 1205 1032 1279 si]
1063 1216 1185 1279 post
1227 1207 1328 1262 hoc
1358 1217 1681 1277 praeceptum
1712 1205 1846 1261 deli-

264 1297 637 1368 nitionemque
666 1298 856 1369 synodi
886 1299 1176 1354 tentaverit
1199 1298 1464 1369 quispiam
1495 1313 1674 1363 ausus,
1703 1297 1846 1368 quod

265 1390 583 1462 prohibetur
605 1389 840 1460 efﬁcere,
867 1391 1181 1446 vacuabitur
1205 1391 1322 1444 sine
1341 1389 1502 1444 dubio
1532 1388 1687 1463 [Lege
1703 1403 1845 1459 prte-

263 1483 549 1556 sumentis]
571 1486 909 1556 praesumptis
935 1485 1227 1555 inceptum,
1251 1494 1305 1540 et
1329 1488 1636 1541 restituetur
1657 1485 1846 1541 Eccle-

168 1575 179 1584 '
263 1575 360 1631 sic
389 1590 520 1641 suat,
550 1591 709 1648 quam
731 1577 965 1648 reliquit,
995 1579 1048 1632 in
1069 1593 1171 1648 qua
1201 1579 1406 1633 scilicet
1431 1580 1734 1652 episcopus,
1757 1588 1849 1636 aut

263 1666 564 1741 presbyter,
601 1677 695 1724 aut
721 1668 978 1725 diaconus
1006 1667 1165 1726 fuerit
1187 1671 1486 1728 ordinatus.

263 1780 405 1837 XVI.
437 1782 515 1837 De
540 1781 641 1848 Itis,
672 1785 760 1855 qui
796 1785 850 1838 in
887 1782 1128 1840 Ecclesiis
1162 1786 1290 1847 suis.
1322 1787 1375 1841 in
1403 1787 1584 1858 quibus
1630 1791 1849 1860 promoti

760 1866 897 1923 sunt,
927 1873 1029 1912 non
1057 1868 1340 1912 morantur.

1951 645 2184 702 uoluerit
2232 647 2316 706 his
2355 651 2756 711 deﬁnitionibus
2798 657 3038 724 obedire,
3079 663 3321 732 quiescat
3368 665 3526 720 mini-

1949 747 2145 794 strare.

2057 830 2196 888 XIX.
2224 829 2302 886 De
2328 834 2407 891 Itis
2431 837 2516 906 qui
2548 855 2579 892 a
2616 838 2849 896 doctrina
2880 841 3038 898 Pauli
3075 843 3400 902 Samosateni

2229 907 2529 978 confugiunt
2559 910 2781 983 [Suppls
2801 913 2869 972 ad
2900 914 3251 988 Ecclesiatn].

2018 1016 2074 1074 Si
2103 1019 2191 1086 qui
2217 1018 2284 1074 de
2303 1018 2453 1074 Pauli
2495 1021 2829 1079 Samosateni
2855 1025 3168 1097 confugiunt
3211 1027 3280 1083 ad
3304 1028 3528 1085 catholi-

1949 1125 2066 1168 cam
2113 1112 2434 1184 Ecclesiam,
2466 1114 2741 1172 deﬁnitum
2773 1127 2858 1174 est
2904 1135 2998 1176 eos
3031 1123 3342 1179 omnimodo
3375 1123 3532 1179 reba-

1949 1206 2134 1274 ptizari
2163 1206 2381 1262 debere.
2405 1208 2462 1264 Si
2490 1218 2666 1264 autem
2694 1212 2908 1281 quidam
2931 1216 3268 1272 antecedenti
3292 1228 3532 1287 tempore

1951 1301 2036 1356 vel
2069 1303 2338 1369 praterito
2369 1304 2421 1357 in
2452 1303 2600 1359 clero
2627 1303 2859 1378 [Corrige
2887 1309 3188 1382 recensitis]
3217 1311 3529 1379 examinati,

1949 1397 2150 1452 inventi
2179 1408 2301 1451 sunt
2341 1398 2459 1454 sine
2487 1401 2728 1468 querela,
2764 1409 2818 1457 et
2862 1413 2983 1472 post
3029 1405 3348 1473 baptismum
3387 1406 3531 1462 inre-

1948 1486 2356 1557 prehensibiles,
2387 1488 2706 1546 ordinentur
2744 1491 2812 1544 ab
2844 1492 3097 1562 episcono
3126 1494 3403 1550 catholicae
3433 1497 3530 1552 Ee-

1947 1579 2147 1635 clesia‘.
2171 1580 2324 1646 Quod
2346 1581 2391 1636 si
2420 1579 2449 1620 ἀ
2474 1597 2578 1637 non
2605 1583 2881 1654 inquisitio
2900 1585 3114 1642 inutiles
3127 1601 3220 1642 eos
3241 1588 3528 1657 invenerit,

1949 1673 2183 1728 secundo
2212 1673 2407 1742 deponi
2431 1685 2705 1745 oportere,
2737 1677 2820 1732 vel
2859 1677 3036 1748 abjici.
3074 1679 3352 1749 Similiter,
3381 1691 3435 1738 et
3463 1681 3531 1738 de

1948 1763 2282 1820 diaconibus.
2311 1775 2334 1803 ο
2366 1765 2422 1821 Si
2454 1778 2630 1824 autem
2663 1769 2714 1823 in
2744 1772 2923 1838 specie
2951 1770 3304 1828 diaconorum
3333 1773 3531 1829 consti-

1951 1863 2193 1924 tuuntur,
2222 1873 2344 1912 nam
2377 1874 2470 1930 per
2499 1861 2896 1932 impositionem
2939 1875 3129 1920 manus
3169 1879 3274 1921 non
3317 1865 3448 1934 sint,
3478 1871 3532 1923 et

332 1940 646 2018 Quicunque
667 1962 764 2004 nec
793 1949 1115 2020 periculum,
1138 1966 1238 2006 nec
1268 1952 1512 2006 timorem
1535 1953 1629 2010 Dei
1644 1951 1846 2010 haben-
1877 1925 1927 1988 ³
1950 1951 2262 2008 omnimodo
2288 1925 2425 2008 inter
2452 1925 2617 2009 laicus
2645 1954 2842 2010 debent
2870 1959 3189 2028 computari.

261 2049 345 2098 tes
375 2057 486 2112 prae
512 2043 684 2097 oculis
725 2058 900 2114 neque
933 2045 1353 2100 ecclesiasticum
1386 2061 1648 2101 canonem
1676 2047 1847 2104 scien-

259 2141 367 2202 tes,
392 2134 675 2191 discedunt
701 2137 770 2192 ab
797 2136 1037 2193 Ecclesia
1060 2153 1154 2194 sua
1181 2139 1502 2212 presbyteri,
1541 2141 1628 2197 vel
1657 2142 1842 2197 diaco-

258 2243 381 2296 nes,
407 2228 494 2284 vel
522 2228 593 2285 de
619 2229 810 2298 quibus
835 2244 1005 2286 canon
1047 2233 1261 2298 statuit;
1311 2231 1612 2302 hujusmodi
1647 2251 1846 2305 nequa-

257 2339 422 2396 quam
453 2333 579 2380 sunt
602 2324 671 2380 ab
697 2327 794 2380 alia
830 2326 1066 2382 Ecclesia
1098 2329 1414 2400 recipiendi,
1453 2330 1546 2384 sed
1576 2331 1718 2384 omni
1750 2345 1842 2386 eos

256 2419 582 2474 necessitate
611 2418 810 2476 debere
838 2421 1106 2491 compelli,
1142 2433 1197 2475 ut
1241 2423 1306 2476 ad
1349 2424 1591 2492 proprias
1621 2424 1843 2479 redeant

256 2511 576 2582 parochias;
609 2520 719 2581 aut,
752 2513 796 2567 si
820 2513 995 2568 redire
1020 2514 1306 2581 noluerint,
1329 2517 1707 2571 communione
1734 2518 1842 2587 pri-

253 2603 394 2659 vari.
426 2602 484 2660 Si
511 2617 641 2659 vero
670 2603 832 2659 audet
867 2605 1060 2675 aliquis
1091 2606 1312 2661 alterius
1342 2607 1591 2662 clericum
1643 2609 1694 2663 in
1743 2624 1838 2664 sua

252 2695 498 2753 Ecclesia
521 2711 859 2767 promovere,
883 2696 1047 2753 fratre
1070 2699 1221 2768 cujus
1243 2698 1411 2754 fuerat
1433 2716 1538 2754 non
1570 2699 1840 2770 praebente

251 2805 604 2857 consensum,
649 2799 676 2829 ι
712 2791 1002 2847 secundum
1045 2807 1280 2849 canones
1331 2794 1597 2850 ordinatio
1645 2796 1840 2852 existat

252 2882 268 2896 .
1327 2896 1334 2903 ι

250 2883 487 2940 tutirma.

471 2977 633 3034 XVII.
668 2978 742 3033 De
769 2979 989 3045 clericis,
1018 2979 1106 3047 qui
1133 2994 1315 3032 usuras
1344 2979 1622 3046 accipiunt.

327 3069 594 3140 Quoniam
622 3070 775 3125 multi
799 3068 827 3109 ι’
862 3071 914 3124 in
937 3071 1192 3124 canonica
1219 3070 1618 3126 examinatione
1640 3073 1838 3141 reperti

248 3173 378 3219 sunt
405 3163 684 3218 avaritiam
727 3145 782 3217 et
822 3161 1026 3218 lucrum
1067 3171 1220 3230 turpe
1249 3172 1538 3229 sectantes,
1582 3164 1837 3234 obiitique

248 3256 418 3313 divini
445 3256 733 3323 sermonis,
762 3256 850 3327 qui
879 3256 1034 3330 [Lege
1059 3256 1208 3322 dicit,
1236 3257 1316 3311 oet
1341 3273 1446 3328 quo
1490 3258 1687 3314 dictum
1729 3260 1833 3332 est]

247 3350 453 3406 dictum
481 3359 600 3404 est:
638 3349 700 3402 Et
723 3351 995 3418 pecuniam
1015 3367 1162 3404 suam
1193 3366 1295 3404 non
1325 3351 1466 3405 dedit
1487 3351 1554 3404 ad
1584 3367 1834 3407 usuram:

247 3437 576 3498 centesimas
600 3443 876 3512 exigentes
903 3459 916 3506 ;
945 3441 1090 3511 juste
1112 3443 1385 3497 constituit
1411 3453 1615 3508 sancta,
1648 3454 1701 3498 et
1726 3459 1837 3498 ma-

251 3553 355 3610 gna
380 3538 642 3609 synodus,
676 3545 734 3591 ut
759 3539 803 3592 si
834 3538 1078 3591 inventus
1101 3535 1260 3590 fuerit
1281 3537 1470 3606 aliquis
1499 3546 1620 3606 post
1648 3537 1838 3592 defini-

248 3631 454 3685 tionem
485 3629 621 3685 hanc
643 3627 830 3699 synodi
863 3643 1053 3683 usuras
1081 3629 1347 3696 accipere,
1376 3629 1458 3683 vel
1489 3628 1680 3698 aliquid
1708 3629 1833 3694 tate,

247 3723 392 3792 quod
419 3723 589 3793 turpis
615 3722 747 3777 lucri
771 3723 939 3790 gratia
965 3723 1161 3780 factum
1195 3721 1457 3788 videatur,
1491 3722 1836 3792 deponendus

247 3813 321 3869 de
347 3813 498 3869 clero
519 3823 601 3868 est
626 3828 890 3872 canorum
923 3821 1118 3867 statuta
1148 3822 1514 3867 contemnens.

455 3905 615 3976 587
650 3903 830 3958 XVlil.
865 3902 941 3957 De
963 3905 1184 3972 primatu
1213 3905 1636 3974 presbyterorum.

323 3996 572 4052 Deiatum
603 4001 685 4049 cst
710 4004 910 4049 sancta:
951 4005 1008 4049 et
1047 3995 1291 4049 maximm
1341 3995 1564 4066 synodo,
1596 3995 1736 4064 quod
1782 3996 1836 4050 iu

247 4087 570 4160 quibusdam
593 4087 749 4153 locis,
772 4095 827 4141 et
845 4086 1146 4142 civitatibus
1169 4088 1492 4159 presbyteris
1515 4089 1835 4146 cucharistia

248 4196 280 4238 a
303 4181 621 4236 diaconibus
650 4180 825 4244 detur,
856 4180 997 4250 quod
1027 4196 1124 4236 nec
1147 4193 1316 4235 canon
1350 4181 1583 4245 tradidit,
1620 4197 1717 4238 nec
1740 4199 1835 4237 an-

249 4277 403 4345 tiqua
428 4273 784 4338 consuetudo,
818 4282 876 4327 ut
903 4273 990 4342 qui
1024 4282 1341 4344 potestatem
1372 4289 1476 4328 non
1510 4275 1708 4329 habent
1739 4278 1836 4331 im—

249 4368 516 4431 motandi,
549 4367 680 4422 dent
707 4367 829 4432 illis,
864 4367 1052 4436 quibus
1081 4366 1306 4422 faciendi
1349 4368 1721 4424 eucharistiam
1755 4369 1836 4424 fa-

249 4461 428 4517 cultas
454 4460 702 4515 estdata.
726 4459 832 4515 Sed
855 4467 910 4514 et
937 4459 1064 4514 illud
1087 4468 1173 4514 est
1192 4463 1480 4530 cognitum,
1507 4463 1648 4531 quod
1675 4472 1835 4519 etiam

249 4553 472 4626 quidam
503 4552 850 4607 diaconorum
890 4565 943 4606 et
974 4561 1096 4606 ante
1136 4552 1416 4621 episc0pos
1457 4554 1834 4610 eucharistiam

2146 2100 2151 2106 ,
2369 2044 2486 2100 XX.
2526 2043 2602 2101 De
2629 2048 2880 2118 ﬂectendo
2905 2066 3090 2120 genua.
3485 2101 3489 2108 .

2017 2135 2279 2202 Quoniam
2303 2145 2428 2191 sunt
2448 2137 2687 2206 quidam,
2710 2140 2800 2209 qui
2825 2141 2877 2194 in
2899 2140 2986 2196 die
3007 2141 3290 2199 Dominico
3306 2142 3528 2200 ﬂectunt

1944 2243 2139 2300 genua,
2166 2239 2220 2284 et
2247 2230 2300 2283 in
2333 2228 2650 2286 Pentecoste
2679 2231 2886 2298 diebus,
2931 2232 3132 2302 placuit
3172 2234 3242 2290 de
3280 2233 3382 2289 hoc
3407 2247 3531 2290 sane

1944 2330 2066 2390 ctua,
2099 2331 2155 2378 et
2200 2336 2407 2392 magnae
2451 2323 2674 2395 synodo,
2709 2334 2932 2380 cunctos
2974 2325 3026 2379 in
3056 2325 3304 2381 omnibus
3327 2340 3528 2382 conso-

1944 2425 2136 2472 nanter
2154 2425 2208 2471 et
2236 2417 2634 2472 consentienler
2661 2424 2868 2472 stantes
2909 2416 3197 2472 Dominum
3225 2430 3383 2473 orare
3425 2417 3526 2474 de-

1943 2511 2091 2567 bere.

1948 2606 1968 2646 ί
2001 2623 2250 2664 ειηετοιλ
2279 2622 2462 2662 ετμουι
2505 2622 2728 2662 ΝΙΟΑΞΝΕ
2759 2621 2826 2660 Δί)
2863 2619 3151 2661 εοειεεηκ
3206 2617 3530 2662 Αιεηηυωο

2012 2696 2142 2745 ΝΛΜ,
2167 2696 2234 2735 ετ
2261 2693 2535 2735 cetscoeos
2559 2693 2779 2744 actori,
2811 2693 2997 2742 LIBYB,
3027 2692 3093 2733 ετ
3111 2691 3456 2734 Pssumus.

2009 2797 2226 2864 Sancta,
2259 2805 2314 2854 et
2343 2812 2531 2868 magna
2560 2797 2796 2870 synodus
2824 2811 2920 2867 per
2947 2795 3043 2852 Del
3073 2798 3298 2867 gratiam
3344 2796 3531 2854 Eccle-

1939 2891 2033 2947 site
2060 2891 2398 2947 Alexandriae
2424 2890 2788 2964 dilectissimis
2812 2890 3070 2944 fratribus
3096 2905 3190 2958 per
3210 2890 3524 2961 Egyptum,

1939 2982 2181 3054 Libyam,
2203 2989 2258 3037 et
2287 2980 2618 3047 Pentapolim
2650 2980 2813 3052 588
2841 2979 3067 3053 [Supple
3092 2979 3354 3052 episcopi]
3383 2981 3528 3056 apud

1937 3074 2166 3138 Nicaeam
2193 3074 2461 3130 civitatem
2492 3073 2704 3130 collecti
2745 3069 2970 3146 [Supple
3006 3072 3119 3146 qui]
3161 3083 3428 3141 sanctum,
3469 3082 3526 3130 et

1938 3184 2187 3239 magnum
2211 3168 2492 3224 concilium
2519 3167 2938 3235 constituerunt,
2973 3169 3028 3222 in
3059 3169 3168 3223 Deo
3197 3169 3448 3224 salutem.

2009 3263 2268 3328 Quoniam
2293 3274 2388 3330 per
2406 3261 2628 3330 gratiam
2658 3260 2750 3316 Dei
2771 3259 3014 3332 piissimo
3038 3261 3368 3331 imperatore
3382 3261 3524 3319 Con-

1941 3357 2177 3413 stantino
2197 3371 2294 3411 nos
2323 3363 2682 3425 congregante
2710 3370 2774 3410 ex
2812 3354 3044 3410 diversis
3085 3369 3149 3410 ac
3183 3354 3367 3410 multis
3396 3369 3523 3426 pro-

1939 3449 2151 3513 vinciis,
2177 3457 2357 3503 sancta
2389 3457 2440 3502 et
2471 3461 2659 3516 magna
2695 3446 2932 3517 synodus
2963 3445 3101 3515 apud
3131 3445 3362 3502 Nicaeam
3392 3462 3525 3502 con.

1937 3548 2110 3609 venit;
2134 3542 2455 3598 omnimodis
2475 3541 2844 3596 necessarium
2858 3541 3033 3596 visum
3061 3549 3142 3596 est
3166 3557 3194 3596 a
3219 3556 3372 3597 sacro
3393 3556 3523 3598 con-

1939 3637 2063 3694 cilio
2086 3637 2246 3692 etiam
2277 3635 2342 3690 ad
2367 3649 2463 3691 vos
2493 3635 2698 3689 litteras
2727 3632 2878 3700 dare,
2923 3639 2983 3687 ut
3015 3633 3368 3701 cognoscatis,
3399 3648 3521 3704 quas

1938 3739 2062 3786 sunt
2089 3739 2252 3793 mota,
2283 3743 2402 3800 quae
2437 3729 2708 3795 ventilata,
2742 3742 2861 3794 quae
2883 3740 3009 3782 vero
3038 3727 3250 3795 placita.
3281 3725 3519 3782 Primum

1938 3823 2149 3895 quidem
2181 3822 2541 3878 examinatum
2575 3829 2658 3876 est
2677 3819 2743 3876 de
2768 3820 3045 3889 impietate
3074 3834 3136 3874 ac
3155 3818 3360 3874 scelere
3382 3817 3516 3886 Arii,

1939 3928 1992 3973 et
2017 3917 2132 3987 ejus
2162 3915 2428 3970 sociorum
2460 3913 2559 3968 sub
2596 3913 2880 3981 praesentia
2913 3912 3138 3982 piissimi
3181 3911 3520 3981 imperatoris

1940 4008 2310 4066 Constantini:
2343 4016 2396 4062 et
2424 4023 2486 4062 ex
2520 4008 2755 4061 omnium
2790 4006 3050 4060 sententia
3085 4002 3366 4060 deﬁnimus
3387 4017 3522 4058 ana-

1943 4103 2292 4158 thematizare
2321 4109 2346 4147 s
2368 4098 2813 4169 glorificationem
2845 4097 2962 4167 ejus
3007 4095 3248 4165 impiam,
3281 4103 3334 4149 et
3361 4093 3521 4150 verba

1942 4194 2079 4248 male
2109 4192 2248 4247 dicta
2273 4207 2336 4246 ac
2362 4205 2571 4256 sensus,
2617 4190 2806 4261 quibus
2848 4189 3097 4244 utebatur
3143 4188 3522 4259 blasphemans

1941 4287 2035 4342 Dei
2077 4285 2293 4349 Filium,
2325 4291 2380 4338 et
2426 4283 2612 4338 dicens
2637 4298 2704 4338 ex
2749 4282 2918 4336 nihilo
2974 4295 3120 4348 esse,
3145 4291 3198 4337 et
3236 4290 3522 4351 antequam

1941 4385 2251 4434 nasceretur
2281 4391 2385 4430 non
2417 4375 2606 4438 fuisse,
2637 4383 2692 4428 et
2716 4373 2882 4428 fuisse
2911 4381 3144 4442 tempus,
3176 4373 3389 4442 quando
3417 4387 3524 4427 non

1941 4479 2076 4534 erat.
2107 4479 2164 4527 et
2214 4467 2424 4537 propria
2475 4473 2736 4535 potestate
2775 4465 3008 4530 virtutis,
3040 4479 3102 4518 ac
3144 4464 3362 4519 malitia:
3403 4477 3526 4521 esse

1941 4580 2214 4635 capacem,
2246 4562 2434 4618 Filium
2469 4561 2564 4616 Dei
2591 4575 2841 4616 asserens
2865 4570 3163 4616 creaturam
3195 4575 3335 4628 esse,
3363 4567 3420 4616 et
3443 4558 3528 4616 fa-

249 4647 588 4718 contingant.
621 4643 744 4700 Haec
772 4644 950 4700 omnia
971 4645 1132 4714 igitur
1157 4643 1488 4712 auferantur,
1515 4655 1567 4700 ct
1590 4657 1837 4704 maneant
1863 4681 1916 4742 ι)
1941 4669 2168 4716 ciui-am,
2203 4657 2359 4727 [Lege
2388 4653 2484 4712 His
2512 4651 2782 4726 omnibus]
2816 4653 2938 4708 Haec
2965 4653 3147 4710 omnia
3179 4653 3355 4723 posuit
3398 4667 3525 4710 ana-

213 4805 220 4810 ,
249 4737 510 4794 diacones
534 4737 591 4792 in
611 4751 704 4792 sua
730 4750 1001 4801 mensura,
1025 4736 1257 4792 scientes
1283 4740 1536 4807 quoniam
1556 4739 1838 4812 episcopo-

249 4829 618 4903 rumquidem
647 4828 874 4884 ministri
904 4835 1049 4893 sunt,
1077 4828 1406 4900 presbyteris
1438 4845 1566 4887 vero
1606 4835 1838 4892 minores

249 4936 402 4986 sunt.
445 4925 854 4983 Communicent
896 4925 1076 4996 itaque
1105 4926 1399 4985 secundum
1433 4930 1676 4988 ordinem
1718 4943 1839 5006 post

163 5042 175 5054 -
248 5019 618 5091 presbyteros,
652 5018 1018 5089 autepiscopo
1056 5019 1136 5075 eis
1155 5018 1340 5085 dante,
1381 5031 1475 5079 aut
1502 5025 1836 5096 presbytero.

250 5112 363 5171 Nec
384 5113 610 5169 sedeant
638 5113 692 5167 in
719 5111 898 5167 medio
922 5123 943 5151 ε
970 5112 1240 5168 seniorum
1266 5112 1520 5170 diaconos
1545 5134 1558 5169 ε
1582 5127 1664 5173 est
1693 5122 1837 5177 enim

323 5248 653 5330 f‘lnterpros.
677 5249 816 5330 male
845 5249 1050 5319 accepit
1077 5249 1322 5330 Graecum
1361 5259 1588 5321 tesmm,
1631 5271 1701 5312 ex
1735 5276 1841 5330 quo

250 5318 604 5377 reddendum.
629 5318 806 5373 fuerat
843 5335 945 5376 non
978 5318 1272 5375 iucundum
1314 5318 1687 5388 canonespsed
1736 5318 1841 5388 non

251 5392 599 5446 consentiente
636 5389 849 5460 proprio
893 5393 1151 5462 episcopo.
1190 5410 1222 5446 a
1252 5409 1350 5460 quo
1390 5397 1615 5460 recessit,
1660 5403 1748 5471 qui
1785 5404 1838 5458 in

251 5477 450 5517 canone
479 5471 731 5515 censetur.

327 5529 355 5570 δ
393 5534 486 5587 Hic
513 5547 725 5601 quoque
753 5532 1081 5607 reddendum
1114 5534 1286 5589 fuerat
1318 5536 1486 5605 multi,
1535 5542 1622 5607 qui
1663 5541 1714 5593 in
1747 5559 1838 5597 ca-

254 5619 391 5683 none
416 5610 702 5683 censentur,
732 5605 936 5674 reperti,
957 5615 1163 5683 etc.;_et
1187 5609 1236 5660 in
1263 5608 1365 5662 iiue
1393 5605 1613 5665 canonis
1638 5629 1650 5665 :
1677 5613 1838 5683 depo-

255 5675 454 5728 nendus
481 5675 543 5727 de
574 5673 708 5726 clero
737 5685 830 5739 est,
863 5683 909 5727 et
940 5678 1005 5727 sit
1033 5679 1231 5730 alienus
1259 5696 1291 5730 a
1315 5695 1533 5734 canone.

334 5756 354 5816 ξ
388 5746 442 5798 id
473 5754 574 5803 est,
606 5746 1032 5816 presbyterorum.
1245 5805 1248 5807 Α

329 5812 355 5850 ά
389 5816 510 5869 Non
541 5812 803 5870 redundat
831 5827 885 5872 et
916 5833 1037 5870 mox
1069 5821 1311 5875 secundo.

336 5895 358 5922 ε
384 5887 478 5940 Hic
505 5886 677 5953 aliqua
707 5902 800 5956 per
826 5890 1017 5941 saltum
1039 5889 1234 5944 omissa
1265 5902 1407 5957 sunt,
1431 5893 1535 5948 alia
1560 5896 1841 5951 mendosa.

259 5952 630 6030 supplendum
665 5952 722 6013 et
761 5959 1134 6032 corrigendum
1177 5961 1295 6020 sic:
1339 5952 1484 6021 etde
1521 5967 1844 6040 diacouissis,

1945 4755 2122 4810 thema
2146 4758 2389 4806 sanctum
2421 4746 2741 4810 concilium;
2769 4747 2860 4800 sed
2901 4761 2999 4800 nec
3027 4745 3214 4800 audire
3237 4744 3392 4818 [Lege
3412 4745 3528 4815 opi-
3607 4744 3610 4745 ⁷

1945 4840 2180 4915 nionem]
2209 4839 2650 4912 gloriﬁcationem
2676 4839 2916 4908 impiam,
2951 4848 3005 4893 et
3031 4841 3439 4902 immanitatem,
3465 4851 3529 4891 ac

1945 4936 2201 4992 maledica
2245 4933 2408 4988 verba
2454 4931 2726 4988 sustinuit.
2761 4931 2827 4988 Et
2869 4931 2960 4986 ille
2989 4931 3201 5002 quidem
3231 4945 3387 4999 quem
3415 4929 3529 4984 exi-

1947 5040 2081 5095 tum,
2112 5027 2198 5083 vei
2227 5028 2383 5079 iinem
2412 5024 2657 5077 habuerit
2680 5024 3017 5088 meritorum,
3043 5024 3259 5080 forsitan
3282 5020 3526 5086 audistis,

1945 5123 2030 5181 vel
2069 5118 2320 5182 audietis,
2370 5129 2440 5170 ne
2482 5114 2742 5170 insultare
2787 5115 2985 5170 homini
3033 5114 3308 5168 videamur
3335 5127 3529 5182 oppro-

1947 5261 2079 5317 etde
2107 5257 2364 5320 omnibus,
2407 5254 2495 5322 qui
2533 5255 2584 5306 in
2623 5253 2757 5306 ctera
2797 5260 3084 5314 censentur,
3139 5253 3317 5306 eadem
3364 5255 3531 5322 [arma

1945 5329 2245 5388 servabitur.
2279 5324 2700 5378 Diaconissarum
2740 5331 2912 5376 autem
2959 5323 3294 5389 meminimus,
3337 5341 3449 5392 qum
3480 5329 3531 5383 in

1944 5402 2110 5474 specie
2139 5399 2472 5451 diaconorum
2500 5396 2880 5474 constituuntur
2911 5408 2928 5445 τ
2963 5409 3080 5474 "0"}
3111 5410 3201 5474 Ῥεῖ
3247 5396 3532 5464 ίηδροείιίο·

1943 5465 2060 5529 nem
2085 5485 2267 5524 manus
2287 5483 2390 5522 non
2418 5476 2534 5519 sunt
2561 5465 2829 5528 ordinatae,
2856 5472 2901 5516 et
2926 5465 3238 5518 omnimodo.
3262 5478 3367 5520 etc.

2023 5542 2263 5597 tGreca
2319 5539 2548 5592 habetur
2600 5537 2738 5597 apud
2784 5537 3062 5589 Socratem
3124 5535 3215 5588 Iih.
3263 5552 3298 5598 l,
3342 5552 3390 5588 c.
3435 5537 3528 5602 l9;

1943 5613 2343 5670 Theodoretum
2391 5609 2426 5662 l.
2475 5623 2509 5678 ιν,
2541 5621 2592 5660 c.
2621 5607 2684 5669 9;
2722 5613 2781 5678 et
2823 5604 3089 5678 Gelasium
3126 5605 3445 5678 Cyzicenutn
3479 5609 3531 5661 in

1955 5684 2182 5740 ilistoria
2216 5680 2427 5736 concilii
2458 5677 2654 5731 Niceni
2701 5676 2792 5728 lib.
2827 5691 2882 5739 ll,
2913 5691 2960 5728 c.
2996 5677 3083 5730 '53.
3129 5675 3313 5729 unum
3359 5682 3533 5732 νει-δίο

1950 5757 2160 5810 diversa
2191 5759 2273 5807 est
2294 5753 2361 5803 ab
2384 5749 2471 5802 illa
2504 5747 2789 5818 Epiphanii
2815 5746 3163 5812 Scholastici,
3193 5763 3315 5816 quae
3343 5748 3532 5818 legitur

1953 5826 2006 5882 in
2031 5824 2343 5893 Tripartita,
2374 5819 2465 5872 lib.
2490 5833 2710 5893 tt,_cap._
2737 5817 2824 5872 12.

2023 5905 2050 5944 s
2077 5887 2263 5953 Graece
2281 5891 2452 5958 δόξαν,
2478 5887 2807 5944 reddendum
2841 5888 3014 5946 fuerat
3042 5889 3354 5963 opinionem.
