3998 6346
416 391 520 455 851
1365 380 1456 441 ΑΒ
1493 375 1724 435 OPERA
1763 374 1823 432 S.
1865 372 2110 432 LEONIS
2149 373 2367 432 MAGNI
2404 374 2770 434 APPENDIX.
3601 381 3703 439 832

420 513 596 570 brium
638 516 862 583 peccato
899 505 1118 576 dignum
1151 511 1429 570 perpesso.
1458 495 1686 551 Tantum
1735 494 2011 563 przrvaluit
2037 498 2090 556 Α
2188 492 2242 550 Si
2274 491 2399 562 quid
2427 507 2556 547 vero
2596 489 2738 546 aliud
2764 498 2847 546 est
2884 490 3161 547 redactum
3203 490 3270 548 ad
3312 491 3590 565 regulam,
3625 512 3685 552 ve

422 607 542 678 ejus
566 606 708 677 impii
733 614 834 670 tas,
865 610 924 657 ut
951 599 1111 655 etiam
1133 612 1253 653 cum
1283 610 1350 651 eo
1380 598 1653 663 pateretur
1676 590 1930 644 Tlteonas
1949 589 2015 645 de
2120 588 2393 642 decretum
2424 587 2774 657 praesentibus
2796 588 2951 644 nobis
2976 602 3098 643 cum
3117 587 3461 658 charissimo,
3482 599 3537 646 et
3557 605 3702 647 com-

425 699 764 761 blarmarica,
789 705 844 750 et
866 693 1143 748 Secundus
1172 690 1239 745 de
1270 684 1638 743 Ptolemaide:
1673 680 1792 737 nain
1834 695 1887 739 et
1917 684 2015 753 ipsi
2120 681 2368 737 ministro
2423 690 2610 737 nostro
2662 680 2996 751 Alexandro,
3053 695 3295 751 presens
3338 683 3457 755 ipse
3507 684 3703 741 referet

425 805 640 862 qunque
670 786 856 843 eadem
898 792 1235 841 meruerunt.
1267 780 1375 836 Sed
1406 778 1660 849 quoniam
1708 775 1801 831 Dei
1848 777 2019 847 gratia
2119 774 2148 815 Β
2176 784 2358 847 utpote
2386 774 2633 830 dominus
2653 788 2717 829 ac
2741 774 2921 831 socius
2944 784 2968 815 ο
2995 781 3261 843 actorum,
3279 788 3401 846 qua
3423 784 3554 833 tunc
3580 784 3705 833 tem«

427 884 513 939 illa
536 881 671 935 tuala
690 879 846 953 [Lege
857 874 1134 949 opinione]
1152 872 1563 945 glorillcatione,
1579 883 1633 927 et
1646 869 2017 941 blasphemiis,
2122 867 2270 939 poris
2297 868 2679 940 ingerebantur
2698 865 2749 920 δ.

424 985 490 1028 ac
519 970 763 1041 personis
785 968 1232 1039 prmumentibus
1258 964 1359 1020 sibi
1379 964 1797 1031 separationem,
1826 971 1880 1018 et
1909 962 2022 1018 ba:-

425 1023 1031 1134 resim—facere,i[Lege
1076 1055 1323 1131 paciﬁco]
1354 1023 1576 1128 paciﬁca
1619 1054 1688 1110 ab
1717 1023 1868 1109 initio
1920 1069 2020 1125 po-

2334 1036 2359 1065 ⁸
2391 1025 2701 1085 CANONES
2735 1024 2982 1084 SYNODI
3021 1023 3495 1085 SARDICENSIS.

2197 1162 2239 1218 i.
2272 1160 2431 1217 Osius
2462 1162 2745 1232 episcOpus
2766 1160 2907 1218 dixit
2938 1178 2954 1217 :
2979 1161 3191 1229 Quanto
3218 1161 3389 1233 magis
3419 1162 3558 1217 mala
3582 1176 3710 1218 con-

428 1156 575 1229 pulo,
624 1154 915 1228 Egyptum
963 1152 1240 1217 liberavit;
1272 1150 1341 1207 de
1388 1149 1691 1205 temeritate
1727 1147 1942 1217 Meletii,
1967 1157 2023 1205 et

426 1250 795 1306 ordinaioﬂim
845 1247 913 1303 ab
947 1262 1035 1314 θον
1073 1259 1195 1318 (lim
1243 1253 1439 1299 εῑδῑυιθ
1481 1249 1627 1310 sum.
1660 1238 1817 1312 [ιεθε
1846 1240 2019 1313 mltis]
2121 1255 2349 1312 suetudo
2372 1254 2749 1311 nocentissima
2777 1264 2861 1310 est
2890 1270 3070 1310 rerum
3091 1254 3461 1325 corruptione.
3483 1255 3554 1310 ab
3574 1255 3702 1317 ipsis

427 1344 616 1414 quovis
645 1344 964 1405 indicamus.
991 1339 1324 1397 dilectissimi
1357 1338 1573 1397 iralros-
2123 1348 2481 1406 fundamentis
2509 1343 2830 1404 eradicanda
2861 1360 2943 1405 est
2970 1365 2986 1403 ε
3016 1356 3075 1404 ut
3102 1349 3235 1404 nulli
3262 1351 3519 1419 episcopo
3550 1350 3707 1406 liceat

501 1436 709 1492 Placuit
736 1436 894 1507 igitur
914 1449 1038 1491 cum
1063 1434 1277 1489 Melelio
1295 1433 1510 1504 quidem
1530 1433 1815 1490 humanius
1840 1445 2018 1502 agere,

2142 1441 2192 1497 le
2220 1442 2434 1497 civitate
2454 1440 2519 1494 ad
2544 1440 2705 1494 aliam
2728 1440 3000 1497 civitatem
3028 1440 3308 1497 transferri
3340 1459 3355 1495 :
3380 1440 3543 1510 hujus
3570 1443 3708 1497 enim

430 1541 622 1588 sancto
649 1530 880 1585 concilio
929 1528 1207 1598 benignius
1234 1536 1502 1582 commoto
1539 1528 1660 1597 (pro
1702 1527 1844 1583 enim
1876 1533 2023 1581 certa
2127 1550 2301 1591 causa»,
2344 1535 2556 1591 occasio
2584 1536 2865 1591 manifesta
2900 1544 3003 1603 est,
3060 1550 3157 1604 per
3185 1550 3347 1606 quam
3372 1535 3539 1609 [ιεῃα
3568 1535 3709 1610 [alia]

432 1628 643 1682 ratione
672 1625 872 1680 nullam
910 1622 1298 1693 indulgentiam
1329 1621 1677 1693 merebatur),
1713 1636 1929 1676 manere
1971 1621 2022 1674 in
2128 1628 2260 1683 tales
2289 1636 2584 1687 tentantur.
2615 1628 2895 1699 Nunquam
2940 1628 3081 1684 enim
3112 1638 3288 1699 potest
3316 1629 3609 1700 episcopus
3631 1646 3712 1686 re-

431 1719 649 1777 civitate
672 1733 790 1788 sua,
815 1717 1123 1788 nullamque
1152 1718 1348 1771 habere
1372 1726 1691 1787 potestatem
1712 1730 1883 1786 neque
1905 1730 2030 1784 pro-
2126 1721 2309 1792 periri,
2344 1722 2434 1792 qui
2463 1722 2532 1779 de
2562 1724 2767 1791 majore
2792 1723 3008 1777 civitate
3037 1722 3103 1777 ad
3136 1723 3398 1778 minorem
3430 1723 3714 1779 transferri

431 1812 693 1880 vehendi,
725 1828 823 1869 nec
853 1811 1134 1867 ordinandi
1157 1812 1465 1881 episcopos,
1496 1811 1683 1867 sit-ein
1718 1809 2023 1878 territoriis,
2128 1817 2360 1873 studeat,
2416 1816 2568 1874 Unde
2608 1824 2852 1887 apparet,
2901 1816 3202 1887 appetionis
3247 1816 3511 1887 ﬂagrante
3558 1815 3717 1871 modo

433 1908 553 1964 sive
582 1907 637 1963 in
666 1906 842 1976 aliqua
885 1907 1100 1962 civitate
1143 1905 1302 1975 hujus
1347 1906 1426 1960 rei
1455 1919 1617 1961 causa
1660 1903 1817 1977 [Lege
1860 1919 2024 1973 appa-
2052 1894 2099 1955 B
2130 1913 2307 1980 peruri
2338 1911 2500 1982 590
2525 1908 2851 1979 hujnsmodi,
2896 1917 2950 1963 et
2973 1908 3241 1977 superbiae
3268 1909 3447 1978 potius
3489 1908 3716 1973 servire,

432 1999 612 2074 rendi]
634 2014 912 2072 apparere.
944 1999 1233 2055 Ordinatos
1259 2012 1391 2053 sane
1419 1998 1487 2053 ab
1517 1998 1657 2068 ipso,
1686 2006 1711 2033 ⁸
1743 1997 1795 2051 in
1827 2011 2026 2051 arcano
2128 2012 2188 2057 tit
2209 2002 2493 2057 videantur
2512 2000 2776 2071 majorem
2801 1999 3079 2069 possidere
3101 2007 3444 2069 potestatem.
3472 2000 3530 2057 Si
3563 2000 3718 2070 igitur

431 2094 770 2153 ordinatione
800 2090 1489 2168 firmata,'commu_nicare,
1522 2094 1625 2147 sub
1650 2091 1748 2145 hac
1776 2090 2029 2147 videlicet

437 2185 765 2251 conditione,
798 2195 854 2241 ut
884 2194 1104 2242 teneant
1134 2184 1373 2255 quidem,
1407 2193 1460 2241 et
1489 2184 1896 2250 administrent;
1944 2198 2030 2239 se-

434 2280 641 2336 cundos
667 2287 847 2336 autem
887 2293 1009 2335 esse
1057 2278 1177 2334 sine
1212 2276 1378 2333 dubio
1407 2279 1668 2347 omnium,
1693 2277 1780 2346 qui
1825 2285 1946 2331 sunt
1976 2276 2029 2332 in

435 2374 707 2445 parochiis
737 2374 864 2429 etin
902 2370 1163 2427 Ecclesiis
1206 2370 1308 2426 sub
1334 2370 1658 2425 charissimo
1705 2378 1760 2425 et
1806 2371 2031 2423 commi-

435 2464 607 2521 nistro
646 2463 996 2521 Alexandro:
1028 2462 1222 2533 quibus
1261 2477 1331 2518 ne
1366 2462 1546 2527 liceat,
1578 2477 1716 2532 quos
1742 2461 2028 2529 voluerint,

431 2555 688 2613 ordinare
719 2556 885 2628 [Lege
908 2565 1000 2611 aut
1031 2552 1269 2625 nomina]
1305 2564 1399 2610 aut
1437 2570 1534 2625 pro
1564 2555 1781 2610 nomine
1806 2555 2031 2623 alicujus

432 2663 745 2721 suggerere,
764 2647 849 2703 vel
869 2648 1090 2702 omnino
1114 2646 1241 2717 quid
1271 2646 1449 2703 facere
1472 2646 1592 2703 sine
1614 2648 1885 2703 voluntate
1912 2648 2030 2716 epi-

434 2745 584 2815 scopi
606 2742 909 2808 cathnlirte,
931 2749 986 2797 et
1006 2741 1323 2811 apostolicae
1346 2739 1624 2796 Ecclesiae.
1648 2741 1747 2807 Qui
1773 2756 1902 2795 vero
1928 2739 2029 2797 sub

432 2836 743 2895 Alexandro
761 2842 907 2901 sunt,
931 2832 1021 2905 qui
1049 2848 1143 2903 per
1172 2833 1268 2888 Dei
1298 2834 1545 2901 gratiam,
1574 2842 1629 2888 et
1659 2843 1870 2889 vestras
1902 2848 2029 2886 ora-

438 2930 613 2986 tiones
644 2930 807 3002 589
838 2928 892 2984 in
920 2928 1065 2982 nullo
1094 2926 1294 2982 delicto
1339 2928 1537 2996 reperti
1565 2934 1713 2989 sunt.
1757 2926 1851 2981 sed
1902 2935 2028 2982 sunt

440 3020 771 3079 immaculati
810 3018 863 3074 in
895 3018 1159 3074 catholica
1198 3026 1252 3073 et
1276 3018 1569 3089 apostolica
1616 3018 1849 3073 Ecclesia
1892 3032 2024 3072 con-

440 3112 650 3176 stituti,
680 3111 912 3167 habeant
958 3119 1275 3180 potestatem
1317 3108 1675 3178 prowhendi,
1717 3109 2028 3165 nominandi

433 3217 491 3265 et
511 3206 741 3279 eligendi
761 3206 952 3278 dignos
965 3204 1133 3272 clero,
1152 3205 1333 3259 omnia
1348 3203 1582 3272 denique
1601 3202 1758 3277 [Lege
1775 3201 2025 3276 faciendi]

2129 2094 2378 2151 omnibus
2409 2094 2511 2149 hoc
2552 2094 2725 2164 placet
2755 2092 2824 2149 de
2852 2092 3051 2148 talibus
3075 2094 3302 2160 evitare,
3330 2092 3579 2148 severius
3608 2092 3720 2147 vin.

2130 2188 2298 2243 dicari
2324 2188 2596 2257 existimo,
2650 2202 2749 2243 nec
2776 2186 3034 2242 laicorum
3065 2196 3317 2257 oportere
3346 2187 3483 2243 tales
3523 2188 3720 2244 habere

2131 2279 2585 2335 communionem.
2610 2278 2809 2333 Omnes
2835 2277 3077 2347 episcopi
3106 2278 3396 2334 dixerunt:
3424 2278 3637 2337 Placet.

2204 2373 2263 2428 li.
2298 2372 2456 2427 Osius
2496 2373 2780 2444 episcopus
2808 2371 2945 2426 dixit
2972 2386 2987 2425 :
3016 2370 3072 2427 Si
3097 2380 3279 2427 autem
3324 2370 3448 2439 quis
3476 2380 3720 2441 repertus

2134 2464 2288 2520 fuerit
2322 2479 2569 2534 vesanus,
2601 2464 2684 2519 vel
2712 2472 2912 2520 temera
2925 2463 3058 2529 rius,
3083 2463 3171 2534 qui
3201 2478 3297 2533 pro
3319 2463 3517 2518 talibus
3537 2463 3721 2521 aderat

2132 2560 2532 2616 excusationem
2568 2555 2588 2595 ί
2627 2573 2976 2626 perseverans
3014 2558 3083 2612 ab
3129 2558 3247 2626 ejus
3288 2556 3488 2626 populo
3521 2556 3722 2613 litteras

2133 2653 2487 2723 adportando,
2516 2660 2723 2708 certum
2764 2652 2908 2706 enim
2942 2658 3025 2707 est
3050 2651 3290 2723 potuisse
3316 2660 3343 2699 Β
3368 2664 3493 2706 eum
3527 2662 3722 2721 paucos

2133 2746 2391 2815 quosdam
2444 2745 2692 2800 mercede
2736 2752 2791 2799 et
2837 2745 3007 2812 pretio
3049 2754 3335 2814 corruptos
3382 2744 3435 2799 in
3472 2741 3722 2799 Ecclesiis

2133 2839 2426 2895 seditiones
2469 2838 2625 2912 [Lege
2653 2836 2891 2910 movere]
2932 2837 3189 2902 movisse,
3241 2852 3348 2892 non
3382 2836 3644 2892 habentes
3672 2834 3721 2890 li-

2133 2935 2253 2990 dem
2303 2934 2594 2999 sinceram,
2650 2942 2901 3001 tanquam
2948 2940 3199 3003 rogantes
3239 2930 3491 2987 eumdem
3525 2931 3721 2987 habere

2133 3026 2466 3103 episcOputu.
2500 3025 2708 3081 Pariter
2742 3024 2907 3094 igitur
2935 3024 3203 3079 versutizis
3245 3031 3301 3078 et
3347 3032 3497 3078 artes
3544 3023 3721 3091 hujus-

2134 3118 2277 3173 tuodi
2308 3117 2663 3187 amputaudas
2711 3124 2856 3184 puto,
2901 3123 2956 3170 et
2984 3116 3120 3171 tales
3166 3129 3233 3169 ne
3278 3115 3332 3169 in
3371 3114 3482 3169 line
3508 3113 3717 3183 quidem

2134 3212 2320 3266 laicam
2364 3225 2572 3266 merere
2601 3211 3052 3265 communionem.
3107 3207 3163 3263 Si
3195 3206 3357 3277 igitur
3401 3207 3582 3276 placet
3608 3206 3721 3261 hinc

436 3275 614 3358 facete
642 3275 936 3357 secundum
977 3300 1174 3369 legem,
1202 3309 1257 3354 et
1294 3298 1537 3353 ordinem
1574 3275 2020 3354 ecclesiasticum.
2049 3275 2096 3338 (ἶ
2129 3297 2431 3360 sententia,
2486 3296 2831 3367 respondete.
2884 3294 2953 3349 Et
3004 3275 3258 3349 dixerunt
3298 3308 3314 3346 :
3363 3275 3534 3347 Recte
3580 3290 3719 3346 dicta

434 3391 492 3449 Si
531 3401 710 3448 autem
751 3392 996 3447 evenerit
1025 3390 1287 3459 quosdam
1334 3391 1613 3461 quiescere
1660 3389 1713 3444 in
1747 3390 2018 3456 Ecclesiis,

436 3490 564 3539 tunc
602 3484 669 3539 ad
721 3484 980 3538 honorem
1016 3483 1275 3537 accedere
1306 3481 1501 3536 mortui
1559 3494 1701 3536 nunc
1745 3490 2023 3550 susceptos

434 3583 661 3639 tantum,
692 3575 734 3629 si
766 3577 888 3645 quis
915 3573 1107 3644 dignus
1135 3573 1401 3640 videatur,
1433 3583 1488 3629 et
1520 3573 1749 3643 populus
1769 3574 2020 3643 voluerit,

432 3667 819 3733 consentiente,
853 3675 909 3722 et
949 3666 1307 3721 confirmante
1356 3664 1655 3730 catholicae,
1702 3675 1756 3721 ct
1802 3675 2021 3736 aposto-

434 3759 553 3816 lica:
580 3759 835 3830 episcopo
866 3757 1217 3814 Alexandria
1246 3758 1525 3815 Ecclesiae.
1557 3759 1669 3815 Hoc
1694 3769 1871 3815 autem
1908 3776 2024 3815 om-

434 3852 592 3910 nibus
634 3850 752 3907 aliis
781 3864 1099 3907 concessum
1141 3859 1244 3909 est.
1285 3850 1418 3907 Nam
1461 3851 1516 3906 itt
1553 3852 1748 3907 Meletii
1794 3867 2020 3922 persona

435 3959 545 4001 non
572 3946 773 4015 placuit
794 3953 1013 4014 propter
1032 3943 1247 3999 insitam
1274 3943 1391 4014 ejus
1420 3943 1704 4009 insaniam,
1729 3954 1784 4000 et
1812 3960 2021 4001 morum

434 4039 816 4109 procacitatem
850 4046 1010 4107 atque
1056 4037 1437 4103 temeritatem,
1461 4052 1567 4108 quo
1599 4036 1746 4090 nulla
1785 4045 2022 4107 potestas

431 4128 770 4185 auctoritatis
792 4127 1118 4184 concedatur
1145 4126 1346 4182 homini
1374 4128 1686 4198 prtevalenti
1717 4127 1781 4182 ad
1805 4128 2022 4184 easdem

433 4220 745 4279 insolentias
776 4219 931 4295 [Lege
955 4219 1235 4289 repedare,
1267 4237 1355 4276 seu
1378 4219 1580 4295 redire]
1606 4222 1865 4293 repelare.
1902 4222 2024 4278 llaec

435 4328 561 4372 sunt
591 4316 879 4387 praecipua,
910 4327 963 4373 et
1009 4318 1332 4387 pertinentia
1357 4318 1424 4375 ad
1463 4316 1777 4389 Egyptutn,
1811 4326 1867 4374 et
1902 4332 2026 4372 san-

435 4418 577 4468 ctatn
601 4411 897 4468 Ecclesiam
925 4411 1289 4469 Alexandriae.

2132 3392 2365 3462 placent.

2200 3481 2226 3520 ιι
2254 3483 2337 3537 lli.
2372 3482 2529 3539 Osius
2555 3482 2841 3551 episcopus
2867 3480 3005 3536 dixit
3038 3498 3052 3535 :
3080 3478 3150 3535 Et
3178 3477 3283 3534 hoc
3311 3476 3436 3532 addi
3464 3490 3721 3533 necessa-

2128 3577 2265 3631 rium
2295 3584 2379 3631 est
2405 3594 2417 3629 :
2443 3589 2512 3631 ne
2538 3576 2659 3645 quis
2688 3573 2973 3645 cpiscopus
2995 3571 3065 3628 de
3085 3571 3356 3643 provincia
3380 3585 3481 3626 sua
3511 3570 3529 3609 ί
3564 3571 3724 3626 ἰηιειι

2128 3669 2364 3739 pellante
2392 3668 2646 3738 episcopo
2674 3667 2740 3723 ad
2770 3667 2930 3723 aliam
2962 3673 3202 3722 transeat
3231 3666 3591 3735 provinciam,
3620 3662 3720 3720 nisi

2128 3761 2316 3817 fortea
2350 3759 2605 3814 fratribus
2646 3759 2759 3816 suis
2800 3764 3055 3825 vocatus;
3106 3772 3174 3814 ne
3210 3756 3497 3814 videamur
3542 3764 3724 3826 portas

2128 3854 2429 3910 dilectionis
2463 3853 2742 3908 clausisse.

2197 3947 2284 4001 IV.
2321 3946 2387 4000 Et
2417 3947 2539 4000 huic
2568 3944 2817 4000 similiter
2846 3943 3258 4015 providendum,
3287 3950 3348 3998 ut
3375 3941 3421 3997 si
3453 3941 3510 3997 in
3535 3940 3718 4013 aliqua

2131 4039 2409 4111 provincia
2439 4039 2725 4109 episcopus
2749 4037 2868 4107 quis
2896 4036 3154 4091 adversus
3192 4050 3351 4090 suum
3380 4034 3637 4101 fratrem,
3666 4040 3718 4090 et

2128 4133 2505 4203 coepiscopum
2532 4128 2726 4187 habeat
2753 4145 2993 4198 causam,
3016 4129 3195 4186 nullus
3217 4129 3284 4184 de
3302 4128 3405 4183 alia
3434 4128 3712 4198 provincia

2129 4226 2329 4280 arbiter
2358 4223 2687 4293 requiratur.

2201 4320 2260 4374 γ.
2299 4318 2355 4375 Si
2386 4327 2565 4372 autem
2608 4317 2729 4386 quis
2776 4317 3061 4387 episcopus
3105 4314 3158 4369 in
3202 4313 3384 4384 aliquo
3429 4312 3722 4391 damnatur

2130 4410 2367 4484 negotio,
2395 4418 2453 4465 et
2478 4416 2712 4466 aestimat
2733 4424 2794 4467 se
2818 4408 3026 4465 firmam
3053 4421 3270 4463 causam
3297 4405 3524 4474 habere,
3556 4414 3617 4460 ut
3635 4405 3720 4475 ju-

507 4579 534 4607 ι
556 4568 739 4625 Melius
762 4570 1043 4640 Epiphanii
1071 4571 1248 4627 versio
1267 4569 1481 4641 mystica
1501 4570 1823 4641 ordinatione
1848 4569 2027 4637 ﬁrma-
2052 4569 2104 4630 D
2129 4566 2264 4623 ordo
2290 4565 2360 4620 sit
2388 4564 2441 4641 in
2458 4562 2669 4641 Latino.
2704 4560 2869 4616 Iidem
2901 4572 3371 4641 quoque_canones
3400 4558 3453 4613 in
3478 4557 3583 4615 bac
3602 4575 3719 4615 ver-

437 4651 513 4697 to:
534 4656 555 4695 :
584 4640 653 4695 de
672 4656 777 4709 quo
817 4643 936 4695 Vide
963 4650 1074 4697 not.
1116 4643 1196 4705 14,
1230 4642 1282 4695 in
1307 4640 1723 4695 Observationes
1748 4640 2021 4708 Quesuelli

438 4711 515 4782 ad,
537 4714 694 4782 rpist.
731 4714 828 4766 167
854 4715 910 4765 5.
942 4711 1133 4766 Leonis
1163 4713 1226 4765 ad
1258 4712 1533 4767 Rusticum
1567 4722 1695 4766 tum.
1725 4710 1784 4765 ll.

505 4781 532 4823 ³³
559 4781 690 4838 Lnd.
715 4783 990 4846 niendOse,
1013 4794 1065 4836 ut
1086 4791 1246 4854 potest
1263 4798 1358 4853 pro
1373 4792 1572 4853 utpote.
1590 4784 1710 4838 Mox
1734 4796 1829 4852 pro
1849 4781 2019 4836 domi-

436 4871 531 4910 mis
561 4856 751 4909 melius
785 4855 1110 4921 Epiphanius
1141 4865 1339 4909 auctor.

509 4936 531 4964 ο
565 4928 718 4987 tlotl..
767 4928 1061 4990 actitarum,
1114 4926 1274 4979 male.
1320 4924 1668 4980 Correximus
1690 4934 1919 4979 actorum
1963 4930 2019 4979 et

509 5012 802 5048 IDIEVIIIIIIS
827 5012 962 5048 ante.

435 4998 802 5065 suiiplevitnus
827 5012 962 5066 quw.

505 5066 531 5105 ἀ
563 5068 781 5123 (ἱνωρυδ
838 5078 1014 5121 textus
1063 5076 1118 5122 et
1156 5066 1333 5120 versio
1363 5065 1643 5134 Epiphanii
1692 5066 1893 5120 addunt
1922 5080 2019 5120 uo-

435 5139 605 5192 tilitmt
637 5141 835 5194 decreti
864 5137 932 5192 de
953 5139 1038 5191 die
1054 5138 1330 5192 Paschalis
1353 5138 1675 5192 ttttanttltiler
1696 5138 2019 5192 celebrando

434 5224 556 5263 cum
579 5214 740 5263 tutius
768 5208 1007 5278 epistola
1030 5209 1293 5265 clausula.
1324 5208 1381 5265 Si
1423 5222 1549 5263 vero
1589 5208 1675 5261 ltic
1703 5207 1943 5263 defectus
1966 5211 2016 5261 in

436 5295 617 5335 nostra
648 5282 893 5335 versione
919 5279 1197 5349 interpreti
1233 5282 1373 5334 haud
1401 5281 1715 5334 tribuendus
1743 5280 2014 5345 credatur,

433 5350 719 5406 dicendum
750 5352 853 5404 erit
881 5352 932 5404 in
949 5348 1137 5407 Graeco
1155 5351 1361 5413 codice,
1386 5367 1490 5420 qun
1517 5349 1606 5404 ille
1626 5365 1753 5403 usus
1771 5357 1876 5414 est,
1898 5363 2017 5404 eam

437 5429 640 5475 tantum
670 5431 875 5492 partem
904 5421 1145 5490 epistola:
1183 5421 1347 5476 fuisse
1388 5421 1729 5485 descriptam,
1777 5434 1899 5492 qua:
1938 5420 2009 5475 ad

435 5490 850 5547 Alexandrinam
877 5493 1167 5548 Ecclesia":
1200 5494 1537 5562 peculiariter
1564 5490 1884 5560 pertinebat.

510 5571 533 5599 ε
559 5563 758 5617 Horum
788 5578 1052 5618 canonunt
1083 5558 1262 5618 versio
1286 5578 1351 5618 ex
1380 5558 1575 5617 Graeco
1592 5573 1675 5617 est
1700 5578 1713 5616 τ
1742 5576 1862 5614 cum
1893 5558 2013 5616 aliae

437 5630 700 5688 editiones
745 5636 798 5689 in
828 5634 1033 5690 Latinis
1062 5633 1335 5690 codicibus
1384 5634 1635 5689 exhibita:
1676 5633 1783 5688 sint
1812 5647 1875 5686 ex
1906 5632 2016 5686 ori-

475 5701 603 5776 i_nali
652 5704 875 5772 Latino,
923 5707 1065 5776 quod
1110 5706 1179 5759 ab
1223 5705 1465 5775 originali
1508 5702 1697 5776 Graeco
1739 5701 2013 5776 diversum

466 5772 645 5830 Tract.
678 5784 818 5845 part.
839 5791 881 5840 ι,
911 5772 961 5832 οξ
999 5776 1054 5845 5)
1081 5775 1207 5846 alibi
1232 5772 1482 5846 vidimus.
1514 5774 1659 5830 Idem
1687 5773 2014 5846 quidemest

546 5844 974 5903 rum'canonum
1020 5844 1155 5903 crdo
1198 5844 1337 5903 sicut
1383 5846 1437 5903 in
1467 5846 1675 5918 Graeco,
1702 5844 1842 5902 'cum
1877 5844 2011 5902 alius

2128 4644 2301 4700 sione,
2352 4636 2440 4705 qtti
2491 4634 2545 4688 in
2591 4633 2819 4705 Graeco,
2852 4647 2973 4687 cum
3017 4632 3069 4685 in
3116 4630 3304 4685 Latino
3331 4631 3439 4705 duo
3477 4644 3717 4686 canones

2127 4699 2298 4764 Graeci
2344 4699 2542 4761 desint.
2591 4705 2647 4759 Id
2701 4703 2914 4758 tandem
2956 4705 3225 4769 peculiare
3268 4699 3490 4770 praefert
3528 4714 3713 4756 nostra

2126 4781 2305 4837 versio
2324 4778 2465 4843 quod
2494 4790 2753 4830 canouem
2787 4774 2847 4829 l9
2870 4768 3214 4842 incipientem
3238 4768 3714 4827 a‘vocelanaariaa

2124 4853 2177 4907 in
2211 4869 2310 4905 me.
2345 4849 2533 4902 (inero
2556 4851 2623 4902 ab
2644 4851 2864 4915 antiquo
2898 4847 3191 4912 interprete
3223 4843 3498 4915 inventum
3531 4843 3709 4915 docet,

2124 4926 2210 4992 qui
2247 4938 2299 4975 in
2325 4919 2527 4992 Gra-cis
2568 4914 2830 4992 omnibus
2863 4915 3260 4992 exemplaribus
3306 4914 3567 4968 hactenus
3598 4914 3715 4992 vui-

2122 4986 2258 5060 gatis
2305 5007 2412 5045 nun
2458 4990 2745 5045 invenitur.
2797 4988 2950 5055 Quod
2992 4990 3042 5060 si
3062 5000 3328 5054 canonum
3370 5000 3632 5060 numerus
3658 4986 3709 5060 in

2124 5054 2223 5119 iiac
2253 5063 2501 5119 versione
2529 5072 2754 5131 augetur
2783 5054 2950 5131 usque
2980 5056 3045 5111 ad
3076 5071 3356 5131 numerum
3485 5054 3535 5108 id
3567 5059 3709 5131 accij

2122 5136 2201 5190 dit
2222 5137 2292 5190 ob
2325 5125 2660 5203 partitionem
2689 5125 3024 5203 arbitrarium
3052 5128 3208 5187 unius
3250 5125 3471 5181 canonis
3507 5125 3708 5197 vulgati

2124 5206 2179 5262 in
2204 5202 2333 5269 tres,
2364 5213 2420 5259 et
2442 5204 2667 5260 alterius
2698 5204 2749 5256 in
2778 5202 2934 5256 duos.

2199 5277 2218 5316 ί
2248 5266 2455 5334 Clarius
2505 5291 2569 5330 et
2617 5274 2805 5330 Graeco
2852 5269 3046 5329 reddes
3077 5286 3092 5325 :
3118 5269 3425 5326 adseram
3450 5284 3487 5323 α
3514 5266 3708 5340 populo

2121 5350 2352 5419 ipsorum
2380 5344 2563 5419 allatas
2591 5360 2700 5419 esse
2725 5344 2940 5399 litteras.

2198 5430 2222 5467 ε
2255 5418 2387 5473 Eum
2409 5418 2692 5472 redundat.

2194 5487 2223 5527 ii
2252 5489 2311 5544 In
2336 5490 2510 5549 Graec.
2534 5488 2623 5550 Ill,
2647 5486 2997 5542 cum'duobus
3026 5500 3178 5556 seqq.

2200 5501 2223 5527 ιι
2252 5501 2311 5544 tn
2336 5501 2510 5549 Graec.
2534 5501 2623 5550 tu,
2647 5502 2767 5541 cum
2790 5501 2997 5542 uuoous
3026 5501 3178 5611 segq.

2200 5559 2216 5598 ί
2247 5560 2418 5616 Voces
2447 5558 2802 5627 interpellante
2826 5558 3064 5626 episcopo
3136 5569 3336 5613 meum
3360 5562 3585 5627 textum,
3605 5554 3704 5627 mi-

2122 5646 2222 5687 nus
2244 5625 2628 5699 assequuntur;
2652 5645 2716 5686 ex
2733 5645 2840 5701 quo
2862 5629 2942 5701 sic
2964 5628 3299 5701 reddendum
3326 5644 3341 5681 :
3362 5628 3426 5683 de
3442 5625 3704 5701 praeiacta

2121 5719 2216 5757 sua
2241 5705 2310 5756 ad
2334 5695 2489 5756 aliam
2512 5695 2739 5759 transeat
2751 5695 3098 5773 provinciam,
3114 5700 3172 5755 in
3193 5716 3295 5771 qua
3312 5708 3431 5755 sunt
3444 5695 3697 5768 episcopi,

2120 5774 2220 5829 nisi
2244 5774 2395 5846 forte,
2418 5781 2523 5831 etc.
