3998 6346
351 312 450 378 335

674 306 900 375 VETUS
937 303 1263 376 CANONUM
1301 314 1578 389 NIGER,
1625 313 1828 375 SARD.
1874 311 1962 372 ΕΤ
2002 313 2348 377 CllALCED.
2389 308 2950 379 iNTERPRE’l‘ATIO
2986 317 3261 380 LATINA.

3513 306 3625 382 834

349 439 542 497 dicium
568 447 881 508 renovetur,
908 438 953 497 si
980 438 1155 509 placet
1173 451 1372 499 vestra
1387 435 1935 509 dilectioni,apostoli
1962 436 2015 501 Α
2044 452 2190 505 eum,
2248 439 2339 511 qui
2387 441 2668 509 remansit,
2713 457 2808 515 per
2853 440 3057 497 litteras
3109 435 3352 508 primatis
3384 434 3625 510 episcopi

348 528 487 589 Petri
516 530 780 589 honorate
809 532 1149 603 memoriam,
1192 543 1248 592 et
1291 535 1555 591 scribatur
1591 533 1661 590 ab
1690 531 1795 599 bis,
1834 529 1928 602 qui

344 625 712 699 iudicaverunt
743 626 795 701 [⁸
823 636 881 686 et
908 642 1171 685 canonem
1211 629 1446 685 damnati
1490 623 1748 700 episcopi]
1782 624 1928 683 Julio

343 719 596 791 Episcopo
624 721 811 775 Romae
830 718 858 759 δ
883 737 979 794 per
1004 721 1210 779 vicinos
1231 720 1513 793 episcopos
1540 720 1848 793 provincize.
1872 724 1929 774 et

341 813 384 868 si
414 823 632 882 Oportet
674 813 921 871 innovari
947 816 1228 886 judicium,
1262 828 1573 883 renovetur,
1607 826 1663 874 et
1686 813 1923 885 judicem

342 906 454 974 ipse
486 906 768 977 praebebit.
822 908 889 964 Et
917 910 963 965 si
991 925 1097 967 non
1132 913 1370 982 potuerit
1396 912 1466 967 ibi
1495 910 1712 977 adesse.
1740 921 1793 966 et
1820 911 1927 967 tale

341 994 502 1051 fuerit
530 996 649 1066 ejus
678 998 973 1070 negotium,
1019 1007 1077 1057 ut
1118 1000 1315 1058 iterum
1344 1011 1631 1058 renovetur
1658 1002 1815 1074 591
1842 999 1927 1070 ju-

341 1088 558 1157 dicium,
578 1091 747 1147 semel
766 1092 1007 1163 judicata
1029 1106 1138 1150 non
1164 1092 1408 1163 dissolvi,
1433 1108 1554 1165 qua:
1582 1106 1757 1149 autem
1779 1102 1922 1160 sunt,

340 1192 593 1238 maneant
620 1184 794 1239 firma.

415 1283 438 1312 ο
470 1272 561 1329 Vl.
593 1271 922 1334 Gaudentius
965 1276 1250 1349 episcopus
1278 1276 1415 1349 dixit
1452 1293 1467 1333 :
1499 1276 1555 1335 Si
1598 1277 1801 1348 placet,
1833 1293 1927 1333 ne-

338 1366 634 1421 cessarium
664 1382 787 1423 esse
816 1366 941 1425 huic
970 1370 1093 1425 addi
1122 1371 1428 1438 sententiae,
1471 1386 1629 1441 quam
1661 1385 1844 1425 veram
1874 1379 1929 1426 et

337 1454 608 1513 charitate
651 1456 862 1527 plenam
896 1461 1093 1527 tulisti;
1122 1470 1183 1516 ut
1212 1462 1255 1517 si
1291 1462 1426 1529 quis.
1444 1464 1728 1532 episcopus
1766 1461 1928 1516 fuerit

338 1549 619 1618 depositus
647 1551 754 1628 [Ex
771 1552 948 1610 Graeco
969 1552 1194 1629 judicio]
1212 1558 1495 1626 prmsentia
1528 1556 1925 1627 episc0p0rum,

336 1647 431 1716 qui
480 1647 639 1701 vicini
680 1657 826 1717 sunt,
876 1656 932 1703 et
965 1646 1119 1720 [Lege
1147 1647 1364 1721 dixerit]
1402 1651 1650 1705 dixerunt
1680 1664 1741 1705 se
1770 1663 1928 1719 nego-

334 1739 473 1795 tium
504 1740 867 1796 excusationis
899 1742 1127 1808 liabere;
1153 1758 1258 1799 non
1287 1744 1433 1812 prius
1462 1744 1513 1799 in
1541 1742 1656 1813 ejus
1670 1741 1927 1798 cathedra

2034 530 2347 602 provinciae,
2392 531 2493 589 hoc
2521 545 2603 591 est
2634 533 3029 604 metropolitani
3068 529 3428 598 commoneri,
3475 528 3621 601 quod

2035 626 2261 696 populus
2303 631 2438 698 petit
2462 628 2563 701 sibi
2606 636 2878 701 pastorem
2926 626 3081 683 dari:
3112 623 3321 681 aestimo
3367 630 3621 695 oportere

2036 715 2178 773 hunc
2207 697 2545 789 exspectare,
2574 697 2633 775 ut
2657 718 2857 787 veniat,
2890 725 2946 776 et
2973 732 3094 774 cum
3114 731 3181 774 eo
3205 714 3299 770 flat
3326 713 3617 770 ordinatio.

2031 809 2085 865 Si
2116 820 2297 867 autem
2330 828 2503 883 neque
2534 828 2626 884 per
2652 813 2863 870 litteras
2908 821 3129 885 rogatus
3164 810 3465 877 advenerit,
3518 823 3617 864 nec

2030 902 2340 974 scripserit;
2363 906 2610 962 satisfieri
2641 906 2820 978 p0puli
2844 905 3107 962 voluntati
3122 904 3304 971 debet,
3321 913 3378 960 et
3392 898 3620 958 vocandi

2030 1008 2155 1052 sunt
2191 997 2257 1052 de
2289 998 2463 1053 vicina
2504 997 2778 1070 provincia
2824 998 3063 1071 episcopi
3111 1000 3178 1055 ad
3220 995 3616 1055 ordinationem

2031 1091 2430 1159 episcOporum.

2103 1182 2194 1237 IX.
2228 1183 2342 1237 Non
2369 1182 2529 1239 licere
2558 1194 2734 1239 autem
2766 1184 3078 1255 episcopum
3125 1182 3440 1256 simpliciter
3464 1178 3616 1237 ordi-

2008 1277 2147 1359 inari
2198 1277 2251 1332 in
2282 1280 2421 1342 vico,
2467 1282 2547 1333 vel
2589 1279 2819 1348 quadam
2857 1279 3043 1342 exigua
3074 1278 3232 1351 592
3262 1281 3496 1335 civitate.
3529 1273 3616 1331 cui

2028 1372 2225 1429 sufficit
2245 1375 2406 1428 etiam
2437 1389 2571 1428 unus
2598 1376 2745 1428 solus
2773 1373 3077 1444 presbyter.
3098 1372 3205 1429 Nec
3222 1371 3365 1427 enim
3393 1381 3618 1425 necesse

2030 1472 2113 1520 est
2163 1462 2231 1518 ibi
2277 1466 2589 1534 episcopum
2640 1466 2914 1528 ordinare,
2966 1482 3035 1520 ne
3082 1462 3484 1534 contemptibile
3526 1460 3620 1514 fiat

2031 1556 2269 1629 epi3c0pi
2319 1574 2539 1627 nomen,
2586 1571 2642 1614 et
2682 1562 2994 1615 auctoritas.
3030 1559 3160 1623 Sed,
3206 1558 3343 1613 sicut
3370 1553 3617 1627 prmdixi,

2031 1650 2266 1719 episcopi
2296 1652 2485 1706 vicinm
2514 1652 2801 1719 provincia:
2844 1654 2897 1707 in
2945 1652 3008 1706 ἰῆς
3041 1649 3342 1706 civitatibus
3365 1646 3619 1703 ordinare

2031 1739 2231 1795 debent
2251 1741 2559 1813 epis’cnpos,
2590 1742 2641 1796 in
2668 1744 2861 1813 quibus
2887 1744 3034 1813 prius
3063 1741 3335 1797 constituti
3367 1739 3621 1794 videban-

334 1833 503 1889 alium
544 1834 801 1905 ordinari,
849 1834 949 1890 nisi
996 1836 1143 1905 prius
1175 1835 1363 1891 Romae
1391 1838 1677 1908 episcopus
1716 1834 1787 1891 de
1825 1835 1927 1891 hoc
1956 1825 2008 1888 B
2036 1840 2142 1888 tur.
2186 1833 2240 1889 Si
2281 1844 2460 1890 autem
2494 1837 2797 1904 reperiatur
2832 1835 3078 1906 quaedam
3121 1833 3308 1889 civitas
3340 1830 3619 1887 abundans

334 1940 670 1997 cognoscens
701 1926 991 1982 terminum
1020 1927 1354 1997 imposuerit.

410 2018 439 2055 ά
467 2017 582 2075 Vll.
623 2018 781 2075 Osius
826 2020 1115 2091 episcopus
1164 2021 1302 2077 dixit
1331 2038 1346 2077 :
1373 2022 1576 2087 Placet,
1622 2030 1683 2078 ut
1726 2022 1773 2079 si
1809 2021 1931 2093 quis

332 2111 623 2181 episcopus
649 2113 937 2183 appetitus,
983 2114 1065 2169 vel
1095 2124 1379 2171 accusatus
1409 2115 1591 2182 fuerit,
1636 2123 1692 2172 et
1717 2113 1929 2172 collecti

332 2202 577 2274 episcopi
601 2203 786 2261 ﬁnium
810 2220 1032 2261 suorum
1054 2221 1177 2263 eum
1205 2207 1371 2276 gradu
1388 2207 1704 2277 dejecerint,
1728 2217 1782 2264 et
1801 2223 1930 2263 con-

332 2294 535 2366 fugerit
582 2296 648 2351 ad
703 2298 1141 2367 provocationem
1192 2301 1333 2356 beati
1383 2302 1623 2370 episcOpi
1672 2300 1929 2357 Romana:

331 2386 619 2460 Ecclesiae,
650 2389 807 2464 [Lege
834 2389 909 2465 et]
939 2392 1021 2448 vel
1046 2393 1377 2461 acquieverit
1400 2409 1520 2450 eum
1548 2394 1739 2461 audiri,
1769 2405 1817 2449 et
1842 2393 1931 2464 ju-

330 2493 481 2539 stum
521 2487 785 2555 putaverit
827 2487 1077 2542 renovari
1118 2487 1381 2557 judicium
1414 2490 1512 2555 rei,
1548 2487 1788 2543 scribere
1815 2488 1928 2557 epi-

331 2578 519 2650 scapis
566 2579 866 2651 dignabitur
934 2580 1090 2655 [Lege
1137 2580 1471 2653 propinquis]
1527 2580 1927 2652 providentibus

329 2672 660 2742 provinciae,
712 2686 819 2743 quo
866 2672 963 2742 ipsi
1010 2672 1316 2743 diligentius
1355 2689 1477 2728 cum
1514 2674 1926 2743 scrupulositate

330 2762 544 2834 singula
581 2773 908 2827 sr-ruteutur,
955 2773 1010 2820 et
1051 2766 1346 2821 secundum
1385 2766 1625 2821 veritatis
1669 2765 1825 2821 fidem
1859 2766 1927 2821 de

328 2854 553 2926 negotio
580 2855 856 2926 proferant
879 2856 1226 2911 sententiam.
1254 2856 1311 2912 Si
1336 2873 1464 2913 vero
1482 2858 1808 2928 quisiterum
1834 2872 1928 2927 pe-

328 2946 483 3004 tierit
508 2947 686 3003 denuo
714 2963 867 3004 suum
898 2950 1067 3004 audiri
1096 2949 1388 3021 negntium,
1418 2960 1471 3007 et
1500 2965 1594 3021 per
1624 2949 1760 3004 lianc
1791 2950 1928 3019 peti-

329 3040 536 3097 tionem
586 3039 883 3097 Romanum
926 3042 1238 3112 episcopum
1282 3040 1538 3109 moverit;
1589 3052 1612 3079 ε
1643 3042 1711 3098 de
1755 3042 1934 3098 latere

330 3146 465 3188 suos
496 3133 839 3206 presbyteros
866 3134 1181 3203 destinabit,
1204 3144 1261 3189 ut
1286 3134 1355 3189 sit
1384 3136 1662 3205 potestatis
1683 3134 1922 3204 ejusdem

332 3224 600 3295 episcopi,
629 3223 773 3295 quod
800 3225 1147 3280 aestimaverit
1172 3240 1315 3282 esse.
1336 3226 1401 3280 Et
1427 3227 1471 3281 si
1488 3225 1737 3281 statuerit
1760 3240 1921 3296 opor-
1948 3207 1994 3272 C

327 3323 449 3370 tere
492 3316 662 3381 mitti,
712 3314 804 3387 qui
853 3316 1107 3373 destinati
1147 3334 1267 3373 cum
1312 3319 1577 3388 episcopis
1630 3319 1918 3388 judicaturi

326 3412 480 3469 sunt,
498 3404 729 3461 habeant
746 3407 1122 3464 auctoritatem
1151 3409 1287 3477 ejus,
1312 3425 1339 3462 a
1362 3425 1467 3480 quo
1491 3410 1741 3465 destinati
1769 3420 1916 3467 sunt.

325 3497 477 3555 Sane
498 3508 553 3554 et
579 3498 679 3554 hoc
706 3508 935 3570 ponatur
954 3500 1005 3556 in
1031 3503 1267 3575 episcOpi
1300 3513 1581 3573 potestate.
1604 3504 1669 3559 Et
1697 3507 1741 3560 si
1764 3512 1918 3575 puta-

325 3592 469 3648 verit
506 3591 750 3648 sufficere
788 3593 856 3650 ad
880 3609 1059 3650 causa:
1086 3597 1471 3665 cognitionem.
1511 3608 1565 3654 et
1595 3599 1915 3653 sententiam

326 3682 710 3754 proferendam
739 3683 899 3757 [Lege
919 3685 1226 3761 episcopos]
1272 3689 1544 3761 episcopo,
1586 3690 1748 3747 faciat
1771 3692 1917 3764 quod

323 3778 446 3849 ejus
467 3777 667 3833 sederit
698 3779 1017 3847 prudentia).

405 3866 427 3909 ί
462 3868 595 3925 VIII.
628 3870 787 3926 Osius
822 3871 1109 3941 cpiscopus
1145 3870 1279 3927 dixit
1306 3889 1321 3927 :
1349 3871 1406 3929 Si
1446 3873 1686 3930 evenerit
1728 3875 1780 3932 in
1811 3891 1918 3933 una

323 3961 624 4034 provincia,
675 3962 726 4017 in
758 3978 861 4034 qua
882 3964 1073 4043 plures
1115 3975 1241 4020 sunt
1281 3966 1519 4038 episcopi
1549 3978 1573 4016 8
1604 3969 1912 4041 ordinandi,

322 4069 492 4112 unum
519 4056 829 4127 episcopum
850 4073 1161 4126 remanere,
1204 4072 1258 4115 et
1299 4062 1382 4115 hic
1408 4064 1478 4118 ob
1504 4064 1790 4133 quamdam
1822 4082 1918 4121 ue-

322 4149 635 4221 gligeutiam
665 4148 896 4206 noluerit
921 4154 1231 4218 convenire,
1262 4163 1315 4208 et
1344 4152 1567 4227 [Supple
1589 4158 1917 4231 consentire]

323 4242 651 4297 ordinationi
696 4245 1104 4313 cpisc0porum;
1162 4246 1314 4315 plebs
1360 4259 1539 4304 autem
1593 4254 1919 4308 conveniens

324 4343 482 4406 roget
526 4334 641 4390 fieri
687 4335 1081 4393 ordinationem
1132 4340 1410 4411 episcopi:
1444 4344 1673 4411 primum
1704 4357 1921 4417 oportet

396 4456 623 4529 eVoces
651 4458 804 4529 uncis
842 4458 1063 4516 inclusas
1092 4477 1193 4519 nec
1231 4461 1285 4517 in
1316 4462 1527 4529 Graeco,
1576 4480 1675 4521 nec
1719 4468 1771 4522 in
1799 4469 1911 4526 ullo

320 4526 517 4584 Latino
546 4528 794 4607 exemplo
818 4532 1091 4607 leguntur,
1117 4545 1441 4605 senSuunjue
1470 4526 1780 4607 perturbant
1808 4558 1821 4594 :
1847 4557 1912 4597 ac

321 4609 606 4671 propterea
635 4600 899 4656 delendae.

394 4669 635 4751 PLocus
675 4686 953 4751 perperam
1000 4674 1267 4751 redditus.
1312 4677 1423 4732 Nisi
1473 4680 1651 4743 legere
1700 4682 1912 4751 placeat

321 4741 399 4795 vel
425 4758 517 4814 per
542 4744 731 4826 piciuos
750 4746 1013 4826 episcopos
1043 4741 1579 4826 propincitﬁsuliaudi
1606 4741 1906 4826 scribatur),

324 4814 778 4892 quemadmodum
811 4814 1053 4892 Latinum
1083 4814 1349 4888 originale
1371 4822 1662 4892 editionum
1716 4814 1907 4892 prisca;

324 4894 379 4938 et
409 4883 715 4961 lsidoriana:
759 4890 1017 4956 suggerit,
1070 4883 1394 4945 non'autr-m
1435 4891 1651 4948 Cra-cus
1701 4883 1905 4961 textus;

323 4959 698 5033 corrigendum
724 4968 828 5033 erit
853 4974 931 5011 sic
955 4977 968 5011 :
995 4972 1041 5013 et
1071 4976 1161 5029 per
1183 4963 1374 5017 vicinos
1405 4966 1676 5027 provincia:
1705 4959 1909 5033 episco4

322 5042 435 5108 pos,
462 5028 507 5081 si
535 5030 993 5109 oportethinnovuri
1012 5028 1293 5102 judicium,
1322 5044 1685 5109 rrnovetur,ret
1704 5028 1909 5109 judices

320 5098 431 5164 ipse
452 5098 695 5183 prtebeat.
808 5109 980 5155 autem
1005 5098 1108 5156 non
1129 5114 1293 5183 potest
1318 5110 1529 5183 probare
1549 5108 1653 5162 tale
1671 5098 1780 5183 eise
1799 5113 1910 5183 ejus

321 5170 597 5237 negotium,
620 5182 697 5250 “ut
736 5171 921 5250 iterum
946 5170 1214 5250 reuocetur
1247 5177 1529 5247 judicium.
1573 5177 1730 5233 semel
1758 5170 1910 5250 ju'di-

320 5250 560 5379 gt'gauon
595 5242 961 5315 dissolvantur,
994 5248 1085 5302 sed
1111 5261 1226 5318 quae
1247 5242 1646 5322 suntjudicata,
1674 5242 1909 5308 maneant

392 5392 415 5420 ι
442 5382 499 5437 in
530 5382 707 5441 Graec.
737 5382 826 5443 iV.

390 5449 415 5491 δ
445 5452 623 5513 Graec.
650 5455 714 5511 ν.

390 5533 416 5563 ο
440 5525 629 5608 Melius
654 5542 720 5608 ex
744 5529 937 5608 Graeco
960 5532 1269 5604 legendum,
1312 5546 1369 5591 ut
1410 5535 1474 5590 de
1494 5536 1654 5593 latere
1675 5552 1769 5594 suo
1792 5554 1907 5608 pre-

314 5591 542 5683 sbyteros
564 5598 802 5683 destinet,
828 5603 895 5657 sit
918 5607 973 5683 in
995 5591 1240 5674 pvotestate
1252 5591 1491 5681 ejusdem
1511 5591 1759 5681 episcopi
1771 5591 1908 5682 listed

312 5677 513 5724 rectum
535 5686 653 5736 esse,
670 5677 1017 5735 restimaverit.

387 5736 414 5781 ί
444 5739 619 5798 Graec.
643 5742 731 5799 Vl.
964 5768 973 5777 -

388 5816 418 5861 ι
444 5808 559 5870 Hoc
585 5818 806 5878 verbum
841 5826 1123 5884 ordinandi
1154 5841 1251 5884 nec
1281 5824 1334 5883 in
1366 5823 1486 5886 aliis
1507 5822 1903 5897 exemplaribus

2034 1925 2254 1996 populo,
2298 1935 2358 1981 ut
2385 1927 2541 1997 digna
2573 1927 2821 1981 videatur
2851 1928 3053 1983 trahere
3098 1924 3433 1997 episcopum,
3480 1921 3622 1978 acci-

2033 2020 2167 2090 piat.
2198 2020 2253 2075 Si
2284 2018 2386 2074 ltoc
2414 2020 2660 2075 omnibus
2690 2019 2866 2089 placet
2892 2016 2943 2073 ιι.

2112 2111 2130 2150 ί
2164 2111 2228 2168 Χ.
2266 2115 2420 2167 Osius
2465 2115 2749 2183 cpiscopus
2776 2113 2910 2167 dixit
2952 2130 2966 2169 :
3007 2112 3385 2182 importunitas
3414 2118 3621 2176 nostra,

2036 2218 2091 2263 et
2117 2206 2477 2277 frequentatio
2505 2206 2663 2280 [Lege
2686 2218 2737 2263 et
2763 2221 2951 2277 preces
2980 2203 3214 2279 injustm]
3239 2207 3399 2262 etiam
3440 2202 3621 2274 injusti

2034 2298 2301 2365 fecerunt,
2332 2316 2431 2354 nos
2460 2301 2654 2355 merito
2702 2315 2806 2355 non
2833 2309 3031 2355 tantam
3066 2299 3263 2355 habere
3291 2302 3537 2369 gratiam.
3564 2305 3622 2354 et

2034 2392 2437 2459 confidentiam,
2471 2404 2726 2464 quantam
2758 2393 3120 2449 debueramus
3163 2392 3379 2447 habere.
3434 2392 3621 2445 Plures

2033 2486 2179 2543 enim
2213 2487 2591 2556 episcoporum
2642 2502 2749 2542 non
2798 2486 3158 2541 intermittunt
3200 2485 3265 2539 ad
3310 2485 3621 2539 comitatum

2032 2580 2334 2647 venientes,
2386 2595 2449 2635 ac
2502 2581 2771 2651 praecipue
2816 2580 2952 2645 Afri,
3003 2583 3114 2648 qui,
3148 2588 3205 2634 ut
3248 2580 3621 2648 cognovimus,

2033 2671 2217 2726 fratris
2245 2672 2613 2739 dilectissimi,
2647 2682 2701 2728 et
2725 2672 3079 2729 comministri
3110 2676 3274 2727 nostri
3308 2670 3456 2726 Grati
3498 2684 3623 2724 sua-

2031 2766 2216 2821 siones
2242 2764 2489 2821 salubres
2517 2782 2622 2820 non
2654 2766 2975 2835 suscipiunt,
3017 2764 3113 2819 scd
3140 2772 3519 2826 contemnunt;
3552 2761 3623 2815 ita

2035 2868 2094 2914 ut
2123 2872 2260 2912 unus
2293 2860 2454 2911 homo
2484 2860 2534 2912 in
2576 2856 2835 2912 comitatu
2869 2856 3145 2923 plurimas,
3190 2869 3253 2908 ac
3279 2853 3540 2911 diversas.
3570 2860 3623 2906 et

2036 2950 2168 3005 nihil
2208 2950 2275 3005 ad
2306 2951 2589 3006 utilitatem
2638 2950 2979 3018 proficientes
3028 2947 3385 3003 Ecclesiarum
3437 2958 3622 3013 preces

2032 3042 2300 3110 adportet,
2334 3059 2427 3111 per
2456 3059 2589 3114 quas
2622 3042 2696 3113 (et
2727 3041 3175 3109 quemadmodum
3204 3039 3366 3095 debet
3397 3039 3532 3103 fieri,
3562 3051 3608 3091 e-

2031 3136 2313 3206 convenit)
2364 3136 2687 3206 pauperibus
2738 3136 2820 3189 vel
2863 3132 3019 3206 [Lege
3059 3129 3226 3202 laicis]
3273 3130 3477 3194 liuiins,
3536 3132 3622 3183 vel

2033 3202 2214 3284 viduis
2240 3230 2543 3293 subveniat,
2568 3239 2621 3283 et
2648 3238 2959 3291 succurrat;
3008 3225 3101 3280 scd
3132 3223 3419 3279 saeculares
3449 3221 3620 3291 digni-

2035 3330 2194 3387 tates,
2227 3330 2281 3375 (ιι
2307 3321 2800 3375 administrationes
2833 3319 3111 3391 provideat
3135 3316 3475 3388 quibusdam.
3498 3314 3621 3369 Haec

2035 3418 2195 3488 igitur
2222 3416 2484 3486 spurricia
2519 3416 2816 3469 molestiam
2844 3429 2947 3468 non
2972 3413 3088 3468 sine
3114 3409 3368 3467 scandan
3384 3407 3615 3479 quodam

2033 3510 2213 3577 nobis,
2260 3518 2312 3565 et
2361 3508 2833 3579 reprehensionem
2874 3505 3141 3567 adponat.
3185 3503 3387 3558 Decere
3439 3508 3619 3554 autem

2033 3614 2186 3675 puto,
2206 3604 2487 3673 episcopos
2518 3616 2671 3655 suum
2705 3608 2961 3668 praestare
2986 3597 3184 3652 debere
3207 3594 3461 3650 auxilium
3487 3592 3615 3661 illis,

2034 3700 2125 3768 qui
2157 3696 2226 3752 ab
2248 3695 2427 3767 aliquo
2457 3698 2728 3764 patiuntur
2758 3688 3187 3755 violentiamﬂel
3210 3688 3255 3743 si
3277 3701 3377 3757 qua
3409 3685 3618 3741 lmdttur

2031 3790 2334 3853 viduarum,
2388 3788 2503 3841 sive
2546 3786 2872 3857 pupillorum
2919 3782 3036 3852 quis
3084 3778 3359 3835 fraudatur
3401 3796 3415 3833 ε
3457 3776 3501 3833 si
3532 3779 3616 3831 lia

2031 3898 2248 3955 quoque
2280 3895 2522 3950 personae
2556 3878 2757 3948 justam
2810 3877 3006 3931 habent
3050 3876 3381 3945 petitionem.
3430 3871 3615 3940 hitur,

2031 3975 2368 4034 dilectissimi
2402 3973 2614 4040 fratres,
2647 3972 2691 4027 si
2722 3970 2971 4029 omnibus
3003 3970 3102 4024 hoc
3137 3972 3325 4041 placet.
3376 3967 3617 4033 statuite,

2035 4071 2243 4127 nullum
2272 4069 2645 4139 episcoporum
2669 4068 2869 4121 debere
2897 4064 2962 4119 ad
2985 4063 3294 4118 cmuitatnm
3322 4062 3615 4129 proficisci;

2029 4158 2284 4215 videlicet
2315 4158 2397 4211 his
2420 4155 2597 4210 causis
2628 4154 2887 4223 exceptis.
2934 4152 3085 4219 Quod
3125 4166 3252 4207 vero
3282 4160 3495 4217 oportet
3522 4149 3617 4202 ad-

2030 4266 2172 4315 esse.
2223 4265 2359 4321 quos
2407 4249 2680 4319 piissimus
2726 4249 3014 4315 imperator
3054 4255 3235 4298 noster
3278 4246 3389 4298 suis
3420 4242 3616 4297 litteris

2031 4345 2429 4408 convocaverit,
2461 4342 2654 4395 nullam
2684 4338 2843 4392 habet
2870 4336 3220 4392 dubietatem.
3264 4336 3327 4391 Et
3355 4334 3608 4405 quoniam

2028 4468 2269 4532 Latinis,
2323 4478 2421 4518 nec
2469 4463 2520 4517 in
2581 4461 2795 4524 vulgato
2848 4460 3035 4515 Cra-co
3080 4456 3302 4532 legitur.
3342 4454 3613 4511 Convenit

2025 4551 2209 4596 autem
2257 4528 2383 4591 cum
2443 4533 2790 4603 sequentinns
2852 4531 3163 4585 ordinationi
3218 4528 3606 4603 episcoporum,

2025 4622 2074 4666 et
2101 4612 2169 4665 ad
2199 4596 2568 4662 ordinationem
2594 4605 2969 4669 episcoporum,
3022 4616 3141 4670 quae
3184 4603 3235 4654 in
3266 4596 3452 4653 Graeco
3498 4604 3589 4670 vui

2024 4693 2152 4753 gato
2207 4680 2530 4753 retinenLur.
2596 4668 2761 4728 POt‘t‘t)
2818 4690 2884 4729 ex
2925 4668 3115 4753 nostra
3171 4670 3421 4753 vursione
3467 4668 3611 4723 aliud

2024 4743 2362 4808 Emendatius
2416 4746 2662 4802 Grrecum
2726 4746 3030 4815 exemplum
3093 4743 3371 4815 interprrti
3427 4752 3613 4815 nostro

2026 4839 2140 4895 prm
2186 4822 2362 4895 oculis
2399 4824 2558 4872 fuisse
2588 4811 2956 4895 cognoscitur;
3006 4813 3145 4895 quod
3261 4811 3609 4895 sequentibus

1939 4882 1991 4941 υ
2020 4882 2139 4951 eam
2162 4892 2534 4947 ddticultateui
2567 4882 2720 4951 tollit,
2746 4904 2905 4958 quam
2937 4888 2992 4940 in
3015 4886 3227 4958 vulgato
3254 4895 3396 4936 ieuu
3430 4884 3612 4958 plures

2027 4974 2299 5021 notarunt.
2336 4962 2390 5016 lu
2417 4962 2517 5015 ltoc
2549 4955 2796 5013 nimiunn
2828 4959 3109 5015 indicatur.
3150 4955 3215 5009 ad
3259 4955 3610 5017 ﬂtelt‘upttltltt:

2024 5039 2414 5100 ordinationem
2465 5032 2653 5087 vicinae
2698 5031 2985 5099 provinciae
3018 5027 3302 5100 episcopos
3331 5037 3452 5100 esse
3475 5039 3610 5076 con-

2026 5094 2317 5171 vocandos,
2342 5105 2484 5175 quod
2500 5120 2528 5156 a
2552 5094 2939 5175 consuetudine
2956 5094 3315 5175 ecciesiasuca
3331 5094 3440 5175 abli
3460 5107 3607 5175 irret.

2024 5179 2217 5236 Nostra
2246 5167 2424 5234 autem
2451 5176 2630 5248 versio
2661 5189 2764 5228 non
2794 5174 2862 5227 de
2884 5167 3252 5248 metropolitae,
3284 5168 3477 5248 sedile
3496 5170 3611 5235 epi-

2024 5265 2327 5321 scoporum,
2359 5247 2698 5321 ordinatione
2736 5254 2915 5299 actum
2945 5236 3126 5321 fuisse
3170 5236 3429 5321 ostendit,
3486 5251 3607 5321 cum

2025 5306 2208 5393 plui'es
2247 5318 2484 5393 episcopi
2514 5318 2755 5393 ejusdem
2791 5310 3100 5393 provincias
3147 5306 3443 5393 ordinandi
3476 5307 3607 5393 sint,

2024 5378 2128 5451 nec
2158 5378 2258 5448 nisi
2284 5378 2448 5447 'unus'
2468 5390 2519 5443 in
2544 5378 2662 5456 ipsa
2693 5378 2927 5453 supersit
2954 5382 3237 5453 episcopus
3267 5379 3359 5451 qui
3378 5378 3444 5434 ad
3469 5378 3613 5433 ordio

2024 5467 2294 5519 nationem
2320 5465 2556 5532 ipsorum
2585 5458 2886 5533 convenire
2906 5462 3086 5533 queat.
3190 5523 3205 5533 _
3276 5522 3307 5533 __
3564 5520 3577 5533 .

2095 5533 2127 5573 ¹ι
2148 5522 2368 5592 Graecus
2415 5537 2591 5586 textus
2619 5543 2742 5584 cum
2772 5522 2976 5583 Latinis
2997 5522 3394 5593 exemplaribus
3425 5522 3605 5593 conci-

2019 5621 2158 5663 nens
2186 5605 2337 5662 addit
2367 5625 2383 5661 :
2412 5601 2806 5674 Responderunt
2825 5612 3026 5674 _omnes
3056 5592 3296 5674 §_Plr_rcet.
3337 5593 3498 5674 forte
3539 5592 3608 5674 li.-

2018 5678 2233 5733 brarius
2256 5675 2326 5730 ob
2342 5664 2659 5730 concursum
2689 5668 2931 5741 ejusdem
2961 5666 3108 5725 verbi
3130 5667 3318 5741 placet,
3342 5664 3458 5722 hac
3478 5664 3609 5722 omi-
