3998 6346
437 261 548 324 838
1390 252 1485 309 AD
1521 249 1747 306 OPERA
1787 247 1844 304 S.
1888 239 2128 301 LEONIS
2168 241 2382 299 MAGNI
2422 235 2789 298 APPENDIX.
3607 242 3699 299 εδδ

437 378 750 442 frequenter
776 371 978 435 evenit,
1025 362 1392 422 misericordia
1426 363 1617 434 dignos
1649 359 1939 432 confugere
1961 358 2026 414 ad
2055 361 2110 421 Α
2134 357 2316 412 buisse
2342 357 2501 413 citius
2532 357 2644 413 lieri
2673 355 3063 412 ordinationes.
3097 353 3378 427 Longioris
3406 355 3544 412 enim
3584 366 3701 415 tem-

440 467 764 533 Ecclesiam,
796 463 954 539 [Lege
996 460 1064 515 ob
1100 456 1216 528 sua]
1260 457 1550 512 observant
1591 452 1785 509 delicta
1817 451 2025 519 exsilio,
2135 450 2282 521 poris
2306 449 2677 520 comprobatio
2705 448 3196 518 conversationem,
3222 457 3280 504 et
3310 449 3704 523 uniuscujusque

445 561 539 617 vel
568 559 754 616 insulis
783 556 1082 616 damnatos,
1131 550 1247 605 sive
1277 562 1593 619 quacunque
1623 544 1887 614 obligatos
1908 559 2032 599 sen-
2133 560 2312 601 mores
2361 543 2749 600 manifestabit.
2778 542 2981 599 Omnes
3031 541 3267 614 episcopi
3315 542 3561 598 dixerunt
3602 545 3704 615 pla-

447 656 648 722 tentia;
690 649 887 706 talibus
917 663 1021 703 non
1045 653 1129 701 est
1153 641 1538 714 denegandum.
1570 637 1901 710 praesidium,
1937 635 2032 692 sed

2167 653 2262 695 ere
2289 638 2412 706 sibi,
2439 647 2495 694 et
2524 652 2629 692 non
2657 644 2910 708 oportere
2939 635 3045 691 hoc
3072 634 3318 691 refutari.

446 749 564 808 sine
609 761 777 812 mora,
831 742 915 798 vel
961 738 1301 795 cunctatione
1343 735 1428 790 his
1477 733 1867 804 protectionem
1914 743 2035 786 esse

445 834 869 898 concedendam.
900 829 957 890 Si
990 831 1152 902 igitur
1177 829 1378 900 placet,
1408 834 1434 863 α
1466 832 1732 880 statuatur
1758 831 1812 878 et
1840 823 1959 877 hoc.

517 928 550 970 δ
577 927 671 986 ιι.
703 925 860 983 Osius
883 923 1168 994 episcopus
1190 919 1320 975 dixit
1353 937 1368 973 :
1396 917 1462 972 Et
1484 915 1588 971 hoc
1629 923 1808 970 vestra
1846 909 2038 984 probet

451 1023 690 1084 solertia.
721 1019 982 1087 Quoniam
1015 1013 1215 1086 placuit
1237 1013 1522 1084 episcopos
1549 1025 1654 1066 non
1681 1011 1759 1064 ire
1785 1008 1852 1064 ad
1873 1006 2040 1064 comi-

451 1124 649 1183 tatum,
675 1129 740 1168 ne
770 1109 1247 1181 reprehensionem
1279 1106 1593 1160 incurrant:
1624 1103 1670 1156 si
1709 1102 1829 1174 quis
1851 1114 2036 1157 eorum

449 1210 582 1266 tales
605 1205 851 1263 habuerit
872 1217 1085 1274 preces,
1101 1200 1288 1272 quales
1313 1196 1748 1262 memoravimus,
1768 1209 1862 1264 per
1883 1207 2037 1247 suum

448 1300 775 1358 transmittat
813 1296 972 1368 593
1001 1292 1325 1348 diaconum:
1354 1288 1586 1344 ministri
1635 1287 1778 1342 enim
1815 1296 2038 1355 persona

453 1407 565 1450 non
598 1390 761 1445 habet
817 1386 1094 1452 invidiam,
1146 1392 1202 1440 et
1245 1395 1365 1454 quae
1413 1386 1757 1451 praestantur,
1807 1374 2042 1432 velocius

453 1483 801 1558 perferuntur
834 1489 881 1534 ο.

529 1575 644 1632 X11.
686 1573 846 1629 Osius
873 1571 1160 1641 episcopus
1200 1567 1334 1623 dixit
1370 1585 1384 1620 :
1423 1565 1490 1620 Et
1520 1563 1624 1621 hoc
1651 1568 2046 1632 consequenter

455 1684 577 1727 esse
602 1674 822 1739 puto,ut
846 1663 899 1719 in
928 1675 1245 1734 quacunque
1267 1659 1542 1731 provincia
1574 1656 1858 1726 episcopus
1880 1652 2042 1719 adsit,

2211 728 2232 768 τ
2258 729 2398 786 XIV.
2439 729 2602 786 Osius
2631 729 2913 800 episcopus
2940 727 3076 784 dixit
3101 744 3116 783 :
3141 728 3207 782 Et
3237 727 3348 784 hoc
3376 736 3604 783 statuere
3627 729 3707 786 de-

2140 820 2302 889 betis,
2325 831 2406 891 ttt,
2439 822 2484 878 si
2509 822 2721 892 quando
2753 821 3037 891 episcopus
3063 834 3128 876 ex
3155 819 3255 874 alia
3285 819 3355 874 ad
3387 819 3541 874 aliam
3567 835 3711 877 vene-

2143 914 2216 970 rit
2243 915 2538 984 civitatem,
2571 915 2656 970 vel
2687 915 2756 970 de
2787 913 3061 985 provincia
3086 912 3153 969 ad
3179 913 3511 985 provinciam
3537 914 3708 968 elatio-

2144 1008 2228 1060 nis
2268 1021 2428 1061 causa
2456 1049 2471 1074 ,
2522 1006 2631 1062 suis
2658 1006 2929 1061 laudibus
2973 1020 3170 1061 vacans
3191 1048 3204 1071 ,
3242 1005 3337 1060 vel
3367 1005 3437 1059 ob
3464 1004 3712 1075 religionis

2141 1097 2503 1164 devotionem,
2529 1108 2584 1155 et
2613 1100 2785 1156 multo
2812 1107 3055 1168 tempore
3081 1097 3317 1153 voluerit
3351 1097 3550 1152 ibidem
3579 1113 3708 1154 com-

2144 1192 2375 1256 morari;
2417 1191 2535 1261 ejus
2583 1207 2714 1247 vero
2760 1193 2994 1246 civitatis
3037 1191 3326 1262 episcopus
3375 1190 3538 1263 594
3563 1195 3713 1249 minus

2143 1297 2343 1354 gnarus
2372 1286 2690 1353 reperiatur,
2715 1283 2799 1339 vel
2830 1283 3004 1339 minus
3025 1281 3272 1339 docibilis
3297 1301 3312 1338 :
3338 1273 3410 1340 ne
3434 1296 3715 1342 centemnat

2144 1391 2268 1431 eum
2289 1417 2304 1444 ,
2333 1387 2386 1432 et
2416 1375 2725 1446 frequenter
2752 1377 3075 1447 alloquatur,
3122 1376 3350 1432 studens
3391 1379 3713 1446 confundere,

2146 1479 2204 1526 et
2233 1470 2392 1525 vilem
2434 1471 2552 1540 ejus
2581 1461 2954 1528 demonstrare
2981 1485 3292 1541 personam.
3324 1470 3453 1526 Haec
3480 1477 3616 1526 enim
3642 1488 3716 1528 oc-

2148 1563 2296 1619 casio
2318 1566 2599 1620 consuevit
2625 1565 2865 1631 efllcere,
2892 1575 2948 1620 ut
2978 1563 3047 1632 is,
3069 1564 3163 1636 qui
3188 1579 3253 1620 ex
3287 1563 3597 1634 huiusmodi
3621 1581 3720 1620 sese

2148 1656 2533 1724 commendat,
2580 1657 2646 1712 ad
2671 1672 2730 1712 se
2753 1659 2864 1739 jam
2894 1658 3121 1713 alienant
3167 1657 3422 1712 adtrahat
3450 1655 3644 1722 sedem,
3671 1674 3720 1712 ac

456 1771 512 1818 οι
537 1761 558 1834 [
579 1760 711 1832 L898
739 1758 806 1812 ad
835 1749 1238 1826 coepiscopum]
1269 1751 1620 1821 coepiscopus
1644 1761 1772 1803 suos
1797 1745 2050 1801 ῑτεηεῐῐὶῖ-
2077 1745 2127 1808 Β
2153 1747 2258 1805 sibi
2284 1749 2514 1804 vindicet
2557 1765 2698 1820 eam,
2729 1765 2836 1804 non
2863 1749 3114 1804 dubitans
3143 1749 3401 1804 traditam
3443 1747 3542 1804 sibi
3566 1749 3722 1805 Eccle-

457 1853 592 1909 serit
622 1865 833 1923 preces,
867 1847 956 1918 qui
984 1846 1042 1901 in
1074 1845 1278 1915 majore
1305 1845 1523 1898 civitate
1569 1849 1670 1908 est,
1703 1839 1816 1893 sive
1842 1843 2042 1892 metro-

457 1944 594 2017 poli,
623 1943 739 2013 ipse
769 1949 824 1995 et
851 1939 1158 2004 diaconum,
1189 1945 1242 1991 et
1271 1949 1463 2006 preces
1490 1933 1608 2002 ejus
1632 1931 1883 1994 destinet,
1912 1925 2048 1982 dans

460 2039 510 2093 ei
541 2033 1003 2090 commendatitias
1032 2030 1238 2085 litteras
1261 2069 1275 2091 ,
1316 2037 1369 2082 et
1404 2024 1645 2080 scribens
1686 2023 1893 2077 scilicet
1921 2033 2049 2074 con-

461 2136 769 2199 sequenter.
791 2125 856 2181 ad
898 2124 1115 2193 fratres,
1145 2131 1200 2178 et
1239 2121 1588 2191 coepiscopos
1616 2125 1849 2183 nostros,
1879 2115 1970 2185 qui
1997 2115 2048 2168 in

461 2224 552 2279 illo
584 2233 826 2292 tempore
869 2221 921 2274 in
972 2219 1144 2284 locis,
1197 2215 1279 2272 vel
1327 2213 1630 2270 civitatibus
1671 2199 1968 2272 morantur,
1999 2207 2050 2261 in

461 2315 657 2387 quibus
689 2313 1050 2376 felicissimus,
1083 2325 1145 2364 ac
1177 2308 1366 2364 beatus
1410 2306 1531 2376 pius
1575 2305 1867 2373 imperator
1911 2312 2053 2354 rem-

2151 1840 2283 1895 siam
2317 1841 2714 1911 derelinquere,
2747 1850 2802 1897 et
2830 1840 2896 1896 ad
2924 1841 3152 1896 alienam
3185 1841 3447 1912 migrare.
3494 1840 3718 1895 Statuen-

2151 1931 2277 1988 dum
2300 1942 2382 1988 est
2410 1933 2570 2004 igitur
2601 1943 2818 2002 tempus
2847 1952 2858 1986 :
2885 1933 3133 2003 quoniam
3167 1949 3276 1988 non
3323 1935 3596 2004 suscipere
3627 1933 3721 2002 epi-

2151 2037 2374 2095 scopum
2405 2025 2627 2080 crudele
2650 2036 2751 2091 est,
2785 2035 2838 2082 et
2871 2025 3221 2080 inhumanum
3251 2026 3490 2081 videtur.

2224 2115 2340 2172 XV.
2383 2116 2557 2189 [Lege
2584 2118 2947 2190 Mementote]
2978 2119 3248 2175 Memento
3294 2129 3477 2175 tamen
3519 2119 3722 2187 antiquis

2156 2211 2489 2282 temporibus
2520 2210 2706 2266 Patres
2751 2221 2964 2266 nostros
2995 2212 3255 2266 statuisse
3279 2253 3297 2278 ,
3344 2223 3400 2265 ut
3433 2211 3477 2264 si
3509 2209 3620 2280 quis
3647 2209 3724 2263 lai-

2149 2313 2250 2361 cus
2280 2304 2332 2360 in
2364 2306 2548 2360 eadem
2580 2305 2780 2376 degens
2809 2306 3028 2361 civitate
3049 2305 3222 2361 tribus
3245 2304 3544 2360 Dominicis
3562 2303 3726 2358 diebus

421 2393 425 2396 ι
462 2409 729 2481 publicam
770 2407 1052 2476 gubernat.
1085 2402 1141 2459 Si
1170 2416 1301 2457 vero
1326 2399 1450 2471 quis
1477 2399 1853 2469 episcoporum
1894 2393 2057 2448 habet
2157 2414 2256 2471 per
2300 2408 2410 2456 tres
2441 2415 2546 2454 non
2586 2398 2903 2454 convenerit
2929 2397 3320 2466 hebdomadas,
3349 2396 3509 2472 [Lege
3533 2410 3722 2450 amove-

464 2504 668 2559 amictts
695 2502 747 2556 in
775 2501 894 2556 allia
922 2498 1092 2568 regia.
1119 2504 1177 2553 ει
1201 2496 1320 2550 “Ill
1340 2495 1406 2549 de
1433 2493 1613 2562 aliqua
1633 2506 1713 2557 τε,
1740 2504 1859 2560 quae
1879 2497 2055 2543 tamen
2158 2491 2329 2566 retur]
2361 2494 2600 2548 amoveri
2630 2509 2658 2546 a
2684 2492 3086 2548 communione.
3115 2489 3172 2547 Si
3205 2491 3372 2562 igitur
3395 2490 3495 2544 hoc
3520 2489 3583 2543 de
3605 2488 3728 2541 laicis

467 2594 644 2659 ἀθεεὶ,
675 2607 770 2648 808
800 2605 1020 2662 rogare;
1061 2603 1170 2644 non
1216 2586 1533 2657 ριόὶιίδθιυτ
1574 2598 1671 2654 Per
1699 2597 1855 2637 suum
1879 2579 2059 2636 (“300-
2161 2587 2436 2642 decretum
2466 2597 2545 2642 est
2571 2629 2586 2652 ,
2633 2601 2736 2640 non
2766 2585 3044 2650 convenit,
3076 2599 3176 2640 nec
3203 2584 3388 2650 decet,
3420 2576 3503 2639 vel
3543 2579 3726 2651 prodest

467 2701 596 2743 “om
642 2693 696 2740 ει
741 2695 928 2751 'o‘a’al'o
975 2691 1029 2735 ot
1055 2679 1335 2742 mandare:
1365 2676 1510 2748 quod
1550 2689 1704 2731 suum
1733 2672 2058 2743 adiutorium
2163 2685 2497 2756 episcopum,
2538 2684 2582 2738 si
2614 2685 2816 2738 nullam
2849 2695 3065 2753 gravem
3093 2678 3500 2742 necessitatem,
3539 2675 3616 2731 vel
3653 2687 3728 2728 ne-

467 2775 760 2848 benigttum
802 2774 1014 2844 roganti
1045 2771 1144 2827 sibi
1189 2771 1435 2843 praebere
1461 2767 1618 2842 [Lege
1647 2763 1954 2838 dignentur]
1981 2764 2062 2818 di-

2167 2779 2367 2849 gotium
2433 2777 2655 2832 difficile
2725 2774 2937 2830 videtur
3001 2773 3241 2839 habere,
3301 2771 3524 2826 ulterius
3569 2767 3729 2822 abesse

469 2879 682 2944 εηθιιπο
717 2868 817 2934 (ὶυῖ
865 2875 1043 2921 autem
1076 2865 1301 2919 Romam
1338 2864 1686 2934 Ρθηθηίυηῑ,
1737 2861 1876 2916 δίειη
1921 2871 2064 2930 Pm‘
2167 2867 2446 2932 Ecclesia,
2497 2876 2554 2923 et
2605 2867 2926 2921 contristare
2971 2863 3223 2934 populum
3259 2861 3370 2916 sibi
3398 2858 3727 2916 commissum.

477 2962 602 3030 dixi,
631 2960 988 3019 dilectissimo
1042 2958 1195 3014 fratri
1242 2966 1430 3013 nostro
1477 2964 1532 3011 et
1572 2955 1894 3025 coepiscOpo
1924 2950 2062 3006 Julio

2167 2960 2368 3018 Omnes
2397 2959 2636 3031 episcopi
2668 2958 2960 3014 dixerunt:
2988 2956 3056 3012 Et
3087 2959 3200 3010 btet:
3241 2952 3516 3009 sententia
3553 2948 3730 3006 videtur

473 3067 661 3126 preces
701 3067 835 3124 quas
883 3051 1124 3116 habent,
1173 3047 1303 3103 dare
1347 3045 1643 3112 debebunt,
1675 3057 1732 3098 ut
1763 3043 1910 3115 prius
1953 3043 2066 3111 ipse
2169 3068 2291 3109 esse
2321 3052 2724 3107 decentissima,

477 3148 789 3210 examinet,
835 3145 878 3198 si
929 3141 1089 3198 nullae
1119 3149 1245 3196 sunt
1273 3154 1338 3195 ex
1377 3138 1462 3193 his
1487 3135 1828 3209 impudentes
1853 3175 1870 3204 ,
1911 3142 1968 3190 et
1990 3134 2062 3188 ita

2242 3159 2267 3197 s
2290 3147 2428 3202 XVI.
2472 3144 2630 3201 Osius
2659 3145 2945 3215 episcopus
2975 3143 3112 3199 dixit
3136 3161 3151 3197 :
3172 3141 3309 3210 Quia
3344 3139 3478 3197 nihil
3517 3145 3595 3194 est
3618 3147 3732 3206 prec

476 3250 632 3292 suum
678 3235 1025 3305 patrocinium
1050 3275 1066 3301 ,
1114 3240 1170 3300 et
1212 3245 1397 3287 curam
1423 3243 1705 3301 praestans,
1741 3227 1808 3282 ad
1846 3225 2068 3282 comita-

476 3338 590 3386 tum
642 3327 952 3384 destinabit.
1001 3322 1203 3382 Omnes
1243 3325 1482 3396 episcopi
1526 3321 1922 3391 responderunt
1958 3317 2070 3386 pla-

479 3437 604 3478 cere
633 3423 755 3490 sibi,
793 3436 855 3476 ac
891 3420 1282 3476 decentissima:
1311 3431 1434 3473 esse
1465 3413 1638 3490 [Lege
1664 3409 2070 3485 dispositionis]

481 3514 852 3587 dispositione.
1134 3554 1148 3568 .
1541 3527 1544 3532 ·

553 3606 579 3644 ἀ
601 3605 741 3663 Xlll.
780 3605 939 3663 Osius
968 3605 1252 3674 episcopus
1282 3600 1458 3656 dixit:
1487 3601 1554 3656 Et
1581 3600 1682 3656 hoc
1709 3598 2070 3655 necessarium

487 3717 610 3758 esse
639 3711 792 3770 puto,
823 3708 887 3754 ut
924 3712 1046 3753 cum
1091 3697 1236 3751 omni
1266 3693 1682 3764 scrupulositate
1710 3707 1773 3747 ac
1801 3691 2074 3761 diligentia

484 3793 806 3850 examineti’s
829 3831 871 3864 ,.
895 3801 953 3845 ut
994 3789 1038 3842 si
1069 3789 1186 3858 quis
1215 3785 1366 3842 dives
1387 3827 1401 3852 ,
1429 3785 1518 3839 vel
1546 3784 1900 3839 scholasticus
1920 3826 1935 3852 ,
1962 3782 2076 3838 sive

484 3884 554 3941 de
592 3883 811 3956 publico
860 3881 1052 3951 dignus
1095 3880 1405 3949 episcopatu
1457 3877 1727 3940 videatur;
1779 3876 1922 3931 hunc
1968 3890 2074 3930 non

485 3984 614 4032 ante
657 3973 896 4029 ordinari
945 3985 1105 4040 quam
1151 3970 1388 4035 lectoris,
1435 3968 1673 4034 diaconi,
1700 3977 1754 4022 et
1781 3967 2077 4038 presbyteri

494 4064 854 4137 compleverit
900 4062 1256 4118 ministerium
1282 4100 1298 4126 ,
1340 4075 1446 4130 quo
1474 4075 1570 4130 per
1593 4060 1828 4129 singulos
1857 4059 2074 4130 gradus,

495 4160 544 4216 si
573 4157 766 4228 dignus
793 4155 957 4211 fuerit
985 4153 1128 4207 visus
1147 4193 1162 4218 ,
1188 4153 1253 4207 ad
1284 4151 1555 4223 fastigium
1579 4151 1920 4222 episcopatus
1960 4165 2081 4220 gra-

492 4251 656 4306 datim
703 4243 987 4304 ascendat.‘
1027 4245 1142 4301 Erit
1184 4255 1362 4301 autem
1408 4245 1606 4315 gradus
1664 4244 2080 4314 uniuscujusque

493 4343 769 4417 dignitatis
814 4358 919 4398 non
965 4343 1144 4412 exigui
1196 4343 1454 4413 temporis
1503 4345 1735 4413 spatium
1761 4330 1789 4407 ,’
1817 4357 1911 4412 per
1939 4341 2080 4410 quod

495 4438 630 4494 ﬁdes
657 4439 794 4508 ejus,
822 4445 878 4493 et
906 4452 1117 4492 morum
1148 4438 1384 4504 bonitas,
1419 4437 1681 4508 gravitas,
1711 4451 1776 4492 ac
1806 4437 2079 4508 diligentia

2173 3237 2577 3298 termittendum
2601 3278 2617 3302 ,
2654 3236 2849 3292 fratres
2876 3279 2890 3301 ,
2931 3246 2987 3292 et
3015 3236 3326 3308 coepiscopi
3358 3235 3412 3290 in
3440 3228 3731 3292 civitatibus,

2171 3335 2365 3406 quibus
2395 3342 2519 3388 sunt
2545 3331 2804 3400 ordinati,
2838 3330 3111 3386 interdum
3156 3325 3616 3400 possessiunculas
3653 3321 3734 3376 mi-

2174 3425 2346 3480 nimas
2375 3423 2624 3479 videntur
2670 3420 2892 3477 habere.
2939 3421 3075 3475 Aliis
3101 3435 3230 3476 vero
3270 3419 3331 3475 in
3365 3419 3496 3474 locis
3524 3424 3732 3485 magnas,

2172 3530 2239 3572 ex
2288 3514 2482 3585 quibus
2529 3521 2754 3584 possunt
2803 3510 2827 3549 ¹ι
2873 3513 3211 3582 procusiores
3239 3510 3496 3567 Ecclesia
3524 3505 3732 3564 redditus

2176 3609 2464 3672 adhibere;
2508 3609 2610 3662 hoc
2632 3606 2841 3661 aestimo
2868 3602 2976 3660 illis
3004 3603 3414 3660 concedendum
3437 3611 3494 3657 ut
3519 3600 3579 3654 ad
3607 3609 3734 3668 agros

2177 3717 2304 3760 suos
2330 3700 2629 3765 venientes,
2663 3699 2864 3753 fructus
2893 3712 3021 3754 suos
3053 3698 3312 3768 colligant
3346 3713 3443 3768 per
3470 3693 3614 3750 trium
3651 3690 3735 3744 ος»-

2180 3795 2498 3851 minicarum
2531 3791 2648 3845 dies
2673 3831 2688 3858 ,
2725 3791 2827 3844 hoc
2857 3797 2938 3844 εει
2963 3831 2978 3856 ,
3039 3788 3213 3844 tribus
3261 3786 3666 3844 hebdomadibus
3694 3783 3735 3833 in

2177 3874 2611 3959 possessionibus
2640 3882 2752 3936 suis
2778 3880 2996 3951 degere,
3029 3889 3082 3936 et
3115 3882 3169 3936 in
3203 3883 3444 3951 proxima
3489 3876 3502 3915 ί
3533 3877 3734 3934 civitate,

2179 3981 2234 4036 in
2267 3996 2367 4048 qua
2399 3978 2620 4048 colliget
2643 3975 2946 4048 presbyter,
2970 3977 3278 4042 convenire,
3306 3985 3368 4030 ut
3399 3991 3464 4031 ne
3494 3973 3735 4028 videantur

2179 4072 2299 4128 sine
2343 4078 2611 4125 conventu
2654 4068 2948 4138 colligere,
2998 4080 3053 4124 et
3105 4070 3438 4124 ministrare.
3473 4067 3576 4122 Hoc
3616 4063 3732 4117 enim

2182 4175 2338 4235 pacto
2369 4163 2438 4217 ob
2466 4162 2582 4232 ejus
2607 4161 2905 4216 absentiam
2937 4160 3003 4215 ad
3048 4169 3168 4216 eum
3204 4163 3531 4230 pertinentes
3561 4168 3735 4228 posscs-

2180 4257 2436 4312 siunculae
2467 4254 2669 4309 nullum
2701 4256 2955 4309 damnum
2992 4254 3366 4320 sustinebunt;
3408 4264 3460 4308 et
3490 4252 3631 4324 [Lege
3654 4259 3734 4299 nec

2185 4389 2199 4404 .
2229 4389 2242 4402 .
2271 4392 2284 4405 .
2309 4346 2618 4420 advenient]
2648 4364 2714 4403 ne
2743 4346 3055 4418 frequenter
3093 4347 3159 4401 ad
3191 4347 3351 4402 aliam
3382 4348 3636 4403 civitatem
3663 4337 3734 4391 ad-

2184 4442 2420 4508 veniant,
2455 4440 2508 4495 in
2553 4455 2654 4506 qua
2685 4450 2769 4494 est
2795 4440 2936 4495 alter
2962 4427 3248 4511 episcopus
3278 4442 3585 4496 constitutus
3623 4451 3634 4485 :
3673 4431 3735 4484 sic

497 4539 870 4602 cognoscatur,
904 4541 958 4585 et
1000 4531 1196 4600 dignus
1226 4531 1410 4586 divino
1447 4531 1748 4586 sacerdotis
1789 4529 2086 4585 ministerio
2111 4517 2167 4579 D
2189 4539 2331 4594 enim
2361 4530 2594 4604 effugere
2621 4533 2795 4607 [Lege
2823 4531 3114 4606 poterunt]
3149 4536 3346 4604 poterit
3371 4529 3644 4604 jactantizc,
3669 4520 3733 4578 vel

499 4624 710 4679 habitus
729 4663 744 4690 ,
783 4622 1018 4678 maxima
1047 4625 1286 4692 potiatur
1310 4623 1571 4696 dignitate
1605 4640 1618 4677 :
1664 4638 1764 4680 nec
1790 4625 1932 4679 enim
1962 4641 2089 4679 con-

496 4717 684 4785 venit,
733 4731 830 4772 nec
859 4716 1140 4786 disciplina
1171 4717 1255 4771 vel
1305 4718 1444 4772 bona
1489 4719 1691 4788 patitur
1725 4721 2085 4786 conversatio,

497 4810 795 4878 audaciter,
819 4811 903 4866 vel
931 4811 1122 4867 leviter
1147 4811 1214 4866 ad
1254 4810 1358 4866 hoc
1384 4811 1659 4881 prosilire,
1684 4821 1742 4866 ut
1779 4813 2082 4883 episcopus,

497 4911 549 4956 et
599 4901 920 4973 presbyter,
984 4902 1066 4956 vel
1114 4901 1373 4957 diaconus
1420 4902 1720 4972 procaciter
1782 4902 2085 4970 ordinetur;

499 5008 623 5049 nam
650 4996 728 5049 sic
755 4994 953 5049 merito
983 4992 1198 5049 novella
1231 4993 1411 5061 planta
1440 5001 1463 5030 ε
1491 4991 1812 5050 habebitur:
1837 4994 2089 5064 quoniam

497 5095 555 5143 et
579 5087 766 5143 beatus
794 5086 1087 5156 Apostolus
1111 5087 1354 5156 gentium
1379 5083 1640 5156 magister
1665 5085 1881 5142 videtur
1907 5086 2092 5156 probi-

571 5237 595 5265 ι
627 5227 724 5283 Hic
751 5239 963 5298 quoque
981 5242 1050 5282 ex
1076 5225 1268 5283 Graeco
1295 5229 1594 5298 supplenda
1619 5246 1637 5284 :
1676 5246 1851 5287 om
1873 5249 1979 5288 una
2005 5251 2093 5292 ve—

499 5299 988 5426 suﬁ'ragiunt
1008 5301 1156 5371 fate.
1172 5298 1566 5373 [inpenderat
1589 5316 1764 5359 omnes
1782 5317 1802 5358 :
1816 5302 2091 5363 διακαίων

572 5439 1145 5584 ἲὲιΐῗείςῃὲοϐηω
1170 5512 1405 5582 additur,
1447 5514 1844 5583 Responderunt
1871 5534 2044 5575 omnes
2067 5537 2088 5576 :

507 5581 996 5709 Sagzegihxhoc.
1027 5587 1096 5641 At
1119 5585 1176 5641 in
1203 5581 1407 5643 Latinis
1433 5581 1679 5643 hacnon
1707 5587 1976 5658 leguntur.

590 5725 762 5781 000d.
793 5727 995 5797 mutila,
1017 5731 1171 5787 bitur.
1197 5730 1540 5789 Correximus
1562 5743 1633 5788 es
1659 5727 1876 5789 Graec.

2191 4627 2458 4700 superbiae
2486 4627 2713 4681 crimen.
2746 4627 2948 4682 Omnes
2989 4625 3232 4698 episcopi
3275 4627 3521 4682 dixerunt
3551 4618 3734 4675 :Placet

2190 4720 2471 4792 dispositio
2497 4719 2630 4772 hac.
3115 4723 3120 4730 ·

2264 4811 2426 4866 XVII.
2468 4808 2627 4864 Osius
2653 4810 2939 4880 episcopus
2969 4810 3145 4865 dixit:
3173 4811 3238 4865 Et
3259 4810 3361 4866 hoc
3389 4806 3622 4865 omnibus
3644 4798 3734 4872 pla-

2195 4907 2324 4972 cuit,
2351 4917 2403 4960 ut
2435 4903 2551 4960 sive
2579 4901 2860 4972 diaconus,
2888 4903 3004 4961 sive
3031 4903 3332 4976 presbyter,
3362 4904 3445 4960 vel
3469 4900 3578 4972 quis
3603 4890 3732 4950 cleri-

2193 5015 2380 5059 corum
2430 4999 2592 5064 fuerit
2637 4999 3138 5064 excommunicatus
3163 5039 3178 5065 ,
3229 5007 3285 5055 et
3311 4997 3376 5053 ad
3405 4996 3613 5050 alterum
3653 4981 3761 5040 sibi'

2200 5102 2382 5151 notum
2407 5091 2712 5164 confugerit
2735 5093 3070 5166 episcopum,
3097 5094 3380 5160 scientem,
3402 5088 3536 5163 quod
3561 5089 3731 5142 amotus

2268 5234 2291 5274 ί
2316 5234 2490 5290 Graec.
2521 5234 2614 5290 Xl.

2270 5317 2294 5355 ε
2321 5305 2495 5362 Graec.
2524 5306 2616 5363 XI.

2270 5375 2298 5415 ιι
2329 5378 2493 5434 Forte
2532 5379 2876 5450 profusione,
2917 5379 3010 5436 sed
3049 5393 3115 5435 ex
3145 5379 3334 5436 Graeco
3360 5375 3561 5446 vulgato
3587 5369 3732 5435 ιοεειι·

2193 5452 2319 5507 dum
2333 5519 2336 5520 ν
2350 5451 2686 5520 pauperibus.
3048 5518 3058 5520 _
3526 5511 3559 5520 __
3615 5509 3625 5520 ,
3673 5503 3684 5515 .

2272 5521 2286 5559 ί
2313 5509 2534 5575 G'rzec'us
2563 5530 2744 5575 textus
2774 5520 3019 5590 vulgatus
3045 5518 3206 5576 habet
3224 5509 3728 5590 'Exxlnaiaﬁcclesig:

2194 5595 2264 5649 At
2293 5593 2476 5663 Latina
2505 5593 2833 5661 exemplaria
2865 5584 3115 5663 Eivitatem
3143 5584 3726 5663 prmferunt.__Sequeogf

2199 5677 2358 5732 porro
2387 5661 2546 5728 hujus
2559 5654 2794 5734 _can'onis
2815 5677 2938 5716 cum
2959 5654 3162 5734 Latinis
3189 5658 3568 5734 exemplaribus
3592 5654 3730 5715 ωειιο

2203 5729 2366 5804 quam
2393 5746 2518 5789 cum
2547 5729 2737 5788 Graeco
2759 5732 3110 5790 conveniunt.
