3998 6346
217 290 317 347 837

560 285 788 344 VETUS
824 283 1154 342 CANONUM
1190 279 1466 350 NIGER,
1513 280 1717 338 SARD.
1765 279 1853 336 ET
1893 276 2232 336 CHALCED.
2276 275 2834 334 INTERPRE'I'A’I‘IO
2878 275 3152 333 LATINA.

3393 277 3504 338 858

217 415 300 462 est
327 420 359 459 a
382 403 765 459 communione
790 400 860 455 ab
885 399 1142 472 episcopo
1168 413 1288 466 suo,
1319 413 1426 453 non
1455 397 1654 454 debere
1681 409 1803 451 eum
1832 396 1889 458 Λ
1913 394 2236 463 provehere,
2266 394 2416 449 irrita
2445 402 2500 449 et
2542 393 2752 448 inlirma
2794 391 3102 463 huiusmodi
3133 389 3396 447 habeatur
3418 406 3508 447 or-

215 497 266 554 in
298 494 737 552 communionem
770 493 1070 563 suscipere,
1089 507 1158 549 ne
1188 491 1340 547 fratri
1370 490 1619 562 injuriam
1651 489 1810 544 faciat

199 588 236 664 ,ί
255 587 392 656 Lege
425 581 772 656 praestando]
805 591 1064 654 praestare
1111 582 1568 638 communionem.
1596 581 1650 636 Si
1681 593 1810 636 vero

212 693 378 734 ausus
429 677 592 732 fuerit
638 675 742 732 hoc
777 675 1122 730 committere
1146 716 1163 742 ,
1195 672 1332 728 sciat
1358 673 1500 744 quod
1529 687 1628 728 nec
1676 687 1809 727 con-

213 769 557 824 venientibus
610 769 879 838 episcopis
922 766 1102 822 locum
1158 766 1520 822 excusationis
1572 763 1808 822 habebit.

213 860 418 915 Omnes
445 859 683 930 episcopi
711 859 967 914 dixerunt
993 877 1005 912 :
1032 859 1143 914 Hoc
1171 839 1429 912 itatutum
1463 872 1646 928 pacem
1673 871 1815 914 sem-

211 966 310 1022 per
335 950 639 1017 custndiet,
669 959 726 1007 et
747 951 1093 1006 concordiam
1123 950 1484 1006 conservabit.

289 1050 315 1078 ε
344 1041 534 1096 XVIII.
575 1042 732 1098 Osius
773 1043 1058 1113 episcopus
1106 1042 1239 1096 dixit
1282 1057 1297 1095 :
1336 1042 1612 1110 Quod-me
1655 1041 1815 1114 595

219 1146 442 1202 semper
486 1143 714 1199 movet,
766 1143 946 1190 tacere
975 1149 1082 1188 non
1134 1134 1328 1189 debeo.
1361 1133 1416 1188 Si
1447 1134 1564 1204 quis
1609 1133 1818 1201 episco-

217 1241 324 1297 pus
363 1224 394 1264 ι’
435 1225 695 1299 oxycolns
740 1226 1065 1295 reperiatur,
1096 1226 1223 1282 licet
1259 1225 1312 1280 in
1347 1224 1437 1280 tali
1469 1226 1582 1279 \iro
1610 1223 1712 1279 hoc
1738 1223 1818 1281 vi-

220 1318 360 1373 tium
391 1333 499 1374 non
530 1317 726 1374 debeat
749 1319 998 1388 reperiri,
1032 1326 1087 1373 et
1113 1318 1272 1374 citius
1298 1326 1484 1374 contra
1533 1317 1818 1389 presbyte-

214 1425 384 1480 rum,
425 1411 514 1466 vel
560 1411 845 1467 diaconum
900 1420 1078 1468 motus
1124 1412 1386 1484 dejecerit
1435 1411 1503 1468 de
1544 1411 1815 1477 Ecclesia;

213 1504 611 1577 providendum
641 1514 726 1560 est
747 1519 816 1561 ne
847 1504 1107 1561 innocens
1137 1505 1546 1573 condemnetur,
1570 1506 1654 1560 vel
1680 1519 1820 1560 coma

217 1597 480 1653 munione
507 1595 809 1653 fraudetur.
835 1595 1038 1652 Omnes
1066 1597 1357 1653 dixerunt:
1384 1596 1602 1668 EjeCtus
1624 1595 1820 1652 habeat

215 1690 499 1747 licentiam
541 1690 682 1760 apud
724 1691 1202 1761 metropolitanum
1233 1691 1545 1760 episcOpum
1574 1691 1816 1760 ejusdem

1912 485 2136 542 dinatio.
2164 487 2218 558 Si
2249 487 2370 557 quis
2398 501 2532 543 vero
2562 486 2663 542 hoc
2695 499 2960 556 usurpare
2987 482 3238 549 voluerit,
3269 498 3300 537 a
3330 483 3509 541 fratri-

1911 579 2012 636 bus
2042 583 2240 636 nostris
2265 589 2321 636 et
2347 581 2682 651 coepiscopis
2707 577 3038 635 commoneri
3066 578 3287 636 debebit
3310 587 3357 632 8.
3440 582 3443 583 '

1985 670 2014 709 ¹³
2036 671 2180 729 XXI.
2221 672 2407 729 Aetius
2433 673 2718 743 episcopus
2740 673 2876 728 dixit
2901 689 2916 727 :
2939 672 3056 729 Non
3087 672 3364 740 ignoratis,
3390 687 3510 743 quae

1912 772 1967 820 et
1994 772 2190 833 quanta
2221 765 2291 818 sit
2334 764 2746 833 metropolitana
2795 765 2986 820 civitas
3018 766 3182 839 596
3220 764 3512 821 Thessalo-

1914 857 2127 912 nicana.
2171 855 2326 928 [Lege
2352 856 2432 912 Ad
2462 855 2602 928 eam]
2633 855 2696 912 Ei
2723 859 2918 929 sepius
2947 858 3014 914 de
3042 859 3164 914 aliis
3196 859 3509 930 provinciis,

1914 957 1970 1004 et
2018 948 2286 1017 parochiis
2326 948 2618 1004 adveniunt
2663 951 2986 1023 presbyteri,
3039 960 3093 1007 et
3142 951 3417 1019 diacones,
3449 968 3512 1008 ac

1917 1054 2023 1094 non
2074 1038 2316 1094 contenti
2362 1041 2557 1110 exiguo
2603 1049 2845 1110 tempore
2874 1045 3220 1112 commorari,
3250 1046 3511 1113 resident,

1916 1141 1970 1187 et
1994 1146 2152 1186 omne
2175 1139 2386 1197 tempus
2407 1129 2572 1204 [Lege
2591 1131 2786 1187 ibidem
2817 1135 3050 1207 faciunt]
3073 1135 3264 1190 eodem
3292 1136 3513 1203 facient,

1915 1222 1999 1277 vel
2031 1223 2120 1277 vix
2178 1221 2394 1278 tandem
2441 1231 2562 1293 post
2587 1223 2814 1278 multum
2847 1233 3056 1297 tempus
3082 1227 3147 1283 ad
3179 1243 3304 1284 suas
3336 1229 3515 1286 redire

1917 1314 2075 1388 [Lege
2103 1315 2389 1388 coguntur]
2419 1327 2678 1388 cogentur
2705 1317 2982 1375 Ecclesiae
3002 1321 3047 1377 ί.

1993 1409 2163 1466 XXII.
2202 1409 2366 1467 Osius
2417 1411 2706 1483 episcopus
2753 1414 2889 1468 dixit
2930 1433 2944 1468 :
2987 1414 3314 1486 Suggerente
3351 1417 3514 1472 etiam

1922 1501 2095 1558 fratre
2141 1513 2326 1558 nostro
2354 1502 2640 1575 Olympio,
2691 1514 2748 1561 et
2793 1505 2896 1561 hoc
2942 1507 3162 1577 placuit,
3191 1517 3250 1562 ut
3295 1507 3386 1578 qni
3409 1508 3515 1563 vim

1920 1595 2197 1664 sustinuit,
2229 1606 2285 1652 et
2325 1597 2594 1654 violenter
2624 1600 2879 1668 expulsus
2913 1609 2996 1656 est
3033 1601 3146 1656 sive
3189 1610 3406 1670 propter
3430 1601 3518 1658 di-

1919 1690 2350 1761 sciplinam,sive
2375 1700 2597 1762 propter
2617 1693 3012 1750 confessionem
3034 1693 3314 1750 catholica:
3334 1693 3519 1750 Eccle-

214 1783 516 1856 provincize
549 1784 823 1839 cvicinum
849 1784 1165 1854 confugere,
1195 1792 1254 1840 et
1281 1797 1470 1854 rogare
1501 1790 1559 1837 ut
1585 1797 1814 1852 scrupu-
1845 1776 1894 1837 B
1920 1782 2033 1848 site,
2070 1783 2156 1837 vel
2175 1783 2416 1838 veritatis
2435 1783 2812 1852 assertionem,
2849 1785 3054 1856 fugiens
3090 1785 3410 1856 periculum,
3441 1786 3519 1840 in-

213 1876 390 1932 losius
439 1876 804 1946 interrogetur
854 1877 1150 1947 negotium.
1181 1875 1293 1932 Nec
1319 1878 1461 1930 enim
1509 1875 1817 1944 rogantibus

215 1977 308 2025 est
329 1967 606 2024 audientia
636 1967 973 2038 deneganda.
1015 1968 1086 2024 Et
1112 1966 1202 2023 ille
1231 1967 1540 2038 episcopus,
1572 1967 1662 2036 qui
1697 1981 1810 2020 me-

213 2061 328 2115 rito
367 2060 453 2116 vel
480 2058 804 2130 indignitate
831 2059 1113 2129 dejecerit,
1147 2059 1376 2114 viriliter
1406 2058 1549 2114 ferre
1573 2056 1817 2123 debebit,

214 2158 276 2207 ut
301 2165 533 2206 examen
564 2153 642 2206 rei
674 2151 954 2221 procedat,
986 2166 1095 2222 quo
1134 2151 1255 2221 ejus
1280 2151 1553 2206 sententia
1574 2151 1662 2206 vel
1690 2165 1821 2206 con-

213 2235 491 2311 ﬁrmetur,
521 2243 605 2299 vel
638 2243 977 2299 emendetur.
1009 2242 1112 2310 Qui
1143 2245 1640 2298 excommunicatur
1683 2256 1821 2312 quo-

215 2333 358 2392 libet
383 2335 567 2399 modo,
598 2349 706 2390 non
735 2335 836 2390 sibi
865 2335 1026 2391 debet
1056 2336 1497 2392 communionem
1528 2333 1819 2400 vindicare,

217 2438 516 2498 antequam
567 2428 853 2498 diligenter
882 2443 1006 2484 cum
1037 2431 1182 2483 omni
1210 2427 1437 2483 veritate
1465 2437 1655 2482 cuncta
1699 2442 1824 2482 exa-

217 2519 528 2576 minentur.
558 2519 663 2586 Qul
694 2535 798 2574 non
834 2519 995 2575 habet
1019 2521 1474 2585 communionem,
1501 2529 1624 2575 ante
1649 2534 1824 2576 causa:

213 2612 587 2683 cognitionem
617 2623 722 2667 non
748 2612 851 2668 sibi
881 2612 1040 2668 debet
1067 2612 1341 2668 vindicare
1365 2613 1820 2669 communionem.

217 2701 470 2762 llClerici
499 2719 653 2770 vero,
675 2703 764 2774 qui
793 2705 1140 2769 conveniunt,
1171 2705 1216 2759 si
1263 2704 1608 2774 prmviderint
1637 2718 1825 2774 super-

217 2797 394 2866 biam,
427 2799 511 2854 vel
540 2798 754 2868 iniquas
781 2799 966 2854 subire
994 2793 1246 2868 querelas
1269 2837 1286 2865 ,
1333 2797 1351 2868 [
1375 2795 1510 2869 Lege
1545 2797 1826 2852 amariori-

215 2887 349 2961 δυσ]
379 2905 408 2943 a
439 2882 735 2960 majoribus
777 2900 832 2946 et
873 2891 1212 2961 gravioribus
1242 2889 1425 2946 verbis
1452 2890 1614 2946 talem
1642 2905 1830 2946 emen-

217 2979 358 3038 dare
385 2981 684 3050 debebunt,
715 2991 776 3039 ut
819 2983 1046 3040 honesta
1087 2981 1298 3054 jubentl
1345 2984 1732 3054 obsequantur,
1777 2990 1832 3037 et

219 3071 548 3132 obaudiant.
582 3075 735 3132 Sicut
761 3076 905 3132 enim
946 3076 1235 3147 episcopus
1263 3077 1525 3159 ministris
1564 3078 1829 3131 sinceram

1923 1890 2127 1932 nocens
2147 1890 2211 1931 ac
2239 1876 2464 1932 devotus
2490 1877 2558 1931 ad
2581 1877 2740 1932 aliam
2767 1879 3073 1948 pervenerit
3094 1879 3388 1946 civitatem,
3412 1895 3518 1934 non

1924 1966 2274 2037 prohibeatur
2302 1970 2450 2024 in~ea
2478 1968 2675 2040 degere
2708 1970 2912 2036 tandiu,
2967 1971 3140 2027 donec
3197 1979 3540 2038 revertatur,‘

1926 2059 2008 2113 vel
2039 2057 2196 2131 [Lege
2224 2075 2252 2113 a
2279 2060 2437 2132 facta]
2468 2060 2590 2115 facti
2636 2061 2736 2116 sibi
2774 2061 3034 2117 liberetur
3073 2062 3290 2132 injuria.
3320 2063 3520 2118 Durum

1924 2151 2121 2207 etenim
2149 2161 2249 2216 est,
2278 2151 2473 2221 injuste
2505 2167 2720 2221 passum
2752 2152 3176 2222 persecutionem
3220 2153 3452 2224 iniquam
3491 2168 3522 2210 ε

1929 2245 2084 2300 nobis
2113 2259 2220 2298 non
2247 2245 2478 2315 suscipi,
2507 2246 2838 2317 multamque
2861 2246 3251 2303 benevolentia
3277 2246 3522 2304 humani-

1928 2343 2090 2392 tatem
2120 2334 2342 2408 [Supple
2365 2335 2438 2409 ei]
2468 2353 2575 2393 non
2605 2343 2922 2406 praestaret.

1999 2426 2026 2465 ιι
2048 2427 2237 2482 XXIII.
2280 2428 2609 2484 Gaudentius
2638 2431 2924 2500 episcopus
2952 2432 3088 2486 dixit
3131 2450 3145 2485 :
3195 2431 3337 2501 Scis,
3373 2432 3519 2498 Aeti,

1934 2517 2109 2592 1quod
2157 2519 2410 2590 episcopo
2459 2520 2745 2591 aliquando
2777 2522 3022 2578 ordinato
3071 2539 3174 2593 pax
3201 2523 3518 2600 videbatur;

1930 2611 2002 2666 ita
2035 2621 2090 2664 ut
2121 2609 2280 2664 nullm
2313 2610 2552 2680 reliquiae
2577 2611 2968 2668 discordiarum
3001 2615 3054 2669 in
3079 2615 3315 2670 Ecclesia
3345 2629 3524 2671 rema-

1930 2712 2140 2758 nerent.
2173 2702 2236 2756 Et
2268 2703 2468 2772 placuit
2513 2704 2792 2759 ordinatos
2820 2719 2851 2760 a
2892 2706 3115 2775 Musaeo,
3147 2715 3203 2763 et
3231 2705 3524 2779 Eutychia-

1934 2811 2022 2862 no,
2049 2795 2300 2860 quoniam
2329 2810 2516 2850 eorum
2539 2796 2684 2852 nulla
2707 2797 3076 2867 reperiebatur
3098 2801 3274 2870 culpa,
3297 2802 3524 2872 suscipi.

2005 2897 2042 2923 ιιι
2061 2885 2248 2941 XXIV.
2273 2887 2430 2942 Osius
2458 2888 2746 2958 episcopus
2775 2889 2910 2943 dixit
2935 2905 2948 2943 :
2973 2889 3359 2945 Mediocritatis
3391 2906 3527 2949 more

1935 2979 2050 3036 haec
2075 2988 2158 3033 est
2185 2980 2449 3034 sententia
2475 3020 2488 3040 ,
2535 2981 2787 3050 quoniam
2819 2979 3006 3050 quieti,
3041 2992 3094 3035 et
3135 2982 3404 3052 patientes
3433 2982 3526 3037 de-

1938 3069 2126 3126 bemus
2156 3079 2294 3136 esse,
2311 3077 2367 3126 et
2393 3070 2721 3126 sufﬁcienter
2751 3071 2890 3141 apud
2917 3085 3106 3127 omnes
3133 3071 3332 3129 habere
3360 3072 3526 3131 mise-

215 3169 392 3228 debet
413 3170 753 3237 charitatem,
781 3178 838 3226 et
863 3169 1110 3227 affectum
1134 3179 1414 3240 praestare,
1441 3170 1631 3226 eodem
1662 3171 1824 3227 modo
1852 3165 1900 3228 C
1931 3162 2251 3229 ricordiam;
2281 3165 2446 3219 semel
2470 3164 2536 3218 ad
2560 3163 2987 3221 ecclesiasticum
3007 3165 3210 3246 clerum
3239 3175 3525 3237 provectos

217 3264 463 3333 subjecti
486 3265 757 3336 episcopis
785 3266 979 3321 merita
1000 3261 1202 3321 debent
1233 3276 1485 3334 priestare
1508 3264 1828 3321 ministeria.

301 3367 329 3394 ε
356 3354 502 3412 XIX.
546 3355 833 3412 Ianuarius
862 3357 1149 3428 episcopus
1179 3356 1320 3413 dixit
1355 3376 1366 3411 :
1390 3356 1457 3412 Et
1486 3357 1588 3414 hoc
1612 3358 1830 3415 dilectio

228 3459 428 3507 vestra
478 3452 804 3521 constituat,
856 3466 927 3507 ne
970 3452 1063 3506 ulli
1109 3450 1268 3506 liceat
1315 3452 1569 3520 episc0po
1610 3452 1830 3508 alterius

225 3541 498 3598 Ecclesiae
529 3541 956 3598 ecclesiasticum
988 3541 1284 3598 sollicitare
1311 3583 1326 3609 ,
1371 3544 1454 3598 vel
1491 3543 1541 3596 in
1575 3544 1830 3612 parochia

226 3645 332 3690 sua
356 3631 629 3688 ordinare.
649 3632 850 3690 Omnes
870 3632 1154 3690 dixerunt:
1178 3633 1405 3691 Maxime
1434 3651 1500 3690 ex
1530 3635 1832 3705 hujusmodi

225 3725 678 3782 contentionibus
701 3735 1101 3782 consueverunt
1126 3729 1272 3783 nasci
1294 3727 1600 3793 discordiae,
1627 3735 1685 3782 et
1712 3744 1836 3782 con-

224 3817 606 3890 cupiscentiae,
633 3828 689 3876 et
707 3819 779 3874 ob
803 3823 938 3875 hanc
965 3835 1076 3876 rem
1107 3820 1171 3874 ad
1204 3820 1500 3876 destinatas
1528 3820 1631 3876 sibi
1653 3820 1836 3876 clerici

227 3925 348 3966 non
395 3919 629 3981 pergunt
661 3909 952 3966 Ecclesias.
981 3909 1234 3967 Omnium
1269 3910 1540 3968 sententia
1587 3911 1688 3967 hoc
1715 3927 1838 3982 pro-

229 4000 392 4057 hibet
423 4000 562 4056 liet'i.

313 4090 337 4130 τ
368 4091 490 4147 XX.
531 4092 688 4147 Osius
715 4089 1004 4163 episcopus
1051 4093 1225 4148 dixit:
1254 4093 1321 4149 Et
1369 4094 1472 4148 hoc
1514 4103 1834 4160 statuamus,

229 4192 296 4240 ut
327 4185 378 4239 si
405 4183 641 4239 voluerit
669 4200 736 4240 ex
766 4185 941 4240 aliena
975 4185 1227 4257 parochia
1258 4187 1376 4256 quis
1420 4185 1650 4241 alienum
1680 4186 1839 4242 mini-

231 4285 415 4333 strum
438 4278 558 4332 sine
577 4291 844 4333 consensu
867 4277 1103 4348 episcOpi
1125 4279 1240 4348 ejus
1264 4277 1332 4334 ad
1354 4277 1585 4349 aliquem
1614 4279 1837 4350 gradum

315 4441 344 4468 ³
387 4431 565 4486 Grtec.
601 4430 739 4486 XIV.

311 4499 346 4541 ³³
366 4500 553 4557 Grzrca
585 4517 712 4568 vox,
745 4500 799 4556 id
823 4510 929 4571 est,
958 4504 1261 4558 irartmdus.

321 4583 346 4611 ε
375 4573 472 4627 IIic
497 4573 692 4627 desunt
721 4574 917 4645 aliqua.
957 4575 1030 4629 Ex
1063 4574 1254 4630 Graeco
1299 4573 1657 4645 supplendum
1687 4576 1765 4631 uel
1795 4579 1840 4631 si

236 4645 669 4712 metropolitanus
698 4644 858 4710 abest,
883 4647 950 4698 ad
978 4648 1218 4710 ricinum,
1248 4658 1356 4702 etc.

312 4711 342 4751 δ
369 4711 468 4769 llic
493 4731 650 4770 error
678 4723 830 4787 vetus
873 4726 976 4778 est.
1004 4728 1058 4771 et
1089 4726 1155 4770 ita
1189 4718 1236 4769 in
1273 4719 1542 4787 vulgatum
1567 4718 1836 4777 Graecum.

239 4796 300 4842 ut
333 4787 463 4840 olim
512 4792 563 4840 in
595 4786 836 4840 Codicetn
867 4792 1032 4842 nostri
1069 4786 1384 4855 interpretis
1407 4790 1716 4857 irrepserat.
1759 4790 1839 4846 Ex

240 4858 442 4933 Latino
473 4858 976 4933 melius__|eget_tdum
1007 4860 1157 4933 :_Qui
1198 4875 1314 4933 vero
1338 4863 1662 4933 [conveniunt
1705 4863 1836 4933 (epi-

239 4930 434 5000 scopi)
477 4929 546 4982 ad
577 4929 954 4997 judicanduni;
994 4931 1039 4984 si
1076 4930 1402 5000 praeciderint
1448 4933 1620 4984 clerici
1663 4929 1844 4998 saper-

241 4998 404 5063 biant,
447 5000 524 5053 vel
553 5000 753 5067 iniquas
783 5005 1036 5067 querelas,
1069 4998 1412 5056 amarioribus
1443 5011 1490 5054 et
1518 5004 1844 5071 gravioribus

241 5071 409 5125 urbis
439 5071 591 5123 talem
609 5072 881 5144 emendare
901 5071 1170 5138 debebunt,
1205 5082 1258 5125 at
1285 5071 1501 5127 honesta
1521 5075 1727 5144 jubenti
1749 5075 1840 5130 ob-

246 5156 512 5211 saquamr,
543 5152 590 5194 et
615 5143 876 5195 obaudiat.

324 5201 472 5286 {llic
497 5201 673 5267 canon
706 5215 758 5266 in
800 5212 990 5270 Graeco
1015 5215 1164 5286 vulg.
1193 5201 1556 5284 desideratur,
1588 5223 1766 5272 exstat
1790 5216 1845 5272 in

247 5277 466 5342 Latino.

325 5352 344 5392 ί
372 5352 548 5408 Graec.
579 5353 700 5408 XV.

321 5434 348 5472 κ
369 5424 451 5480 Ex
479 5422 667 5480 Graeco
691 5425 835 5496 vulg.
862 5425 1077 5482 additur
1117 5444 1131 5480 :
1175 5426 1366 5482 Omnes
1396 5428 1636 5485 dixerunt
1672 5445 1692 5484 :
1731 5428 1847 5484 Hoc

385 5514 446 5568 t_te
475 5496 735 5568 decretum
765 5506 862 5553 stet
881 5499 1088 5568 ﬁrmum
1114 5510 1160 5554 et
1183 5501 1468 5557 inamabile.

323 5564 550 5622 llGraec.
578 5567 716 5624 XVI.
881 5564 892 5568 ’
975 5571 984 5584 ⁸

330 5635 352 5712 ᾗ
371 5637 453 5712 Ex
494 5641 684 5712 eodem
713 5641 902 5696 Graeco
931 5642 985 5700 in
1014 5641 1156 5711 vulg.
1195 5641 1412 5696 additur
1456 5661 1472 5697 ε
1508 5641 1592 5712 pe
1619 5643 1698 5696 his
1723 5659 1845 5712 ergo

256 5705 603 5776 deﬁniendum
644 5723 738 5764 est.
775 5713 928 5766 Osius
969 5705 1237 5781 episcopus
1267 5713 1397 5766 dixit
1433 5728 1450 5766 :
1497 5711 1578 5766 Ea
1619 5705 1842 5777 decreta,

259 5789 369 5848 με
393 5781 461 5835 de
485 5782 736 5852 episcopis
777 5786 1055 5839 constituta
1096 5793 1215 5837 sunt
1239 5820 1260 5851 ,
1300 5792 1571 5856 serventur
1610 5785 1848 5840 etiamin

1938 3267 1967 3308 a
1997 3255 2315 3325 quibusdam
2347 3254 2603 3310 fratribus
2628 3257 2907 3327 nostris,si
2939 3257 3212 3314 noluerint
3236 3259 3437 3316 reverti
3458 3261 3527 3317 ad

1939 3359 2072 3416 quas
2118 3345 2374 3401 nominati
2403 3354 2529 3400 sunt
2575 3345 2866 3412 Ecclesias,
2914 3349 3244 3418 inposterum
3293 3367 3400 3408 non
3438 3365 3532 3409 su-

1940 3439 2095 3510 scipi.
2127 3439 2494 3510 Eutychianus
2522 3449 2703 3495 autem
2747 3442 3088 3513 episcopatus
3128 3445 3230 3500 sibi
3262 3446 3533 3504 vindicare

1944 3547 2138 3588 nomen
2176 3546 2282 3585 non
2328 3531 2507 3598 debet,
2543 3546 2645 3587 nec
2690 3533 2921 3588 Musaeus
2963 3535 3251 3606 episcopus
3299 3536 3534 3592 aestima-

1941 3625 2106 3682 bitur.
2140 3625 2402 3681 Craterum
2448 3626 2493 3679 si
2526 3624 2715 3681 Iaicam
2744 3627 3180 3684 communionem
3208 3639 3531 3702 eXposcunt,

1941 3714 2028 3772 his
2054 3714 2237 3786 negari
2259 3730 2364 3771 non
2389 3714 2609 3772 debet".

2017 3809 2223 3868 OXXV.
2262 3810 2596 3866 Gaudentius
2619 3811 2906 3882 episcopus
2933 3813 3066 3869 dixit
3090 3829 3106 3869 :
3129 3813 3258 3870 Haec
3299 3814 3535 3870 salubri-

1943 3911 2048 3971 ter,
2098 3911 2153 3958 et
2201 3911 2599 3972 consequenter
2646 3911 2884 3972 statuta,
2913 3913 3008 3971 et,
3053 3913 3110 3960 ut
3136 3903 3320 3962 decuit
3344 3915 3537 3962 vestrae

1946 3995 2214 4051 honestati
2261 3994 2622 4062 sacerdotali,
2671 3995 2781 4052 Deo
2837 3997 3072 4068 placita,
3123 4009 3177 4054 et
3205 3997 3536 4065 hominibus,

1947 4104 2056 4145 non
2086 4096 2340 4160 poterunt
2364 4104 2516 4145 suam
2546 4090 2676 4158 vim,
2705 4101 2763 4146 et
2809 4093 3104 4162 potentiam
3132 4093 3402 4160 obtinere,
3435 4093 3538 4149 nisi

1947 4185 2109 4239 timor
2152 4183 2472 4240 sententiam
2522 4186 2783 4254 prolatam
2848 4188 3224 4258 subsequatur.
3277 4188 3539 4244 Novimus

1947 4291 2184 4347 namque
2213 4286 2268 4331 et
2320 4276 2421 4345 ipsi
2455 4276 2652 4346 saepius
2687 4285 2906 4348 propter
2931 4281 3223 4349 paucarum
3253 4279 3538 4349 impuden-

1939 4434 2200 4506 ejusmodi
2236 4434 2492 4506 personis.
2534 4431 2721 4502 Incipit
2750 4440 2933 4506 autem
2963 4447 3195 4504 sequens
3221 4447 3393 4490 canon
3419 4435 3540 4491 sine

1942 4504 2346 4561 interlocutoris
2373 4518 2604 4575 persona
2633 4520 2661 4556 a
2690 4505 2869 4560 verbis
2899 4504 3211 4575 Suggerente
3237 4507 3398 4574 fratre
3441 4523 3542 4561 no-

1940 4584 2085 4640 stro,
2133 4586 2238 4630 etc.
2287 4573 2474 4628 Melius
2519 4574 2571 4628 in
2614 4573 3027 4643 exemplaribus
3056 4573 3298 4640 Latinis,
3327 4577 3542 4631 omissis

1945 4647 2046 4702 illis
2084 4646 2159 4701 De
2199 4646 2278 4699 his
2307 4661 2427 4716 ergo
2468 4645 2813 4716 deﬁniendum
2862 4655 2968 4710 est,
3023 4648 3135 4702 haec
3175 4648 3541 4716 adjiciuntur:

1949 4717 2183 4772 Universi
2222 4713 2460 4771 dixerant
2498 4713 2638 4770 :Ea
2673 4726 2937 4789 tempora,
2969 4736 3084 4785 quia
3111 4713 3388 4774 constituta
3429 4728 3543 4772 sunt

1950 4790 2085 4843 circa
2117 4792 2376 4858 episropos
2402 4829 2415 4852 ,
2468 4797 2515 4841 et
2563 4788 2702 4840 circa
2717 4788 2825 4858 -lms
2871 4805 3136 4857 personas,
3169 4789 3423 4844 observari
3445 4789 3542 4842 de-

1949 4862 2084 4932 bent.
2117 4860 2251 4932 Tum
2284 4873 2416 4926 vero
2447 4872 2618 4912 canon
2637 4873 2818 4932 [novus
2847 4861 3033 4932 incipit
3057 4876 3072 4915 :
3101 4860 3253 4915 Osius
3273 4861 3544 4930 episcopus

1949 4931 2113 4986 dixit:
2132 4939 2190 4984 ut
2215 4930 2266 4984 in
2296 4937 2478 4984 nostra
2507 4930 2775 4987 versione.

2025 5005 2040 5051 ι
2075 5002 2149 5056 Ex
2191 5001 2382 5056 Grmco
2421 5000 2566 5063 vulg.
2602 5001 2906 5057 addendum
2941 5010 3088 5057 esset
3126 5001 3376 5060 ξυνῆκα
3400 5001 3543 5055 dixe-

1949 5084 2104 5128 runt:
2124 5072 2240 5127 Hoc
2267 5075 2421 5124 etiam
2453 5073 2666 5140 placuit.
2698 5075 2900 5129 Desunt
2928 5074 2981 5128 in
3014 5083 3157 5127 tcxtu
3189 5072 3396 5126 Latino.

2027 5142 2050 5182 ι
2078 5142 2252 5199 Graec.
2286 5141 2471 5196 XVIII.
2502 5142 2555 5197 In
2585 5142 2701 5197 Lat.
2733 5145 2904 5199 deest.

2033 5213 2049 5252 ι
2080 5215 2154 5270 Ex
2189 5211 2379 5268 Grznco
2418 5218 2565 5283 vu'g.
2603 5214 2762 5270 aliter
2802 5216 2883 5270 sic
2917 5212 3206 5269 redditur:
3248 5211 3388 5281 quod
3423 5218 3546 5266 tunc

1959 5302 2075 5341 cum
2100 5287 2364 5357 episcopus
2395 5286 2696 5357 constitutus
2719 5302 2772 5340 es
2792 5327 2807 5350 ,
2853 5301 2956 5352 pm:
2982 5285 3220 5357 deinceps
3245 5285 3400 5357 uiguit
3434 5298 3548 5357 :‘ne

1958 5341 2146 5427 aliqua;
2188 5341 2417 5426 reliquiae
2445 5341 2828 5409 discordiarum
2851 5341 3235 5411 remaneant'in
3273 5341 3541 5422 Ecclesiis,

1954 5428 2145 5497 placuit
2179 5427 2464 5491 ordinatos,
2494 5435 2601 5497 etc.

2029 5509 2066 5536 ω
2091 5499 2268 5555 Gmc.
2300 5498 2441 5554 XIX.
2475 5497 2530 5550 In
2559 5496 2680 5552 Lat.
2706 5496 2875 5553 deest.

1955 5580 2050 5694 Pl"
2213 5571 2358 5640 vulg.
2406 5569 2595 5624 Graeco
2637 5567 2942 5624 addendum
2979 5583 3000 5635 ε
3032 5566 3225 5623 Omnes
3264 5567 3549 5623 dixerunt:

2026 5658 2116 5694 ace
2143 5682 2157 5694 .
3082 5685 3086 5690 .

2026 5651 2157 5696 acet.
3082 5685 3086 5690 .

2027 5721 2052 5749 °
2077 5711 2252 5768 Graec.
2285 5705 2406 5764 XX.
