3998 6346
612 306 717 366 859

610 424 737 479 tiam
764 421 998 478 divinum
1027 432 1079 477 et
1110 414 1419 479 uenerabile
1444 434 1637 479 nomen
1668 420 1952 479 sacerdotii
1981 435 2173 492 repre-

610 514 837 571 hensum
883 514 1067 579 fuisse.
1116 512 1174 569 Si
1222 512 1343 584 quis
1392 528 1520 570 vero
1561 513 1721 572 fuerit
1764 528 1946 582 ausus,
1987 523 2183 585 praeter

607 606 856 662 omnibus
902 605 1090 675 placita
1138 602 1399 676 (cupiens
1426 603 1585 677 597
1614 604 1788 678 [Lege
1831 604 2182 661 contumaciae

605 700 773 770 magis
797 708 851 755 et
868 694 1152 769 superbiae]
1164 700 1556 754 contumaciam
1576 701 1766 771 magis,
1780 709 1834 755 et
1851 698 2179 770 superbiam,

601 808 759 864 quam
802 791 908 847 Deo
948 789 1123 865 [Lege
1157 790 1407 864 placere]
1437 793 1673 863 placare)
1699 792 1898 863 aliquid
1927 792 2178 858 actitare;

595 889 704 956 jani
738 886 860 941 hinc
889 895 1181 957 cognoscet
1207 886 1441 941 maximo
1471 900 1528 942 se
1557 886 1785 943 crimine
1814 887 2098 956 obligasse,
2128 894 2184 940 et

598 978 881 1045 honorem,
912 993 974 1033 ac
1001 978 1321 1048 dignitatem
1345 980 1686 1050 episcOpatus
1725 980 1969 1035 amittere
1988 988 2035 1034 ι.
2074 978 2183 1035 iloc

598 1082 774 1124 autem
808 1086 870 1126 ex
901 1086 967 1125 eo
997 1070 1319 1137 innotescet,
1368 1077 1424 1127 et
1466 1078 1841 1142 cognoscetur.
1877 1069 1932 1126 Si
1962 1070 2185 1140 quisque

596 1173 838 1216 nostrum
871 1161 926 1215 in
959 1160 1188 1215 transitu
1211 1199 1227 1227 ,
1259 1158 1345 1215 vel
1385 1160 1555 1216 canali
1605 1161 1809 1231 positus
1840 1158 2028 1215 videns
2073 1158 2185 1228 epi-

596 1267 843 1323 scopum,
874 1250 1115 1323 requirat
1143 1266 1359 1308 causam
1402 1252 1680 1320 transitus,
1704 1262 1759 1308 et
1786 1266 1890 1323 quo
1918 1265 2071 1307 suum
2103 1252 2186 1307 di-

597 1344 734 1415 rigat
756 1347 886 1411 iter;
919 1351 974 1400 et
992 1346 1036 1401 si
1064 1343 1215 1399 illum
1245 1345 1510 1401 invenerit
1530 1344 1596 1402 ad
1619 1348 1929 1402 comitatum
1957 1359 2183 1415 pergen-

600 1447 708 1493 tem
735 1478 751 1505 ,
795 1436 1101 1507 expiscetur
1128 1436 1471 1493 conditiones
1498 1452 1658 1509 supra
1690 1437 1910 1508 positas,
1939 1446 1994 1492 et
2030 1435 2077 1492 si
2106 1437 2185 1493 ire

595 1539 843 1586 vocatum
878 1528 1367 1600 przevidcrit,eunti
1394 1530 1596 1585 nullum
1627 1528 2066 1601 impedimentum
2099 1544 2185 1600 ap-

593 1632 789 1695 portet.
817 1624 877 1681 Si
909 1639 1037 1679 vero
1078 1624 1450 1680 ostentationis
1476 1625 1667 1696 gratia,
1706 1625 1845 1681 sicut
1869 1626 2182 1695 praedictum

593 1726 877 1775 estvestrae
892 1719 1160 1787 charitati,
1182 1718 1336 1791 [Lege
1350 1726 1442 1773 aut
1460 1718 1549 1787 obl
1573 1719 1617 1773 si
1646 1727 1823 1774 autem
1845 1718 1915 1773 ob
1932 1733 2184 1789 quorum-

593 1808 715 1865 dam
751 1824 939 1880 preces
966 1810 1182 1867 festinat
1209 1809 1273 1863 ad
1297 1809 1603 1865 comitatum
1631 1851 1646 1875 ,
1693 1824 1793 1865 nec
1835 1809 2029 1865 litteris
2064 1808 2180 1878 ejus

592 1904 714 1971 quis
759 1902 1099 1970 subscribet,
1152 1916 1251 1958 nec
1280 1901 1331 1957 ei
1373 1900 1756 1957 communicet.
1806 1899 1834 1940 δ
1868 1900 2067 1955 Omne's
2096 1914 2183 1955 re-

592 1994 963 2064 sponderunt:
992 1995 1173 2063 Decet,
1201 2003 1255 2051 et
1281 1994 1457 2063 placet
1482 1993 1634 2050 nobis
1660 1994 1775 2049 haac
1800 1993 2085 2049 sententia.

594 2118 695 2163 0811
716 2122 1086 2176 εοιωυβεκειε,
1118 2122 1185 2162 ΕΤ
1217 2120 1541 2161 PROTOGENIS
1567 2120 1897 2161 SARDICENSlS
1922 2118 2178 2159 EPISTOIA

1143 2193 1210 2232 AD
1224 2191 1409 2232 ιυιιωι
1434 2192 1625 2231 ΡΑΡΑΙΙ.

640 2280 664 2309 ε
691 2268 1053 2327 Dilectissimo
1084 2266 1236 2323 fratri
1257 2266 1441 2333 Juuo,
1472 2266 1657 2335 OSIUS,
1692 2274 1746 2321 et
1770 2267 2141 2323 Pnorocssas.

636 2351 1032 2431 Meminimus,
1071 2368 1127 2419 et
1156 2369 1420 2425 tenemus,
1452 2368 1507 2415 et
1553 2358 1813 2417 habemus
1868 2359 2015 2415 illam
2043 2358 2178 2416 scri-

667 2617 696 2647 ι
720 2607 803 2665 Ex
836 2608 1027 2665 eodem
1066 2610 1253 2667 Greco
1295 2610 1603 2664 inseruntur
1635 2604 1798 2662 verba
1827 2618 1845 2659 :
1874 2602 2062 2658 Omnes
2090 2619 2175 2658 re-

595 2680 909 2751 sponderunt
931 2696 951 2734 :
977 2680 1149 2749 Decet,
1178 2689 1225 2734 et
1255 2680 1416 2748 placet
1434 2680 1578 2751 nobis
1609 2678 1713 2732 haec
1742 2676 1993 2751 sententia
2003 2691 2030 2751 _:
2053 2689 2174 2751 qua

597 2745 791 2806 melius
813 2751 865 2805 in
898 2760 1079 2805 nostra
1108 2745 1355 2807 versione
1383 2750 1449 2805 atl
1480 2751 1637 2804 finem
1661 2748 1880 2803 canonis
1917 2745 2174 2815 rejiciun-

597 2834 686 2877 tur
713 2839 728 2875 :
762 2828 817 2876 ut
846 2821 901 2875 in
930 2820 1134 2877 Latinis
1170 2836 1382 2892 quoque
1413 2819 1807 2890 exemplaribus
1831 2832 1954 2873 can.
1986 2816 2047 2872 ii
2094 2816 2173 2871 le-

638 2902 816 2946 untur.

599 2907 959 3034 8“iitulgovulg.
985 2962 1175 3020 Graeco
1205 2979 1303 3034 pro
1325 2963 1506 3018 verbis
1534 2959 1906 3034 sequentibus,
1936 2973 2175 3034 quaeau-

594 3040 680 3089 tea
712 3028 933 3104 fuerant'
948 3036 1169 3104 inserta,
1200 3028 1317 3089 inec
1346 3028 1743 3089 substituuntur
1775 3050 1787 3084 :
1817 3028 2002 3085 Omnes
2028 3028 2177 3083 dixe-

597 3114 714 3158 runt
744 3121 762 3158 :
796 3102 907 3158 Hoc
930 3121 1128 3174 quoque
1155 3102 1477 3160 decernatur.

669 3185 693 3213 ε
726 3174 895 3243 Hujus
921 3170 1166 3243 epistula:
1206 3176 1534 3231 mentionem
1562 3175 1687 3230 facit
1716 3173 2048 3227 Sozomenus
2080 3170 2174 3225 lib.

596 3259 677 3306 iit.
712 3260 762 3299 c.
792 3244 879 3299 η.
902 3245 1067 3315 Osius
1087 3288 1103 3312 ,
1134 3257 1180 3301 et
1205 3245 1544 3315 Protogenes,
1571 3245 1761 3314 inquit,
1788 3243 1877 3313 qui
1903 3250 2025 3296 tunc
2049 3243 2180 3315 inter

597 3317 858 3385 episcOpos
883 3314 1195 3386 Occidentis,
1228 3318 1313 3386 qui
1341 3313 1574 3372 Serdica
1604 3313 1962 3386 canveuerant,
1988 3313 2179 3386 princi-

598 3383 713 3468 pem
740 3383 908 3468 locum
934 3383 1407 3468 obtineban't.,'ver.iti
1433 3390 1674 3468 fortasse,
1691 3401 1754 3439 ne
1781 3384 2084 3468 quibusdam
2107 3383 2180 3468 iii-

535 3476 543 3487 ο
597 3452 837 3528 cierentur
856 3457 1128 3528 derogasse
1153 3452 1354 3511 Νίτωηὲ
1374 3452 1577 3511 concilii
1606 3452 1843 3528 decretis,
1868 3452 2183 3528 litterariu-

598 3526 669 3599 lio
691 3524 1003 3599 scripserunt
1023 3569 1036 3592 ,
1071 3529 1337 3596 testatique
1365 3536 1507 3593 sunt,
1536 3544 1590 3582 se
1618 3525 1711 3580 illa
1749 3526 1955 3599 quidem
1986 3524 2182 3578 ratibu-

598 3596 742 3671 bere;
765 3596 853 3671 sed
878 3600 1089 3671 majoris
1120 3599 1492 3671 perspicuitatis
1523 3614 1679 3671 causa
1711 3598 1945 3671 eamdem
1973 3606 2179 3671 senten-

596 3668 720 3723 tiam
748 3670 911 3735 fusius
935 3667 1251 3737 exposuisse,
1279 3686 1341 3723 ne
1357 3668 1562 3722 Arionis
1585 3668 1825 3721 brevitate
1845 3667 2183 3735 conscriptio-

596 3740 677 3793 nis
708 3740 847 3793 illius
885 3737 1204 3793 abutentibus
1235 3740 1432 3793 occasio
1462 3741 1673 3793 daretur
1700 3738 1961 3805 imperitos
1992 3738 2177 3804 hujus-

596 3809 735 3863 modi
759 3810 1165 3877 disputationum
1195 3809 1247 3863 in
1274 3810 1552 3863 absurdum
1582 3825 1788 3863 sensum
1830 3808 2175 3875 pertraliendi.

599 3877 721 3949 Ipsa
750 3890 928 3933 autem
970 3880 1196 3949 epistola
1218 3920 1233 3944 ,
1257 3895 1377 3949 qua:
1423 3880 1678 3949 hactenus
1727 3879 2029 3933 desiderata
2056 3878 2175 3945 fuit,

599 3964 744 4004 nunc
783 3965 853 4004 ex
901 3948 1086 4003 nostro
1117 3948 1298 4005 codice
1345 3949 1540 4004 Veron.
1574 3948 1642 4001 55
1688 3949 1746 4002 in
1777 3950 1945 4004 lucem
1976 3949 2173 4017 prodit.

600 4017 726 4073 Haec
753 4020 1013 4074 rationem
1042 4018 1213 4083 affert,
1240 4036 1334 4074 cur
1360 4020 1555 4086 scripta
1575 4018 1733 4073 fuerit
1754 4020 2013 4087 expositio
2030 4018 2172 4085 fidei,

596 4103 718 4161 qua:
743 4089 919 4161 addita
941 4098 1024 4143 est
1038 4092 1278 4161 sequenti
1306 4089 1577 4161 synodica;
1600 4089 1652 4142 in
1676 4090 1809 4161 fine.
1828 4090 1976 4146 Sicut
1998 4099 2175 4145 autem

599 4158 719 4230 haec
763 4159 886 4213 fidei
916 4159 1185 4228 expositio
1223 4160 1278 4213 in
1319 4158 1526 4230 synodo
1557 4160 1857 4225 Sardicensi
1907 4162 2175 4230 proposita

597 4229 813 4298 quidem
835 4230 950 4294 fuit,
968 4245 1073 4285 non
1090 4240 1262 4286 tamen
1289 4229 1613 4301 approbata;
1639 4232 1705 4284 ita
1737 4241 1793 4285 et
1810 4229 1922 4286 haec
1952 4231 2175 4298 epistola

592 4310 751 4356 antea
784 4310 966 4371 parata
1006 4302 1167 4356 fuisse
1207 4302 1438 4365 videtur,
1468 4308 1782 4371 nontamen
1806 4314 2042 4369 recepta,
2075 4316 2175 4357 nec

596 4370 910 4429 transmissa
938 4390 952 4428 :
993 4386 1055 4428 ac
1082 4374 1304 4441 proinde
1334 4370 1716 4441 suppositionis
1746 4384 1925 4427 notam
1952 4381 2174 4441 utraque

594 4441 835 4498 incurrit.
861 4443 1035 4499 Nihilo
1062 4454 1238 4497 tamen
1270 4443 1446 4498 minus
1472 4458 1502 4497 a
1537 4443 1812 4497 nonnullis
1837 4444 2068 4511 antiquis
2096 4459 2177 4499 re-

598 4512 718 4583 latae
740 4515 951 4569 fuerunt
977 4526 1085 4567 tuin
1113 4514 1376 4583 expositio
1410 4514 1533 4569 fidei
1557 4557 1570 4578 ,
1599 4524 1705 4567 tum
1733 4517 1847 4568 haec
1868 4515 2090 4582 epistola
2121 4515 2175 4569 in

595 4581 859 4647 codicem,
883 4586 960 4639 uti
991 4581 1281 4653 proposita“:
1299 4585 1531 4650 fuerant,
1557 4597 1611 4639 et
1636 4584 1836 4640 idcirco
1866 4581 1973 4639 non
2005 4586 2171 4641 multo

594 4663 714 4777 Kost
742 4655 887 4709 velut
932 4656 1179 4724 genuina:
1219 4657 1459 4724 allegatus
1493 4656 1861 4710 inveniuntur.
1893 4655 2025 4710 Vide
2054 4672 2173 4725 quso

637 4737 698 4777 ac
725 4723 794 4777 de
833 4740 893 4777 re
944 4725 1182 4777 pluribus
1212 4726 1559 4777 disseruimus
1590 4726 1642 4777 in
1689 4734 1917 4777 tractatu
1965 4736 2102 4777 nart.
2132 4743 2173 4777 ι.

637 4737 698 4778 ac
725 4723 794 4847 d6e
833 4740 893 4781 re
943 4723 1182 4795 pluribus
1212 4723 1559 4783 disseruimus
1590 4726 1642 4780 in
1689 4734 1917 4782 tractatu
1965 4723 2102 4797 part.
2131 4743 2173 4796 ι,

637 4809 731 4847 ιο.-
781 4832 796 4847 .

591 4809 796 4858 cap.~o.

660 4862 688 4901 ἀ
719 4866 792 4920 Ex
837 4865 1006 4921 tribus
1048 4866 1435 4937 quaestionibus
1470 4867 1590 4923 duae
1642 4868 1845 4923 librarii
1888 4866 2169 4925 oscita'ntia

591 4937 807 5010 omissa:
837 4978 853 5003 ,
891 4952 956 4993 ex
999 4938 1449 5010 anathematismo
1476 4979 1491 5003 ,
1518 4939 1658 5009 quod
1687 4938 1903 4995 Nicmno
1931 4940 2172 5010 symbolo

591 5006 890 5080 subjicitur,
944 5008 1255 5077 supplenda
1286 5016 1413 5062 sunt
1438 5011 1515 5064 sic
1535 5006 1561 5061 ':
1594 5013 1731 5080 quod
1759 5022 1867 5064 erat
1894 5006 2172 5074 aliquando

588 5079 793 5147 quando
824 5095 924 5133 non
960 5090 1069 5133 erat
1088 5088 1183 5151 ,Aet
1211 5080 1331 5151 quia
1369 5096 1434 5134 ea:
1462 5079 1621 5135 nullis
1644 5082 1977 5135 existentibus
2005 5082 2172 5151 factus

588 5158 684 5215 est,
718 5158 805 5202 aut
832 5166 894 5204 ex
919 5151 1022 5204 alia
1048 5149 1335 5203 substantia
1359 5153 1437 5205 uel
1471 5153 1689 5205 essentia
1718 5152 1891 5208 dicunt
1914 5149 2020 5207 esse
2050 5168 2173 5207 con-

589 5218 872 5273 oertibilent
896 5264 910 5288 ,
939 5230 1027 5273 aut
1049 5220 1343 5274 mutabilem
1370 5220 1565 5275 Filium
1599 5223 1713 5278 Det.

665 5290 887 5365 {Locus
908 5289 1248 5365 depravatus,
1276 5300 1331 5347 et
1355 5292 1493 5365 forte
1517 5293 1679 5365 etiam
1705 5294 1917 5349 mutilus
1950 5311 1967 5350 :
1991 5294 2044 5349 in
2066 5308 2171 5365 quo

589 5361 717 5433 quid
747 5362 1143 5433 corrigendum,
1165 5363 1252 5418 vel
1278 5364 1632 5433 supplendum
1656 5365 1746 5432 sit,
1775 5380 1846 5420 ex
1889 5361 2171 5421 Soaomcni

588 5432 942 5507 testimonio,
987 5432 1128 5507 quod
1179 5442 1291 5507 not.
1323 5434 1350 5490 1
1386 5432 1587 5507 (Supra
1633 5444 1738 5507 not.
1777 5446 1798 5474 ε
1832 5434 1987 5506 hujus
2025 5437 2172 5507 col.).

590 5503 967 5577 recitavimus,
992 5503 1154 5577 facile
1182 5504 1375 5575 cuique
1400 5503 1671 5573 conjicere
1700 5503 1927 5577 licebit,
1944 5522 2034 5577 ex.
2088 5503 2169 5577 gr.

586 5572 669 5627 sic
694 5590 705 5624 :
738 5584 794 5628 ut
814 5574 1121 5629 excludatur
1158 5572 1332 5630 eorum
1358 5572 1612 5631 scholium
1638 5576 1879 5630 adversus
1902 5572 2175 5631 Nicwnam

586 5643 766 5725 Mein,
798 5655 844 5700 et
886 5647 978 5715 ﬁat
1028 5646 1178 5702 latior
1223 5654 1273 5701 et
1328 5648 1530 5719 longior
1580 5648 1829 5718 expositio
1859 5650 2021 5718 priori
2062 5665 2176 5704 con-

584 5723 829 5771 sentiens.

652 5780 685 5859 _‘
714 5782 840 5843 Haec
862 5786 1130 5861 Synodica
1156 5788 1381 5861 Latina,
1416 5788 1556 5848 forte
1580 5804 1645 5849 ex
1664 5864 1667 5865 ν
1684 5788 1931 5867 originali
1954 5789 2173 5867 Latino,

1538 298 1630 358 AD
1672 301 1902 363 OPERL
1939 301 1997 359 S.
2040 299 2285 359 LEONIS
2323 297 2534 359 MAGNI
2574 298 2939 358 APPENDIX.

2204 426 2259 488 Α
2284 432 2493 493 pturam
2513 465 2527 492 ,
2561 437 2680 493 qua:
2714 421 2953 478 continet
2976 417 3297 476 catholicam
3320 418 3472 476 ﬁdem
3494 419 3665 479 factam
3684 426 3798 495 apud

2233 572 2245 591 ο
2284 513 2538 580 Nicaeam,
2568 522 2622 570 et
2651 513 2813 587 598
2841 520 3233 569 consenserunt
3252 525 3464 580 omnes,
3493 514 3577 584 qui
3619 514 3799 576 aderant

2284 606 2543 678 episcopi.
2572 606 2706 662 Tres
2729 606 2871 661 enim
2902 604 3230 676 quaestiones
3272 612 3428 660 mota:
3466 613 3578 661 sunt
3609 605 3668 660 :tl
3688 609 3798 677 quod

2284 711 2421 768 erat,
2453 698 2666 772 quando
2704 713 2811 755 non
2842 707 2980 754 erat.
3010 697 3119 754 Sed
3144 695 3393 768 quoniam
3420 706 3537 767 post
3560 697 3649 754 hoc
3668 700 3795 757 disci-

2286 795 2400 867 puli
2429 794 2539 849 Arii
2570 790 2755 867 [Forte
2785 790 3148 863 blasphemias
3176 788 3797 867 oelblasphemi]blaspbe.

2285 892 2409 944 mia:
2433 894 2876 951 commoverunt;
2908 885 3047 941 ratio
3069 882 3313 956 quadam
3334 884 3505 956 coegit
3534 885 3615 957 (ne
3635 890 3731 957 quis
3748 904 3795 945 ex

2286 982 2390 1037 illis
2432 980 2601 1038 tribus
2630 978 2956 1051 argumentis
2984 980 3380 1035 circumventus
3414 989 3620 1036 renovet
3653 979 3795 1051 ﬁdem)

2288 1082 2313 1113 ⁸
2330 1084 2383 1131 et
2396 1072 2707 1131 excludatur
2726 1087 2913 1130 eorum
2930 1071 3182 1144 spolium,
3194 1079 3251 1128 et
3273 1085 3343 1128 ne
3363 1070 3454 1127 fiat
3477 1070 3636 1139 latior,
3648 1081 3696 1128 et
3712 1073 3799 1129 lon-

2284 1169 2403 1241 gior
2445 1180 2713 1240 exponere
2757 1166 2921 1239 priori
2964 1166 3383 1223 consentientes.
3413 1164 3483 1223 Ut
3508 1165 3649 1237 igitur
3688 1166 3798 1224 nulla

2284 1260 2637 1334 reprehensio
2664 1260 2788 1328 fiat,
2815 1259 2931 1316 hinc
2955 1258 3323 1329 signiﬁcamus
3351 1266 3457 1314 tua
3480 1258 3697 1327 bonitati,
3722 1259 3800 1313 fra-

2286 1362 2369 1412 ter
2396 1353 2762 1411 dilectissime.
2781 1351 2948 1408 Plura
2967 1351 3281 1423 placuerunt
3302 1350 3456 1407 firma
3483 1364 3623 1416 esse,
3641 1359 3687 1406 et
3703 1349 3796 1417 lixa,

2286 1454 2343 1502 et
2369 1447 2485 1501 btec
2510 1445 2721 1517 plenius
2745 1458 2865 1499 cum
2888 1442 3115 1515 quadam
3153 1442 3475 1500 sufficientia
3496 1442 3704 1499 veritatis
3723 1441 3800 1498 dic-

2287 1539 2418 1595 tari:
2452 1547 2509 1593 ut
2527 1552 2715 1594 omnes
2738 1536 3015 1603 docentes,
3046 1544 3099 1591 et
3116 1535 3458 1591 catizizantes
3480 1533 3798 1600 clariﬁcentur,

2286 1644 2342 1691 et
2370 1632 2553 1706 [Forte
2581 1628 2963 1703 repugnantes]
3005 1638 3410 1700 propugnantes
3447 1628 3739 1695 obruantur,
3761 1634 3800 1682 et

2288 1734 2503 1782 teneant
2523 1723 2865 1791 catholicam,
2887 1730 2943 1777 et
2967 1716 3316 1791 apostolicam
3343 1719 3518 1775 fidem.

2615 1859 2633 1900 ί
2666 1875 2919 1918 εγκουιοι
2946 1874 3173 1915 εοιηειιιι
3200 1869 3551 1914 saaotcsnsts.

2287 2000 2483 2057 Sancta
2510 1997 2738 2067 synodus
2760 1994 3040 2067 secundum
3069 1989 3168 2067 Dei
3192 1987 3570 2067 gratiamapud
3591 1985 3800 2067 Serdica

2358 2057 2570 2123 collecta
2594 2084 2658 2121 ex
2690 2067 2853 2125 Roma
2880 2105 2894 2131 ,
2925 2057 3239 2133 Hispaniis,
3269 2057 3481 2133 Galliis,
3507 2057 3800 2133 Italianflaia-

2358 2141 2535 2210 pania,
2555 2127 3319 2210 Calabria,Aj‘ric_a,'Sardinia,
3339 2130 3618 2210 Ιξᾳηηοζιὶιι2
3644 2127 3799 2210 Hgtis,

2358 2196 2905 2278 'Dacia',’l)ardan'ia',
2934 2196 3097 2278 altera
3128 2196 3663 2278 Dacia'LMacedonia,
3686 2196 3799 2278 Tim-

2360 2283 2512 2347 salia,
2532 2270 2746 2345 Achaia,
2771 2270 2954 2347 Epiro,
2980 2274 3235 2347 Thracia,
3258 2285 3281 2321 ε
3313 2273 3537 2347 Europa,
3560 2270 3797 2347 Palestina,

2360 2343 2550 2407 Arabia
2580 2343 3108 2422 [Supple'universis]
3152 2346 3339 2415 ubique
3379 2343 3615 2415 episcopis
3648 2343 3801 2397 contui-

2279 2599 2475 2670 legitur
2494 2597 2635 2670 apud
2648 2597 2707 2655 S.
2734 2595 3006 2670 Hilarium
3017 2596 3072 2652 in
3089 2594 3455 2670 Fragmentis.
3477 2594 3671 2670 Grecus
3682 2606 3803 2670 porro

2281 2665 2460 2727 textus
2480 2712 2495 2737 ,
2527 2665 2619 2741 qui
2636 2670 2849 2741 pariter
2877 2666 3153 2741 originalis
3172 2665 3462 2741 habendus
3487 2665 3669 2741 est_(ita
3684 2665 3793 2741 enim

2277 2741 2388 2799 duo
2405 2734 2682 2811 originalia
2707 2734 3135 2811 exemplai'hujus
3167 2738 3457 2811 Synodicte
3482 2738 3657 2811 scripta
3680 2734 3803 2811 fuisse

2280 2808 2552 2877 videntur,
2588 2820 2643 2865 nt
2664 2812 2732 2867 de
2760 2808 3340 2865 canenibusdiximus:
3366 2809 3584 2863 alterum
3612 2809 3801 2860 Latinum

2280 2900 2378 2954 pro
2403 2883 2635 2949 Latinis,
2671 2881 2915 2937 Graecum
2936 2894 3065 2954 vero
3086 2880 3315 2954 alterum
3334 2895 3438 2954 pro
3454 2877 3656 2947 Gracia)
3673 2884 3802 2954 exstat

2282 2949 2338 3010 in
2366 2955 2627 3024 Apologia
2655 2953 2888 3008 secunda
2918 2952 3217 3024 Athanasii.
3250 2950 3385 3024 [Iqu
3408 2950 3511 3024 duo
3536 2949 3800 3024 exemplaria

2280 3019 2464 3080 carent
2494 3019 3118 3095 ea'expositionekfidei,
3149 3037 3268 3090 qure
3292 3020 3421 3095 huic
3442 3019 3694 3095 Synodicae
3729 3032 3801 3072 an-

2282 3099 2513 3151 nectitur
2539 3091 2725 3151 Graece
2750 3094 2890 3163 apud
2919 3092 3321 3148 Theodoretum
3355 3093 3447 3147 lib.
3474 3107 3528 3155 tt,
3550 3106 3596 3146 c.
3618 3091 3663 3163 ti,
3690 3098 3734 3163 et
3747 3102 3803 3163 ex

2283 3166 2623 3222 Theodoreto
2646 3159 2836 3221 Latine
2857 3163 3062 3221 reddita
3086 3163 3183 3218 fuit
3213 3167 3281 3218 ab
3316 3162 3607 3233 Epiphanio
3629 3159 3803 3215 Schola-

2282 3238 2419 3292 stico
2451 3239 2542 3293 lib.
2574 3253 2649 3303 tv,
2679 3236 2987 3304 Tripartita:
3013 3235 3172 3297 Hist.,
3203 3248 3254 3288 c.
3283 3234 3383 3289 24.
3418 3234 3536 3288 Haec
3562 3241 3803 3304 autemno-

2285 3316 2396 3363 stra
2426 3302 2665 3378 ejusdem
2704 3302 2985 3378 Synodica:
3012 3307 3292 3378 versioex
3306 3304 3502 3378 Graeco
3523 3302 3801 3378 cum_ea_dem

2287 3371 2622 3447 expositione
2648 3371 2772 3433 fidei
2816 3378 3029 3432 diversa
3057 3386 3141 3431 est
3164 3376 3231 3429 ab
3262 3375 3389 3442 illa,
3420 3390 3535 3445 quas
3560 3376 3609 3429 in
3635 3371 3803 3441 Tripar-

2208 3426 2256 3489 ο
2288 3452 2383 3506 tita
2414 3450 2749 3514 continetur;
2781 3458 2836 3504 at
2863 3448 3129 3503 sincerius
3153 3449 3464 3516 exemplum
3497 3443 3711 3500 Gmum
3735 3455 3803 3497 no-

2284 3531 2399 3576 ster
2423 3521 2689 3590 interpres
2710 3519 2973 3583 adhibuit,
2998 3533 3159 3588 quam
3182 3518 3338 3590 illud,
3357 3532 3464 3589 quo
3479 3516 3800 3590 Theodoreus,

2285 3602 2341 3648 et
2362 3607 2426 3647 ex
2439 3583 2781 3647 Theodoreto
2808 3583 3145 3661 Epiphanius
3166 3589 3246 3643 usi
3263 3583 3415 3658 suni,
3447 3597 3503 3644 ut
3529 3602 3591 3644 ex
3611 3583 3802 3656 sequenti

2281 3665 2558 3731 notatione
2582 3663 2803 3731 patebit.

2354 3744 2379 3781 ε
2410 3734 2467 3790 S.
2498 3724 2835 3808 Athanasius
2852 3734 2917 3808 in_
2934 3732 3176 3808 Apolog._
3191 3730 3601 3808 secunda‘a'liam
3616 3724 3801 3808 Synodi

2279 3817 2397 3860 cam
2424 3805 2642 3859 exhibet
2690 3805 2757 3859 ad
2796 3801 3093 3861 Ecclesiani
3117 3801 3130 3803 “
3150 3802 3586 3867 Alexandrinam,
3615 3801 3660 3855 in
3684 3801 3799 3864 cujus

2279 3875 2571 3945 epigraphe
2589 3875 2885 3930 haeemdem
2914 3876 3130 3930 circiter
3145 3875 3437 3944 provincii-
3459 3872 3631 3945 eodem
3656 3868 3802 3945 ordine

2280 3937 2653 4001 récénsentur.
2685 3947 3013 4001 Omittuntnr
3040 3937 3356 4014 Campania,
3385 3943 3698 4014 Calabria,_et
3720 3937 3799 4014 Etl-

2278 4030 2408 4087 τουπ
2428 4035 2441 4071 :
2459 4016 2554 4072 sed
2574 4018 2809 4086 quinque
2823 4019 2941 4072 alite
2965 4008 3797 4079 memoranturNoricum,’1‘uscia,

2277 4086 2542 4155 Rhodope
2565 4127 2581 4152 ,
2611 4088 2789 4152 Creta,
2810 4098 2865 4143 et
2890 4087 3170 4155 Aﬁgyptus.
3202 4086 3359 4155 Apiid
3387 4085 3741 4140 Theodoretum
3761 4084 3800 4155 et

2278 4103 2542 4158 nnotmpe
2565 4127 2581 4152 ,
2611 4103 2789 4152 creta,
2810 4103 2865 4143 et
2890 4103 3170 4158 mgyptus.
3202 4103 3359 4155 Aput]
3400 4103 3741 4140 Ineouoretuiu
3761 4103 3798 4131 ci

2278 4158 2639 4233 Epiphanium
2658 4159 2863 4233 eaedem
2889 4160 3178 4227 provinciae
3206 4157 3578 4233 describuntur
3593 4146 3798 4233 usquead

2277 4224 2585 4293 Thraciam,
2604 4229 2869 4284 adduntur
2892 4224 3019 4285 vero
3044 4236 3238 4296 pr:eter
3266 4228 3555 4294 Rhodopen
3581 4227 3704 4296 Asia,
3726 4224 3801 4273 tlt-

2278 4301 2377 4372 ria,
2412 4300 2679 4369 Bithynia,
2705 4294 3104 4371 Hellespontus,
3137 4300 3390 4370 Phrygia,
3408 4294 3798 4372 Pisidia-Capp?

2278 4362 2454 4443 docia,
2472 4362 2693 4443 Pontus,
2725 4362 2949 4443 Phrygia
2965 4362 3158 4435 altera,
3175 4362 3383 4443 (lil'téia,
3407 4368 3707 4443 Pamphylia,
3729 4362 3800 4443 Ly;

2277 4442 2390 4514 dia,
2426 4442 2612 4514 insulae
2635 4437 2892 4514 Cyclades
2912 4487 2928 4512 ,
2974 4444 3267 4514 Aigyptus.
3296 4440 3556 4503 Thebais,
3580 4437 3797 4514 Libym?!

2277 4512 2505 4569 Galatia.
2552 4506 2874 4568 Haec-autem
2905 4506 2980 4567 tot
3006 4506 3408 4582 provinciarum
3441 4506 3692 4582 inscriptio
3713 4506 3795 4556 evi-

2276 4584 2468 4639 denter
2495 4583 2753 4660 falsa_e_st,
2779 4587 2831 4660 ιτ
2872 4581 3355 4660 (ιυίπδυτιιὶςοηείε
3374 4581 3558 4660 synodi
3606 4586 3794 4660 tempus

2277 4670 2382 4709 una
2403 4663 2608 4709 tantum
2632 4654 2859 4725 Phrygia
2880 4652 3141 4718 erat,non
3164 4653 3312 4721 dum,
3340 4652 3415 4708 uti
3446 4652 3742 4725 probavimus
3758 4652 3794 4695 in

2278 4734 2435 4781 tract.
2469 4732 2607 4795 part.
2640 4741 2689 4791 ι,
2718 4722 2858 4792 ε’.’7;
2880 4727 2943 4780 9.0
2973 4728 3095 4795 quia
3122 4726 3308 4779 harum
3334 4725 3444 4779 fere
3468 4722 3679 4795 omnium
3706 4728 3796 4795 pro:

2200 4801 2252 4863 D
2277 4781 2573 4851 vinciarum
2590 4781 2825 4865 episcopi
2844 4781 2947 4851 non
2970 4781 3036 4851 ad
3053 4796 3429 4851 Sardiccnsem
3455 4781 3793 4867 synodum."sed

2277 4871 2343 4922 atl
2376 4867 2935 4923 Pseudn-Sardtcense
2951 4868 3486 4938 Philippopolitanuni
3517 4867 3795 4938 conventu?

2278 4938 2384 5008 lttrn
2417 4938 2706 5008 pertinent,
2754 4950 2812 4993 ut
2838 4940 3027 4994 eodem
3053 4926 3173 4993 Ιιῖιῗο
3192 4926 3664 5008 animadvertimus.
3694 4926 3792 4981 Hillc

2278 5002 2523 5063 Grtec'um
2546 5002 2856 5079 exemplum
2888 5009 3214 5065 Theodoreti
3234 5011 3510 5071 vitiosum;
3538 5002 3654 5059 illud
3676 5009 3788 5079 vero.

2276 5082 2415 5151 quod
2455 5091 2637 5137 noster
2668 5078 2936 5151 interpres
2967 5095 3075 5150 prae
3120 5081 3289 5151 oculis
3337 5080 3545 5140 habuit,
3569 5078 3790 5151 sincerity}

2276 5145 2378 5207 est.
2407 5152 2561 5222 Apud
2580 5153 2675 5208 SS.
2705 5145 3049 5206 Athanasium
3072 5166 3125 5207 et
3151 5150 3410 5205 ﬂiiarium
3439 5151 3546 5202 haec
3569 5145 3791 5261 inscriﬁuo

2277 5235 2396 5261 mam
2418 5223 2704 5261 nrnarinmia
2721 5224 2986 5261 nmillitnr
3033 5222 3324 5261 llhndnnnn
3349 5222 3415 5261 sala
3440 5221 3697 5261 Athanasio
3749 5221 3791 5257 11⁸

2277 5235 2397 5277 cum
2418 5221 2705 5292 provinciis
2721 5224 3004 5277 omittitur.
3030 5222 3325 5289 ithodOpen
3348 5222 3415 5275 ab
3436 5221 3792 5292 Athanaswjfl"

2278 5277 2455 5349 datam
2487 5277 2770 5349 confirmat
2808 5293 3131 5364 subscriptio
3160 5277 3431 5364 Olympius
3474 5291 3533 5343 de
3560 5284 3658 5340 Eua
3680 5277 3788 5364 lilii):

2279 5365 2428 5489 ἄθεα,
2454 5382 2573 5428 qua:
2602 5349 3073 5435 primaeAthanasii
3104 5349 3347 5433 epistolae
3370 5377 3435 5418 ex
3456 5368 3638 5437 nostro.
3650 5349 3791 5407 codice

2279 5450 2339 5489 su
2382 5436 2504 5489 inde
2520 5436 2741 5489 edenda:
2763 5436 3063 5489 subiicitur.
3078 5436 3210 5489 Cum
3238 5449 3365 5489 vero
3384 5434 3552 5488 nullus
3564 5430 3791 5489 episcopi"

2277 5430 2504 5490 subinde
2520 5430 2741 5491 edenda:
2763 5436 3063 5505 subjicitur.
3078 5430 3210 5490 cum
3238 5449 3365 5489 vero
3384 5434 3552 5505 nullus
3564 5430 3793 5505 opimi?!"

2277 5520 2345 5560 ex
2382 5508 2591 5577 Europa
2622 5502 2957 5562 inventussit
2987 5509 3044 5561 in
3074 5502 3572 5577 subscriptionibus,
3598 5508 3707 5577 quas
3726 5503 3789 5577 cf

2280 5565 2563 5644 pendimus
2610 5579 2661 5633 in
2693 5587 2917 5633 tractatu
2960 5586 3097 5648 part.
3143 5592 3191 5644 ι,
3225 5565 3374 5648 c.'7_.
3395 5571 3611 5648 dubztitl'i
3637 5565 3786 5648 Ροξίῗι

2280 5633 2474 5777 iln
2496 5650 2600 5775 (litae
2621 5660 2800 5707 nostra
2824 5633 3190 5721 inscriptione
3204 5662 3299 5720 pro
3327 5633 3534 5717 Europa
3559 5633 3785 5710 legendum

2308 5734 2323 5774 ι
2444 5736 2491 5776 ιο
2533 5736 2644 5777 one.

2278 5729 2347 5775 sit
2378 5729 2644 5794 ttnoaope.

3908 5590 3913 5789 ὅ
