  <div class='ocr_page' id='page_1' title='image "/cluster/home/n/w/nwhite01/storage/ocr_20150623/56/hvd.32044015471600/426.png"; bbox 0 0 3998 6346; ppageno 0'>
   <div class='ocr_carea' id='block_1_1' title="bbox 224 368 328 444">
    <p class='ocr_par' dir='ltr' id='par_1_1' title="bbox 224 368 328 444">
     <span class='ocr_line' id='line_1_1' title="bbox 224 368 328 444; baseline 0 -18"><span class='ocrx_word' id='word_1_1' title='bbox 224 368 328 444; x_wconf 70' lang='lat' dir='ltr'><strong>stt</strong></span> 
     </span>
    </p>
   </div>
   <div class='ocr_carea' id='block_1_2' title="bbox 588 361 3149 427">
    <p class='ocr_par' dir='ltr' id='par_1_2' title="bbox 588 361 3149 427">
     <span class='ocr_line' id='line_1_2' title="bbox 588 361 3149 427; baseline 0 -4"><span class='ocrx_word' id='word_1_2' title='bbox 588 365 810 423; x_wconf 79' lang='lat' dir='ltr'><strong>VETUS</strong></span> <span class='ocrx_word' id='word_1_3' title='bbox 849 361 1171 420; x_wconf 73' lang='lat' dir='ltr'><strong>CANONUM</strong></span> <span class='ocrx_word' id='word_1_4' title='bbox 1214 363 1488 426; x_wconf 64' lang='grc' dir='ltr'><strong>ΝΙΕᾹὶΝ..</strong></span> <span class='ocrx_word' id='word_1_5' title='bbox 1532 361 1734 419; x_wconf 78' lang='lat' dir='ltr'><strong>SAHD.</strong></span> <span class='ocrx_word' id='word_1_6' title='bbox 1779 362 1866 420; x_wconf 83' lang='lat' dir='ltr'><strong>ET</strong></span> <span class='ocrx_word' id='word_1_7' title='bbox 1906 363 2244 422; x_wconf 76' lang='lat' dir='ltr'><strong>CHALCED.</strong></span> <span class='ocrx_word' id='word_1_8' title='bbox 2287 363 2840 425; x_wconf 79' lang='lat' dir='ltr'><strong>INTERPRETATIO</strong></span> <span class='ocrx_word' id='word_1_9' title='bbox 2879 367 3149 427; x_wconf 77' lang='lat' dir='ltr'><strong>LATINA.</strong></span> 
     </span>
    </p>
   </div>
   <div class='ocr_carea' id='block_1_3' title="bbox 3402 374 3512 432">
    <p class='ocr_par' dir='ltr' id='par_1_3' title="bbox 3402 374 3512 432">
     <span class='ocr_line' id='line_1_3' title="bbox 3402 374 3512 432; baseline 0.018 -2"><span class='ocrx_word' id='word_1_10' title='bbox 3402 374 3512 432; x_wconf 64' lang='lat'><strong>8“</strong></span> 
     </span>
    </p>
   </div>
   <div class='ocr_carea' id='block_1_4' title="bbox 295 478 3512 568">
    <p class='ocr_par' dir='ltr' id='par_1_4' title="bbox 295 478 3512 568">
     <span class='ocr_line' id='line_1_4' title="bbox 295 478 3512 568; baseline 0.004 -27"><span class='ocrx_word' id='word_1_11' title='bbox 295 487 474 568; x_wconf 51' lang='lat' dir='ltr'><strong>gistris</strong></span> <span class='ocrx_word' id='word_1_12' title='bbox 502 483 789 551; x_wconf 69' lang='lat' dir='ltr'><strong>catholicis,</strong></span> <span class='ocrx_word' id='word_1_13' title='bbox 815 495 859 538; x_wconf 83' lang='lat' dir='ltr'><strong>et</strong></span> <span class='ocrx_word' id='word_1_14' title='bbox 880 483 1174 555; x_wconf 69' lang='lat' dir='ltr'><strong>apostolicis</strong></span> <span class='ocrx_word' id='word_1_15' title='bbox 1200 482 1446 537; x_wconf 71' lang='lat' dir='ltr'><strong>Ecclesia:</strong></span> <span class='ocrx_word' id='word_1_16' title='bbox 1466 480 1812 536; x_wconf 78' lang='lat' dir='ltr'><strong>dilectissimis</strong></span> <span class='ocrx_word' id='word_1_17' title='bbox 1840 486 1891 544; x_wconf 74' lang='grc' dir='ltr'><strong>Α</strong></span> <span class='ocrx_word' id='word_1_18' title='bbox 1917 478 1942 518; x_wconf 74' lang='grc' dir='ltr'><em>δ</em></span> <span class='ocrx_word' id='word_1_19' title='bbox 1969 483 2344 551; x_wconf 78' lang='lat' dir='ltr'><strong>conventibus,</strong></span> <span class='ocrx_word' id='word_1_20' title='bbox 2371 493 2424 540; x_wconf 92' lang='lat' dir='ltr'><strong>et</strong></span> <span class='ocrx_word' id='word_1_21' title='bbox 2447 486 2712 554; x_wconf 69' lang='lat' dir='ltr'><strong>praecipue</strong></span> <span class='ocrx_word' id='word_1_22' title='bbox 2737 487 2895 543; x_wconf 72' lang='lat' dir='ltr'><strong>honre</strong></span> <span class='ocrx_word' id='word_1_23' title='bbox 2921 491 3215 548; x_wconf 73' lang='lat' dir='ltr'><strong>senectutis</strong></span> <span class='ocrx_word' id='word_1_24' title='bbox 3237 493 3385 563; x_wconf 87' lang='lat' dir='ltr'><strong>Osio,</strong></span> <span class='ocrx_word' id='word_1_25' title='bbox 3417 499 3512 568; x_wconf 94' lang='lat' dir='ltr'><strong>qui</strong></span> 
     </span>
    </p>
   </div>
   <div class='ocr_carea' id='block_1_5' title="bbox 298 560 567 632">
    <p class='ocr_par' dir='ltr' id='par_1_5' title="bbox 298 560 567 632">
     <span class='ocr_line' id='line_1_5' title="bbox 298 560 567 632; baseline -0.015 -18"><span class='ocrx_word' id='word_1_26' title='bbox 298 560 567 632; x_wconf 70' lang='lat' dir='ltr'><strong>fratribus.</strong></span> 
     </span>
    </p>
   </div>
   <div class='ocr_carea' id='block_1_6' title="bbox 299 665 1821 747">
    <p class='ocr_par' dir='ltr' id='par_1_6' title="bbox 299 665 1821 747">
     <span class='ocr_line' id='line_1_6' title="bbox 299 665 1821 747; baseline -0.005 -21"><span class='ocrx_word' id='word_1_27' title='bbox 299 669 462 726; x_wconf 73' lang='lat' dir='ltr'><strong>Multa</strong></span> <span class='ocrx_word' id='word_1_28' title='bbox 493 666 731 738; x_wconf 86' lang='lat' dir='ltr'><strong>quidem,</strong></span> <span class='ocrx_word' id='word_1_29' title='bbox 770 673 824 722; x_wconf 89' lang='lat' dir='ltr'><strong>et</strong></span> <span class='ocrx_word' id='word_1_30' title='bbox 844 665 1043 735; x_wconf 61' lang='lat' dir='ltr'><strong>saepius</strong></span> <span class='ocrx_word' id='word_1_31' title='bbox 1067 666 1183 722; x_wconf 84' lang='lat' dir='ltr'><strong>ausi</strong></span> <span class='ocrx_word' id='word_1_32' title='bbox 1210 673 1335 720; x_wconf 91' lang='lat' dir='ltr'><strong>sunt</strong></span> <span class='ocrx_word' id='word_1_33' title='bbox 1357 665 1540 721; x_wconf 87' lang='lat' dir='ltr'><strong>Ariani</strong></span> <span class='ocrx_word' id='word_1_34' title='bbox 1561 665 1821 747; x_wconf 74' lang='lat' dir='ltr'><strong>adversus</strong></span> 
     </span>
    </p>
   </div>
   <div class='ocr_carea' id='block_1_7' title="bbox 229 759 1822 834">
    <p class='ocr_par' dir='ltr' id='par_1_7' title="bbox 229 759 1822 834">
     <span class='ocr_line' id='line_1_7' title="bbox 229 759 1822 834; baseline -0.005 -12"><span class='ocrx_word' id='word_1_35' title='bbox 229 777 419 822; x_wconf 85' lang='lat' dir='ltr'><strong>servos</strong></span> <span class='ocrx_word' id='word_1_36' title='bbox 461 761 554 816; x_wconf 90' lang='lat' dir='ltr'><strong>Dci</strong></span> <span class='ocrx_word' id='word_1_37' title='bbox 602 759 762 816; x_wconf 85' lang='lat' dir='ltr'><strong>fidem</strong></span> <span class='ocrx_word' id='word_1_38' title='bbox 793 769 1075 815; x_wconf 77' lang='lat' dir='ltr'><strong>servantes</strong></span> <span class='ocrx_word' id='word_1_39' title='bbox 1102 760 1264 834; x_wconf 81' lang='lat'><strong>599</strong></span> <span class='ocrx_word' id='word_1_40' title='bbox 1293 769 1514 815; x_wconf 89' lang='lat' dir='ltr'><strong>rectam.</strong></span> <span class='ocrx_word' id='word_1_41' title='bbox 1549 759 1822 814; x_wconf 85' lang='lat' dir='ltr'><strong>Adulteri-</strong></span> 
     </span>
    </p>
   </div>
   <div class='ocr_carea' id='block_1_8' title="bbox 229 851 1821 923">
    <p class='ocr_par' dir='ltr' id='par_1_8' title="bbox 229 851 1821 923">
     <span class='ocr_line' id='line_1_8' title="bbox 229 851 1821 923; baseline -0.004 -10"><span class='ocrx_word' id='word_1_42' title='bbox 229 872 352 914; x_wconf 85' lang='lat' dir='ltr'><strong>nam</strong></span> <span class='ocrx_word' id='word_1_43' title='bbox 385 855 530 911; x_wconf 88' lang='lat' dir='ltr'><strong>enim</strong></span> <span class='ocrx_word' id='word_1_44' title='bbox 561 853 940 908; x_wconf 85' lang='lat' dir='ltr'><strong>submittentes</strong></span> <span class='ocrx_word' id='word_1_45' title='bbox 970 851 1304 916; x_wconf 90' lang='lat' dir='ltr'><strong>doctrinam,</strong></span> <span class='ocrx_word' id='word_1_46' title='bbox 1335 851 1667 908; x_wconf 84' lang='lat' dir='ltr'><strong>orthodoxos</strong></span> <span class='ocrx_word' id='word_1_47' title='bbox 1699 868 1821 923; x_wconf 87' lang='lat' dir='ltr'><strong>per-</strong></span> 
     </span>
    </p>
   </div>
   <div class='ocr_carea' id='block_1_9' title="bbox 229 944 1823 1020">
    <p class='ocr_par' dir='ltr' id='par_1_9' title="bbox 229 944 1823 1020">
     <span class='ocr_line' id='line_1_9' title="bbox 229 944 1823 1020; baseline -0.003 -17"><span class='ocrx_word' id='word_1_48' title='bbox 229 948 380 1020; x_wconf 80' lang='lat' dir='ltr'><strong>sequi</strong></span> <span class='ocrx_word' id='word_1_49' title='bbox 415 953 775 1003; x_wconf 87' lang='lat' dir='ltr'><strong>teutaverunt.</strong></span> <span class='ocrx_word' id='word_1_50' title='bbox 806 944 867 999; x_wconf 88' lang='lat' dir='ltr'><strong>In</strong></span> <span class='ocrx_word' id='word_1_51' title='bbox 890 954 1094 1000; x_wconf 87' lang='lat' dir='ltr'><strong>tantum</strong></span> <span class='ocrx_word' id='word_1_52' title='bbox 1121 945 1264 1000; x_wconf 89' lang='lat' dir='ltr'><strong>enim</strong></span> <span class='ocrx_word' id='word_1_53' title='bbox 1301 945 1710 1001; x_wconf 83' lang='lat' dir='ltr'><strong>insurrexerunt</strong></span> <span class='ocrx_word' id='word_1_54' title='bbox 1730 944 1823 999; x_wconf 86' lang='lat' dir='ltr'><strong>ad-</strong></span> 
     </span>
    </p>
   </div>
   <div class='ocr_carea' id='block_1_10' title="bbox 229 1037 1824 1108">
    <p class='ocr_par' dir='ltr' id='par_1_10' title="bbox 229 1037 1824 1108">
     <span class='ocr_line' id='line_1_10' title="bbox 229 1037 1824 1108; baseline -0.001 -12"><span class='ocrx_word' id='word_1_55' title='bbox 229 1055 417 1097; x_wconf 86' lang='lat' dir='ltr'><strong>versus</strong></span> <span class='ocrx_word' id='word_1_56' title='bbox 447 1039 630 1103; x_wconf 78' lang='lat' dir='ltr'><strong>fidem,</strong></span> <span class='ocrx_word' id='word_1_57' title='bbox 663 1046 719 1093; x_wconf 91' lang='lat' dir='ltr'><strong>ut</strong></span> <span class='ocrx_word' id='word_1_58' title='bbox 751 1039 909 1093; x_wconf 91' lang='lat' dir='ltr'><strong>etiam</strong></span> <span class='ocrx_word' id='word_1_59' title='bbox 941 1039 1234 1093; x_wconf 75' lang='lat' dir='ltr'><strong>bonitatem</strong></span> <span class='ocrx_word' id='word_1_60' title='bbox 1267 1037 1629 1108; x_wconf 89' lang='lat' dir='ltr'><strong>piissimorum</strong></span> <span class='ocrx_word' id='word_1_61' title='bbox 1660 1037 1824 1108; x_wconf 83' lang='lat' dir='ltr'><strong>impe-</strong></span> 
     </span>
    </p>
   </div>
   <div class='ocr_carea' id='block_1_11' title="bbox 232 1131 1820 1202">
    <p class='ocr_par' dir='ltr' id='par_1_11' title="bbox 232 1131 1820 1202">
     <span class='ocr_line' id='line_1_11' title="bbox 232 1131 1820 1202; baseline -0.004 -11"><span class='ocrx_word' id='word_1_62' title='bbox 232 1143 472 1191; x_wconf 90' lang='lat' dir='ltr'><strong>ratorum</strong></span> <span class='ocrx_word' id='word_1_63' title='bbox 526 1147 632 1188; x_wconf 92' lang='lat' dir='ltr'><strong>non</strong></span> <span class='ocrx_word' id='word_1_64' title='bbox 670 1133 853 1187; x_wconf 85' lang='lat' dir='ltr'><strong>lateat.</strong></span> <span class='ocrx_word' id='word_1_65' title='bbox 893 1132 1052 1201; x_wconf 91' lang='lat' dir='ltr'><strong>Igitur</strong></span> <span class='ocrx_word' id='word_1_66' title='bbox 1079 1132 1247 1202; x_wconf 87' lang='lat' dir='ltr'><strong>gratia</strong></span> <span class='ocrx_word' id='word_1_67' title='bbox 1293 1131 1386 1185; x_wconf 88' lang='lat' dir='ltr'><strong>Dei</strong></span> <span class='ocrx_word' id='word_1_68' title='bbox 1437 1131 1820 1198; x_wconf 88' lang='lat' dir='ltr'><strong>subveniente,</strong></span> 
     </span>
    </p>
   </div>
   <div class='ocr_carea' id='block_1_12' title="bbox 231 1225 1825 1298">
    <p class='ocr_par' dir='ltr' id='par_1_12' title="bbox 231 1225 1825 1298">
     <span class='ocr_line' id='line_1_12' title="bbox 231 1225 1825 1298; baseline -0.001 -16"><span class='ocrx_word' id='word_1_69' title='bbox 231 1227 330 1298; x_wconf 84' lang='lat' dir='ltr'><strong>ipsi</strong></span> <span class='ocrx_word' id='word_1_70' title='bbox 382 1227 604 1297; x_wconf 85' lang='lat' dir='ltr'><strong>piissimi</strong></span> <span class='ocrx_word' id='word_1_71' title='bbox 633 1225 989 1296; x_wconf 79' lang='lat' dir='ltr'><strong>imperatores</strong></span> <span class='ocrx_word' id='word_1_72' title='bbox 1025 1233 1489 1294; x_wconf 82' lang='lat' dir='ltr'><strong>congregaverant</strong></span> <span class='ocrx_word' id='word_1_73' title='bbox 1519 1239 1616 1279; x_wconf 89' lang='lat' dir='ltr'><strong>nos</strong></span> <span class='ocrx_word' id='word_1_74' title='bbox 1646 1240 1710 1280; x_wconf 90' lang='lat' dir='ltr'><strong>ex</strong></span> <span class='ocrx_word' id='word_1_75' title='bbox 1742 1225 1825 1280; x_wconf 90' lang='lat' dir='ltr'><strong>di-</strong></span> 
     </span>
    </p>
   </div>
   <div class='ocr_carea' id='block_1_13' title="bbox 227 1317 1824 1390">
    <p class='ocr_par' dir='ltr' id='par_1_13' title="bbox 227 1317 1824 1390">
     <span class='ocr_line' id='line_1_13' title="bbox 227 1317 1824 1390; baseline -0.001 -17"><span class='ocrx_word' id='word_1_76' title='bbox 227 1321 403 1375; x_wconf 88' lang='lat' dir='ltr'><strong>versis</strong></span> <span class='ocrx_word' id='word_1_77' title='bbox 430 1317 723 1388; x_wconf 83' lang='lat' dir='ltr'><strong>provinciis</strong></span> <span class='ocrx_word' id='word_1_78' title='bbox 738 1327 794 1372; x_wconf 87' lang='lat' dir='ltr'><strong>et</strong></span> <span class='ocrx_word' id='word_1_79' title='bbox 819 1317 1145 1382; x_wconf 83' lang='lat' dir='ltr'><strong>civitatibus,</strong></span> <span class='ocrx_word' id='word_1_80' title='bbox 1175 1323 1228 1372; x_wconf 89' lang='lat' dir='ltr'><strong>et</strong></span> <span class='ocrx_word' id='word_1_81' title='bbox 1248 1325 1489 1372; x_wconf 90' lang='lat' dir='ltr'><strong>sanctam</strong></span> <span class='ocrx_word' id='word_1_82' title='bbox 1507 1318 1644 1373; x_wconf 90' lang='lat' dir='ltr'><strong>hanc</strong></span> <span class='ocrx_word' id='word_1_83' title='bbox 1661 1333 1824 1390; x_wconf 88' lang='lat' dir='ltr'><strong>syno-</strong></span> 
     </span>
    </p>
   </div>
   <div class='ocr_carea' id='block_1_14' title="bbox 231 1409 1825 1482">
    <p class='ocr_par' dir='ltr' id='par_1_14' title="bbox 231 1409 1825 1482">
     <span class='ocr_line' id='line_1_14' title="bbox 231 1409 1825 1482; baseline -0.001 -17"><span class='ocrx_word' id='word_1_84' title='bbox 231 1411 358 1466; x_wconf 88' lang='lat' dir='ltr'><strong>dum</strong></span> <span class='ocrx_word' id='word_1_85' title='bbox 387 1410 532 1482; x_wconf 90' lang='lat' dir='ltr'><strong>apud</strong></span> <span class='ocrx_word' id='word_1_86' title='bbox 559 1409 835 1466; x_wconf 88' lang='lat' dir='ltr'><strong>Sardicam</strong></span> <span class='ocrx_word' id='word_1_87' title='bbox 874 1409 990 1465; x_wconf 84' lang='lat' dir='ltr'><strong>ﬁeri</strong></span> <span class='ocrx_word' id='word_1_88' title='bbox 1019 1409 1400 1480; x_wconf 89' lang='lat' dir='ltr'><strong>permiserunt,</strong></span> <span class='ocrx_word' id='word_1_89' title='bbox 1436 1418 1495 1464; x_wconf 91' lang='lat' dir='ltr'><strong>ut</strong></span> <span class='ocrx_word' id='word_1_90' title='bbox 1535 1411 1711 1466; x_wconf 88' lang='lat' dir='ltr'><strong>omnis</strong></span> <span class='ocrx_word' id='word_1_91' title='bbox 1741 1410 1825 1465; x_wconf 87' lang='lat' dir='ltr'><strong>di-</strong></span> 
     </span>
    </p>
   </div>
   <div class='ocr_carea' id='block_1_15' title="bbox 231 1502 1824 1574">
    <p class='ocr_par' dir='ltr' id='par_1_15' title="bbox 231 1502 1824 1574">
     <span class='ocr_line' id='line_1_15' title="bbox 231 1502 1824 1574; baseline -0.003 -12"><span class='ocrx_word' id='word_1_92' title='bbox 231 1504 448 1562; x_wconf 86' lang='lat' dir='ltr'><strong>scordia</strong></span> <span class='ocrx_word' id='word_1_93' title='bbox 478 1503 826 1574; x_wconf 89' lang='lat' dir='ltr'><strong>pertoliatur;</strong></span> <span class='ocrx_word' id='word_1_94' title='bbox 861 1511 969 1558; x_wconf 89' lang='lat' dir='ltr'><strong>tota</strong></span> <span class='ocrx_word' id='word_1_95' title='bbox 1017 1517 1148 1559; x_wconf 91' lang='lat' dir='ltr'><strong>vero</strong></span> <span class='ocrx_word' id='word_1_96' title='bbox 1192 1502 1330 1557; x_wconf 91' lang='lat' dir='ltr'><strong>mala</strong></span> <span class='ocrx_word' id='word_1_97' title='bbox 1363 1502 1468 1556; x_wconf 85' lang='lat' dir='ltr'><strong>fide</strong></span> <span class='ocrx_word' id='word_1_98' title='bbox 1495 1503 1740 1572; x_wconf 84' lang='lat' dir='ltr'><strong>expulsa,</strong></span> <span class='ocrx_word' id='word_1_99' title='bbox 1769 1503 1824 1558; x_wconf 91' lang='lat' dir='ltr'><strong>in</strong></span> 
     </span>
    </p>
   </div>
   <div class='ocr_carea' id='block_1_16' title="bbox 231 1596 1827 1668">
    <p class='ocr_par' dir='ltr' id='par_1_16' title="bbox 231 1596 1827 1668">
     <span class='ocr_line' id='line_1_16' title="bbox 231 1596 1827 1668; baseline -0.003 -14"><span class='ocrx_word' id='word_1_100' title='bbox 231 1599 448 1656; x_wconf 81' lang='lat' dir='ltr'><strong>Christo</strong></span> <span class='ocrx_word' id='word_1_101' title='bbox 477 1597 664 1668; x_wconf 78' lang='lat' dir='ltr'><strong>religio</strong></span> <span class='ocrx_word' id='word_1_102' title='bbox 701 1597 813 1652; x_wconf 89' lang='lat' dir='ltr'><strong>sola</strong></span> <span class='ocrx_word' id='word_1_103' title='bbox 857 1596 998 1667; x_wconf 89' lang='lat' dir='ltr'><strong>apud</strong></span> <span class='ocrx_word' id='word_1_104' title='bbox 1031 1609 1219 1651; x_wconf 89' lang='lat' dir='ltr'><strong>omnes</strong></span> <span class='ocrx_word' id='word_1_105' title='bbox 1249 1605 1520 1651; x_wconf 83' lang='lat' dir='ltr'><strong>servetur.</strong></span> <span class='ocrx_word' id='word_1_106' title='bbox 1551 1596 1827 1652; x_wconf 84' lang='lat' dir='ltr'><strong>Venerunt</strong></span> 
     </span>
    </p>
   </div>
   <div class='ocr_carea' id='block_1_17' title="bbox 230 1687 1826 1757">
    <p class='ocr_par' dir='ltr' id='par_1_17' title="bbox 230 1687 1826 1757">
     <span class='ocr_line' id='line_1_17' title="bbox 230 1687 1826 1757; baseline -0.003 -11"><span class='ocrx_word' id='word_1_107' title='bbox 230 1691 445 1746; x_wconf 89' lang='lat' dir='ltr'><strong>enimet</strong></span> <span class='ocrx_word' id='word_1_108' title='bbox 474 1687 542 1744; x_wconf 91' lang='lat' dir='ltr'><strong>de</strong></span> <span class='ocrx_word' id='word_1_109' title='bbox 570 1689 791 1744; x_wconf 88' lang='lat' dir='ltr'><strong>Oriente</strong></span> <span class='ocrx_word' id='word_1_110' title='bbox 815 1687 1090 1757; x_wconf 91' lang='lat' dir='ltr'><strong>episcopi,</strong></span> <span class='ocrx_word' id='word_1_111' title='bbox 1121 1687 1387 1742; x_wconf 85' lang='lat' dir='ltr'><strong>cohortati</strong></span> <span class='ocrx_word' id='word_1_112' title='bbox 1437 1696 1492 1742; x_wconf 91' lang='lat' dir='ltr'><strong>et</strong></span> <span class='ocrx_word' id='word_1_113' title='bbox 1519 1687 1618 1757; x_wconf 89' lang='lat' dir='ltr'><strong>ipsi</strong></span> <span class='ocrx_word' id='word_1_114' title='bbox 1641 1703 1671 1742; x_wconf 92' lang='lat' dir='ltr'><strong>a</strong></span> <span class='ocrx_word' id='word_1_115' title='bbox 1699 1687 1826 1742; x_wconf 84' lang='lat' dir='ltr'><strong>reli-</strong></span> 
     </span>
    </p>
   </div>
   <div class='ocr_carea' id='block_1_18' title="bbox 229 1779 1824 1852">
    <p class='ocr_par' dir='ltr' id='par_1_18' title="bbox 229 1779 1824 1852">
     <span class='ocr_line' id='line_1_18' title="bbox 229 1779 1824 1852; baseline -0.003 -14"><span class='ocrx_word' id='word_1_116' title='bbox 229 1783 548 1852; x_wconf 75' lang='lat' dir='ltr'><strong>giosissimis</strong></span> <span class='ocrx_word' id='word_1_117' title='bbox 574 1781 990 1852; x_wconf 86' lang='lat' dir='ltr'><strong>imperatoribus</strong></span> <span class='ocrx_word' id='word_1_118' title='bbox 1023 1779 1293 1850; x_wconf 79' lang='lat' dir='ltr'><strong>przecipue</strong></span> <span class='ocrx_word' id='word_1_119' title='bbox 1315 1780 1384 1835; x_wconf 93' lang='lat' dir='ltr'><strong>ob</strong></span> <span class='ocrx_word' id='word_1_120' title='bbox 1406 1795 1494 1844; x_wconf 89' lang='lat' dir='ltr'><strong>ea,</strong></span> <span class='ocrx_word' id='word_1_121' title='bbox 1516 1796 1637 1851; x_wconf 85' lang='lat' dir='ltr'><strong>quae</strong></span> <span class='ocrx_word' id='word_1_122' title='bbox 1657 1779 1824 1834; x_wconf 86' lang='lat' dir='ltr'><strong>rumi-</strong></span> 
     </span>
    </p>
   </div>
   <div class='ocr_carea' id='block_1_19' title="bbox 1931 581 3514 651">
    <p class='ocr_par' dir='ltr' id='par_1_19' title="bbox 1931 581 3514 651">
     <span class='ocr_line' id='line_1_19' title="bbox 1931 581 3514 651; baseline 0.013 -22"><span class='ocrx_word' id='word_1_123' title='bbox 1931 586 2149 648; x_wconf 85' lang='lat' dir='ltr'><strong>proptcr</strong></span> <span class='ocrx_word' id='word_1_124' title='bbox 2177 586 2406 646; x_wconf 90' lang='lat' dir='ltr'><strong>tempus,</strong></span> <span class='ocrx_word' id='word_1_125' title='bbox 2437 589 2490 633; x_wconf 92' lang='lat' dir='ltr'><strong>et</strong></span> <span class='ocrx_word' id='word_1_126' title='bbox 2511 581 2924 651; x_wconf 78' lang='lat' dir='ltr'><strong>confessionem,</strong></span> <span class='ocrx_word' id='word_1_127' title='bbox 2956 593 3012 640; x_wconf 93' lang='lat' dir='ltr'><strong>et</strong></span> <span class='ocrx_word' id='word_1_128' title='bbox 3041 595 3245 644; x_wconf 87' lang='lat' dir='ltr'><strong>tantum</strong></span> <span class='ocrx_word' id='word_1_129' title='bbox 3276 591 3514 649; x_wconf 81' lang='lat' dir='ltr'><strong>laborem</strong></span> 
     </span>
    </p>
   </div>
   <div class='ocr_carea' id='block_1_20' title="bbox 1924 667 3510 751">
    <p class='ocr_par' dir='ltr' id='par_1_20' title="bbox 1924 667 3510 751">
     <span class='ocr_line' id='line_1_20' title="bbox 1924 667 3510 751; baseline 0.011 -29"><span class='ocrx_word' id='word_1_130' title='bbox 1924 667 2071 723; x_wconf 92' lang='lat' dir='ltr'><strong>omni</strong></span> <span class='ocrx_word' id='word_1_131' title='bbox 2116 671 2417 725; x_wconf 90' lang='lat' dir='ltr'><strong>reverentia</strong></span> <span class='ocrx_word' id='word_1_132' title='bbox 2465 670 2658 740; x_wconf 89' lang='lat' dir='ltr'><strong>dignus</strong></span> <span class='ocrx_word' id='word_1_133' title='bbox 2687 674 2894 730; x_wconf 89' lang='lat' dir='ltr'><strong>videtur</strong></span> <span class='ocrx_word' id='word_1_134' title='bbox 2924 693 2936 730; x_wconf 90' lang='lat'>:</span> <span class='ocrx_word' id='word_1_135' title='bbox 2968 685 3022 732; x_wconf 89' lang='lat' dir='ltr'><strong>et</strong></span> <span class='ocrx_word' id='word_1_136' title='bbox 3049 684 3510 751; x_wconf 80' lang='lat' dir='ltr'><strong>exspectantibus,</strong></span> 
     </span>
    </p>
   </div>
   <div class='ocr_carea' id='block_1_21' title="bbox 1924 759 3515 841">
    <p class='ocr_par' dir='ltr' id='par_1_21' title="bbox 1924 759 3515 841">
     <span class='ocr_line' id='line_1_21' title="bbox 1924 759 3515 841; baseline 0.011 -25"><span class='ocrx_word' id='word_1_137' title='bbox 1924 769 1980 816; x_wconf 84' lang='lat' dir='ltr'><strong>et</strong></span> <span class='ocrx_word' id='word_1_138' title='bbox 2004 759 2410 816; x_wconf 89' lang='lat' dir='ltr'><strong>adhortantibus</strong></span> <span class='ocrx_word' id='word_1_139' title='bbox 2432 778 2527 818; x_wconf 91' lang='lat' dir='ltr'><strong>eos</strong></span> <span class='ocrx_word' id='word_1_140' title='bbox 2554 764 2792 835; x_wconf 91' lang='lat' dir='ltr'><strong>ingredi,</strong></span> <span class='ocrx_word' id='word_1_141' title='bbox 2824 783 2932 838; x_wconf 91' lang='lat' dir='ltr'><strong>quo</strong></span> <span class='ocrx_word' id='word_1_142' title='bbox 2957 785 3020 825; x_wconf 90' lang='lat' dir='ltr'><strong>ea</strong></span> <span class='ocrx_word' id='word_1_143' title='bbox 3037 811 3054 837; x_wconf 94' lang='lat'><strong>,</strong></span> <span class='ocrx_word' id='word_1_144' title='bbox 3073 787 3193 841; x_wconf 71' lang='lat' dir='ltr'><strong>quae</strong></span> <span class='ocrx_word' id='word_1_145' title='bbox 3220 773 3288 830; x_wconf 88' lang='lat' dir='ltr'><strong>de</strong></span> <span class='ocrx_word' id='word_1_146' title='bbox 3318 777 3515 834; x_wconf 83' lang='lat' dir='ltr'><strong>absen-</strong></span> 
     </span>
    </p>
   </div>
   <div class='ocr_carea' id='block_1_22' title="bbox 1926 851 3514 936">
    <p class='ocr_par' dir='ltr' id='par_1_22' title="bbox 1926 851 3514 936">
     <span class='ocr_line' id='line_1_22' title="bbox 1926 851 3514 936; baseline 0.014 -30"><span class='ocrx_word' id='word_1_147' title='bbox 1926 851 2070 909; x_wconf 86' lang='lat' dir='ltr'><strong>tibus</strong></span> <span class='ocrx_word' id='word_1_148' title='bbox 2102 855 2487 912; x_wconf 89' lang='lat' dir='ltr'><strong>comministris</strong></span> <span class='ocrx_word' id='word_1_149' title='bbox 2517 867 2540 894; x_wconf 72' lang='grc' dir='ltr'><strong>ο</strong></span> <span class='ocrx_word' id='word_1_150' title='bbox 2569 861 2900 931; x_wconf 87' lang='lat' dir='ltr'><strong>rumigerunt</strong></span> <span class='ocrx_word' id='word_1_151' title='bbox 2929 871 2984 918; x_wconf 88' lang='lat' dir='ltr'><strong>et</strong></span> <span class='ocrx_word' id='word_1_152' title='bbox 3007 867 3370 936; x_wconf 83' lang='lat' dir='ltr'><strong>scripserunt,</strong></span> <span class='ocrx_word' id='word_1_153' title='bbox 3397 871 3514 928; x_wconf 64' lang='lat' dir='ltr'><strong>haec</strong></span> 
     </span>
    </p>
   </div>
   <div class='ocr_carea' id='block_1_23' title="bbox 1927 947 3514 1026">
    <p class='ocr_par' dir='ltr' id='par_1_23' title="bbox 1927 947 3514 1026">
     <span class='ocr_line' id='line_1_23' title="bbox 1927 947 3514 1026; baseline 0.013 -27"><span class='ocrx_word' id='word_1_154' title='bbox 1927 953 2220 1014; x_wconf 67' lang='lat' dir='ltr'><strong>praesentes</strong></span> <span class='ocrx_word' id='word_1_155' title='bbox 2240 947 2579 1004; x_wconf 85' lang='lat' dir='ltr'><strong>convincam.</strong></span> <span class='ocrx_word' id='word_1_156' title='bbox 2604 952 2708 1006; x_wconf 87' lang='lat' dir='ltr'><strong>Sed</strong></span> <span class='ocrx_word' id='word_1_157' title='bbox 2732 955 2904 1010; x_wconf 80' lang='lat' dir='ltr'><strong>vocati</strong></span> <span class='ocrx_word' id='word_1_158' title='bbox 2935 971 3042 1012; x_wconf 92' lang='lat' dir='ltr'><strong>non</strong></span> <span class='ocrx_word' id='word_1_159' title='bbox 3065 973 3349 1026; x_wconf 87' lang='lat' dir='ltr'><strong>venerunt,</strong></span> <span class='ocrx_word' id='word_1_160' title='bbox 3374 965 3514 1022; x_wconf 86' lang='lat' dir='ltr'><strong>sicut</strong></span> 
     </span>
    </p>
   </div>
   <div class='ocr_carea' id='block_1_24' title="bbox 1925 1037 3514 1123">
    <p class='ocr_par' dir='ltr' id='par_1_24' title="bbox 1925 1037 3514 1123">
     <span class='ocr_line' id='line_1_24' title="bbox 1925 1037 3514 1123; baseline 0.013 -30"><span class='ocrx_word' id='word_1_161' title='bbox 1925 1037 2178 1107; x_wconf 81' lang='lat' dir='ltr'><strong>diximus,</strong></span> <span class='ocrx_word' id='word_1_162' title='bbox 2230 1040 2326 1095; x_wconf 91' lang='lat' dir='ltr'><strong>sed</strong></span> <span class='ocrx_word' id='word_1_163' title='bbox 2353 1051 2719 1101; x_wconf 90' lang='lat' dir='ltr'><strong>monstrantes</strong></span> <span class='ocrx_word' id='word_1_164' title='bbox 2744 1061 2808 1101; x_wconf 86' lang='lat' dir='ltr'><strong>ex</strong></span> <span class='ocrx_word' id='word_1_165' title='bbox 2845 1051 2948 1104; x_wconf 93' lang='lat' dir='ltr'><strong>hoc</strong></span> <span class='ocrx_word' id='word_1_166' title='bbox 2977 1051 3301 1108; x_wconf 86' lang='lat' dir='ltr'><strong>calumniam</strong></span> <span class='ocrx_word' id='word_1_167' title='bbox 3331 1071 3514 1123; x_wconf 90' lang='lat' dir='ltr'><strong>suam,</strong></span> 
     </span>
    </p>
   </div>
   <div class='ocr_carea' id='block_1_25' title="bbox 1927 1132 3519 1206">
    <p class='ocr_par' dir='ltr' id='par_1_25' title="bbox 1927 1132 3519 1206">
     <span class='ocr_line' id='line_1_25' title="bbox 1927 1132 3519 1206; baseline 0.014 -22"><span class='ocrx_word' id='word_1_168' title='bbox 1927 1138 1982 1185; x_wconf 91' lang='lat' dir='ltr'><strong>et</strong></span> <span class='ocrx_word' id='word_1_169' title='bbox 2009 1146 2117 1186; x_wconf 91' lang='lat' dir='ltr'><strong>non</strong></span> <span class='ocrx_word' id='word_1_170' title='bbox 2137 1132 2310 1188; x_wconf 91' lang='lat' dir='ltr'><strong>solum</strong></span> <span class='ocrx_word' id='word_1_171' title='bbox 2327 1133 2570 1198; x_wconf 88' lang='lat' dir='ltr'><strong>insidias,</strong></span> <span class='ocrx_word' id='word_1_172' title='bbox 2590 1145 2645 1190; x_wconf 90' lang='lat' dir='ltr'><strong>et</strong></span> <span class='ocrx_word' id='word_1_173' title='bbox 2667 1137 2925 1194; x_wconf 91' lang='lat' dir='ltr'><strong>factiones</strong></span> <span class='ocrx_word' id='word_1_174' title='bbox 2952 1139 3197 1200; x_wconf 90' lang='lat' dir='ltr'><strong>fecerunt</strong></span> <span class='ocrx_word' id='word_1_175' title='bbox 3221 1147 3519 1206; x_wconf 87' lang='lat' dir='ltr'><strong>clamantes</strong></span> 
     </span>
    </p>
   </div>
   <div class='ocr_carea' id='block_1_26' title="bbox 1927 1227 3520 1307">
    <p class='ocr_par' dir='ltr' id='par_1_26' title="bbox 1927 1227 3520 1307">
     <span class='ocr_line' id='line_1_26' title="bbox 1927 1227 3520 1307; baseline 0.012 -28"><span class='ocrx_word' id='word_1_176' title='bbox 1927 1240 2026 1294; x_wconf 87' lang='lat' dir='ltr'><strong>per</strong></span> <span class='ocrx_word' id='word_1_177' title='bbox 2053 1227 2477 1282; x_wconf 81' lang='lat' dir='ltr'><strong>excusationem.</strong></span> <span class='ocrx_word' id='word_1_178' title='bbox 2504 1228 2608 1295; x_wconf 88' lang='lat' dir='ltr'><strong>Qui</strong></span> <span class='ocrx_word' id='word_1_179' title='bbox 2636 1229 2781 1284; x_wconf 92' lang='lat' dir='ltr'><strong>enim</strong></span> <span class='ocrx_word' id='word_1_180' title='bbox 2811 1233 3084 1290; x_wconf 85' lang='lat' dir='ltr'><strong>confidunt</strong></span> <span class='ocrx_word' id='word_1_181' title='bbox 3124 1237 3235 1293; x_wconf 89' lang='lat' dir='ltr'><strong>suis</strong></span> <span class='ocrx_word' id='word_1_182' title='bbox 3269 1239 3449 1307; x_wconf 82' lang='lat' dir='ltr'><strong>dictis,</strong></span> <span class='ocrx_word' id='word_1_183' title='bbox 3483 1244 3520 1298; x_wconf 92' lang='lat' dir='ltr'><strong>ii</strong></span> 
     </span>
    </p>
   </div>
   <div class='ocr_carea' id='block_1_27' title="bbox 1926 1317 3521 1402">
    <p class='ocr_par' dir='ltr' id='par_1_27' title="bbox 1926 1317 3521 1402">
     <span class='ocr_line' id='line_1_27' title="bbox 1926 1317 3521 1402; baseline 0.01 -30"><span class='ocrx_word' id='word_1_184' title='bbox 1926 1325 1982 1372; x_wconf 87' lang='lat' dir='ltr'><strong>et</strong></span> <span class='ocrx_word' id='word_1_185' title='bbox 2011 1317 2074 1372; x_wconf 90' lang='lat' dir='ltr'><strong>ad</strong></span> <span class='ocrx_word' id='word_1_186' title='bbox 2123 1317 2346 1389; x_wconf 80' lang='lat' dir='ltr'><strong>[Supple</strong></span> <span class='ocrx_word' id='word_1_187' title='bbox 2370 1333 2432 1374; x_wconf 91' lang='lat' dir='ltr'><strong>ea</strong></span> <span class='ocrx_word' id='word_1_188' title='bbox 2478 1319 2773 1393; x_wconf 85' lang='lat' dir='ltr'><strong>probanda]</strong></span> <span class='ocrx_word' id='word_1_189' title='bbox 2815 1322 2867 1376; x_wconf 90' lang='lat' dir='ltr'><strong>in</strong></span> <span class='ocrx_word' id='word_1_190' title='bbox 2918 1329 3200 1393; x_wconf 78' lang='lat' dir='ltr'><strong>praesentia</strong></span> <span class='ocrx_word' id='word_1_191' title='bbox 3252 1346 3373 1386; x_wconf 78' lang='lat' dir='ltr'><strong>esse</strong></span> <span class='ocrx_word' id='word_1_192' title='bbox 3426 1348 3521 1402; x_wconf 83' lang='lat' dir='ltr'><strong>po-</strong></span> 
     </span>
    </p>
   </div>
   <div class='ocr_carea' id='block_1_28' title="bbox 1930 1419 2165 1465">
    <p class='ocr_par' dir='ltr' id='par_1_28' title="bbox 1930 1419 2165 1465">
     <span class='ocr_line' id='line_1_28' title="bbox 1930 1419 2165 1465; baseline -0.004 -2"><span class='ocrx_word' id='word_1_193' title='bbox 1930 1419 2165 1465; x_wconf 87' lang='lat' dir='ltr'><strong>luerunt.</strong></span> 
     </span>
    </p>
   </div>
   <div class='ocr_carea' id='block_1_29' title="bbox 1999 1500 3522 1584">
    <p class='ocr_par' dir='ltr' id='par_1_29' title="bbox 1999 1500 3522 1584">
     <span class='ocr_line' id='line_1_29' title="bbox 1999 1500 3522 1584; baseline 0.01 -28"><span class='ocrx_word' id='word_1_194' title='bbox 1999 1500 2133 1568; x_wconf 85' lang='lat' dir='ltr'><strong>Quia</strong></span> <span class='ocrx_word' id='word_1_195' title='bbox 2161 1500 2321 1573; x_wconf 78' lang='lat' dir='ltr'><strong>igitur</strong></span> <span class='ocrx_word' id='word_1_196' title='bbox 2367 1518 2476 1559; x_wconf 87' lang='lat' dir='ltr'><strong>non</strong></span> <span class='ocrx_word' id='word_1_197' title='bbox 2503 1514 2861 1563; x_wconf 87' lang='lat' dir='ltr'><strong>occurrerunt</strong></span> <span class='ocrx_word' id='word_1_198' title='bbox 2900 1509 3234 1569; x_wconf 70' lang='lat' dir='ltr'><strong>aestimamus</strong></span> <span class='ocrx_word' id='word_1_199' title='bbox 3258 1514 3368 1584; x_wconf 88' lang='lat' dir='ltr'><strong>jam</strong></span> <span class='ocrx_word' id='word_1_200' title='bbox 3402 1517 3522 1571; x_wconf 88' lang='lat' dir='ltr'><strong>nul-</strong></span> 
     </span>
    </p>
   </div>
   <div class='ocr_carea' id='block_1_30' title="bbox 1931 1592 3521 1681">
    <p class='ocr_par' dir='ltr' id='par_1_30' title="bbox 1931 1592 3521 1681">
     <span class='ocr_line' id='line_1_30' title="bbox 1931 1592 3521 1681; baseline 0.013 -33"><span class='ocrx_word' id='word_1_201' title='bbox 1931 1592 2040 1648; x_wconf 90' lang='lat' dir='ltr'><strong>lum</strong></span> <span class='ocrx_word' id='word_1_202' title='bbox 2063 1594 2330 1665; x_wconf 89' lang='lat' dir='ltr'><strong>ignorare,</strong></span> <span class='ocrx_word' id='word_1_203' title='bbox 2359 1604 2415 1652; x_wconf 87' lang='lat' dir='ltr'><strong>et</strong></span> <span class='ocrx_word' id='word_1_204' title='bbox 2444 1596 2491 1649; x_wconf 93' lang='lat' dir='ltr'><strong>si</strong></span> <span class='ocrx_word' id='word_1_205' title='bbox 2516 1597 2714 1654; x_wconf 89' lang='lat' dir='ltr'><strong>iterum</strong></span> <span class='ocrx_word' id='word_1_206' title='bbox 2737 1600 2815 1655; x_wconf 92' lang='lat' dir='ltr'><strong>illi</strong></span> <span class='ocrx_word' id='word_1_207' title='bbox 2844 1603 3120 1659; x_wconf 90' lang='lat' dir='ltr'><strong>voluerint</strong></span> <span class='ocrx_word' id='word_1_208' title='bbox 3143 1617 3319 1663; x_wconf 84' lang='lat' dir='ltr'><strong>asmte</strong></span> <span class='ocrx_word' id='word_1_209' title='bbox 3339 1626 3521 1681; x_wconf 85' lang='lat' dir='ltr'><strong>agere,</strong></span> 
     </span>
    </p>
   </div>
   <div class='ocr_carea' id='block_1_31' title="bbox 1930 1687 3526 1766">
    <p class='ocr_par' dir='ltr' id='par_1_31' title="bbox 1930 1687 3526 1766">
     <span class='ocr_line' id='line_1_31' title="bbox 1930 1687 3526 1766; baseline 0.013 -27"><span class='ocrx_word' id='word_1_210' title='bbox 1930 1687 2182 1756; x_wconf 87' lang='lat' dir='ltr'><strong>quoniam</strong></span> <span class='ocrx_word' id='word_1_211' title='bbox 2226 1688 2360 1742; x_wconf 88' lang='lat' dir='ltr'><strong>nihil</strong></span> <span class='ocrx_word' id='word_1_212' title='bbox 2400 1689 2682 1766; x_wconf 38' lang='lat' dir='ltr'><strong>habentes.</strong></span> <span class='ocrx_word' id='word_1_213' title='bbox 2708 1693 2967 1752; x_wconf 86' lang='lat' dir='ltr'><strong>adversus</strong></span> <span class='ocrx_word' id='word_1_214' title='bbox 2999 1701 3400 1758; x_wconf 88' lang='lat' dir='ltr'><strong>comministros</strong></span> <span class='ocrx_word' id='word_1_215' title='bbox 3429 1723 3526 1759; x_wconf 87' lang='lat' dir='ltr'><strong>no-</strong></span> 
     </span>
    </p>
   </div>
   <div class='ocr_carea' id='block_1_32' title="bbox 1934 1770 3528 1857">
    <p class='ocr_par' dir='ltr' id='par_1_32' title="bbox 1934 1770 3528 1857">
     <span class='ocr_line' id='line_1_32' title="bbox 1934 1770 3528 1857; baseline 0.013 -24"><span class='ocrx_word' id='word_1_216' title='bbox 1934 1786 2076 1833; x_wconf 88' lang='lat' dir='ltr'><strong>stros</strong></span> <span class='ocrx_word' id='word_1_217' title='bbox 2103 1770 2348 1848; x_wconf 81' lang='lat' dir='ltr'><strong>arguere,</strong></span> <span class='ocrx_word' id='word_1_218' title='bbox 2380 1781 2480 1836; x_wconf 90' lang='lat' dir='ltr'><strong>hoc</strong></span> <span class='ocrx_word' id='word_1_219' title='bbox 2505 1794 2757 1838; x_wconf 91' lang='lat' dir='ltr'><strong>accusant</strong></span> <span class='ocrx_word' id='word_1_220' title='bbox 2781 1786 3052 1855; x_wconf 83' lang='lat' dir='ltr'><strong>absentes,</strong></span> <span class='ocrx_word' id='word_1_221' title='bbox 3083 1806 3380 1857; x_wconf 64' lang='lat' dir='ltr'><strong>praesentes</strong></span> <span class='ocrx_word' id='word_1_222' title='bbox 3400 1812 3528 1853; x_wconf 85' lang='lat' dir='ltr'><strong>vero</strong></span> 
     </span>
    </p>
   </div>
   <div class='ocr_carea' id='block_1_33' title="bbox 231 1865 3528 1959">
    <p class='ocr_par' dir='ltr' id='par_1_33' title="bbox 231 1865 3528 1959">
     <span class='ocr_line' id='line_1_33' title="bbox 231 1865 3528 1959; baseline 0.003 -25"><span class='ocrx_word' id='word_1_223' title='bbox 231 1879 557 1950; x_wconf 83' lang='lat' dir='ltr'><strong>gerabantur</strong></span> <span class='ocrx_word' id='word_1_224' title='bbox 605 1877 917 1948; x_wconf 87' lang='lat' dir='ltr'><strong>frequenter</strong></span> <span class='ocrx_word' id='word_1_225' title='bbox 953 1874 1173 1947; x_wconf 83' lang='lat' dir='ltr'><strong>[Supple</strong></span> <span class='ocrx_word' id='word_1_226' title='bbox 1202 1873 1292 1947; x_wconf 89' lang='lat' dir='ltr'><strong>de]</strong></span> <span class='ocrx_word' id='word_1_227' title='bbox 1331 1873 1698 1930; x_wconf 87' lang='lat' dir='ltr'><strong>dilectissimis</strong></span> <span class='ocrx_word' id='word_1_228' title='bbox 1721 1874 1831 1929; x_wconf 81' lang='lat' dir='ltr'><strong>fra~</strong></span> <span class='ocrx_word' id='word_1_229' title='bbox 1861 1865 1908 1926; x_wconf 83' lang='grc' dir='ltr'><strong>Β</strong></span> <span class='ocrx_word' id='word_1_230' title='bbox 1935 1870 2350 1941; x_wconf 90' lang='lat' dir='ltr'><strong>subterfugiunt.</strong></span> <span class='ocrx_word' id='word_1_231' title='bbox 2384 1873 2658 1944; x_wconf 85' lang='lat' dir='ltr'><strong>Fugerunt</strong></span> <span class='ocrx_word' id='word_1_232' title='bbox 2700 1877 2867 1946; x_wconf 89' lang='lat' dir='ltr'><strong>enim,</strong></span> <span class='ocrx_word' id='word_1_233' title='bbox 2926 1881 3261 1940; x_wconf 87' lang='lat' dir='ltr'><strong>dilectissimi</strong></span> <span class='ocrx_word' id='word_1_234' title='bbox 3313 1888 3528 1959; x_wconf 76' lang='lat' dir='ltr'><strong>fratres,</strong></span> 
     </span>
    </p>
   </div>
   <div class='ocr_carea' id='block_1_34' title="bbox 237 1968 1828 2038">
    <p class='ocr_par' dir='ltr' id='par_1_34' title="bbox 237 1968 1828 2038">
     <span class='ocr_line' id='line_1_34' title="bbox 237 1968 1828 2038; baseline -0.003 -10"><span class='ocrx_word' id='word_1_235' title='bbox 237 1973 410 2028; x_wconf 87' lang='lat' dir='ltr'><strong>tribus</strong></span> <span class='ocrx_word' id='word_1_236' title='bbox 460 1971 664 2026; x_wconf 90' lang='lat' dir='ltr'><strong>nostris</strong></span> <span class='ocrx_word' id='word_1_237' title='bbox 693 2013 708 2037; x_wconf 96' lang='lat'><strong>,</strong></span> <span class='ocrx_word' id='word_1_238' title='bbox 749 1978 804 2025; x_wconf 92' lang='lat' dir='ltr'><strong>et</strong></span> <span class='ocrx_word' id='word_1_239' title='bbox 829 1968 1216 2024; x_wconf 89' lang='lat' dir='ltr'><strong>comministris</strong></span> <span class='ocrx_word' id='word_1_240' title='bbox 1245 1968 1542 2023; x_wconf 83' lang='lat' dir='ltr'><strong>Athanasio</strong></span> <span class='ocrx_word' id='word_1_241' title='bbox 1569 1969 1828 2038; x_wconf 87' lang='lat' dir='ltr'><strong>episcopo</strong></span> 
     </span>
    </p>
   </div>
   <div class='ocr_carea' id='block_1_35' title="bbox 234 2061 1834 2138">
    <p class='ocr_par' dir='ltr' id='par_1_35' title="bbox 234 2061 1834 2138">
     <span class='ocr_line' id='line_1_35' title="bbox 234 2061 1834 2138; baseline -0.005 -15"><span class='ocrx_word' id='word_1_242' title='bbox 234 2065 596 2138; x_wconf 75' lang='lat' dir='ltr'><strong>Alexandriae,</strong></span> <span class='ocrx_word' id='word_1_243' title='bbox 621 2072 678 2118; x_wconf 90' lang='lat' dir='ltr'><strong>et</strong></span> <span class='ocrx_word' id='word_1_244' title='bbox 697 2062 948 2118; x_wconf 84' lang='lat' dir='ltr'><strong>Marcello</strong></span> <span class='ocrx_word' id='word_1_245' title='bbox 975 2063 1231 2132; x_wconf 90' lang='lat' dir='ltr'><strong>episcopo</strong></span> <span class='ocrx_word' id='word_1_246' title='bbox 1251 2062 1480 2132; x_wconf 77' lang='lat' dir='ltr'><strong>Ancyra:</strong></span> <span class='ocrx_word' id='word_1_247' title='bbox 1509 2061 1753 2129; x_wconf 88' lang='lat' dir='ltr'><strong>Galatiae,</strong></span> <span class='ocrx_word' id='word_1_248' title='bbox 1777 2069 1834 2118; x_wconf 91' lang='lat' dir='ltr'><strong>et</strong></span> 
     </span>
    </p>
   </div>
   <div class='ocr_carea' id='block_1_36' title="bbox 234 2153 1833 2228">
    <p class='ocr_par' dir='ltr' id='par_1_36' title="bbox 234 2153 1833 2228">
     <span class='ocr_line' id='line_1_36' title="bbox 234 2153 1833 2228; baseline -0.003 -14"><span class='ocrx_word' id='word_1_249' title='bbox 234 2159 484 2228; x_wconf 85' lang='lat' dir='ltr'><strong>Asclepa.</strong></span> <span class='ocrx_word' id='word_1_250' title='bbox 508 2158 669 2212; x_wconf 77' lang='lat' dir='ltr'><strong>Forte</strong></span> <span class='ocrx_word' id='word_1_251' title='bbox 696 2156 837 2212; x_wconf 90' lang='lat' dir='ltr'><strong>enim</strong></span> <span class='ocrx_word' id='word_1_252' title='bbox 861 2155 928 2211; x_wconf 91' lang='lat' dir='ltr'><strong>ad</strong></span> <span class='ocrx_word' id='word_1_253' title='bbox 958 2169 1053 2210; x_wconf 89' lang='lat' dir='ltr'><strong>vos</strong></span> <span class='ocrx_word' id='word_1_254' title='bbox 1075 2170 1379 2225; x_wconf 85' lang='lat' dir='ltr'><strong>pervenere</strong></span> <span class='ocrx_word' id='word_1_255' title='bbox 1407 2153 1476 2210; x_wconf 90' lang='lat' dir='ltr'><strong>de</strong></span> <span class='ocrx_word' id='word_1_256' title='bbox 1507 2155 1588 2209; x_wconf 87' lang='lat' dir='ltr'><strong>his</strong></span> <span class='ocrx_word' id='word_1_257' title='bbox 1616 2170 1833 2211; x_wconf 85' lang='lat' dir='ltr'><strong>accusa-</strong></span> 
     </span>
    </p>
   </div>
   <div class='ocr_carea' id='block_1_37' title="bbox 231 2249 1834 2314">
    <p class='ocr_par' dir='ltr' id='par_1_37' title="bbox 231 2249 1834 2314">
     <span class='ocr_line' id='line_1_37' title="bbox 231 2249 1834 2314; baseline -0.001 -8"><span class='ocrx_word' id='word_1_258' title='bbox 231 2251 445 2314; x_wconf 82' lang='lat' dir='ltr'><strong>tiones;</strong></span> <span class='ocrx_word' id='word_1_259' title='bbox 475 2249 616 2304; x_wconf 88' lang='lat' dir='ltr'><strong>forte</strong></span> <span class='ocrx_word' id='word_1_260' title='bbox 639 2256 694 2304; x_wconf 90' lang='lat' dir='ltr'><strong>et</strong></span> <span class='ocrx_word' id='word_1_261' title='bbox 719 2257 924 2304; x_wconf 83' lang='lat' dir='ltr'><strong>vestras</strong></span> <span class='ocrx_word' id='word_1_262' title='bbox 945 2263 1105 2303; x_wconf 86' lang='lat' dir='ltr'><strong>aures</strong></span> <span class='ocrx_word' id='word_1_263' title='bbox 1141 2256 1483 2303; x_wconf 85' lang='lat' dir='ltr'><strong>tentaverunt</strong></span> <span class='ocrx_word' id='word_1_264' title='bbox 1512 2263 1750 2313; x_wconf 89' lang='lat' dir='ltr'><strong>movere,</strong></span> <span class='ocrx_word' id='word_1_265' title='bbox 1776 2258 1834 2304; x_wconf 92' lang='lat' dir='ltr'><strong>ut</strong></span> 
     </span>
    </p>
   </div>
   <div class='ocr_carea' id='block_1_38' title="bbox 235 2339 1834 2412">
    <p class='ocr_par' dir='ltr' id='par_1_38' title="bbox 235 2339 1834 2412">
     <span class='ocr_line' id='line_1_38' title="bbox 235 2339 1834 2412; baseline -0.004 -12"><span class='ocrx_word' id='word_1_266' title='bbox 235 2359 296 2400; x_wconf 81' lang='lat' dir='ltr'><strong>ea</strong></span> <span class='ocrx_word' id='word_1_267' title='bbox 323 2359 447 2412; x_wconf 76' lang='lat' dir='ltr'><strong>quae</strong></span> <span class='ocrx_word' id='word_1_268' title='bbox 475 2342 737 2397; x_wconf 88' lang='lat' dir='ltr'><strong>adversus</strong></span> <span class='ocrx_word' id='word_1_269' title='bbox 767 2342 1083 2396; x_wconf 83' lang='lat' dir='ltr'><strong>innocentes</strong></span> <span class='ocrx_word' id='word_1_270' title='bbox 1104 2339 1289 2395; x_wconf 89' lang='lat' dir='ltr'><strong>dicunt</strong></span> <span class='ocrx_word' id='word_1_271' title='bbox 1319 2339 1590 2404; x_wconf 87' lang='lat' dir='ltr'><strong>maledici,</strong></span> <span class='ocrx_word' id='word_1_272' title='bbox 1613 2339 1834 2395; x_wconf 88' lang='lat' dir='ltr'><strong>credan-</strong></span> 
     </span>
    </p>
   </div>
   <div class='ocr_carea' id='block_1_39' title="bbox 233 2434 1836 2509">
    <p class='ocr_par' dir='ltr' id='par_1_39' title="bbox 233 2434 1836 2509">
     <span class='ocr_line' id='line_1_39' title="bbox 233 2434 1836 2509; baseline 0.002 -19"><span class='ocrx_word' id='word_1_273' title='bbox 233 2446 343 2502; x_wconf 89' lang='lat' dir='ltr'><strong>tur,</strong></span> <span class='ocrx_word' id='word_1_274' title='bbox 373 2445 430 2491; x_wconf 91' lang='lat' dir='ltr'><strong>et</strong></span> <span class='ocrx_word' id='word_1_275' title='bbox 460 2449 571 2489; x_wconf 70' lang='lat' dir='ltr'><strong>sum</strong></span> <span class='ocrx_word' id='word_1_276' title='bbox 600 2435 994 2491; x_wconf 81' lang='lat' dir='ltr'><strong>molestissimte</strong></span> <span class='ocrx_word' id='word_1_277' title='bbox 1026 2435 1182 2509; x_wconf 84' lang='lat' dir='ltr'><strong>[Lege</strong></span> <span class='ocrx_word' id='word_1_278' title='bbox 1208 2434 1630 2505; x_wconf 77' lang='lat' dir='ltr'><strong>scelestissimte]</strong></span> <span class='ocrx_word' id='word_1_279' title='bbox 1665 2438 1836 2492; x_wconf 83' lang='lat' dir='ltr'><strong>haere-</strong></span> 
     </span>
    </p>
   </div>
   <div class='ocr_carea' id='block_1_40' title="bbox 233 2529 1836 2603">
    <p class='ocr_par' dir='ltr' id='par_1_40' title="bbox 233 2529 1836 2603">
     <span class='ocr_line' id='line_1_40' title="bbox 233 2529 1836 2603; baseline 0.001 -18"><span class='ocrx_word' id='word_1_280' title='bbox 233 2532 312 2586; x_wconf 85' lang='lat' dir='ltr'><strong>sis</strong></span> <span class='ocrx_word' id='word_1_281' title='bbox 330 2531 694 2601; x_wconf 88' lang='lat' dir='ltr'><strong>suspicionem</strong></span> <span class='ocrx_word' id='word_1_282' title='bbox 722 2530 1077 2585; x_wconf 88' lang='lat' dir='ltr'><strong>abscondant.</strong></span> <span class='ocrx_word' id='word_1_283' title='bbox 1113 2529 1219 2586; x_wconf 85' lang='lat' dir='ltr'><strong>Sed</strong></span> <span class='ocrx_word' id='word_1_284' title='bbox 1245 2545 1351 2585; x_wconf 91' lang='lat' dir='ltr'><strong>non</strong></span> <span class='ocrx_word' id='word_1_285' title='bbox 1382 2530 1473 2586; x_wconf 93' lang='lat' dir='ltr'><strong>diu</strong></span> <span class='ocrx_word' id='word_1_286' title='bbox 1501 2531 1616 2586; x_wconf 85' lang='lat' dir='ltr'><strong>haec</strong></span> <span class='ocrx_word' id='word_1_287' title='bbox 1644 2547 1836 2603; x_wconf 73' lang='lat' dir='ltr'><strong>perpe~</strong></span> 
     </span>
    </p>
   </div>
   <div class='ocr_carea' id='block_1_41' title="bbox 233 2621 1832 2694">
    <p class='ocr_par' dir='ltr' id='par_1_41' title="bbox 233 2621 1832 2694">
     <span class='ocr_line' id='line_1_41' title="bbox 233 2621 1832 2694; baseline 0.003 -17"><span class='ocrx_word' id='word_1_288' title='bbox 233 2631 382 2678; x_wconf 89' lang='lat' dir='ltr'><strong>trare</strong></span> <span class='ocrx_word' id='word_1_289' title='bbox 406 2621 654 2692; x_wconf 87' lang='lat' dir='ltr'><strong>permissi</strong></span> <span class='ocrx_word' id='word_1_290' title='bbox 674 2631 820 2677; x_wconf 91' lang='lat' dir='ltr'><strong>sunt.</strong></span> <span class='ocrx_word' id='word_1_291' title='bbox 858 2623 951 2677; x_wconf 87' lang='lat' dir='ltr'><strong>Est</strong></span> <span class='ocrx_word' id='word_1_292' title='bbox 978 2621 1832 2694; x_wconf 58' lang='lat' dir='ltr'><strong>enimquiprestatpatrocinium</strong></span> 
     </span>
    </p>
   </div>
   <div class='ocr_carea' id='block_1_42' title="bbox 234 2713 1837 2786">
    <p class='ocr_par' dir='ltr' id='par_1_42' title="bbox 234 2713 1837 2786">
     <span class='ocr_line' id='line_1_42' title="bbox 234 2713 1837 2786; baseline 0.002 -17"><span class='ocrx_word' id='word_1_293' title='bbox 234 2713 497 2770; x_wconf 84' lang='lat' dir='ltr'><strong>Ecclesiis</strong></span> <span class='ocrx_word' id='word_1_294' title='bbox 512 2715 791 2780; x_wconf 87' lang='lat' dir='ltr'><strong>Dominus,</strong></span> <span class='ocrx_word' id='word_1_295' title='bbox 813 2717 902 2786; x_wconf 86' lang='lat' dir='ltr'><strong>qui</strong></span> <span class='ocrx_word' id='word_1_296' title='bbox 922 2730 1021 2786; x_wconf 90' lang='lat' dir='ltr'><strong>pro</strong></span> <span class='ocrx_word' id='word_1_297' title='bbox 1046 2716 1149 2780; x_wconf 86' lang='lat' dir='ltr'><strong>his,</strong></span> <span class='ocrx_word' id='word_1_298' title='bbox 1165 2725 1220 2772; x_wconf 92' lang='lat' dir='ltr'><strong>et</strong></span> <span class='ocrx_word' id='word_1_299' title='bbox 1247 2717 1402 2772; x_wconf 88' lang='lat' dir='ltr'><strong>nobis</strong></span> <span class='ocrx_word' id='word_1_300' title='bbox 1419 2719 1671 2772; x_wconf 89' lang='lat' dir='ltr'><strong>omnibus</strong></span> <span class='ocrx_word' id='word_1_301' title='bbox 1693 2734 1837 2772; x_wconf 86' lang='lat' dir='ltr'><strong>mor-</strong></span> 
     </span>
    </p>
   </div>
   <div class='ocr_carea' id='block_1_43' title="bbox 232 2809 1838 2880">
    <p class='ocr_par' dir='ltr' id='par_1_43' title="bbox 232 2809 1838 2880">
     <span class='ocr_line' id='line_1_43' title="bbox 232 2809 1838 2880; baseline 0.002 -16"><span class='ocrx_word' id='word_1_302' title='bbox 232 2815 347 2864; x_wconf 78' lang='lat' dir='ltr'><strong>tem</strong></span> <span class='ocrx_word' id='word_1_303' title='bbox 368 2809 646 2874; x_wconf 88' lang='lat' dir='ltr'><strong>sustinuit,</strong></span> <span class='ocrx_word' id='word_1_304' title='bbox 665 2818 719 2865; x_wconf 89' lang='lat' dir='ltr'><strong>et</strong></span> <span class='ocrx_word' id='word_1_305' title='bbox 739 2819 961 2880; x_wconf 88' lang='lat' dir='ltr'><strong>propter</strong></span> <span class='ocrx_word' id='word_1_306' title='bbox 982 2823 1078 2864; x_wconf 91' lang='lat' dir='ltr'><strong>eas</strong></span> <span class='ocrx_word' id='word_1_307' title='bbox 1099 2824 1383 2866; x_wconf 88' lang='lat' dir='ltr'><strong>ascensum</strong></span> <span class='ocrx_word' id='word_1_308' title='bbox 1406 2811 1473 2866; x_wconf 93' lang='lat' dir='ltr'><strong>ad</strong></span> <span class='ocrx_word' id='word_1_309' title='bbox 1495 2811 1660 2874; x_wconf 68' lang='lat' dir='ltr'><strong>caelos</strong></span> <span class='ocrx_word' id='word_1_310' title='bbox 1684 2811 1838 2868; x_wconf 91' lang='lat' dir='ltr'><strong>nobis</strong></span> 
     </span>
    </p>
   </div>
   <div class='ocr_carea' id='block_1_44' title="bbox 236 2900 686 2958">
    <p class='ocr_par' dir='ltr' id='par_1_44' title="bbox 236 2900 686 2958">
     <span class='ocr_line' id='line_1_44' title="bbox 236 2900 686 2958; baseline 0 -2"><span class='ocrx_word' id='word_1_311' title='bbox 236 2901 494 2957; x_wconf 83' lang='lat' dir='ltr'><strong>omnibus</strong></span> <span class='ocrx_word' id='word_1_312' title='bbox 518 2900 686 2958; x_wconf 91' lang='lat' dir='ltr'><strong>dedit.</strong></span> 
     </span>
    </p>
   </div>
   <div class='ocr_carea' id='block_1_45' title="bbox 308 2994 1836 3065">
    <p class='ocr_par' dir='ltr' id='par_1_45' title="bbox 308 2994 1836 3065">
     <span class='ocr_line' id='line_1_45' title="bbox 308 2994 1836 3065; baseline 0.001 -15"><span class='ocrx_word' id='word_1_313' title='bbox 308 2994 454 3050; x_wconf 88' lang='lat' dir='ltr'><strong>Olim</strong></span> <span class='ocrx_word' id='word_1_314' title='bbox 486 2995 665 3065; x_wconf 86' lang='lat' dir='ltr'><strong>itaque</strong></span> <span class='ocrx_word' id='word_1_315' title='bbox 694 2994 1056 3050; x_wconf 87' lang='lat' dir='ltr'><strong>scribentibus</strong></span> <span class='ocrx_word' id='word_1_316' title='bbox 1082 2995 1333 3063; x_wconf 86' lang='lat' dir='ltr'><strong>Eusebio,</strong></span> <span class='ocrx_word' id='word_1_317' title='bbox 1350 2994 1502 3061; x_wconf 84' lang='lat' dir='ltr'><strong>Mari,</strong></span> <span class='ocrx_word' id='word_1_318' title='bbox 1525 2995 1836 3064; x_wconf 80' lang='lat' dir='ltr'><strong>Theodoro,</strong></span> 
     </span>
    </p>
   </div>
   <div class='ocr_carea' id='block_1_46' title="bbox 237 3087 1837 3160">
    <p class='ocr_par' dir='ltr' id='par_1_46' title="bbox 237 3087 1837 3160">
     <span class='ocr_line' id='line_1_46' title="bbox 237 3087 1837 3160; baseline 0.001 -16"><span class='ocrx_word' id='word_1_319' title='bbox 237 3097 263 3126; x_wconf 78' lang='grc' dir='ltr'>ι</span> <span class='ocrx_word' id='word_1_320' title='bbox 293 3089 597 3156; x_wconf 90' lang='lat' dir='ltr'><strong>Dorotheo,</strong></span> <span class='ocrx_word' id='word_1_321' title='bbox 623 3087 861 3155; x_wconf 78' lang='lat' dir='ltr'><strong>Ursatio,</strong></span> <span class='ocrx_word' id='word_1_322' title='bbox 899 3088 1143 3155; x_wconf 81' lang='lat' dir='ltr'><strong>Valente,</strong></span> <span class='ocrx_word' id='word_1_323' title='bbox 1169 3091 1194 3128; x_wconf 76' lang='grc' dir='ltr'>δ</span> <span class='ocrx_word' id='word_1_324' title='bbox 1218 3090 1612 3160; x_wconf 82' lang='lat' dir='ltr'><strong>Mcnophanto,</strong></span> <span class='ocrx_word' id='word_1_325' title='bbox 1644 3100 1696 3145; x_wconf 92' lang='lat' dir='ltr'><strong>et</strong></span> <span class='ocrx_word' id='word_1_326' title='bbox 1721 3091 1837 3145; x_wconf 84' lang='lat' dir='ltr'><strong>Ste-</strong></span> 
     </span>
    </p>
   </div>
   <div class='ocr_carea' id='block_1_47' title="bbox 239 3181 1841 3255">
    <p class='ocr_par' dir='ltr' id='par_1_47' title="bbox 239 3181 1841 3255">
     <span class='ocr_line' id='line_1_47' title="bbox 239 3181 1841 3255; baseline 0.002 -19"><span class='ocrx_word' id='word_1_327' title='bbox 239 3183 423 3255; x_wconf 80' lang='lat' dir='ltr'><strong>phano</strong></span> <span class='ocrx_word' id='word_1_328' title='bbox 450 3182 592 3238; x_wconf 78' lang='lat' dir='ltr'><strong>Julio</strong></span> <span class='ocrx_word' id='word_1_329' title='bbox 615 3181 990 3238; x_wconf 86' lang='lat' dir='ltr'><strong>consacerdoti</strong></span> <span class='ocrx_word' id='word_1_330' title='bbox 1022 3183 1280 3238; x_wconf 61' lang='lat' dir='ltr'><strong>Romanae</strong></span> <span class='ocrx_word' id='word_1_331' title='bbox 1310 3183 1565 3239; x_wconf 68' lang='lat' dir='ltr'><strong>Ecclesia:</strong></span> <span class='ocrx_word' id='word_1_332' title='bbox 1587 3185 1841 3254; x_wconf 87' lang='lat' dir='ltr'><strong>episcopo</strong></span> 
     </span>
    </p>
   </div>
   <div class='ocr_carea' id='block_1_48' title="bbox 242 3276 1840 3348">
    <p class='ocr_par' dir='ltr' id='par_1_48' title="bbox 242 3276 1840 3348">
     <span class='ocr_line' id='line_1_48' title="bbox 242 3276 1840 3348; baseline 0.001 -16"><span class='ocrx_word' id='word_1_333' title='bbox 242 3276 511 3333; x_wconf 82' lang='lat' dir='ltr'><strong>adversus</strong></span> <span class='ocrx_word' id='word_1_334' title='bbox 558 3277 846 3348; x_wconf 65' lang='lat' dir='ltr'><strong>praedictos</strong></span> <span class='ocrx_word' id='word_1_335' title='bbox 885 3278 1289 3334; x_wconf 89' lang='lat' dir='ltr'><strong>comministros</strong></span> <span class='ocrx_word' id='word_1_336' title='bbox 1333 3289 1546 3334; x_wconf 89' lang='lat' dir='ltr'><strong>nostros</strong></span> <span class='ocrx_word' id='word_1_337' title='bbox 1571 3322 1585 3346; x_wconf 95' lang='lat'><strong>,</strong></span> <span class='ocrx_word' id='word_1_338' title='bbox 1630 3279 1729 3334; x_wconf 90' lang='lat' dir='ltr'><strong>hoc</strong></span> <span class='ocrx_word' id='word_1_339' title='bbox 1758 3288 1840 3334; x_wconf 89' lang='lat' dir='ltr'><strong>est</strong></span> 
     </span>
    </p>
   </div>
   <div class='ocr_carea' id='block_1_49' title="bbox 241 3369 1838 3440">
    <p class='ocr_par' dir='ltr' id='par_1_49' title="bbox 241 3369 1838 3440">
     <span class='ocr_line' id='line_1_49' title="bbox 241 3369 1838 3440; baseline 0 -14"><span class='ocrx_word' id='word_1_340' title='bbox 241 3369 602 3426; x_wconf 80' lang='lat' dir='ltr'><strong>Athanasium</strong></span> <span class='ocrx_word' id='word_1_341' title='bbox 657 3371 967 3440; x_wconf 89' lang='lat' dir='ltr'><strong>episcopum</strong></span> <span class='ocrx_word' id='word_1_342' title='bbox 1016 3371 1373 3435; x_wconf 75' lang='lat' dir='ltr'><strong>Alexandrize,</strong></span> <span class='ocrx_word' id='word_1_343' title='bbox 1426 3379 1481 3426; x_wconf 91' lang='lat' dir='ltr'><strong>et</strong></span> <span class='ocrx_word' id='word_1_344' title='bbox 1528 3371 1838 3426; x_wconf 83' lang='lat' dir='ltr'><strong>Marcellum</strong></span> 
     </span>
    </p>
   </div>
   <div class='ocr_carea' id='block_1_50' title="bbox 242 3461 1840 3535">
    <p class='ocr_par' dir='ltr' id='par_1_50' title="bbox 242 3461 1840 3535">
     <span class='ocr_line' id='line_1_50' title="bbox 242 3461 1840 3535; baseline -0.001 -17"><span class='ocrx_word' id='word_1_345' title='bbox 242 3465 478 3535; x_wconf 71' lang='lat' dir='ltr'><strong>Ancyrae</strong></span> <span class='ocrx_word' id='word_1_346' title='bbox 498 3461 745 3532; x_wconf 60' lang='lat' dir='ltr'><strong>Galatia,</strong></span> <span class='ocrx_word' id='word_1_347' title='bbox 773 3478 873 3517; x_wconf 91' lang='lat' dir='ltr'><strong>nec</strong></span> <span class='ocrx_word' id='word_1_348' title='bbox 894 3479 1000 3517; x_wconf 89' lang='lat' dir='ltr'><strong>non</strong></span> <span class='ocrx_word' id='word_1_349' title='bbox 1026 3463 1187 3517; x_wconf 90' lang='lat' dir='ltr'><strong>etiam</strong></span> <span class='ocrx_word' id='word_1_350' title='bbox 1213 3463 1496 3532; x_wconf 83' lang='lat' dir='ltr'><strong>Asclepam</strong></span> <span class='ocrx_word' id='word_1_351' title='bbox 1525 3463 1840 3533; x_wconf 89' lang='lat' dir='ltr'><strong>episcopum</strong></span> 
     </span>
    </p>
   </div>
   <div class='ocr_carea' id='block_1_51' title="bbox 243 3553 1842 3626">
    <p class='ocr_par' dir='ltr' id='par_1_51' title="bbox 243 3553 1842 3626">
     <span class='ocr_line' id='line_1_51' title="bbox 243 3553 1842 3626; baseline 0.001 -17"><span class='ocrx_word' id='word_1_352' title='bbox 243 3553 428 3622; x_wconf 63' lang='lat' dir='ltr'><strong>Gazae,</strong></span> <span class='ocrx_word' id='word_1_353' title='bbox 459 3554 793 3624; x_wconf 88' lang='lat' dir='ltr'><strong>scripserunt</strong></span> <span class='ocrx_word' id='word_1_354' title='bbox 824 3564 877 3610; x_wconf 90' lang='lat' dir='ltr'><strong>et</strong></span> <span class='ocrx_word' id='word_1_355' title='bbox 898 3555 964 3610; x_wconf 92' lang='lat' dir='ltr'><strong>de</strong></span> <span class='ocrx_word' id='word_1_356' title='bbox 996 3555 1118 3609; x_wconf 86' lang='lat' dir='ltr'><strong>aliis</strong></span> <span class='ocrx_word' id='word_1_357' title='bbox 1139 3556 1380 3626; x_wconf 89' lang='lat' dir='ltr'><strong>partibus</strong></span> <span class='ocrx_word' id='word_1_358' title='bbox 1409 3556 1842 3626; x_wconf 80' lang='lat' dir='ltr'><strong>episcopi,adlii-</strong></span> 
     </span>
    </p>
   </div>
   <div class='ocr_carea' id='block_1_52' title="bbox 246 3647 1844 3719">
    <p class='ocr_par' dir='ltr' id='par_1_52' title="bbox 246 3647 1844 3719">
     <span class='ocr_line' id='line_1_52' title="bbox 246 3647 1844 3719; baseline 0.001 -15"><span class='ocrx_word' id='word_1_359' title='bbox 246 3648 441 3704; x_wconf 86' lang='lat' dir='ltr'><strong>bentes</strong></span> <span class='ocrx_word' id='word_1_360' title='bbox 495 3647 714 3719; x_wconf 88' lang='lat' dir='ltr'><strong>quidem</strong></span> <span class='ocrx_word' id='word_1_361' title='bbox 753 3647 1122 3702; x_wconf 82' lang='lat' dir='ltr'><strong>testimonium</strong></span> <span class='ocrx_word' id='word_1_362' title='bbox 1163 3648 1458 3703; x_wconf 83' lang='lat' dir='ltr'><strong>sinceritati</strong></span> <span class='ocrx_word' id='word_1_363' title='bbox 1488 3650 1844 3706; x_wconf 87' lang='lat' dir='ltr'><strong>comministri</strong></span> 
     </span>
    </p>
   </div>
   <div class='ocr_carea' id='block_1_53' title="bbox 244 3738 1846 3810">
    <p class='ocr_par' dir='ltr' id='par_1_53' title="bbox 244 3738 1846 3810">
     <span class='ocr_line' id='line_1_53' title="bbox 244 3738 1846 3810; baseline 0.001 -16"><span class='ocrx_word' id='word_1_364' title='bbox 244 3741 420 3795; x_wconf 87' lang='lat' dir='ltr'><strong>nostri</strong></span> <span class='ocrx_word' id='word_1_365' title='bbox 450 3738 752 3794; x_wconf 83' lang='lat' dir='ltr'><strong>Athanasii.</strong></span> <span class='ocrx_word' id='word_1_366' title='bbox 785 3739 949 3794; x_wconf 83' lang='lat' dir='ltr'><strong>Facta</strong></span> <span class='ocrx_word' id='word_1_367' title='bbox 975 3747 1153 3794; x_wconf 89' lang='lat' dir='ltr'><strong>autem</strong></span> <span class='ocrx_word' id='word_1_368' title='bbox 1186 3739 1425 3808; x_wconf 86' lang='lat' dir='ltr'><strong>Eusebii,</strong></span> <span class='ocrx_word' id='word_1_369' title='bbox 1452 3749 1506 3794; x_wconf 92' lang='lat' dir='ltr'><strong>et</strong></span> <span class='ocrx_word' id='word_1_370' title='bbox 1533 3740 1648 3810; x_wconf 88' lang='lat' dir='ltr'><strong>ejus</strong></span> <span class='ocrx_word' id='word_1_371' title='bbox 1670 3742 1846 3796; x_wconf 86' lang='lat' dir='ltr'><strong>socio-</strong></span> 
     </span>
    </p>
   </div>
   <div class='ocr_carea' id='block_1_54' title="bbox 245 3829 1906 3904">
    <p class='ocr_par' dir='ltr' id='par_1_54' title="bbox 245 3829 1906 3904">
     <span class='ocr_line' id='line_1_54' title="bbox 245 3829 1906 3904; baseline -0.001 -15"><span class='ocrx_word' id='word_1_372' title='bbox 245 3844 368 3888; x_wconf 84' lang='lat' dir='ltr'><strong>rum</strong></span> <span class='ocrx_word' id='word_1_373' title='bbox 399 3831 536 3885; x_wconf 82' lang='lat' dir='ltr'><strong>nihil</strong></span> <span class='ocrx_word' id='word_1_374' title='bbox 561 3830 704 3885; x_wconf 86' lang='lat' dir='ltr'><strong>aliud</strong></span> <span class='ocrx_word' id='word_1_375' title='bbox 736 3831 838 3886; x_wconf 91' lang='lat' dir='ltr'><strong>nisi</strong></span> <span class='ocrx_word' id='word_1_376' title='bbox 869 3831 1204 3885; x_wconf 87' lang='lat' dir='ltr'><strong>mendacium</strong></span> <span class='ocrx_word' id='word_1_377' title='bbox 1231 3829 1385 3904; x_wconf 77' lang='lat' dir='ltr'><strong>[Lege</strong></span> <span class='ocrx_word' id='word_1_378' title='bbox 1416 3832 1763 3903; x_wconf 42' lang='lat' dir='ltr'><strong>mendaciis‘Jl,</strong></span> <span class='ocrx_word' id='word_1_379' title='bbox 1794 3841 1849 3888; x_wconf 90' lang='lat' dir='ltr'><strong>et</strong></span> <span class='ocrx_word' id='word_1_380' title='bbox 1896 3836 1906 3848; x_wconf 90' lang='lat'>&#39;</span> 
     </span>
    </p>
   </div>
   <div class='ocr_carea' id='block_1_55' title="bbox 245 3921 1847 3992">
    <p class='ocr_par' dir='ltr' id='par_1_55' title="bbox 245 3921 1847 3992">
     <span class='ocr_line' id='line_1_55' title="bbox 245 3921 1847 3992; baseline -0.001 -13"><span class='ocrx_word' id='word_1_381' title='bbox 245 3923 536 3979; x_wconf 83' lang='lat' dir='ltr'><strong>calumniis</strong></span> <span class='ocrx_word' id='word_1_382' title='bbox 566 3923 746 3992; x_wconf 87' lang='lat' dir='ltr'><strong>plena.</strong></span> <span class='ocrx_word' id='word_1_383' title='bbox 779 3922 847 3977; x_wconf 87' lang='lat' dir='ltr'><strong>Et</strong></span> <span class='ocrx_word' id='word_1_384' title='bbox 879 3921 1004 3977; x_wconf 91' lang='lat' dir='ltr'><strong>licet</strong></span> <span class='ocrx_word' id='word_1_385' title='bbox 1030 3937 1095 3977; x_wconf 85' lang='lat' dir='ltr'><strong>ex</strong></span> <span class='ocrx_word' id='word_1_386' title='bbox 1123 3937 1221 3991; x_wconf 91' lang='lat' dir='ltr'><strong>eo,</strong></span> <span class='ocrx_word' id='word_1_387' title='bbox 1245 3922 1388 3992; x_wconf 92' lang='lat' dir='ltr'><strong>quod</strong></span> <span class='ocrx_word' id='word_1_388' title='bbox 1423 3926 1590 3978; x_wconf 87' lang='lat' dir='ltr'><strong>vocati</strong></span> <span class='ocrx_word' id='word_1_389' title='bbox 1616 3933 1743 3980; x_wconf 90' lang='lat' dir='ltr'><strong>sunt</strong></span> <span class='ocrx_word' id='word_1_390' title='bbox 1767 3935 1789 3962; x_wconf 75' lang='grc' dir='ltr'><strong><em>ο</em></strong></span> <span class='ocrx_word' id='word_1_391' title='bbox 1817 3938 1847 3978; x_wconf 90' lang='lat' dir='ltr'><strong>a</strong></span> 
     </span>
    </p>
   </div>
   <div class='ocr_carea' id='block_1_56' title="bbox 247 4014 1852 4082">
    <p class='ocr_par' dir='ltr' id='par_1_56' title="bbox 247 4014 1852 4082">
     <span class='ocr_line' id='line_1_56' title="bbox 247 4014 1852 4082; baseline 0.001 -12"><span class='ocrx_word' id='word_1_392' title='bbox 247 4015 453 4071; x_wconf 79' lang='lat' dir='ltr'><strong>dilecto</strong></span> <span class='ocrx_word' id='word_1_393' title='bbox 474 4023 682 4082; x_wconf 89' lang='lat' dir='ltr'><strong>nostro,</strong></span> <span class='ocrx_word' id='word_1_394' title='bbox 700 4024 754 4070; x_wconf 91' lang='lat' dir='ltr'><strong>et</strong></span> <span class='ocrx_word' id='word_1_395' title='bbox 772 4015 1156 4071; x_wconf 86' lang='lat' dir='ltr'><strong>consacerdote</strong></span> <span class='ocrx_word' id='word_1_396' title='bbox 1185 4014 1350 4078; x_wconf 83' lang='lat' dir='ltr'><strong>Julio,</strong></span> <span class='ocrx_word' id='word_1_397' title='bbox 1371 4017 1640 4070; x_wconf 83' lang='lat' dir='ltr'><strong>noluerint</strong></span> <span class='ocrx_word' id='word_1_398' title='bbox 1668 4032 1852 4072; x_wconf 85' lang='lat' dir='ltr'><strong>occur-</strong></span> 
     </span>
    </p>
   </div>
   <div class='ocr_carea' id='block_1_57' title="bbox 248 4107 1852 4178">
    <p class='ocr_par' dir='ltr' id='par_1_57' title="bbox 248 4107 1852 4178">
     <span class='ocr_line' id='line_1_57' title="bbox 248 4107 1852 4178; baseline 0.001 -15"><span class='ocrx_word' id='word_1_399' title='bbox 248 4122 398 4173; x_wconf 88' lang='lat' dir='ltr'><strong>rere,</strong></span> <span class='ocrx_word' id='word_1_400' title='bbox 421 4117 476 4162; x_wconf 87' lang='lat' dir='ltr'><strong>et</strong></span> <span class='ocrx_word' id='word_1_401' title='bbox 505 4124 570 4163; x_wconf 86' lang='lat' dir='ltr'><strong>ex</strong></span> <span class='ocrx_word' id='word_1_402' title='bbox 598 4107 700 4170; x_wconf 85' lang='lat' dir='ltr'><strong>his.</strong></span> <span class='ocrx_word' id='word_1_403' title='bbox 728 4123 850 4178; x_wconf 68' lang='lat' dir='ltr'><strong>qua:</strong></span> <span class='ocrx_word' id='word_1_404' title='bbox 871 4107 1070 4178; x_wconf 87' lang='lat' dir='ltr'><strong>scripta</strong></span> <span class='ocrx_word' id='word_1_405' title='bbox 1100 4117 1223 4162; x_wconf 86' lang='lat' dir='ltr'><strong>sunt</strong></span> <span class='ocrx_word' id='word_1_406' title='bbox 1241 4109 1309 4162; x_wconf 91' lang='lat' dir='ltr'><strong>ab</strong></span> <span class='ocrx_word' id='word_1_407' title='bbox 1333 4109 1524 4165; x_wconf 90' lang='lat' dir='ltr'><strong>eodem</strong></span> <span class='ocrx_word' id='word_1_408' title='bbox 1547 4109 1710 4172; x_wconf 83' lang='lat' dir='ltr'><strong>Julio,</strong></span> <span class='ocrx_word' id='word_1_409' title='bbox 1739 4127 1852 4164; x_wconf 88' lang='lat' dir='ltr'><strong>ma-</strong></span> 
     </span>
    </p>
   </div>
   <div class='ocr_carea' id='block_1_58' title="bbox 250 4199 1847 4270">
    <p class='ocr_par' dir='ltr' id='par_1_58' title="bbox 250 4199 1847 4270">
     <span class='ocr_line' id='line_1_58' title="bbox 250 4199 1847 4270; baseline 0.002 -17"><span class='ocrx_word' id='word_1_410' title='bbox 250 4199 506 4255; x_wconf 85' lang='lat' dir='ltr'><strong>nifestata</strong></span> <span class='ocrx_word' id='word_1_411' title='bbox 528 4199 773 4270; x_wconf 68' lang='lat' dir='ltr'><strong>600m</strong></span> <span class='ocrx_word' id='word_1_412' title='bbox 794 4200 1034 4266; x_wconf 90' lang='lat' dir='ltr'><strong>ipsorum</strong></span> <span class='ocrx_word' id='word_1_413' title='bbox 1063 4199 1329 4254; x_wconf 85' lang='lat' dir='ltr'><strong>calumnia</strong></span> <span class='ocrx_word' id='word_1_414' title='bbox 1359 4201 1661 4270; x_wconf 87' lang='lat' dir='ltr'><strong>(venissent</strong></span> <span class='ocrx_word' id='word_1_415' title='bbox 1681 4202 1847 4267; x_wconf 91' lang='lat' dir='ltr'><strong>enim,</strong></span> 
     </span>
    </p>
   </div>
   <div class='ocr_carea' id='block_1_59' title="bbox 251 4287 1856 4359">
    <p class='ocr_par' dir='ltr' id='par_1_59' title="bbox 251 4287 1856 4359">
     <span class='ocr_line' id='line_1_59' title="bbox 251 4287 1856 4359; baseline 0.001 -14"><span class='ocrx_word' id='word_1_416' title='bbox 251 4290 298 4345; x_wconf 80' lang='lat' dir='ltr'><strong>si</strong></span> <span class='ocrx_word' id='word_1_417' title='bbox 330 4287 684 4344; x_wconf 69' lang='lat' dir='ltr'><strong>confidis-sent</strong></span> <span class='ocrx_word' id='word_1_418' title='bbox 710 4290 962 4359; x_wconf 89' lang='lat' dir='ltr'><strong>operibus</strong></span> <span class='ocrx_word' id='word_1_419' title='bbox 993 4290 1104 4346; x_wconf 89' lang='lat' dir='ltr'><strong>suis</strong></span> <span class='ocrx_word' id='word_1_420' title='bbox 1126 4332 1141 4357; x_wconf 95' lang='lat'><strong>,</strong></span> <span class='ocrx_word' id='word_1_421' title='bbox 1167 4301 1221 4346; x_wconf 92' lang='lat' dir='ltr'><strong>et</strong></span> <span class='ocrx_word' id='word_1_422' title='bbox 1269 4291 1422 4347; x_wconf 89' lang='lat' dir='ltr'><strong>factis</strong></span> <span class='ocrx_word' id='word_1_423' title='bbox 1459 4291 1716 4346; x_wconf 87' lang='lat' dir='ltr'><strong>adversus</strong></span> <span class='ocrx_word' id='word_1_424' title='bbox 1749 4293 1856 4347; x_wconf 83' lang='lat' dir='ltr'><strong>fra-</strong></span> 
     </span>
    </p>
   </div>
   <div class='ocr_carea' id='block_1_60' title="bbox 255 4383 1858 4458">
    <p class='ocr_par' dir='ltr' id='par_1_60' title="bbox 255 4383 1858 4458">
     <span class='ocr_line' id='line_1_60' title="bbox 255 4383 1858 4458; baseline 0.003 -20"><span class='ocrx_word' id='word_1_425' title='bbox 255 4393 372 4439; x_wconf 86' lang='lat' dir='ltr'><strong>tres</strong></span> <span class='ocrx_word' id='word_1_426' title='bbox 401 4391 654 4447; x_wconf 89' lang='lat' dir='ltr'><strong>nostros,</strong></span> <span class='ocrx_word' id='word_1_427' title='bbox 701 4392 757 4438; x_wconf 90' lang='lat' dir='ltr'><strong>et</strong></span> <span class='ocrx_word' id='word_1_428' title='bbox 801 4383 1258 4452; x_wconf 86' lang='lat' dir='ltr'><strong>comministros);</strong></span> <span class='ocrx_word' id='word_1_429' title='bbox 1293 4395 1470 4441; x_wconf 89' lang='lat' dir='ltr'><strong>tamen</strong></span> <span class='ocrx_word' id='word_1_430' title='bbox 1500 4403 1565 4442; x_wconf 85' lang='lat' dir='ltr'><strong>ex</strong></span> <span class='ocrx_word' id='word_1_431' title='bbox 1595 4386 1708 4452; x_wconf 88' lang='lat' dir='ltr'><strong>his,</strong></span> <span class='ocrx_word' id='word_1_432' title='bbox 1737 4403 1858 4458; x_wconf 70' lang='lat' dir='ltr'><strong>qute</strong></span> 
     </span>
    </p>
   </div>
   <div class='ocr_carea' id='block_1_61' title="bbox 254 4473 1857 4549">
    <p class='ocr_par' dir='ltr' id='par_1_61' title="bbox 254 4473 1857 4549">
     <span class='ocr_line' id='line_1_61' title="bbox 254 4473 1857 4549; baseline 0.004 -19"><span class='ocrx_word' id='word_1_433' title='bbox 254 4474 507 4530; x_wconf 81' lang='lat' dir='ltr'><strong>fecerunt</strong></span> <span class='ocrx_word' id='word_1_434' title='bbox 525 4475 577 4528; x_wconf 92' lang='lat' dir='ltr'><strong>in</strong></span> <span class='ocrx_word' id='word_1_435' title='bbox 593 4473 692 4529; x_wconf 89' lang='lat' dir='ltr'><strong>hac</strong></span> <span class='ocrx_word' id='word_1_436' title='bbox 708 4485 890 4530; x_wconf 90' lang='lat' dir='ltr'><strong>sancta</strong></span> <span class='ocrx_word' id='word_1_437' title='bbox 915 4485 969 4530; x_wconf 89' lang='lat' dir='ltr'><strong>et</strong></span> <span class='ocrx_word' id='word_1_438' title='bbox 992 4491 1180 4545; x_wconf 87' lang='lat' dir='ltr'><strong>magna</strong></span> <span class='ocrx_word' id='word_1_439' title='bbox 1199 4477 1857 4549; x_wconf 81' lang='lat' dir='ltr'><strong>synodo,manifestiorent</strong></span> 
     </span>
    </p>
   </div>
   <div class='ocr_carea' id='block_1_62' title="bbox 257 4563 1855 4628">
    <p class='ocr_par' dir='ltr' id='par_1_62' title="bbox 257 4563 1855 4628">
     <span class='ocr_line' id='line_1_62' title="bbox 257 4563 1855 4628; baseline 0.004 -9"><span class='ocrx_word' id='word_1_440' title='bbox 257 4579 413 4619; x_wconf 86' lang='lat' dir='ltr'><strong>suam</strong></span> <span class='ocrx_word' id='word_1_441' title='bbox 433 4563 720 4620; x_wconf 82' lang='lat' dir='ltr'><strong>factionem</strong></span> <span class='ocrx_word' id='word_1_442' title='bbox 734 4565 1254 4621; x_wconf 87' lang='lat' dir='ltr'><strong>demonstraverunt.</strong></span> <span class='ocrx_word' id='word_1_443' title='bbox 1270 4569 1538 4624; x_wconf 86' lang='lat' dir='ltr'><strong>Occurren</strong></span> <span class='ocrx_word' id='word_1_444' title='bbox 1548 4579 1627 4626; x_wconf 87' lang='lat' dir='ltr'><strong>tes</strong></span> <span class='ocrx_word' id='word_1_445' title='bbox 1654 4571 1855 4628; x_wconf 91' lang='lat' dir='ltr'><strong>etenim</strong></span> 
     </span>
    </p>
   </div>
   <div class='ocr_carea' id='block_1_63' title="bbox 1937 1963 3529 2054">
    <p class='ocr_par' dir='ltr' id='par_1_63' title="bbox 1937 1963 3529 2054">
     <span class='ocr_line' id='line_1_63' title="bbox 1937 1963 3529 2054; baseline 0.013 -38"><span class='ocrx_word' id='word_1_446' title='bbox 1937 1979 2043 2017; x_wconf 80' lang='lat' dir='ltr'><strong>non</strong></span> <span class='ocrx_word' id='word_1_447' title='bbox 2070 1963 2242 2018; x_wconf 88' lang='lat' dir='ltr'><strong>solum</strong></span> <span class='ocrx_word' id='word_1_448' title='bbox 2269 1974 2486 2034; x_wconf 88' lang='lat' dir='ltr'><strong>propter</strong></span> <span class='ocrx_word' id='word_1_449' title='bbox 2505 1967 2827 2024; x_wconf 88' lang='lat' dir='ltr'><strong>calumniam</strong></span> <span class='ocrx_word' id='word_1_450' title='bbox 2859 1986 3017 2040; x_wconf 84' lang='lat' dir='ltr'><strong>quam</strong></span> <span class='ocrx_word' id='word_1_451' title='bbox 3041 1975 3159 2054; x_wconf 71' lang='lat' dir='ltr'><strong>illis</strong></span> <span class='ocrx_word' id='word_1_452' title='bbox 3190 1978 3529 2047; x_wconf 86' lang='lat' dir='ltr'><strong>ingerebant,</strong></span> 
     </span>
    </p>
   </div>
   <div class='ocr_carea' id='block_1_64' title="bbox 1936 2057 3530 2141">
    <p class='ocr_par' dir='ltr' id='par_1_64' title="bbox 1936 2057 3530 2141">
     <span class='ocr_line' id='line_1_64' title="bbox 1936 2057 3530 2141; baseline 0.012 -30"><span class='ocrx_word' id='word_1_453' title='bbox 1936 2057 2031 2112; x_wconf 89' lang='lat' dir='ltr'><strong>sed</strong></span> <span class='ocrx_word' id='word_1_454' title='bbox 2060 2059 2221 2113; x_wconf 89' lang='lat' dir='ltr'><strong>etiam</strong></span> <span class='ocrx_word' id='word_1_455' title='bbox 2255 2069 2474 2130; x_wconf 89' lang='lat' dir='ltr'><strong>propter</strong></span> <span class='ocrx_word' id='word_1_456' title='bbox 2527 2077 2620 2116; x_wconf 86' lang='lat' dir='ltr'><strong>eos</strong></span> <span class='ocrx_word' id='word_1_457' title='bbox 2651 2065 2741 2132; x_wconf 91' lang='lat' dir='ltr'><strong>qui</strong></span> <span class='ocrx_word' id='word_1_458' title='bbox 2772 2064 3001 2122; x_wconf 84' lang='lat' dir='ltr'><strong>diversis</strong></span> <span class='ocrx_word' id='word_1_459' title='bbox 3030 2070 3350 2126; x_wconf 89' lang='lat' dir='ltr'><strong>criminibus</strong></span> <span class='ocrx_word' id='word_1_460' title='bbox 3383 2074 3530 2141; x_wconf 88' lang='lat' dir='ltr'><strong>ipsos</strong></span> 
     </span>
    </p>
   </div>
   <div class='ocr_carea' id='block_1_65' title="bbox 1935 2151 3531 2222">
    <p class='ocr_par' dir='ltr' id='par_1_65' title="bbox 1935 2151 3531 2222">
     <span class='ocr_line' id='line_1_65' title="bbox 1935 2151 3531 2222; baseline 0.011 -19"><span class='ocrx_word' id='word_1_461' title='bbox 1935 2151 2291 2220; x_wconf 86' lang='lat' dir='ltr'><strong>appetebant,</strong></span> <span class='ocrx_word' id='word_1_462' title='bbox 2324 2167 2458 2222; x_wconf 89' lang='lat' dir='ltr'><strong>quos</strong></span> <span class='ocrx_word' id='word_1_463' title='bbox 2490 2153 2743 2209; x_wconf 87' lang='lat' dir='ltr'><strong>videbant</strong></span> <span class='ocrx_word' id='word_1_464' title='bbox 2763 2159 3086 2217; x_wconf 88' lang='lat' dir='ltr'><strong>occurrisse.</strong></span> <span class='ocrx_word' id='word_1_465' title='bbox 3123 2161 3345 2218; x_wconf 84' lang='lat' dir='ltr'><strong>Vincula</strong></span> <span class='ocrx_word' id='word_1_466' title='bbox 3386 2167 3531 2221; x_wconf 90' lang='lat' dir='ltr'><strong>enim</strong></span> 
     </span>
    </p>
   </div>
   <div class='ocr_carea' id='block_1_66' title="bbox 1935 2245 3533 2314">
    <p class='ocr_par' dir='ltr' id='par_1_66' title="bbox 1935 2245 3533 2314">
     <span class='ocr_line' id='line_1_66' title="bbox 1935 2245 3533 2314; baseline 0.009 -16"><span class='ocrx_word' id='word_1_467' title='bbox 1935 2253 1990 2299; x_wconf 90' lang='lat' dir='ltr'><strong>et</strong></span> <span class='ocrx_word' id='word_1_468' title='bbox 2018 2251 2225 2299; x_wconf 73' lang='lat' dir='ltr'><strong>catenae</strong></span> <span class='ocrx_word' id='word_1_469' title='bbox 2255 2245 2670 2314; x_wconf 79' lang='lat' dir='ltr'><strong>proferebantur</strong></span> <span class='ocrx_word' id='word_1_470' title='bbox 2699 2249 2766 2304; x_wconf 90' lang='lat' dir='ltr'><strong>ab</strong></span> <span class='ocrx_word' id='word_1_471' title='bbox 2792 2248 3094 2307; x_wconf 88' lang='lat' dir='ltr'><strong>hominibus</strong></span> <span class='ocrx_word' id='word_1_472' title='bbox 3126 2253 3191 2309; x_wconf 90' lang='lat' dir='ltr'><strong>de</strong></span> <span class='ocrx_word' id='word_1_473' title='bbox 3221 2258 3410 2311; x_wconf 86' lang='lat' dir='ltr'><strong>exsilio</strong></span> <span class='ocrx_word' id='word_1_474' title='bbox 3441 2275 3533 2313; x_wconf 87' lang='lat' dir='ltr'><strong>re-</strong></span> 
     </span>
    </p>
   </div>
   <div class='ocr_carea' id='block_1_67' title="bbox 1937 2335 3532 2408">
    <p class='ocr_par' dir='ltr' id='par_1_67' title="bbox 1937 2335 3532 2408">
     <span class='ocr_line' id='line_1_67' title="bbox 1937 2335 3532 2408; baseline 0.011 -20"><span class='ocrx_word' id='word_1_475' title='bbox 1937 2337 2132 2402; x_wconf 82' lang='lat' dir='ltr'><strong>versis,</strong></span> <span class='ocrx_word' id='word_1_476' title='bbox 2159 2337 2302 2390; x_wconf 87' lang='lat' dir='ltr'><strong>etab</strong></span> <span class='ocrx_word' id='word_1_477' title='bbox 2332 2335 2418 2392; x_wconf 88' lang='lat' dir='ltr'><strong>bis</strong></span> <span class='ocrx_word' id='word_1_478' title='bbox 2441 2340 2532 2408; x_wconf 92' lang='lat' dir='ltr'><strong>qui</strong></span> <span class='ocrx_word' id='word_1_479' title='bbox 2559 2339 2733 2395; x_wconf 88' lang='lat' dir='ltr'><strong>adhuc</strong></span> <span class='ocrx_word' id='word_1_480' title='bbox 2769 2342 3091 2400; x_wconf 87' lang='lat' dir='ltr'><strong>tenebantur</strong></span> <span class='ocrx_word' id='word_1_481' title='bbox 3113 2347 3166 2400; x_wconf 91' lang='lat' dir='ltr'><strong>in</strong></span> <span class='ocrx_word' id='word_1_482' title='bbox 3191 2349 3404 2404; x_wconf 77' lang='lat' dir='ltr'><strong>exsilio.</strong></span> <span class='ocrx_word' id='word_1_483' title='bbox 3434 2350 3532 2406; x_wconf 58' lang='grc' dir='ltr'><strong>νο.</strong></span> 
     </span>
    </p>
   </div>
   <div class='ocr_carea' id='block_1_68' title="bbox 1939 2431 3536 2505">
    <p class='ocr_par' dir='ltr' id='par_1_68' title="bbox 1939 2431 3536 2505">
     <span class='ocr_line' id='line_1_68' title="bbox 1939 2431 3536 2505; baseline 0.01 -22"><span class='ocrx_word' id='word_1_484' title='bbox 1939 2439 2135 2484; x_wconf 89' lang='lat' dir='ltr'><strong>nerunt</strong></span> <span class='ocrx_word' id='word_1_485' title='bbox 2164 2431 2306 2484; x_wconf 91' lang='lat' dir='ltr'><strong>enim</strong></span> <span class='ocrx_word' id='word_1_486' title='bbox 2339 2431 2575 2487; x_wconf 89' lang='lat' dir='ltr'><strong>ministri</strong></span> <span class='ocrx_word' id='word_1_487' title='bbox 2608 2443 2860 2502; x_wconf 88' lang='lat' dir='ltr'><strong>parentes</strong></span> <span class='ocrx_word' id='word_1_488' title='bbox 2881 2478 2898 2505; x_wconf 93' lang='lat'><strong>,</strong></span> <span class='ocrx_word' id='word_1_489' title='bbox 2929 2445 2984 2492; x_wconf 89' lang='lat' dir='ltr'><strong>et</strong></span> <span class='ocrx_word' id='word_1_490' title='bbox 3008 2439 3166 2495; x_wconf 89' lang='lat' dir='ltr'><strong>amici</strong></span> <span class='ocrx_word' id='word_1_491' title='bbox 3197 2451 3536 2500; x_wconf 87' lang='lat' dir='ltr'><strong>mortuorum</strong></span> 
     </span>
    </p>
   </div>
   <div class='ocr_carea' id='block_1_69' title="bbox 1938 2525 3534 2607">
    <p class='ocr_par' dir='ltr' id='par_1_69' title="bbox 1938 2525 3534 2607">
     <span class='ocr_line' id='line_1_69' title="bbox 1938 2525 3534 2607; baseline 0.009 -30"><span class='ocrx_word' id='word_1_492' title='bbox 1938 2533 2157 2594; x_wconf 83' lang='lat' dir='ltr'><strong>pr0pter</strong></span> <span class='ocrx_word' id='word_1_493' title='bbox 2189 2525 2333 2593; x_wconf 91' lang='lat' dir='ltr'><strong>ipsos</strong></span> <span class='ocrx_word' id='word_1_494' title='bbox 2357 2567 2370 2590; x_wconf 93' lang='lat'><strong>,</strong></span> <span class='ocrx_word' id='word_1_495' title='bbox 2401 2535 2475 2591; x_wconf 88' lang='lat' dir='ltr'><strong>et,</strong></span> <span class='ocrx_word' id='word_1_496' title='bbox 2507 2526 2647 2594; x_wconf 89' lang='lat' dir='ltr'><strong>quod</strong></span> <span class='ocrx_word' id='word_1_497' title='bbox 2681 2528 2852 2597; x_wconf 84' lang='lat' dir='ltr'><strong>majus</strong></span> <span class='ocrx_word' id='word_1_498' title='bbox 2879 2538 2984 2596; x_wconf 91' lang='lat' dir='ltr'><strong>est,</strong></span> <span class='ocrx_word' id='word_1_499' title='bbox 3017 2531 3242 2588; x_wconf 83' lang='lat' dir='ltr'><strong>aderant</strong></span> <span class='ocrx_word' id='word_1_500' title='bbox 3271 2536 3534 2607; x_wconf 68' lang='lat' dir='ltr'><strong>epi~copi,</strong></span> 
     </span>
    </p>
   </div>
   <div class='ocr_carea' id='block_1_70' title="bbox 1940 2616 3539 2697">
    <p class='ocr_par' dir='ltr' id='par_1_70' title="bbox 1940 2616 3539 2697">
     <span class='ocr_line' id='line_1_70' title="bbox 1940 2616 3539 2697; baseline 0.009 -28"><span class='ocrx_word' id='word_1_501' title='bbox 1940 2625 1995 2670; x_wconf 86' lang='lat' dir='ltr'><strong>et</strong></span> <span class='ocrx_word' id='word_1_502' title='bbox 2016 2616 2230 2684; x_wconf 91' lang='lat' dir='ltr'><strong>quidem</strong></span> <span class='ocrx_word' id='word_1_503' title='bbox 2265 2617 2488 2683; x_wconf 90' lang='lat' dir='ltr'><strong>ferrum,</strong></span> <span class='ocrx_word' id='word_1_504' title='bbox 2510 2627 2563 2674; x_wconf 90' lang='lat' dir='ltr'><strong>et</strong></span> <span class='ocrx_word' id='word_1_505' title='bbox 2592 2628 2811 2676; x_wconf 85' lang='lat' dir='ltr'><strong>catenas</strong></span> <span class='ocrx_word' id='word_1_506' title='bbox 2833 2621 3152 2690; x_wconf 73' lang='lat' dir='ltr'><strong>offerebant,</strong></span> <span class='ocrx_word' id='word_1_507' title='bbox 3175 2633 3306 2694; x_wconf 87' lang='lat' dir='ltr'><strong>quas</strong></span> <span class='ocrx_word' id='word_1_508' title='bbox 3325 2640 3539 2697; x_wconf 80' lang='lat' dir='ltr'><strong>propter</strong></span> 
     </span>
    </p>
   </div>
   <div class='ocr_carea' id='block_1_71' title="bbox 1941 2707 3538 2783">
    <p class='ocr_par' dir='ltr' id='par_1_71' title="bbox 1941 2707 3538 2783">
     <span class='ocr_line' id='line_1_71' title="bbox 1941 2707 3538 2783; baseline 0.009 -21"><span class='ocrx_word' id='word_1_509' title='bbox 1941 2707 2088 2778; x_wconf 83' lang='lat' dir='ltr'><strong>ipsos</strong></span> <span class='ocrx_word' id='word_1_510' title='bbox 2138 2720 2486 2779; x_wconf 86' lang='lat' dir='ltr'><strong>portaverunt</strong></span> <span class='ocrx_word' id='word_1_511' title='bbox 2530 2729 2545 2764; x_wconf 85' lang='lat'><strong>:</strong></span> <span class='ocrx_word' id='word_1_512' title='bbox 2599 2712 2690 2766; x_wconf 88' lang='lat' dir='ltr'><strong>alii</strong></span> <span class='ocrx_word' id='word_1_513' title='bbox 2732 2728 2797 2768; x_wconf 85' lang='lat' dir='ltr'><strong>ex</strong></span> <span class='ocrx_word' id='word_1_514' title='bbox 2846 2713 3085 2783; x_wconf 90' lang='lat' dir='ltr'><strong>ipsorum</strong></span> <span class='ocrx_word' id='word_1_515' title='bbox 3134 2717 3538 2776; x_wconf 79' lang='lat' dir='ltr'><strong>insimulatione</strong></span> 
     </span>
    </p>
   </div>
   <div class='ocr_carea' id='block_1_72' title="bbox 1942 2793 3567 2879">
    <p class='ocr_par' dir='ltr' id='par_1_72' title="bbox 1942 2793 3567 2879">
     <span class='ocr_line' id='line_1_72' title="bbox 1942 2793 3567 2879; baseline 0.011 -25"><span class='ocrx_word' id='word_1_516' title='bbox 1942 2810 2169 2855; x_wconf 86' lang='lat' dir='ltr'><strong>mortem</strong></span> <span class='ocrx_word' id='word_1_517' title='bbox 2200 2804 2486 2857; x_wconf 88' lang='lat' dir='ltr'><strong>contestati</strong></span> <span class='ocrx_word' id='word_1_518' title='bbox 2517 2813 2660 2858; x_wconf 83' lang='lat' dir='ltr'><strong>sunt.</strong></span> <span class='ocrx_word' id='word_1_519' title='bbox 2695 2804 2754 2858; x_wconf 83' lang='lat' dir='ltr'><strong>In</strong></span> <span class='ocrx_word' id='word_1_520' title='bbox 2782 2815 2987 2863; x_wconf 89' lang='lat' dir='ltr'><strong>tantam</strong></span> <span class='ocrx_word' id='word_1_521' title='bbox 3018 2809 3159 2863; x_wconf 88' lang='lat' dir='ltr'><strong>enim</strong></span> <span class='ocrx_word' id='word_1_522' title='bbox 3186 2793 3567 2879; x_wconf 46' lang='lat' dir='ltr'><strong>perm-nerant.</strong></span> 
     </span>
    </p>
   </div>
   <div class='ocr_carea' id='block_1_73' title="bbox 1943 2892 3537 2970">
    <p class='ocr_par' dir='ltr' id='par_1_73' title="bbox 1943 2892 3537 2970">
     <span class='ocr_line' id='line_1_73' title="bbox 1943 2892 3537 2970; baseline 0.006 -24"><span class='ocrx_word' id='word_1_523' title='bbox 1943 2892 2332 2947; x_wconf 86' lang='lat' dir='ltr'><strong>immanitatem</strong></span> <span class='ocrx_word' id='word_1_524' title='bbox 2356 2934 2370 2960; x_wconf 91' lang='lat'><strong>,</strong></span> <span class='ocrx_word' id='word_1_525' title='bbox 2402 2904 2459 2947; x_wconf 87' lang='lat' dir='ltr'><strong>ut</strong></span> <span class='ocrx_word' id='word_1_526' title='bbox 2487 2896 2649 2950; x_wconf 89' lang='lat' dir='ltr'><strong>etiam</strong></span> <span class='ocrx_word' id='word_1_527' title='bbox 2691 2897 2955 2952; x_wconf 85' lang='lat' dir='ltr'><strong>auderent</strong></span> <span class='ocrx_word' id='word_1_528' title='bbox 2983 2901 3269 2970; x_wconf 74' lang='lat' dir='ltr'><strong>episcopos</strong></span> <span class='ocrx_word' id='word_1_529' title='bbox 3297 2904 3433 2958; x_wconf 86' lang='lat' dir='ltr'><strong>velle</strong></span> <span class='ocrx_word' id='word_1_530' title='bbox 3462 2907 3537 2960; x_wconf 90' lang='lat' dir='ltr'><strong>in.</strong></span> 
     </span>
    </p>
   </div>
   <div class='ocr_carea' id='block_1_74' title="bbox 1946 2987 3542 3064">
    <p class='ocr_par' dir='ltr' id='par_1_74' title="bbox 1946 2987 3542 3064">
     <span class='ocr_line' id='line_1_74' title="bbox 1946 2987 3542 3064; baseline 0.008 -25"><span class='ocrx_word' id='word_1_531' title='bbox 1946 2987 2222 3050; x_wconf 84' lang='lat' dir='ltr'><strong>terlicere;</strong></span> <span class='ocrx_word' id='word_1_532' title='bbox 2251 2995 2304 3040; x_wconf 87' lang='lat' dir='ltr'><strong>ct</strong></span> <span class='ocrx_word' id='word_1_533' title='bbox 2331 2987 2929 3060; x_wconf 78' lang='lat' dir='ltr'><strong>ihterfccissent,601</strong></span> <span class='ocrx_word' id='word_1_534' title='bbox 2961 2992 3060 3045; x_wconf 89' lang='lat' dir='ltr'><strong>nisi</strong></span> <span class='ocrx_word' id='word_1_535' title='bbox 3088 2992 3399 3064; x_wconf 75' lang='lat' dir='ltr'><strong>effugissent</strong></span> <span class='ocrx_word' id='word_1_536' title='bbox 3427 3013 3542 3052; x_wconf 79' lang='lat' dir='ltr'><strong>ina-</strong></span> 
     </span>
    </p>
   </div>
   <div class='ocr_carea' id='block_1_75' title="bbox 1947 3079 3542 3152">
    <p class='ocr_par' dir='ltr' id='par_1_75' title="bbox 1947 3079 3542 3152">
     <span class='ocr_line' id='line_1_75' title="bbox 1947 3079 3542 3152; baseline 0.007 -18"><span class='ocrx_word' id='word_1_537' title='bbox 1947 3096 2047 3135; x_wconf 87' lang='lat' dir='ltr'><strong>nus</strong></span> <span class='ocrx_word' id='word_1_538' title='bbox 2077 3079 2323 3136; x_wconf 67' lang='lat' dir='ltr'><strong>eorum.t</strong></span> <span class='ocrx_word' id='word_1_539' title='bbox 2354 3081 2796 3152; x_wconf 85' lang='lat' dir='ltr'><strong>Surrexititaque</strong></span> <span class='ocrx_word' id='word_1_540' title='bbox 2815 3085 3388 3144; x_wconf 82' lang='lat' dir='ltr'><strong>comministernoster</strong></span> <span class='ocrx_word' id='word_1_541' title='bbox 3416 3093 3542 3145; x_wconf 87' lang='lat' dir='ltr'><strong>bea-</strong></span> 
     </span>
    </p>
   </div>
   <div class='ocr_carea' id='block_1_76' title="bbox 1950 3174 3544 3249">
    <p class='ocr_par' dir='ltr' id='par_1_76' title="bbox 1950 3174 3544 3249">
     <span class='ocr_line' id='line_1_76' title="bbox 1950 3174 3544 3249; baseline 0.007 -20"><span class='ocrx_word' id='word_1_542' title='bbox 1950 3186 2033 3229; x_wconf 87' lang='lat' dir='ltr'><strong>tus</strong></span> <span class='ocrx_word' id='word_1_543' title='bbox 2054 3174 2362 3230; x_wconf 85' lang='lat' dir='ltr'><strong>Theodulus</strong></span> <span class='ocrx_word' id='word_1_544' title='bbox 2403 3175 2608 3244; x_wconf 86' lang='lat' dir='ltr'><strong>fugiens</strong></span> <span class='ocrx_word' id='word_1_545' title='bbox 2639 3183 2824 3231; x_wconf 83' lang='lat' dir='ltr'><strong>eorum</strong></span> <span class='ocrx_word' id='word_1_546' title='bbox 2864 3177 3292 3235; x_wconf 87' lang='lat' dir='ltr'><strong>insimulationes</strong></span> <span class='ocrx_word' id='word_1_547' title='bbox 3317 3198 3331 3247; x_wconf 89' lang='lat'><strong>;</strong></span> <span class='ocrx_word' id='word_1_548' title='bbox 3361 3182 3544 3249; x_wconf 85' lang='lat' dir='ltr'><strong>jussus</strong></span> 
     </span>
    </p>
   </div>
   <div class='ocr_carea' id='block_1_77' title="bbox 1869 3250 3546 3336">
    <p class='ocr_par' dir='ltr' id='par_1_77' title="bbox 1869 3250 3546 3336">
     <span class='ocr_line' id='line_1_77' title="bbox 1869 3250 3546 3336; baseline 0.002 -12"><span class='ocrx_word' id='word_1_549' title='bbox 1869 3250 1918 3316; x_wconf 63' lang='grc' dir='ltr'><strong>(ἶ</strong></span> <span class='ocrx_word' id='word_1_550' title='bbox 1948 3269 2088 3324; x_wconf 86' lang='lat' dir='ltr'><strong>enim</strong></span> <span class='ocrx_word' id='word_1_551' title='bbox 2124 3269 2297 3324; x_wconf 87' lang='lat' dir='ltr'><strong>fuerat</strong></span> <span class='ocrx_word' id='word_1_552' title='bbox 2327 3283 2393 3323; x_wconf 88' lang='lat' dir='ltr'><strong>ex</strong></span> <span class='ocrx_word' id='word_1_553' title='bbox 2419 3282 2604 3323; x_wconf 90' lang='lat' dir='ltr'><strong>eorum</strong></span> <span class='ocrx_word' id='word_1_554' title='bbox 2640 3277 2664 3315; x_wconf 79' lang='lat'><strong>8</strong></span> <span class='ocrx_word' id='word_1_555' title='bbox 2696 3269 3038 3325; x_wconf 86' lang='lat' dir='ltr'><strong>simulatione</strong></span> <span class='ocrx_word' id='word_1_556' title='bbox 3069 3271 3311 3327; x_wconf 63' lang='lat' dir='ltr'><strong>interil&#39;e.</strong></span> <span class='ocrx_word' id='word_1_557' title='bbox 3351 3275 3414 3328; x_wconf 87' lang='lat' dir='ltr'><strong>Et</strong></span> <span class='ocrx_word' id='word_1_558' title='bbox 3456 3276 3546 3336; x_wconf 78' lang='lat' dir='ltr'><strong>alii</strong></span> 
     </span>
    </p>
   </div>
   <div class='ocr_carea' id='block_1_78' title="bbox 1945 3359 3544 3436">
    <p class='ocr_par' dir='ltr' id='par_1_78' title="bbox 1945 3359 3544 3436">
     <span class='ocr_line' id='line_1_78' title="bbox 1945 3359 3544 3436; baseline 0.004 -22"><span class='ocrx_word' id='word_1_559' title='bbox 1945 3361 2242 3432; x_wconf 87' lang='lat' dir='ltr'><strong>gladiorum</strong></span> <span class='ocrx_word' id='word_1_560' title='bbox 2275 3361 2498 3414; x_wconf 87' lang='lat' dir='ltr'><strong>vulnera</strong></span> <span class='ocrx_word' id='word_1_561' title='bbox 2535 3359 2966 3416; x_wconf 75' lang='lat' dir='ltr'><strong>demonStrantes</strong></span> <span class='ocrx_word' id='word_1_562' title='bbox 2997 3362 3168 3436; x_wconf 83' lang='lat' dir='ltr'><strong>[Lege</strong></span> <span class='ocrx_word' id='word_1_563' title='bbox 3210 3365 3544 3423; x_wconf 81' lang='lat' dir='ltr'><strong>demonstra-</strong></span> 
     </span>
    </p>
   </div>
   <div class='ocr_carea' id='block_1_79' title="bbox 1947 3452 3546 3529">
    <p class='ocr_par' dir='ltr' id='par_1_79' title="bbox 1947 3452 3546 3529">
     <span class='ocr_line' id='line_1_79' title="bbox 1947 3452 3546 3529; baseline 0.006 -22"><span class='ocrx_word' id='word_1_564' title='bbox 1947 3453 2128 3526; x_wconf 82' lang='lat' dir='ltr'><strong>bant],</strong></span> <span class='ocrx_word' id='word_1_565' title='bbox 2172 3452 2638 3529; x_wconf 8' lang='lat' dir='ltr'><strong>nonnulli‘fament</strong></span> <span class='ocrx_word' id='word_1_566' title='bbox 2679 3454 2997 3510; x_wconf 86' lang='lat' dir='ltr'><strong>sustinuisse</strong></span> <span class='ocrx_word' id='word_1_567' title='bbox 3026 3456 3093 3509; x_wconf 90' lang='lat' dir='ltr'><strong>ab</strong></span> <span class='ocrx_word' id='word_1_568' title='bbox 3126 3456 3254 3526; x_wconf 72' lang='lat' dir='ltr'><strong>ipsis</strong></span> <span class='ocrx_word' id='word_1_569' title='bbox 3293 3455 3319 3493; x_wconf 64' lang='grc' dir='ltr'>ιι</span> <span class='ocrx_word' id='word_1_570' title='bbox 3355 3461 3546 3527; x_wconf 73' lang='lat' dir='ltr'><strong>implo-</strong></span> 
     </span>
    </p>
   </div>
   <div class='ocr_carea' id='block_1_80' title="bbox 1948 3546 3545 3615">
    <p class='ocr_par' dir='ltr' id='par_1_80' title="bbox 1948 3546 3545 3615">
     <span class='ocr_line' id='line_1_80' title="bbox 1948 3546 3545 3615; baseline 0.003 -11"><span class='ocrx_word' id='word_1_571' title='bbox 1948 3549 2142 3604; x_wconf 89' lang='lat' dir='ltr'><strong>rabant</strong></span> <span class='ocrx_word' id='word_1_572' title='bbox 2172 3565 2187 3602; x_wconf 93' lang='lat'><strong>:</strong></span> <span class='ocrx_word' id='word_1_573' title='bbox 2215 3555 2270 3603; x_wconf 88' lang='lat' dir='ltr'><strong>et</strong></span> <span class='ocrx_word' id='word_1_574' title='bbox 2299 3548 2413 3602; x_wconf 69' lang='lat' dir='ltr'><strong>hinc</strong></span> <span class='ocrx_word' id='word_1_575' title='bbox 2443 3546 2648 3602; x_wconf 90' lang='lat' dir='ltr'><strong>nobiles</strong></span> <span class='ocrx_word' id='word_1_576' title='bbox 2677 3547 2922 3602; x_wconf 84' lang='lat' dir='ltr'><strong>homines</strong></span> <span class='ocrx_word' id='word_1_577' title='bbox 2955 3549 3424 3615; x_wconf 85' lang='lat' dir='ltr'><strong>testabantur;sed</strong></span> <span class='ocrx_word' id='word_1_578' title='bbox 3449 3554 3545 3608; x_wconf 76' lang='lat' dir='ltr'><strong>Ec-</strong></span> 
     </span>
    </p>
   </div>
   <div class='ocr_carea' id='block_1_81' title="bbox 1949 3640 3546 3715">
    <p class='ocr_par' dir='ltr' id='par_1_81' title="bbox 1949 3640 3546 3715">
     <span class='ocr_line' id='line_1_81' title="bbox 1949 3640 3546 3715; baseline -0.001 -16"><span class='ocrx_word' id='word_1_579' title='bbox 1949 3643 2128 3715; x_wconf 72' lang='lat' dir='ltr'><strong>clesiae</strong></span> <span class='ocrx_word' id='word_1_580' title='bbox 2150 3656 2338 3696; x_wconf 90' lang='lat' dir='ltr'><strong>omnes</strong></span> <span class='ocrx_word' id='word_1_581' title='bbox 2359 3641 2581 3713; x_wconf 76' lang='lat' dir='ltr'><strong>[Supple</strong></span> <span class='ocrx_word' id='word_1_582' title='bbox 2612 3640 2796 3712; x_wconf 87' lang='lat' dir='ltr'><strong>testes]</strong></span> <span class='ocrx_word' id='word_1_583' title='bbox 2822 3650 3006 3708; x_wconf 86' lang='lat' dir='ltr'><strong>erant,</strong></span> <span class='ocrx_word' id='word_1_584' title='bbox 3031 3647 3127 3711; x_wconf 88' lang='lat' dir='ltr'><strong>pro</strong></span> <span class='ocrx_word' id='word_1_585' title='bbox 3152 3644 3347 3712; x_wconf 81' lang='lat' dir='ltr'><strong>quibth</strong></span> <span class='ocrx_word' id='word_1_586' title='bbox 3384 3643 3398 3681; x_wconf 81' lang='grc' dir='ltr'><strong>ί</strong></span> <span class='ocrx_word' id='word_1_587' title='bbox 3449 3660 3546 3701; x_wconf 90' lang='lat' dir='ltr'><strong>oc-</strong></span> 
     </span>
    </p>
   </div>
   <div class='ocr_carea' id='block_1_82' title="bbox 1950 3735 3545 3807">
    <p class='ocr_par' dir='ltr' id='par_1_82' title="bbox 1950 3735 3545 3807">
     <span class='ocr_line' id='line_1_82' title="bbox 1950 3735 3545 3807; baseline 0 -14"><span class='ocrx_word' id='word_1_588' title='bbox 1950 3748 2250 3802; x_wconf 83' lang='lat' dir='ltr'><strong>currentes,</strong></span> <span class='ocrx_word' id='word_1_589' title='bbox 2275 3747 2328 3792; x_wconf 90' lang='lat' dir='ltr'><strong>et</strong></span> <span class='ocrx_word' id='word_1_590' title='bbox 2357 3736 2652 3806; x_wconf 74' lang='lat' dir='ltr'><strong>allegantes</strong></span> <span class='ocrx_word' id='word_1_591' title='bbox 2682 3735 2946 3789; x_wconf 86' lang='lat' dir='ltr'><strong>docebant</strong></span> <span class='ocrx_word' id='word_1_592' title='bbox 2968 3735 3167 3790; x_wconf 86' lang='lat' dir='ltr'><strong>milites</strong></span> <span class='ocrx_word' id='word_1_593' title='bbox 3189 3741 3308 3790; x_wconf 80' lang='lat' dir='ltr'><strong>eum</strong></span> <span class='ocrx_word' id='word_1_594' title='bbox 3333 3737 3545 3807; x_wconf 83' lang='lat' dir='ltr'><strong>gladiis,</strong></span> 
     </span>
    </p>
   </div>
   <div class='ocr_carea' id='block_1_83' title="bbox 1953 3827 3550 3901">
    <p class='ocr_par' dir='ltr' id='par_1_83' title="bbox 1953 3827 3550 3901">
     <span class='ocr_line' id='line_1_83' title="bbox 1953 3827 3550 3901; baseline 0.003 -20"><span class='ocrx_word' id='word_1_595' title='bbox 1953 3830 2179 3901; x_wconf 87' lang='lat' dir='ltr'><strong>populos</strong></span> <span class='ocrx_word' id='word_1_596' title='bbox 2207 3844 2328 3884; x_wconf 91' lang='lat' dir='ltr'><strong>cum</strong></span> <span class='ocrx_word' id='word_1_597' title='bbox 2357 3829 2608 3894; x_wconf 87' lang='lat' dir='ltr'><strong>fustibus,</strong></span> <span class='ocrx_word' id='word_1_598' title='bbox 2627 3827 2869 3899; x_wconf 81' lang='lat' dir='ltr'><strong>judicun‘t</strong></span> <span class='ocrx_word' id='word_1_599' title='bbox 2900 3827 3092 3892; x_wconf 88' lang='lat' dir='ltr'><strong>minas,</strong></span> <span class='ocrx_word' id='word_1_600' title='bbox 3125 3828 3374 3884; x_wconf 79' lang='lat' dir='ltr'><strong>falsarum</strong></span> <span class='ocrx_word' id='word_1_601' title='bbox 3407 3830 3550 3886; x_wconf 84' lang='lat' dir='ltr'><strong>litte-</strong></span> 
     </span>
    </p>
   </div>
   <div class='ocr_carea' id='block_1_84' title="bbox 1955 3919 3551 3978">
    <p class='ocr_par' dir='ltr' id='par_1_84' title="bbox 1955 3919 3551 3978">
     <span class='ocr_line' id='line_1_84' title="bbox 1955 3919 3551 3978; baseline -0.001 0"><span class='ocrx_word' id='word_1_602' title='bbox 1955 3937 2134 3978; x_wconf 89' lang='lat' dir='ltr'><strong>rarum</strong></span> <span class='ocrx_word' id='word_1_603' title='bbox 2166 3921 2575 3977; x_wconf 87' lang='lat' dir='ltr'><strong>submissiones.</strong></span> <span class='ocrx_word' id='word_1_604' title='bbox 2629 3919 2758 3974; x_wconf 82' lang='lat' dir='ltr'><strong>Nam</strong></span> <span class='ocrx_word' id='word_1_605' title='bbox 2792 3919 2943 3975; x_wconf 70' lang='lat' dir='ltr'><strong>lectae</strong></span> <span class='ocrx_word' id='word_1_606' title='bbox 2989 3926 3116 3975; x_wconf 85' lang='lat' dir='ltr'><strong>sunt</strong></span> <span class='ocrx_word' id='word_1_607' title='bbox 3145 3921 3336 3977; x_wconf 72' lang='lat' dir='ltr'><strong>liuent:</strong></span> <span class='ocrx_word' id='word_1_608' title='bbox 3371 3921 3551 3978; x_wconf 83' lang='lat' dir='ltr'><strong>Theo-</strong></span> 
     </span>
    </p>
   </div>
   <div class='ocr_carea' id='block_1_85' title="bbox 1955 4013 3550 4086">
    <p class='ocr_par' dir='ltr' id='par_1_85' title="bbox 1955 4013 3550 4086">
     <span class='ocr_line' id='line_1_85' title="bbox 1955 4013 3550 4086; baseline 0.001 -16"><span class='ocrx_word' id='word_1_609' title='bbox 1955 4016 2108 4086; x_wconf 87' lang='lat' dir='ltr'><strong>genis</strong></span> <span class='ocrx_word' id='word_1_610' title='bbox 2152 4014 2411 4068; x_wconf 84' lang='lat' dir='ltr'><strong>adversus</strong></span> <span class='ocrx_word' id='word_1_611' title='bbox 2455 4013 2853 4068; x_wconf 90' lang='lat' dir='ltr'><strong>comministros</strong></span> <span class='ocrx_word' id='word_1_612' title='bbox 2908 4021 3124 4067; x_wconf 83' lang='lat' dir='ltr'><strong>nostros</strong></span> <span class='ocrx_word' id='word_1_613' title='bbox 3173 4013 3550 4080; x_wconf 80' lang='lat' dir='ltr'><strong>Athanasium,</strong></span> 
     </span>
    </p>
   </div>
   <div class='ocr_carea' id='block_1_86' title="bbox 1958 4105 3552 4176">
    <p class='ocr_par' dir='ltr' id='par_1_86' title="bbox 1958 4105 3552 4176">
     <span class='ocr_line' id='line_1_86' title="bbox 1958 4105 3552 4176; baseline 0.002 -14"><span class='ocrx_word' id='word_1_614' title='bbox 1958 4107 2266 4163; x_wconf 80' lang='lat' dir='ltr'><strong>Marcellum</strong></span> <span class='ocrx_word' id='word_1_615' title='bbox 2303 4116 2356 4160; x_wconf 91' lang='lat' dir='ltr'><strong>et</strong></span> <span class='ocrx_word' id='word_1_616' title='bbox 2389 4107 2672 4175; x_wconf 71' lang='lat' dir='ltr'><strong>Asclcpam</strong></span> <span class='ocrx_word' id='word_1_617' title='bbox 2693 4148 2707 4173; x_wconf 96' lang='lat'><strong>,</strong></span> <span class='ocrx_word' id='word_1_618' title='bbox 2745 4116 2802 4160; x_wconf 92' lang='lat' dir='ltr'><strong>ut</strong></span> <span class='ocrx_word' id='word_1_619' title='bbox 2849 4105 3010 4160; x_wconf 82' lang='lat' dir='ltr'><strong>etiam</strong></span> <span class='ocrx_word' id='word_1_620' title='bbox 3043 4107 3395 4176; x_wconf 66' lang='lat' dir='ltr'><strong>imperatores</strong></span> <span class='ocrx_word' id='word_1_621' title='bbox 3427 4124 3552 4165; x_wconf 86' lang='lat' dir='ltr'><strong>mo-</strong></span> 
     </span>
    </p>
   </div>
   <div class='ocr_carea' id='block_1_87' title="bbox 1960 4197 3552 4269">
    <p class='ocr_par' dir='ltr' id='par_1_87' title="bbox 1960 4197 3552 4269">
     <span class='ocr_line' id='line_1_87' title="bbox 1960 4197 3552 4269; baseline 0.003 -16"><span class='ocrx_word' id='word_1_622' title='bbox 1960 4209 2214 4256; x_wconf 86' lang='lat' dir='ltr'><strong>verentur</strong></span> <span class='ocrx_word' id='word_1_623' title='bbox 2252 4206 2438 4252; x_wconf 89' lang='lat' dir='ltr'><strong>contra</strong></span> <span class='ocrx_word' id='word_1_624' title='bbox 2469 4198 2632 4267; x_wconf 89' lang='lat' dir='ltr'><strong>ipsos.</strong></span> <span class='ocrx_word' id='word_1_625' title='bbox 2685 4198 2751 4251; x_wconf 83' lang='lat' dir='ltr'><strong>Et</strong></span> <span class='ocrx_word' id='word_1_626' title='bbox 2795 4197 2911 4252; x_wconf 68' lang='lat' dir='ltr'><strong>haec</strong></span> <span class='ocrx_word' id='word_1_627' title='bbox 2945 4199 3427 4264; x_wconf 82' lang='lat' dir='ltr'><strong>comprobaverunt</strong></span> <span class='ocrx_word' id='word_1_628' title='bbox 3457 4202 3552 4269; x_wconf 83' lang='lat' dir='ltr'><strong>qui</strong></span> 
     </span>
    </p>
   </div>
   <div class='ocr_carea' id='block_1_88' title="bbox 1963 4289 3548 4360">
    <p class='ocr_par' dir='ltr' id='par_1_88' title="bbox 1963 4289 3548 4360">
     <span class='ocr_line' id='line_1_88' title="bbox 1963 4289 3548 4360; baseline 0.001 -14"><span class='ocrx_word' id='word_1_629' title='bbox 1963 4301 2088 4346; x_wconf 88' lang='lat' dir='ltr'><strong>tunc</strong></span> <span class='ocrx_word' id='word_1_630' title='bbox 2133 4293 2346 4345; x_wconf 89' lang='lat' dir='ltr'><strong>fuerunt</strong></span> <span class='ocrx_word' id='word_1_631' title='bbox 2383 4290 2635 4345; x_wconf 87' lang='lat' dir='ltr'><strong>diacones</strong></span> <span class='ocrx_word' id='word_1_632' title='bbox 2663 4289 2984 4358; x_wconf 85' lang='lat' dir='ltr'><strong>Theogenis.</strong></span> <span class='ocrx_word' id='word_1_633' title='bbox 3016 4289 3146 4344; x_wconf 83' lang='lat' dir='ltr'><strong>Nam</strong></span> <span class='ocrx_word' id='word_1_634' title='bbox 3175 4300 3229 4344; x_wconf 93' lang='lat' dir='ltr'><strong>et</strong></span> <span class='ocrx_word' id='word_1_635' title='bbox 3283 4292 3548 4360; x_wconf 89' lang='lat' dir='ltr'><strong>virginutn</strong></span> 
     </span>
    </p>
   </div>
   <div class='ocr_carea' id='block_1_89' title="bbox 1964 4382 3555 4450">
    <p class='ocr_par' dir='ltr' id='par_1_89' title="bbox 1964 4382 3555 4450">
     <span class='ocr_line' id='line_1_89' title="bbox 1964 4382 3555 4450; baseline 0.001 -10"><span class='ocrx_word' id='word_1_636' title='bbox 1964 4385 2310 4440; x_wconf 84' lang='lat' dir='ltr'><strong>nudationem</strong></span> <span class='ocrx_word' id='word_1_637' title='bbox 2337 4424 2350 4450; x_wconf 92' lang='lat'><strong>,</strong></span> <span class='ocrx_word' id='word_1_638' title='bbox 2378 4384 2734 4438; x_wconf 69' lang='lat' dir='ltr'><strong>Ecclesiarum</strong></span> <span class='ocrx_word' id='word_1_639' title='bbox 2766 4382 3033 4450; x_wconf 88' lang='lat' dir='ltr'><strong>incendia,</strong></span> <span class='ocrx_word' id='word_1_640' title='bbox 3064 4398 3333 4439; x_wconf 87' lang='lat' dir='ltr'><strong>carcerem</strong></span> <span class='ocrx_word' id='word_1_641' title='bbox 3358 4387 3555 4441; x_wconf 82' lang='lat' dir='ltr'><strong>adver-</strong></span> 
     </span>
    </p>
   </div>
   <div class='ocr_carea' id='block_1_90' title="bbox 1963 4475 3558 4544">
    <p class='ocr_par' dir='ltr' id='par_1_90' title="bbox 1963 4475 3558 4544">
     <span class='ocr_line' id='line_1_90' title="bbox 1963 4475 3558 4544; baseline -0.001 -9"><span class='ocrx_word' id='word_1_642' title='bbox 1963 4494 2056 4535; x_wconf 87' lang='lat' dir='ltr'><strong>sus</strong></span> <span class='ocrx_word' id='word_1_643' title='bbox 2080 4479 2497 4544; x_wconf 90' lang='lat' dir='ltr'><strong>comministros,</strong></span> <span class='ocrx_word' id='word_1_644' title='bbox 2521 4485 2575 4531; x_wconf 89' lang='lat' dir='ltr'><strong>et</strong></span> <span class='ocrx_word' id='word_1_645' title='bbox 2603 4476 2718 4530; x_wconf 69' lang='lat' dir='ltr'><strong>ham</strong></span> <span class='ocrx_word' id='word_1_646' title='bbox 2738 4477 2916 4531; x_wconf 88' lang='lat' dir='ltr'><strong>omnia</strong></span> <span class='ocrx_word' id='word_1_647' title='bbox 2939 4475 3008 4529; x_wconf 86' lang='lat' dir='ltr'><strong>ob</strong></span> <span class='ocrx_word' id='word_1_648' title='bbox 3025 4475 3183 4530; x_wconf 89' lang='lat' dir='ltr'><strong>aliam</strong></span> <span class='ocrx_word' id='word_1_649' title='bbox 3211 4478 3411 4531; x_wconf 88' lang='lat' dir='ltr'><strong>nullam</strong></span> <span class='ocrx_word' id='word_1_650' title='bbox 3430 4494 3558 4534; x_wconf 80' lang='lat' dir='ltr'><strong>cau-</strong></span> 
     </span>
    </p>
   </div>
   <div class='ocr_carea' id='block_1_91' title="bbox 1965 4567 3553 4628">
    <p class='ocr_par' dir='ltr' id='par_1_91' title="bbox 1965 4567 3553 4628">
     <span class='ocr_line' id='line_1_91' title="bbox 1965 4567 3553 4628; baseline -0.004 -1"><span class='ocrx_word' id='word_1_651' title='bbox 1965 4587 2078 4628; x_wconf 88' lang='lat' dir='ltr'><strong>sam</strong></span> <span class='ocrx_word' id='word_1_652' title='bbox 2122 4572 2225 4625; x_wconf 81' lang='lat' dir='ltr'><strong>nisi</strong></span> <span class='ocrx_word' id='word_1_653' title='bbox 2255 4570 2326 4625; x_wconf 93' lang='lat' dir='ltr'><strong>ob</strong></span> <span class='ocrx_word' id='word_1_654' title='bbox 2371 4567 2851 4623; x_wconf 82' lang='lat' dir='ltr'><strong>iimnetnorabilent</strong></span> <span class='ocrx_word' id='word_1_655' title='bbox 2898 4567 3145 4622; x_wconf 72' lang='lat' dir='ltr'><strong>Interesitn</strong></span> <span class='ocrx_word' id='word_1_656' title='bbox 3188 4569 3505 4624; x_wconf 83' lang='lat' dir='ltr'><strong>Arianorum</strong></span> <span class='ocrx_word' id='word_1_657' title='bbox 3540 4587 3553 4621; x_wconf 92' lang='lat'><strong>:</strong></span> 
     </span>
    </p>
   </div>
   <div class='ocr_carea' id='block_1_92' title="bbox 262 4639 3560 4735">
    <p class='ocr_par' dir='ltr' id='par_1_92' title="bbox 262 4639 3560 4735">
     <span class='ocr_line' id='line_1_92' title="bbox 262 4639 3560 4735; baseline 0.002 -26"><span class='ocrx_word' id='word_1_658' title='bbox 262 4655 406 4726; x_wconf 88' lang='lat' dir='ltr'><strong>apud</strong></span> <span class='ocrx_word' id='word_1_659' title='bbox 437 4653 748 4722; x_wconf 71' lang='lat' dir='ltr'><strong>Serdicam,</strong></span> <span class='ocrx_word' id='word_1_660' title='bbox 775 4671 838 4711; x_wconf 90' lang='lat' dir='ltr'><strong>ac</strong></span> <span class='ocrx_word' id='word_1_661' title='bbox 865 4656 1114 4712; x_wconf 88' lang='lat' dir='ltr'><strong>videntes</strong></span> <span class='ocrx_word' id='word_1_662' title='bbox 1147 4661 1341 4714; x_wconf 87' lang='lat' dir='ltr'><strong>fratres</strong></span> <span class='ocrx_word' id='word_1_663' title='bbox 1374 4670 1588 4716; x_wconf 88' lang='lat' dir='ltr'><strong>nostros</strong></span> <span class='ocrx_word' id='word_1_664' title='bbox 1618 4665 1860 4720; x_wconf 88' lang='lat' dir='ltr'><strong>Athana-</strong></span> <span class='ocrx_word' id='word_1_665' title='bbox 1886 4639 1942 4701; x_wconf 78' lang='lat' dir='ltr'><strong><em>D</em></strong></span> <span class='ocrx_word' id='word_1_666' title='bbox 1965 4673 2289 4720; x_wconf 79' lang='lat' dir='ltr'><strong>excusantes</strong></span> <span class='ocrx_word' id='word_1_667' title='bbox 2317 4660 2474 4735; x_wconf 82' lang='lat' dir='ltr'><strong>[Lege</strong></span> <span class='ocrx_word' id='word_1_668' title='bbox 2504 4657 2840 4730; x_wconf 82' lang='lat' dir='ltr'><strong>recusantes]</strong></span> <span class='ocrx_word' id='word_1_669' title='bbox 2869 4662 3012 4715; x_wconf 89' lang='lat' dir='ltr'><strong>enim</strong></span> <span class='ocrx_word' id='word_1_670' title='bbox 3046 4659 3235 4715; x_wconf 88' lang='lat' dir='ltr'><strong>horum</strong></span> <span class='ocrx_word' id='word_1_671' title='bbox 3266 4664 3560 4717; x_wconf 81' lang='lat' dir='ltr'><strong>ordinatio-</strong></span> 
     </span>
    </p>
   </div>
   <div class='ocr_carea' id='block_1_93' title="bbox 261 4746 1858 4828">
    <p class='ocr_par' dir='ltr' id='par_1_93' title="bbox 261 4746 1858 4828">
     <span class='ocr_line' id='line_1_93' title="bbox 261 4746 1858 4828; baseline 0.007 -27"><span class='ocrx_word' id='word_1_672' title='bbox 261 4751 403 4801; x_wconf 90' lang='lat' dir='ltr'><strong>sium</strong></span> <span class='ocrx_word' id='word_1_673' title='bbox 435 4790 450 4814; x_wconf 93' lang='lat'><strong>,</strong></span> <span class='ocrx_word' id='word_1_674' title='bbox 486 4746 795 4802; x_wconf 80' lang='lat' dir='ltr'><strong>Marcellum</strong></span> <span class='ocrx_word' id='word_1_675' title='bbox 839 4759 892 4803; x_wconf 92' lang='lat' dir='ltr'><strong>et</strong></span> <span class='ocrx_word' id='word_1_676' title='bbox 938 4750 1271 4820; x_wconf 87' lang='lat' dir='ltr'><strong>Asclepium,</strong></span> <span class='ocrx_word' id='word_1_677' title='bbox 1307 4753 1597 4810; x_wconf 86' lang='lat' dir='ltr'><strong>timuerunt</strong></span> <span class='ocrx_word' id='word_1_678' title='bbox 1627 4757 1694 4811; x_wconf 87' lang='lat' dir='ltr'><strong>ad</strong></span> <span class='ocrx_word' id='word_1_679' title='bbox 1712 4757 1858 4828; x_wconf 84' lang='lat' dir='ltr'><strong>judi-</strong></span> 
     </span>
    </p>
   </div>
   <div class='ocr_carea' id='block_1_94' title="bbox 264 4837 1856 4916">
    <p class='ocr_par' dir='ltr' id='par_1_94' title="bbox 264 4837 1856 4916">
     <span class='ocr_line' id='line_1_94' title="bbox 264 4837 1856 4916; baseline 0.008 -24"><span class='ocrx_word' id='word_1_680' title='bbox 264 4838 410 4892; x_wconf 86' lang='lat' dir='ltr'><strong>cium</strong></span> <span class='ocrx_word' id='word_1_681' title='bbox 441 4837 656 4903; x_wconf 89' lang='lat' dir='ltr'><strong>venire;</strong></span> <span class='ocrx_word' id='word_1_682' title='bbox 690 4847 745 4893; x_wconf 90' lang='lat' dir='ltr'><strong>et</strong></span> <span class='ocrx_word' id='word_1_683' title='bbox 773 4854 880 4892; x_wconf 89' lang='lat' dir='ltr'><strong>non</strong></span> <span class='ocrx_word' id='word_1_684' title='bbox 911 4840 1102 4904; x_wconf 90' lang='lat' dir='ltr'><strong>semel,</strong></span> <span class='ocrx_word' id='word_1_685' title='bbox 1132 4851 1184 4895; x_wconf 90' lang='lat' dir='ltr'><strong>et</strong></span> <span class='ocrx_word' id='word_1_686' title='bbox 1207 4842 1418 4909; x_wconf 82' lang='lat' dir='ltr'><strong>bis,sed</strong></span> <span class='ocrx_word' id='word_1_687' title='bbox 1449 4847 1643 4916; x_wconf 56' lang='lat' dir='ltr'><strong>sapius</strong></span> <span class='ocrx_word' id='word_1_688' title='bbox 1667 4851 1856 4916; x_wconf 89' lang='lat' dir='ltr'><strong>vocati,</strong></span> 
     </span>
    </p>
   </div>
   <div class='ocr_carea' id='block_1_95' title="bbox 264 4929 1864 5012">
    <p class='ocr_par' dir='ltr' id='par_1_95' title="bbox 264 4929 1864 5012">
     <span class='ocr_line' id='line_1_95' title="bbox 264 4929 1864 5012; baseline 0.009 -28"><span class='ocrx_word' id='word_1_689' title='bbox 264 4945 374 4984; x_wconf 81' lang='lat' dir='ltr'><strong>non</strong></span> <span class='ocrx_word' id='word_1_690' title='bbox 415 4929 811 5000; x_wconf 89' lang='lat' dir='ltr'><strong>responderunt</strong></span> <span class='ocrx_word' id='word_1_691' title='bbox 854 4932 1221 4989; x_wconf 90' lang='lat' dir='ltr'><strong>vocationibus</strong></span> <span class='ocrx_word' id='word_1_692' title='bbox 1245 4975 1258 4998; x_wconf 90' lang='lat'><strong>,</strong></span> <span class='ocrx_word' id='word_1_693' title='bbox 1293 4935 1546 4993; x_wconf 69' lang='lat' dir='ltr'><strong>videl~cet</strong></span> <span class='ocrx_word' id='word_1_694' title='bbox 1592 4941 1864 5012; x_wconf 86' lang='lat' dir='ltr'><strong>episcopis</strong></span> 
     </span>
    </p>
   </div>
   <div class='ocr_carea' id='block_1_96' title="bbox 338 5094 1861 5179">
    <p class='ocr_par' dir='ltr' id='par_1_96' title="bbox 338 5094 1861 5179">
     <span class='ocr_line' id='line_1_96' title="bbox 338 5094 1861 5179; baseline 0.009 -30"><span class='ocrx_word' id='word_1_695' title='bbox 338 5109 372 5179; x_wconf 39' lang='grc' dir='ltr'><strong>ιι.</strong></span> <span class='ocrx_word' id='word_1_696' title='bbox 394 5095 614 5151; x_wconf 69' lang='lat' dir='ltr'><strong>Litterae</strong></span> <span class='ocrx_word' id='word_1_697' title='bbox 642 5094 786 5179; x_wconf 63' lang='lat' dir='ltr'><strong>Doro</strong></span> <span class='ocrx_word' id='word_1_698' title='bbox 812 5099 1050 5179; x_wconf 67' lang='lat' dir='ltr'><strong>repetita;</strong></span> <span class='ocrx_word' id='word_1_699' title='bbox 1071 5100 1318 5179; x_wconf 60' lang='lat' dir='ltr'><strong>videntur</strong></span> <span class='ocrx_word' id='word_1_700' title='bbox 1342 5116 1405 5155; x_wconf 71' lang='lat' dir='ltr'><strong>ex</strong></span> <span class='ocrx_word' id='word_1_701' title='bbox 1435 5105 1719 5171; x_wconf 90' lang='lat' dir='ltr'><strong>postremis</strong></span> <span class='ocrx_word' id='word_1_702' title='bbox 1746 5108 1861 5179; x_wconf 85' lang='lat' dir='ltr'><strong>syl-</strong></span> 
     </span>
    </p>
   </div>
   <div class='ocr_carea' id='block_1_97' title="bbox 263 5169 1863 5245">
    <p class='ocr_par' dir='ltr' id='par_1_97' title="bbox 263 5169 1863 5245">
     <span class='ocr_line' id='line_1_97' title="bbox 263 5169 1863 5245; baseline 0.008 -23"><span class='ocrx_word' id='word_1_703' title='bbox 263 5169 404 5245; x_wconf 72' lang='lat' dir='ltr'><strong>labis</strong></span> <span class='ocrx_word' id='word_1_704' title='bbox 435 5169 806 5245; x_wconf 67' lang='lat' dir='ltr'><strong>antecedentis</strong></span> <span class='ocrx_word' id='word_1_705' title='bbox 837 5172 1070 5245; x_wconf 82' lang='lat' dir='ltr'><strong>nominis</strong></span> <span class='ocrx_word' id='word_1_706' title='bbox 1118 5171 1384 5245; x_wconf 49' lang='lat' dir='ltr'><strong>Tltfqdoro</strong></span> <span class='ocrx_word' id='word_1_707' title='bbox 1415 5169 1445 5234; x_wconf 49' lang='lat'><strong>,&#39;</strong></span> <span class='ocrx_word' id='word_1_708' title='bbox 1485 5189 1549 5229; x_wconf 88' lang='lat' dir='ltr'><strong>ac</strong></span> <span class='ocrx_word' id='word_1_709' title='bbox 1579 5169 1863 5245; x_wconf 71' lang='lat' dir='ltr'><strong>propterea</strong></span> 
     </span>
    </p>
   </div>
   <div class='ocr_carea' id='block_1_98' title="bbox 265 5239 1863 5314">
    <p class='ocr_par' dir='ltr' id='par_1_98' title="bbox 265 5239 1863 5314">
     <span class='ocr_line' id='line_1_98' title="bbox 265 5239 1863 5314; baseline 0.006 -20"><span class='ocrx_word' id='word_1_710' title='bbox 265 5239 539 5314; x_wconf 58' lang='lat' dir='ltr'><strong>delendas.</strong></span> <span class='ocrx_word' id='word_1_711' title='bbox 571 5239 810 5314; x_wconf 62' lang='lat' dir='ltr'><strong>Reliquae</strong></span> <span class='ocrx_word' id='word_1_712' title='bbox 827 5250 952 5314; x_wconf 88' lang='lat' dir='ltr'><strong>sunt</strong></span> <span class='ocrx_word' id='word_1_713' title='bbox 978 5241 1346 5314; x_wconf 56' lang='lat' dir='ltr'><strong>litterte&#39;ljteo;</strong></span> <span class='ocrx_word' id='word_1_714' title='bbox 1377 5258 1442 5297; x_wconf 88' lang='lat' dir='ltr'><strong>ex</strong></span> <span class='ocrx_word' id='word_1_715' title='bbox 1475 5239 1863 5314; x_wconf 53' lang='lat' dir='ltr'><strong>quibus&#39;legen-</strong></span> 
     </span>
    </p>
   </div>
   <div class='ocr_carea' id='block_1_99' title="bbox 267 5311 1863 5386">
    <p class='ocr_par' dir='ltr' id='par_1_99' title="bbox 267 5311 1863 5386">
     <span class='ocr_line' id='line_1_99' title="bbox 267 5311 1863 5386; baseline 0.008 -22"><span class='ocrx_word' id='word_1_716' title='bbox 267 5311 558 5386; x_wconf 68' lang='lat' dir='ltr'><strong>ilunrcum</strong></span> <span class='ocrx_word' id='word_1_717' title='bbox 598 5311 880 5386; x_wconf 78' lang='lat' dir='ltr'><strong>Epiphanii</strong></span> <span class='ocrx_word' id='word_1_718' title='bbox 915 5313 1162 5386; x_wconf 61' lang='lat' dir='ltr'><strong>versiorie</strong></span> <span class='ocrx_word' id='word_1_719' title='bbox 1184 5312 1446 5386; x_wconf 75' lang='lat' dir='ltr'><strong>Theoynio</strong></span> <span class='ocrx_word' id='word_1_720' title='bbox 1473 5311 1505 5368; x_wconf 22' lang='lat' dir='ltr'><strong>:V</strong></span> <span class='ocrx_word' id='word_1_721' title='bbox 1527 5317 1608 5371; x_wconf 91' lang='lat' dir='ltr'><strong>vel</strong></span> <span class='ocrx_word' id='word_1_722' title='bbox 1643 5329 1696 5372; x_wconf 93' lang='lat' dir='ltr'><strong>ut</strong></span> <span class='ocrx_word' id='word_1_723' title='bbox 1727 5311 1863 5376; x_wconf 81' lang='lat' dir='ltr'><strong>infe-</strong></span> 
     </span>
    </p>
   </div>
   <div class='ocr_carea' id='block_1_100' title="bbox 272 5383 1861 5454">
    <p class='ocr_par' dir='ltr' id='par_1_100' title="bbox 272 5383 1861 5454">
     <span class='ocr_line' id='line_1_100' title="bbox 272 5383 1861 5454; baseline 0.007 -18"><span class='ocrx_word' id='word_1_724' title='bbox 272 5385 388 5436; x_wconf 87' lang='lat' dir='ltr'><strong>rius</strong></span> <span class='ocrx_word' id='word_1_725' title='bbox 411 5384 462 5436; x_wconf 88' lang='lat' dir='ltr'><strong>in</strong></span> <span class='ocrx_word' id='word_1_726' title='bbox 507 5383 604 5454; x_wconf 90' lang='lat' dir='ltr'><strong>|t_ac</strong></span> <span class='ocrx_word' id='word_1_727' title='bbox 652 5383 763 5451; x_wconf 90' lang='lat' dir='ltr'><strong>ipsa</strong></span> <span class='ocrx_word' id='word_1_728' title='bbox 788 5383 1035 5437; x_wconf 83' lang='lat' dir='ltr'><strong>versione</strong></span> <span class='ocrx_word' id='word_1_729' title='bbox 1057 5427 1070 5447; x_wconf 97' lang='lat'><strong>,</strong></span> <span class='ocrx_word' id='word_1_730' title='bbox 1099 5383 1382 5454; x_wconf 71' lang='lat' dir='ltr'><strong>Theoyerie.</strong></span> <span class='ocrx_word' id='word_1_731' title='bbox 1412 5387 1566 5454; x_wconf 81' lang='lat' dir='ltr'><strong>Apud</strong></span> <span class='ocrx_word' id='word_1_732' title='bbox 1599 5389 1861 5448; x_wconf 87' lang='lat' dir='ltr'><strong>Hilarium</strong></span> 
     </span>
    </p>
   </div>
   <div class='ocr_carea' id='block_1_101' title="bbox 275 5451 1395 5527">
    <p class='ocr_par' dir='ltr' id='par_1_101' title="bbox 275 5451 1395 5527">
     <span class='ocr_line' id='line_1_101' title="bbox 275 5451 1395 5527; baseline 0.002 -19"><span class='ocrx_word' id='word_1_733' title='bbox 275 5454 479 5527; x_wconf 60' lang='lat' dir='ltr'><strong>legitur</strong></span> <span class='ocrx_word' id='word_1_734' title='bbox 513 5451 776 5527; x_wconf 74' lang='lat' dir='ltr'><strong>Diognito,</strong></span> <span class='ocrx_word' id='word_1_735' title='bbox 807 5464 861 5527; x_wconf 86' lang='lat' dir='ltr'><strong>at</strong></span> <span class='ocrx_word' id='word_1_736' title='bbox 885 5466 1072 5527; x_wconf 73' lang='lat' dir='ltr'><strong>postea</strong></span> <span class='ocrx_word' id='word_1_737' title='bbox 1095 5451 1395 5527; x_wconf 64' lang='lat' dir='ltr'><strong>Theognito.</strong></span> 
     </span>
    </p>
   </div>
   <div class='ocr_carea' id='block_1_102' title="bbox 343 5522 1864 5600">
    <p class='ocr_par' dir='ltr' id='par_1_102' title="bbox 343 5522 1864 5600">
     <span class='ocr_line' id='line_1_102' title="bbox 343 5522 1864 5600; baseline 0.009 -24"><span class='ocrx_word' id='word_1_738' title='bbox 343 5523 373 5560; x_wconf 72' lang='grc' dir='ltr'><strong>ιι</strong></span> <span class='ocrx_word' id='word_1_739' title='bbox 402 5522 521 5600; x_wconf 58' lang='lat' dir='ltr'><strong>Duo</strong></span> <span class='ocrx_word' id='word_1_740' title='bbox 551 5522 664 5600; x_wconf 72' lang='lat' dir='ltr'><strong>haec</strong></span> <span class='ocrx_word' id='word_1_741' title='bbox 694 5522 912 5579; x_wconf 81' lang='lat' dir='ltr'><strong>numina</strong></span> <span class='ocrx_word' id='word_1_742' title='bbox 957 5522 1304 5600; x_wconf 12' lang='lat' dir='ltr'><strong>Mienophau&#39;to</strong></span> <span class='ocrx_word' id='word_1_743' title='bbox 1347 5539 1396 5583; x_wconf 82' lang='lat' dir='ltr'><strong>et</strong></span> <span class='ocrx_word' id='word_1_744' title='bbox 1447 5530 1712 5600; x_wconf 82' lang='lat' dir='ltr'><strong>Stephano</strong></span> <span class='ocrx_word' id='word_1_745' title='bbox 1739 5543 1864 5589; x_wconf 78' lang='lat' dir='ltr'><strong>sunt</strong></span> 
     </span>
    </p>
   </div>
   <div class='ocr_carea' id='block_1_103' title="bbox 273 5593 1862 5670">
    <p class='ocr_par' dir='ltr' id='par_1_103' title="bbox 273 5593 1862 5670">
     <span class='ocr_line' id='line_1_103' title="bbox 273 5593 1862 5670; baseline 0.005 -20"><span class='ocrx_word' id='word_1_746' title='bbox 273 5595 416 5666; x_wconf 86' lang='lat' dir='ltr'><strong>apud</strong></span> <span class='ocrx_word' id='word_1_747' title='bbox 451 5593 875 5670; x_wconf 56' lang='lat' dir='ltr'><strong>:l&#39;lteodoretunr</strong></span> <span class='ocrx_word' id='word_1_748' title='bbox 903 5605 958 5651; x_wconf 91' lang='lat' dir='ltr'><strong>et</strong></span> <span class='ocrx_word' id='word_1_749' title='bbox 1002 5598 1359 5667; x_wconf 87' lang='lat' dir='ltr'><strong>Epiphanium</strong></span> <span class='ocrx_word' id='word_1_750' title='bbox 1387 5618 1398 5667; x_wconf 93' lang='lat'>;</span> <span class='ocrx_word' id='word_1_751' title='bbox 1431 5593 1571 5670; x_wconf 86' lang='lat' dir='ltr'><strong>apud</strong></span> <span class='ocrx_word' id='word_1_752' title='bbox 1608 5603 1862 5658; x_wconf 85' lang='lat' dir='ltr'><strong>Hilarium</strong></span> 
     </span>
    </p>
   </div>
   <div class='ocr_carea' id='block_1_104' title="bbox 277 5665 1866 5743">
    <p class='ocr_par' dir='ltr' id='par_1_104' title="bbox 277 5665 1866 5743">
     <span class='ocr_line' id='line_1_104' title="bbox 277 5665 1866 5743; baseline 0.008 -25"><span class='ocrx_word' id='word_1_753' title='bbox 277 5665 408 5723; x_wconf 81' lang='lat' dir='ltr'><strong>vero</strong></span> <span class='ocrx_word' id='word_1_754' title='bbox 433 5665 902 5743; x_wconf 60' lang='lat' dir='ltr'><strong>desiderantums.</strong></span> <span class='ocrx_word' id='word_1_755' title='bbox 924 5665 1254 5743; x_wconf 72' lang='lat' dir='ltr'><strong>Athanasius</strong></span> <span class='ocrx_word' id='word_1_756' title='bbox 1281 5665 1400 5726; x_wconf 86' lang='lat' dir='ltr'><strong>cum</strong></span> <span class='ocrx_word' id='word_1_757' title='bbox 1423 5665 1605 5729; x_wconf 78' lang='lat' dir='ltr'><strong>utatur</strong></span> <span class='ocrx_word' id='word_1_758' title='bbox 1624 5674 1866 5743; x_wconf 88' lang='lat' dir='ltr'><strong>generali</strong></span> 
     </span>
    </p>
   </div>
   <div class='ocr_carea' id='block_1_105' title="bbox 275 5736 1645 5813">
    <p class='ocr_par' dir='ltr' id='par_1_105' title="bbox 275 5736 1645 5813">
     <span class='ocr_line' id='line_1_105' title="bbox 275 5736 1645 5813; baseline 0.007 -24"><span class='ocrx_word' id='word_1_759' title='bbox 275 5736 759 5813; x_wconf 48' lang='lat' dir='ltr'><strong>vocejfusebianis,</strong></span> <span class='ocrx_word' id='word_1_760' title='bbox 793 5740 970 5794; x_wconf 88' lang='lat' dir='ltr'><strong>omnia</strong></span> <span class='ocrx_word' id='word_1_761' title='bbox 996 5740 1118 5813; x_wconf 10' lang='lat' dir='ltr'><strong>haec,</strong></span> <span class='ocrx_word' id='word_1_762' title='bbox 1139 5743 1355 5797; x_wconf 83' lang='lat' dir='ltr'><strong>nomina</strong></span> <span class='ocrx_word' id='word_1_763' title='bbox 1389 5736 1645 5813; x_wconf 46' lang='lat' dir='ltr'><strong>przeterit‘.</strong></span> 
     </span>
    </p>
   </div>
   <div class='ocr_carea' id='block_1_106' title="bbox 292 5807 1869 5884">
    <p class='ocr_par' dir='ltr' id='par_1_106' title="bbox 292 5807 1869 5884">
     <span class='ocr_line' id='line_1_106' title="bbox 292 5807 1869 5884; baseline 0.008 -23"><span class='ocrx_word' id='word_1_764' title='bbox 292 5875 311 5882; x_wconf 84' lang='lat'><em>_</em></span> <span class='ocrx_word' id='word_1_765' title='bbox 346 5820 379 5884; x_wconf 61' lang='lat' dir='ltr'><em>f</em></span> <span class='ocrx_word' id='word_1_766' title='bbox 414 5808 597 5884; x_wconf 69' lang='lat' dir='ltr'><strong>vocati</strong></span> <span class='ocrx_word' id='word_1_767' title='bbox 635 5807 861 5884; x_wconf 75' lang='lat' dir='ltr'><strong>fuerunt</strong></span> <span class='ocrx_word' id='word_1_768' title='bbox 896 5826 991 5880; x_wconf 89' lang='lat' dir='ltr'><strong>per</strong></span> <span class='ocrx_word' id='word_1_769' title='bbox 1038 5811 1321 5880; x_wconf 88' lang='lat' dir='ltr'><strong>epistolam</strong></span> <span class='ocrx_word' id='word_1_770' title='bbox 1349 5855 1362 5877; x_wconf 94' lang='lat'><strong>,</strong></span> <span class='ocrx_word' id='word_1_771' title='bbox 1389 5807 1525 5884; x_wconf 48' lang='lat' dir='ltr'><strong>&quot;quae</strong></span> <span class='ocrx_word' id='word_1_772' title='bbox 1555 5828 1869 5876; x_wconf 84' lang='lat' dir='ltr'><strong>conservata</strong></span> 
     </span>
    </p>
   </div>
   <div class='ocr_carea' id='block_1_107' title="bbox 284 5878 1404 5950">
    <p class='ocr_par' dir='ltr' id='par_1_107' title="bbox 284 5878 1404 5950">
     <span class='ocr_line' id='line_1_107' title="bbox 284 5878 1404 5950; baseline 0.004 -17"><span class='ocrx_word' id='word_1_773' title='bbox 284 5878 385 5933; x_wconf 62' lang='lat' dir='ltr'><strong>fuit</strong></span> <span class='ocrx_word' id='word_1_774' title='bbox 415 5896 442 5932; x_wconf 87' lang='lat' dir='ltr'><strong>a</strong></span> <span class='ocrx_word' id='word_1_775' title='bbox 477 5880 534 5930; x_wconf 69' lang='lat' dir='ltr'><strong>S.</strong></span> <span class='ocrx_word' id='word_1_776' title='bbox 567 5878 852 5934; x_wconf 72' lang='lat' dir='ltr'><strong>Athanasio</strong></span> <span class='ocrx_word' id='word_1_777' title='bbox 881 5878 933 5935; x_wconf 79' lang='lat' dir='ltr'><strong>iit</strong></span> <span class='ocrx_word' id='word_1_778' title='bbox 967 5878 1118 5950; x_wconf 75' lang='lat' dir='ltr'><strong>Apol.</strong></span> <span class='ocrx_word' id='word_1_779' title='bbox 1149 5885 1404 5940; x_wconf 81' lang='lat' dir='ltr'><strong>secunda.</strong></span> 
     </span>
    </p>
   </div>
   <div class='ocr_carea' id='block_1_108' title="bbox 580 5971 1056 6036">
    <p class='ocr_par' dir='ltr' id='par_1_108' title="bbox 580 5971 1056 6036">
     <span class='ocr_line' id='line_1_108' title="bbox 580 5971 1056 6036; baseline 0.004 -4"><span class='ocrx_word' id='word_1_780' title='bbox 580 5971 850 6036; x_wconf 64' lang='lat' dir='ltr'><strong>Parnm.</strong></span> <span class='ocrx_word' id='word_1_781' title='bbox 899 5975 1056 6036; x_wconf 75' lang='lat' dir='ltr'><strong>LVI.</strong></span> 
     </span>
    </p>
   </div>
   <div class='ocr_carea' id='block_1_109' title="bbox 1971 4747 3558 4818">
    <p class='ocr_par' dir='ltr' id='par_1_109' title="bbox 1971 4747 3558 4818">
     <span class='ocr_line' id='line_1_109' title="bbox 1971 4747 3558 4818; baseline -0.003 -3"><span class='ocrx_word' id='word_1_782' title='bbox 1971 4747 2092 4815; x_wconf 81' lang='lat' dir='ltr'><strong>nem</strong></span> <span class='ocrx_word' id='word_1_783' title='bbox 2127 4767 2182 4814; x_wconf 89' lang='lat' dir='ltr'><strong>et</strong></span> <span class='ocrx_word' id='word_1_784' title='bbox 2209 4756 2640 4812; x_wconf 88' lang='lat' dir='ltr'><strong>communionem</strong></span> <span class='ocrx_word' id='word_1_785' title='bbox 2673 4797 2686 4818; x_wconf 92' lang='lat'><strong>,</strong></span> <span class='ocrx_word' id='word_1_786' title='bbox 2720 4756 3025 4810; x_wconf 83' lang='lat' dir='ltr'><strong>necessario</strong></span> <span class='ocrx_word' id='word_1_787' title='bbox 3058 4755 3172 4810; x_wconf 66' lang='lat' dir='ltr'><strong>haec</strong></span> <span class='ocrx_word' id='word_1_788' title='bbox 3198 4757 3558 4812; x_wconf 87' lang='lat' dir='ltr'><strong>sustinebant.</strong></span> 
     </span>
    </p>
   </div>
   <div class='ocr_carea' id='block_1_110' title="bbox 2043 4849 3560 4921">
    <p class='ocr_par' dir='ltr' id='par_1_110' title="bbox 2043 4849 3560 4921">
     <span class='ocr_line' id='line_1_110' title="bbox 2043 4849 3560 4921; baseline -0.001 -13"><span class='ocrx_word' id='word_1_789' title='bbox 2043 4853 2172 4908; x_wconf 79' lang='lat' dir='ltr'><strong>Htec</strong></span> <span class='ocrx_word' id='word_1_790' title='bbox 2217 4853 2392 4921; x_wconf 87' lang='lat' dir='ltr'><strong>itaque</strong></span> <span class='ocrx_word' id='word_1_791' title='bbox 2430 4849 2832 4905; x_wconf 84' lang='lat' dir='ltr'><strong>considerantes</strong></span> <span class='ocrx_word' id='word_1_792' title='bbox 2881 4850 3119 4918; x_wconf 84' lang='lat' dir='ltr'><strong>perducti</strong></span> <span class='ocrx_word' id='word_1_793' title='bbox 3165 4859 3287 4903; x_wconf 78' lang='lat' dir='ltr'><strong>sunt</strong></span> <span class='ocrx_word' id='word_1_794' title='bbox 3328 4851 3394 4903; x_wconf 86' lang='lat' dir='ltr'><strong>ad</strong></span> <span class='ocrx_word' id='word_1_795' title='bbox 3447 4867 3560 4905; x_wconf 75' lang='lat' dir='ltr'><strong>Siue</strong></span> 
     </span>
    </p>
   </div>
   <div class='ocr_carea' id='block_1_111' title="bbox 1971 4941 3564 5002">
    <p class='ocr_par' dir='ltr' id='par_1_111' title="bbox 1971 4941 3564 5002">
     <span class='ocr_line' id='line_1_111' title="bbox 1971 4941 3564 5002; baseline -0.001 0"><span class='ocrx_word' id='word_1_796' title='bbox 1971 4945 2265 5002; x_wconf 89' lang='lat' dir='ltr'><strong>voluntatis</strong></span> <span class='ocrx_word' id='word_1_797' title='bbox 2287 4944 2582 5000; x_wconf 88' lang='lat' dir='ltr'><strong>interitum.</strong></span> <span class='ocrx_word' id='word_1_798' title='bbox 2610 4941 3011 4999; x_wconf 75' lang='lat' dir='ltr'><strong>Et-ttbeseeliant</strong></span> <span class='ocrx_word' id='word_1_799' title='bbox 3031 4944 3173 4999; x_wconf 91' lang='lat' dir='ltr'><strong>enim</strong></span> <span class='ocrx_word' id='word_1_800' title='bbox 3198 4959 3290 4998; x_wconf 92' lang='lat' dir='ltr'><strong>sua</strong></span> <span class='ocrx_word' id='word_1_801' title='bbox 3315 4944 3564 5002; x_wconf 84' lang='lat' dir='ltr'><strong>conﬁteri</strong></span> 
     </span>
    </p>
   </div>
   <div class='ocr_carea' id='block_1_112' title="bbox 2041 5103 2955 5175">
    <p class='ocr_par' dir='ltr' id='par_1_112' title="bbox 2041 5103 2955 5175">
     <span class='ocr_line' id='line_1_112' title="bbox 2041 5103 2955 5175; baseline -0.007 -13"><span class='ocrx_word' id='word_1_802' title='bbox 2041 5107 2068 5145; x_wconf 75' lang='grc' dir='ltr'>ά</span> <span class='ocrx_word' id='word_1_803' title='bbox 2100 5106 2286 5161; x_wconf 88' lang='lat' dir='ltr'><strong>Melius</strong></span> <span class='ocrx_word' id='word_1_804' title='bbox 2314 5104 2580 5174; x_wconf 88' lang='lat' dir='ltr'><strong>Epiphan.</strong></span> <span class='ocrx_word' id='word_1_805' title='bbox 2616 5103 2955 5175; x_wconf 76' lang='lat' dir='ltr'><strong>congregatis.</strong></span> 
     </span>
    </p>
   </div>
   <div class='ocr_carea' id='block_1_113' title="bbox 2044 5177 2740 5248">
    <p class='ocr_par' dir='ltr' id='par_1_113' title="bbox 2044 5177 2740 5248">
     <span class='ocr_line' id='line_1_113' title="bbox 2044 5177 2740 5248; baseline -0.009 -13"><span class='ocrx_word' id='word_1_806' title='bbox 2044 5189 2068 5217; x_wconf 83' lang='lat'><strong><em>°</em></strong></span> <span class='ocrx_word' id='word_1_807' title='bbox 2103 5177 2296 5248; x_wconf 87' lang='lat' dir='ltr'><strong>Epiph.</strong></span> <span class='ocrx_word' id='word_1_808' title='bbox 2325 5177 2740 5244; x_wconf 68' lang='lat' dir='ltr'><strong>di/I&#39;amaverunt.</strong></span> 
     </span>
    </p>
   </div>
   <div class='ocr_carea' id='block_1_114' title="bbox 2048 5243 3564 5314">
    <p class='ocr_par' dir='ltr' id='par_1_114' title="bbox 2048 5243 3564 5314">
     <span class='ocr_line' id='line_1_114' title="bbox 2048 5243 3564 5314; baseline -0.002 -10"><span class='ocrx_word' id='word_1_809' title='bbox 2048 5249 2066 5288; x_wconf 74' lang='grc' dir='ltr'>ί</span> <span class='ocrx_word' id='word_1_810' title='bbox 2101 5243 2333 5305; x_wconf 76' lang='lat' dir='ltr'><strong>verbum</strong></span> <span class='ocrx_word' id='word_1_811' title='bbox 2351 5243 2570 5303; x_wconf 72' lang='lat' dir='ltr'><strong>surrexit</strong></span> <span class='ocrx_word' id='word_1_812' title='bbox 2593 5245 2822 5301; x_wconf 84' lang='lat' dir='ltr'><strong>concinit</strong></span> <span class='ocrx_word' id='word_1_813' title='bbox 2849 5262 2968 5300; x_wconf 91' lang='lat' dir='ltr'><strong>cum</strong></span> <span class='ocrx_word' id='word_1_814' title='bbox 2989 5243 3273 5314; x_wconf 85' lang='lat' dir='ltr'><strong>Epiphanii</strong></span> <span class='ocrx_word' id='word_1_815' title='bbox 3294 5247 3564 5310; x_wconf 46' lang='lat' dir='ltr'><strong>versit-uc,</strong></span> 
     </span>
    </p>
   </div>
   <div class='ocr_carea' id='block_1_115' title="bbox 1971 5316 3568 5394">
    <p class='ocr_par' dir='ltr' id='par_1_115' title="bbox 1971 5316 3568 5394">
     <span class='ocr_line' id='line_1_115' title="bbox 1971 5316 3568 5394; baseline -0.007 -16"><span class='ocrx_word' id='word_1_816' title='bbox 1971 5324 2022 5378; x_wconf 90' lang='lat' dir='ltr'><strong>in</strong></span> <span class='ocrx_word' id='word_1_817' title='bbox 2040 5337 2143 5394; x_wconf 90' lang='lat' dir='ltr'><strong>qua</strong></span> <span class='ocrx_word' id='word_1_818' title='bbox 2166 5337 2232 5377; x_wconf 84' lang='lat' dir='ltr'><strong>ex</strong></span> <span class='ocrx_word' id='word_1_819' title='bbox 2252 5321 2593 5394; x_wconf 58' lang='lat' dir='ltr'><strong>Theodoreti)</strong></span> <span class='ocrx_word' id='word_1_820' title='bbox 2617 5317 2846 5394; x_wconf 80' lang='lat' dir='ltr'><strong>reddidit</strong></span> <span class='ocrx_word' id='word_1_821' title='bbox 2870 5333 2887 5394; x_wconf 88' lang='lat'><strong>_:</strong></span> <span class='ocrx_word' id='word_1_822' title='bbox 2935 5316 3094 5394; x_wconf 44' lang='lat' dir='ltr'><strong>Venit.</strong></span> <span class='ocrx_word' id='word_1_823' title='bbox 3111 5317 3264 5370; x_wconf 85' lang='lat' dir='ltr'><strong>etiam</strong></span> <span class='ocrx_word' id='word_1_824' title='bbox 3295 5331 3568 5394; x_wconf 40' lang='grc' dir='ltr'><strong>εολιδίιιτεειχτ</strong></span> 
     </span>
    </p>
   </div>
   <div class='ocr_carea' id='block_1_116' title="bbox 1970 5387 3569 5448">
    <p class='ocr_par' dir='ltr' id='par_1_116' title="bbox 1970 5387 3569 5448">
     <span class='ocr_line' id='line_1_116' title="bbox 1970 5387 3569 5448; baseline -0.003 -1"><span class='ocrx_word' id='word_1_825' title='bbox 1970 5387 2074 5448; x_wconf 68' lang='grc' dir='ltr'><strong>(1οέ</strong></span> <span class='ocrx_word' id='word_1_826' title='bbox 2100 5405 2272 5448; x_wconf 82' lang='lat' dir='ltr'><strong>noster</strong></span> <span class='ocrx_word' id='word_1_827' title='bbox 2301 5393 2477 5446; x_wconf 85' lang='lat' dir='ltr'><strong>beatus</strong></span> <span class='ocrx_word' id='word_1_828' title='bbox 2509 5389 2820 5442; x_wconf 78' lang='lat' dir='ltr'><strong>Theodolus.</strong></span> <span class='ocrx_word' id='word_1_829' title='bbox 2854 5391 2922 5442; x_wconf 87' lang='lat' dir='ltr'><strong>At</strong></span> <span class='ocrx_word' id='word_1_830' title='bbox 2955 5402 3022 5442; x_wconf 77' lang='lat' dir='ltr'><strong>ex</strong></span> <span class='ocrx_word' id='word_1_831' title='bbox 3055 5387 3248 5442; x_wconf 76' lang='lat' dir='ltr'><strong>Graeco</strong></span> <span class='ocrx_word' id='word_1_832' title='bbox 3291 5388 3569 5442; x_wconf 81' lang='lat' dir='ltr'><strong>Athanasii</strong></span> 
     </span>
    </p>
   </div>
   <div class='ocr_carea' id='block_1_117' title="bbox 1972 5457 3570 5528">
    <p class='ocr_par' dir='ltr' id='par_1_117' title="bbox 1972 5457 3570 5528">
     <span class='ocr_line' id='line_1_117' title="bbox 1972 5457 3570 5528; baseline -0.002 -10"><span class='ocrx_word' id='word_1_833' title='bbox 1972 5473 2119 5520; x_wconf 88' lang='lat' dir='ltr'><strong>textu</strong></span> <span class='ocrx_word' id='word_1_834' title='bbox 2155 5479 2219 5520; x_wconf 89' lang='lat' dir='ltr'><strong>ac</strong></span> <span class='ocrx_word' id='word_1_835' title='bbox 2263 5478 2330 5517; x_wconf 81' lang='lat' dir='ltr'><strong>ex</strong></span> <span class='ocrx_word' id='word_1_836' title='bbox 2366 5461 2554 5516; x_wconf 88' lang='lat' dir='ltr'><strong>Latino</strong></span> <span class='ocrx_word' id='word_1_837' title='bbox 2612 5460 2792 5513; x_wconf 88' lang='lat' dir='ltr'><strong>Hilarii</strong></span> <span class='ocrx_word' id='word_1_838' title='bbox 2843 5459 3128 5528; x_wconf 91' lang='lat' dir='ltr'><strong>legendum</strong></span> <span class='ocrx_word' id='word_1_839' title='bbox 3170 5457 3417 5512; x_wconf 64' lang='lat' dir='ltr'><strong>Decessit.</strong></span> <span class='ocrx_word' id='word_1_840' title='bbox 3459 5458 3570 5516; x_wconf 78' lang='lat' dir='ltr'><strong>Vox</strong></span> 
     </span>
    </p>
   </div>
   <div class='ocr_carea' id='block_1_118' title="bbox 1975 5529 3032 5604">
    <p class='ocr_par' dir='ltr' id='par_1_118' title="bbox 1975 5529 3032 5604">
     <span class='ocr_line' id='line_1_118' title="bbox 1975 5529 3032 5604; baseline -0.004 -16"><span class='ocrx_word' id='word_1_841' title='bbox 1975 5534 2189 5604; x_wconf 89' lang='lat' dir='ltr'><strong>quidem</strong></span> <span class='ocrx_word' id='word_1_842' title='bbox 2223 5532 2418 5604; x_wconf 74' lang='lat' dir='ltr'><strong>Beatus</strong></span> <span class='ocrx_word' id='word_1_843' title='bbox 2438 5539 2708 5604; x_wconf 87' lang='lat' dir='ltr'><strong>mortuum</strong></span> <span class='ocrx_word' id='word_1_844' title='bbox 2749 5529 3032 5599; x_wconf 80' lang='lat' dir='ltr'><strong>significat.</strong></span> 
     </span>
    </p>
   </div>
   <div class='ocr_carea' id='block_1_119' title="bbox 2049 5602 2727 5666">
    <p class='ocr_par' dir='ltr' id='par_1_119' title="bbox 2049 5602 2727 5666">
     <span class='ocr_line' id='line_1_119' title="bbox 2049 5602 2727 5666; baseline -0.009 -6"><span class='ocrx_word' id='word_1_845' title='bbox 2049 5615 2072 5652; x_wconf 84' lang='lat'><strong>8</strong></span> <span class='ocrx_word' id='word_1_846' title='bbox 2104 5605 2293 5666; x_wconf 89' lang='lat' dir='ltr'><strong>Hilar.,</strong></span> <span class='ocrx_word' id='word_1_847' title='bbox 2319 5602 2727 5656; x_wconf 80' lang='lat' dir='ltr'><strong>insimulatione.</strong></span> 
     </span>
    </p>
   </div>
   <div class='ocr_carea' id='block_1_120' title="bbox 2052 5672 2790 5741">
    <p class='ocr_par' dir='ltr' id='par_1_120' title="bbox 2052 5672 2790 5741">
     <span class='ocr_line' id='line_1_120' title="bbox 2052 5672 2790 5741; baseline -0.004 -12"><span class='ocrx_word' id='word_1_848' title='bbox 2052 5673 2075 5712; x_wconf 75' lang='grc'><strong>¹³</strong></span> <span class='ocrx_word' id='word_1_849' title='bbox 2108 5675 2163 5731; x_wconf 87' lang='lat' dir='ltr'><strong>Id</strong></span> <span class='ocrx_word' id='word_1_850' title='bbox 2192 5684 2298 5740; x_wconf 89' lang='lat' dir='ltr'><strong>est,</strong></span> <span class='ocrx_word' id='word_1_851' title='bbox 2331 5672 2790 5741; x_wconf 83' lang='lat' dir='ltr'><strong>conquerebantur.</strong></span> 
     </span>
    </p>
   </div>
   <div class='ocr_carea' id='block_1_121' title="bbox 2058 5743 3570 5815">
    <p class='ocr_par' dir='ltr' id='par_1_121' title="bbox 2058 5743 3570 5815">
     <span class='ocr_line' id='line_1_121' title="bbox 2058 5743 3570 5815; baseline -0.005 -13"><span class='ocrx_word' id='word_1_852' title='bbox 2058 5745 2309 5802; x_wconf 69' lang='lat' dir='ltr'><strong>iClarius</strong></span> <span class='ocrx_word' id='word_1_853' title='bbox 2337 5744 2666 5812; x_wconf 83' lang='lat' dir='ltr'><strong>Epiphanius</strong></span> <span class='ocrx_word' id='word_1_854' title='bbox 2699 5759 2712 5797; x_wconf 88' lang='lat'><strong>:</strong></span> <span class='ocrx_word' id='word_1_855' title='bbox 2743 5746 2780 5797; x_wconf 87' lang='lat' dir='ltr'><strong>ii</strong></span> <span class='ocrx_word' id='word_1_856' title='bbox 2821 5761 2907 5808; x_wconf 76' lang='lat' dir='ltr'><strong>qui</strong></span> <span class='ocrx_word' id='word_1_857' title='bbox 2937 5754 3274 5799; x_wconf 82' lang='lat' dir='ltr'><strong>occurrerunt</strong></span> <span class='ocrx_word' id='word_1_858' title='bbox 3303 5754 3349 5800; x_wconf 85' lang='lat' dir='ltr'><strong>et</strong></span> <span class='ocrx_word' id='word_1_859' title='bbox 3375 5747 3468 5815; x_wconf 85' lang='lat' dir='ltr'><strong>qui</strong></span> <span class='ocrx_word' id='word_1_860' title='bbox 3503 5743 3570 5798; x_wconf 65' lang='lat' dir='ltr'><strong>le.</strong></span> 
     </span>
    </p>
   </div>
   <div class='ocr_carea' id='block_1_122' title="bbox 1983 5816 3304 5890">
    <p class='ocr_par' dir='ltr' id='par_1_122' title="bbox 1983 5816 3304 5890">
     <span class='ocr_line' id='line_1_122' title="bbox 1983 5816 3304 5890; baseline 0.001 -18"><span class='ocrx_word' id='word_1_861' title='bbox 1983 5818 2183 5889; x_wconf 82' lang='lat' dir='ltr'><strong>gatione</strong></span> <span class='ocrx_word' id='word_1_862' title='bbox 2213 5816 2569 5890; x_wconf 76' lang='lat' dir='ltr'><strong>fungebantur,</strong></span> <span class='ocrx_word' id='word_1_863' title='bbox 2601 5817 2923 5869; x_wconf 77' lang='lat' dir='ltr'><strong>insinuabant</strong></span> <span class='ocrx_word' id='word_1_864' title='bbox 2952 5818 3168 5883; x_wconf 80' lang='lat' dir='ltr'><strong>milites,</strong></span> <span class='ocrx_word' id='word_1_865' title='bbox 3201 5826 3304 5874; x_wconf 83' lang='lat' dir='ltr'><strong>etc.</strong></span> 
     </span>
    </p>
   </div>
   <div class='ocr_carea' id='block_1_123' title="bbox 3060 5979 3137 6041">
    <p class='ocr_par' dir='ltr' id='par_1_123' title="bbox 3060 5979 3137 6041">
     <span class='ocr_line' id='line_1_123' title="bbox 3060 5979 3137 6041; baseline 0.013 -1"><span class='ocrx_word' id='word_1_866' title='bbox 3060 5979 3137 6041; x_wconf 81' lang='lat'><strong>27</strong></span> 
     </span>
    </p>
   </div>
  </div>
