3998 6346
480 412 594 477 ωδ

1417 413 1509 468 AD
1547 410 1782 469 OPERA
1820 411 1881 470 S.
1920 409 2167 468 LEONIS
2206 406 2419 467 MAGNI
2459 407 2824 468 APPENDIX.

3667 396 3778 477 864

485 537 712 604 delicta,
767 541 819 591 et
861 533 1112 604 quoniam
1157 530 1408 587 omnibus
1457 530 1720 601 patefacta
1753 526 1919 586 celari
1966 544 2072 585 non
2099 532 2157 592 Α
2179 526 2300 582 dem
2324 525 2593 583 dederunt
2612 525 2853 596 episcopi
2880 541 3101 593 nomen,
3123 527 3216 600 qui
3241 543 3341 585 nec
3363 528 3651 602 presbyter
3669 540 3769 590 est.

487 638 771 702 poterant,
799 626 1076 683 Serdicam
1105 635 1494 695 pervenerunt,
1525 639 1634 695 quo
1662 640 1757 694 per
1787 640 1946 680 suum
1987 623 2083 678 ad-

487 730 704 778 ventum
735 718 1057 777 sinceritatis
1080 716 1390 790 opinionem
1419 719 1722 789 aequirant.
1741 717 1882 773 Visis
1904 717 2083 786 itaque

488 816 602 876 his.
631 812 825 881 quibus
849 811 1149 866 calumnias
1176 809 1497 881 ingerebant
1528 824 1555 864 a
1591 824 1652 866 se
1677 807 1892 864 afﬂictis
1922 821 2082 862 arcu-

485 910 777 975 satoribus,
804 909 1028 963 testibus
1051 917 1175 963 ante
1197 908 1384 962 oculos
1400 906 1678 975 inspectis,
1700 905 1875 960 vocati
1891 903 2081 958 venire

483 1019 592 1060 non
631 1007 911 1072 poterant,
942 999 1329 1055 comministris
1375 997 1625 1054 videlicet
1668 999 1866 1053 nostris
1913 994 2081 1051 Atha-

485 1096 669 1156 nasio.
704 1092 959 1149 Marcello
991 1101 1045 1146 et
1082 1091 1312 1161 Asrlepa
1355 1090 1523 1145 multa
1571 1090 1682 1145 usis
1721 1076 2078 1155 confidentia,

486 1188 930 1255 implorantibus,
960 1192 1016 1242 et
1053 1184 1404 1255 urgentibus,
1433 1193 1594 1252 atque
1623 1182 2042 1255 provocantibus
2060 1221 2075 1247 ,

484 1291 544 1338 et
591 1279 968 1346 pollicentibus
1013 1292 1229 1349 quoque
1256 1292 1360 1333 neu
1400 1278 1575 1332 solum
1616 1291 1805 1333 eorum
1853 1290 2081 1346 arguere

486 1370 836 1437 calumniam,
858 1370 954 1427 sed
982 1372 1204 1440 insuper
1227 1369 1603 1426 demonstrare
1626 1384 1745 1440 quae
1761 1366 1919 1445 [Lege
1938 1367 2078 1424 deli-

486 1460 723 1535 querint]
756 1462 1070 1533 reliquerint
1113 1464 1167 1517 in
1210 1462 1466 1518 Ecclesiis
1493 1462 1757 1532 ipsorum.
1790 1460 1868 1515 Illi
1899 1464 2077 1516 autem

487 1568 638 1611 tanto
676 1558 871 1612 timore
909 1556 1151 1625 percussi
1181 1567 1336 1623 sunt,
1367 1564 1427 1611 nt
1459 1555 1620 1611 etiam
1654 1562 1994 1610 verterentur
2025 1554 2078 1609 in

486 1649 688 1719 fugam,
719 1665 780 1703 ac
799 1663 894 1719 per
914 1662 1035 1704 eam
1066 1648 1329 1723 [Subaudt‘
1350 1644 1555 1719 fugam]
1578 1661 1729 1702 suam
1754 1646 2078 1702 calumniam

487 1742 923 1799 demonstrarent
956 1751 1010 1797 et
1039 1739 1233 1796 delicta
1266 1743 1580 1797 faterentur.
1620 1740 1687 1795 Et
1719 1739 1845 1794 licet
1873 1754 1942 1796 ex
1976 1739 2079 1794 hoc

487 1835 632 1905 quod
655 1835 946 1902 noluerint,
974 1844 1029 1891 et
1053 1850 1160 1890 non
1191 1836 1366 1891 solum
1390 1850 1453 1891 ex
1490 1835 1776 1904 prioribus.
1799 1834 1893 1889 sed
1916 1834 2076 1889 etiam

2182 622 2538 677 Occurrentes
2569 621 2712 677 enim
2748 622 2857 677 duo
2878 621 3182 694 presbyteri
3214 623 3302 693 qui
3330 622 3609 694 quondam
3654 640 3771 683 cum

2183 712 2384 768 Melitio
2409 711 2653 782 fuerunt,
2698 712 3039 782 postmodum
3070 720 3251 769 autem
3284 728 3316 768 a
3350 714 3515 771 beato
3544 715 3773 773 Alexan-

2184 806 2280 859 dro
2309 814 2440 860 tunc
2464 804 2721 875 episcopo
2747 804 3093 861 Alexandria:
3118 805 3374 875 suscepti,
3407 815 3467 862 et
3494 822 3640 862 nunc
3657 823 3773 867 eum

2182 898 2477 955 Athanasio
2516 898 2829 969 constituti,
2860 898 3226 973 testimonium
3263 898 3621 970 praebuerunt
3642 900 3773 957 hunc

2183 1007 2453 1063 nunquam
2484 991 2666 1047 Melitii
2703 990 2869 1047 fuisse
2896 989 3269 1062 presbyterum
3288 1031 3304 1056 ,
3334 1000 3391 1045 et
3419 990 3649 1046 omnino
3673 1008 3770 1048 non

2183 1087 2435 1143 habuisse
2457 1087 2718 1143 Melitium
2747 1086 2887 1156 apud
2918 1085 3205 1140 Maremam
3236 1083 3544 1141 Ecclesiatn
3568 1085 3654 1140 vel
3683 1088 3772 1142 mi-

2183 1182 2412 1238 nistrutu
2437 1198 2451 1246 ;
2476 1192 2529 1237 et
2554 1190 2729 1237 tamen
2755 1197 2878 1239 eum
2909 1183 2998 1252 qui
3024 1197 3127 1239 nec
3148 1192 3293 1239 esset
3324 1182 3618 1255 presbyter
3643 1197 3774 1239 nunc

2183 1291 2280 1342 pro
2309 1277 2563 1348 episcopo
2612 1275 3008 1347 produxerunt,
3038 1287 3096 1331 ut
3127 1278 3230 1332 hoc
3256 1277 3476 1333 nomine
3524 1275 3773 1347 obstupe-

2180 1366 2378 1423 faciant
2405 1367 2682 1425 audientes
2706 1383 2893 1424 eorum
2922 1367 3239 1425 calumnias.

2252 1460 2448 1515 Lectus
2494 1468 2578 1516 est
2613 1467 2792 1514 autem
2832 1459 2971 1516 liber
2998 1459 3359 1516 comministri
3410 1458 3587 1515 nostri
3643 1458 3776 1515 Har-

2180 1553 2323 1617 celli,
2347 1563 2401 1608 et
2432 1551 2648 1608 inventa
2669 1562 2753 1607 est
2776 1552 2988 1608 Eusebii
3016 1551 3416 1608 commendatio
3438 1548 3604 1625 [Lege
3632 1565 3781 1636 eorm,

2184 1644 2493 1719 mentatio].
2526 1646 2659 1714 Quae
2686 1646 2831 1701 enim
2860 1645 3131 1716 proposita
3160 1647 3464 1717 quaestione
3492 1644 3778 1702 Marcellus

2183 1739 2433 1806 dicebat,
2487 1740 2603 1797 haec
2659 1751 2912 1812 tanquam
2940 1740 3008 1796 ab
3038 1741 3155 1811 ipso
3189 1740 3437 1796 conlessa
3482 1739 3775 1810 ﬁngebant.

2185 1836 2349 1890 Lecta
2385 1842 2509 1890 sunt
2538 1836 2720 1905 igitur,
2752 1844 2808 1890 et
2836 1834 2953 1890 hzec
2981 1844 3036 1890 et
3065 1834 3344 1906 sequentia
3370 1842 3425 1890 et
3448 1830 3480 1872 δ
3510 1833 3778 1904 praeterita

487 1943 557 1984 ex
616 1928 967 1996 praesentibus
1023 1928 1260 1997 ipsorum
1318 1929 1553 1984 versatio
1609 1926 1766 2000 [Lege
1817 1924 2077 1999 versutia]
2107 1912 2159 1974 Β
2185 1924 2578 2003 quaestionum,
2620 1933 2677 1982 et
2716 1933 2862 1981 recta
2890 1923 3023 1982 ﬁdes
3067 1924 3167 1980 viri
3194 1932 3410 1995 reperta
3439 1933 3562 1990 est;
3615 1938 3779 1992 neque

487 2023 831 2090 comprobata
852 2031 965 2087 est;
986 2029 1163 2077 tamen
1188 2019 1414 2095 [Supple
1434 2020 1525 2093 ne]
1552 2036 1616 2076 ex
1641 2020 1760 2090 fuga
1792 2018 2077 2090 quamdam

488 2116 830 2172 occasionem
879 2114 1106 2170 alterius
1134 2114 1352 2170 malitiae
1376 2115 1593 2171 valeant
1622 2113 1887 2184 invenire,
1936 2113 2082 2185 cogi-
2108 2135 2111 2139 ·

488 2207 723 2263 tavimus
770 2206 1066 2265 secundum
1104 2208 1352 2263 veritatis
1394 2208 1659 2283 rationem
1690 2206 1758 2262 ab
1800 2207 1886 2261 his
1929 2220 2079 2261 com-

486 2307 653 2360 missa
687 2303 965 2360 ventilare.

558 2396 677 2466 Quo
702 2398 842 2452 facto
878 2395 1180 2465 reperimus
1209 2408 1305 2451 eos
1327 2399 1384 2449 et
1415 2406 1481 2449 ex
1519 2393 1755 2449 actitatis
1784 2391 2084 2447 calumnia-

488 2501 659 2558 tores,
686 2499 742 2546 et
763 2488 895 2544 nihil
922 2488 1068 2543 aliud
1100 2488 1200 2542 nisi
1228 2486 1614 2543 comministris
1642 2487 1841 2541 nostris
1862 2484 2082 2540 insidias

489 2597 844 2656 praeparasse.
877 2583 1047 2648 Quem
1086 2580 1230 2636 enim
1278 2580 1529 2636 dicebant
1573 2579 1641 2635 ab
1668 2579 1964 2634 Athanasio
2001 2578 2083 2632 in~

488 2677 772 2733 terfectutn
805 2676 1116 2741 Arsenium,
1172 2674 1302 2730 vivit
1334 2683 1389 2731 et
1436 2683 1678 2729 moratur
1726 2673 1870 2728 inter
1908 2674 2079 2727 vivos.

458 2770 570 2847 .Ex
600 2784 706 2841 quo
727 2777 951 2841 apparet
976 2769 1137 2825 etiam
1165 2768 1253 2823 illa
1281 2783 1402 2838 quae
1423 2768 1490 2824 de
1513 2767 1634 2823 aliis
1655 2756 2083 2823 verbosabantur

487 2863 615 2918 ﬁcta
647 2864 833 2919 fuisse.
866 2861 1130 2930 Quoniam
1161 2876 1288 2916 vero
1309 2861 1377 2917 de
1397 2861 1568 2916 calice
1594 2860 1766 2915 fracto
1794 2876 1823 2915 a
1851 2858 2082 2915 Macario

487 2956 767 3011 Athanasii
792 2954 1110 3027 presbytero
1139 2954 1469 3008 mentionem
1501 2952 1782 3019 fecerunt,
1816 2951 2080 3008 adhibue-

486 3056 615 3102 runt
651 3047 1016 3103 testimonium
1046 3045 1082 3100 ii
1113 3046 1299 3127 quide
1330 3046 1673 3102 Alexandriae
1695 3089 1710 3113 ,
1746 3056 1802 3101 et
1828 3046 2080 3100 Mareotte

487 3141 624 3197 locis
650 3142 781 3211 ipsis
805 3145 1093 3217 venerunt,
1110 3138 1242 3193 nihil
1267 3138 1371 3194 tale
1392 3154 1514 3194 esse
1528 3139 1689 3211 602
1708 3139 2077 3193 commissum.

487 3230 665 3289 Etiam
696 3230 933 3301 episcopi
985 3228 1289 3285 scribentes
1323 3229 1391 3284 de
1421 3229 1660 3299 IEgypto
1694 3228 1761 3283 ad
1798 3244 2082 3283 consacer-

489 3321 679 3379 dotem
710 3328 959 3377 nostrum
997 3319 1198 3377 Juliutn
1219 3360 1234 3387 ,
1271 3298 1601 3377 sufficienter
1637 3320 1989 3376 firmaverunt
2015 3337 2083 3377 ne
2108 3298 2155 3367 (ἶ

488 3414 849 3485 suspicionem
876 3413 1093 3485 quidem
1139 3412 1302 3469 talem
1343 3412 1529 3469 fuisse.
1564 3413 1769 3469 Deinde
1798 3423 1913 3468 acta
1962 3429 2081 3483 quae

486 3506 738 3564 dicebant
764 3519 826 3562 se
869 3504 1133 3561 adversus
1165 3504 1385 3571 habere,
1425 3506 1672 3561 constitit
1692 3520 1759 3561 ex
1791 3520 1895 3560 una
1929 3513 2082 3574 parte

485 3599 761 3668 confecta,
788 3608 842 3656 et
869 3600 921 3654 in
972 3599 1104 3669 ipsis
1128 3599 1296 3669 gestis
1326 3598 1588 3666 gentiles,
1622 3606 1679 3653 et
1707 3597 2080 3653 catechumeni

486 3694 802 3766 interrogati
836 3701 1002 3757 sunt;
1041 3706 1112 3746 ex
1142 3692 1336 3761 quibus
1375 3705 1513 3745 unus
1542 3690 1963 3745 catechumenos
2003 3689 2084 3743 in-

488 3796 791 3862 terrogatus
819 3786 1033 3842 dicebat
1077 3800 1136 3841 se
1176 3785 1319 3839 intus
1343 3784 1509 3839 fuisse
1557 3782 1775 3854 quando
1820 3782 2084 3838 Macarius

486 3878 559 3934 ad
604 3879 780 3935 locum
824 3877 1157 3949 supervenit.
1199 3877 1265 3931 Et
1290 3876 1429 3931 alius
1477 3877 1839 3944 interrogatus
1885 3874 2082 3930 aiebat.

486 3970 761 4041 lscbyram
790 3978 1050 4041 aegrotum
1078 3969 1131 4023 in
1159 3968 1296 4025 cella
1330 3968 1567 4039 jacuisse
1614 3978 1640 4005 κ
1668 3982 1826 4036 quem
1866 3967 2081 4031 dicunt;

492 4073 556 4118 ut
582 4076 647 4117 ex
672 4062 776 4118 hoc
802 4069 1062 4132 appareat
1084 4060 1215 4115 nihil
1241 4060 1310 4116 de
1351 4060 1625 4131 mysteriis
1652 4059 1816 4114 fuisse
1846 4058 2086 4113 celebra—

490 4164 628 4218 tum,
658 4167 728 4208 ex
758 4167 826 4209 eo
852 4152 993 4222 quod
1022 4150 1398 4209 catechumeni
1427 4153 1573 4207 intus
1603 4150 2000 4217 consistebant;
2032 4160 2086 4205 et

489 4243 769 4317 Ischyram
812 4258 919 4299 non
944 4243 1197 4311 adfuisse,
1227 4243 1322 4300 sed
1352 4256 1611 4316 argrotum
1641 4241 1827 4299 fuisse.
1857 4243 1988 4298 Nam
2032 4244 2087 4298 et

490 4342 611 4412 ipse
657 4340 927 4411 pessimus
979 4340 1255 4412 lschyras,
1308 4340 1395 4409 qui
1441 4339 1697 4393 mentitus
1740 4346 1824 4394 est
1857 4336 2086 4393 dicendo

488 4432 846 4489 Athanasium
879 4432 1080 4488 ussisse
1105 4432 1367 4502 quosdam
1393 4431 1603 4484 divinos
1631 4429 1847 4486 codices
1870 4469 1886 4497 ,
1936 4441 1989 4485 et
2031 4429 2087 4485 in

490 4525 597 4581 hoc
619 4540 775 4581 suum
807 4526 1146 4581 mendacium
1189 4524 1598 4582 demonstravit.
1632 4523 1765 4579 Nam
1804 4521 2087 4578 confessus

490 4626 575 4674 est
601 4616 696 4671 illo
713 4624 953 4686 tempore
966 4632 1073 4686 quo
1089 4617 1233 4672 Maca
1243 4618 1352 4672 rius
1373 4616 1671 4671 advenerat
1686 4630 1745 4670 se
1767 4623 2087 4684 azgrotasse,

2185 2019 2330 2072 enim
2357 2033 2387 2072 a
2428 2026 2613 2072 sancta
2655 2017 2855 2083 Maria,
2901 2017 3041 2072 sicut
3083 2016 3186 2087 ipsi
3227 2016 3544 2085 firmarunt,
3573 2015 3777 2085 initium

2185 2111 2335 2167 dedit
2359 2110 2538 2168 Verbo
2565 2112 2682 2182 Dei,
2730 2127 2832 2166 nec
2858 2111 3016 2166 [litem
3050 2111 3101 2167 ei
3133 2115 3186 2168 in
3230 2126 3433 2183 regno,
3478 2111 3580 2167 sed
3613 2112 3777 2182 impe-

2184 2204 2323 2259 rium
2355 2203 2472 2259 sine
2502 2204 2656 2259 initio
2696 2212 2752 2259 et
2781 2203 2889 2259 line
2930 2202 3228 2260 Salvatoris
3272 2217 3393 2259 esse
3438 2201 3777 2271 conscripsit.

2184 2298 2443 2369 Asclepas
2468 2300 2628 2354 etiam
2663 2297 3033 2354 comminister
3063 2297 3284 2367 protulit
3311 2303 3465 2367 gesta
3508 2295 3658 2366 apud
3682 2297 3780 2352 An—

2185 2391 2438 2447 tiochiam
2460 2392 2706 2447 coniecta
2737 2390 3094 2462 przesentibus
3115 2390 3527 2447 accusatoribus
3546 2431 3564 2458 ,
3598 2398 3657 2445 et
3686 2389 3780 2443 Eu~

2185 2484 2336 2540 sebio
2383 2485 2451 2541 de
2493 2485 2768 2553 Caesarea;
2794 2494 2847 2544 et
2879 2500 2911 2541 e
2948 2485 3231 2541 sententiis
3253 2482 3609 2556 iudicandum
3637 2479 3781 2557 [Lege

2182 2577 2562 2653 iudicantium]
2590 2580 2966 2650 episcoporum
3005 2579 3241 2636 ostendit
3268 2593 3329 2635 se
3367 2591 3492 2635 esse
3522 2579 3778 2634 innocen-

2189 2682 2319 2727 tem.
2354 2672 2544 2728 Merito
2586 2671 2770 2743 igitur,
2812 2671 3011 2728 fratres
3055 2670 3429 2738 dilectissimi,
3474 2670 3780 2744 frequenter

2187 2766 2363 2821 vocati
2383 2782 2490 2821 non
2517 2765 2947 2836 responderunt;
2971 2767 3167 2822 merito
3188 2765 3438 2838 fugerunt
3464 2784 3478 2820 :
3500 2765 3778 2822 conscien-

2189 2858 2263 2914 tia
2292 2859 2436 2913 enim
2479 2858 2652 2915 coacti
2692 2867 2789 2929 per
2831 2858 3008 2930 fugam
3044 2860 3169 2914 Suas
3198 2858 3500 2915 calumnias
3538 2859 3778 2914 ﬁrmave-

2186 2959 2334 3018 runt,
2367 2959 2423 3007 et
2453 2961 2476 2990 ο
2509 2951 2808 3008 credidis-e
2860 2950 3104 3007 fecerunt
3131 2967 3255 3021 qua:
3286 2965 3589 3020 praesentes
3626 2966 3775 3006 accu-

2188 3052 2394 3099 satores
2442 3042 2695 3098 dicebant
2747 3058 2810 3099 ac
2866 3043 3337 3099 demonstrabant.
3381 3043 3519 3110 Quid
3566 3042 3776 3114 itaquel

2189 3133 2363 3203 Super
2390 3134 2473 3191 his
2502 3132 2752 3190 omnibus
2777 3136 2938 3190 etiam
2969 3137 3245 3204 depositos
3274 3145 3328 3191 et
3351 3136 3559 3208 ejectos
3587 3135 3654 3189 ab
3680 3134 3776 3190 Ee-

2187 3226 2351 3281 clesia
2392 3228 2624 3282 Arianos
2672 3243 2776 3282 non
2828 3228 3002 3283 solum
3048 3211 3447 3300 susceperunt,
3493 3228 3587 3283 sed
3617 3227 3773 3283 etiam

2186 3321 2346 3393 603
2376 3322 2441 3375 ad
2473 3321 2733 3393 majorem
2764 3317 2989 3392 giadum
3021 3322 3409 3391 perduxerunt,
3438 3318 3466 3358 τι
3493 3321 3773 3376 diaconum
3802 3332 3809 3341 ί

2186 3412 2399 3484 quidem
2430 3413 2487 3469 in
2534 3415 2903 3486 presbyterum
2925 3455 2942 3481 ,
2966 3418 3029 3470 ek
3064 3414 3379 3486 presbytero
3414 3429 3548 3470 vero
3575 3413 3628 3468 in
3666 3411 3772 3482 epi-

2186 3520 2407 3576 scopum
2440 3507 2511 3563 ob
2533 3507 2735 3561 nullam
2767 3506 2926 3562 aliam
2957 3521 3200 3571 causam,
3233 3506 3334 3561 nisi
3364 3516 3421 3560 ut
3444 3505 3768 3576 impietatem

2193 3606 2467 3667 spargant,
2495 3607 2549 3653 et
2577 3596 2787 3652 latitent
2808 3595 2965 3671 [Lege
2992 3597 3259 3673 dilatent],
3295 3598 3435 3668 piam
3466 3612 3594 3654 vero
3615 3596 3769 3652 fidem

2190 3703 2560 3762 corrumpant.
2594 3692 2745 3765 [Sunt
2782 3703 2960 3748 autem
3016 3702 3137 3762 post
3176 3692 3466 3749 Eusebium
3502 3701 3525 3730 ο
3562 3701 3614 3746 et
3657 3691 3771 3769 ejus

2190 3785 2398 3840 socium
2428 3800 2572 3841 nunc
2613 3786 2873 3856 primates
2900 3785 3218 3841 Theodorus
3239 3783 3308 3841 de
3336 3783 3611 3849 Heraclea,
3642 3781 3769 3836 Nar-

2189 3876 2335 3932 cisus
2361 3894 2390 3933 a
2421 3878 2636 3933 Marona
2658 3878 2856 3934 Cilicia:
2884 3876 3078 3953 [Legea
3101 3876 3449 3949 Neroniade].
3473 3875 3769 3946 Stephanus

2188 3969 2511 4036 Antiochiae,
2544 3969 2768 4026 Aeacius
2796 3968 3057 4025 Caesarea:
3084 3969 3413 4035 Palestina,
3444 3966 3465 4006 τ
3496 3967 3771 4024 Narcissus

2191 4058 2453 4131 Marmiae,
2480 4061 2872 4132 Menephantus
2902 4062 3102 4131 Ephesi
3133 4062 3296 4125 Asiae,
3323 4059 3570 4116 Ursatius
3594 4057 3765 4127 Singi-

2189 4153 2338 4209 duno
2384 4152 2623 4219 Moesiae,
2654 4153 2851 4210 Valens
2897 4154 3073 4210 Mursa
3122 4154 3416 4210 Pannoniae
3457 4169 3475 4213 :
3521 4152 3608 4224 qui
3651 4150 3767 4207 illos

2190 4259 2313 4299 cum
2332 4245 2524 4316 quibus
2546 4243 2615 4300 de
2639 4244 2861 4301 Oriente
2883 4256 3167 4313 venerunt,
3195 4262 3369 4317 neque
3389 4257 3414 4293 8
3435 4247 3574 4317 apud
3598 4244 3765 4298 Asiam

2192 4342 2245 4395 in
2267 4339 2497 4396 concilio
2524 4341 2733 4405 venire,
2767 4356 2867 4397 nec
2894 4342 2960 4397 ad
2996 4341 3294 4398 Ecclesium
3330 4343 3423 4399 Dei
3456 4342 3656 4410 penitus
3680 4353 3763 4394 ac-

2192 4433 2386 4489 cedere
2416 4433 2820 4505 permittebant.
2854 4434 3025 4491 Etiam
3052 4433 3326 4492 Sardicam
3355 4435 3649 4497 venientes,
3672 4444 3760 4501 per

2194 4525 2398 4596 singula
2423 4540 2650 4598 quaeque
2683 4526 2797 4582 loca
2826 4537 3125 4583 conventus
3149 4527 3289 4583 inter
3314 4519 3375 4582 Se
3402 4525 3685 4589 faciebant,
3707 4531 3760 4576 et

2194 4633 2314 4672 cum
2329 4609 2866 4675 interminationibus
2898 4627 3190 4689 posuerunt
3218 4619 3500 4690 pactiones
3535 4616 3663 4681 sibi,
3702 4620 3759 4667 ut

522 4717 546 4763 t
569 4708 804 4777 jacuisse
823 4753 838 4777 ,
860 4716 920 4763 ut
939 4710 1101 4763 etiam
1131 4724 1196 4764 ex
1230 4709 1329 4764 hoc
1356 4708 1708 4764 milumniator
1736 4707 2078 4762 demonstra-
2106 4688 2161 4752 Π
2186 4694 2307 4764 cum
2339 4710 2613 4766 Sardicam
2642 4688 2948 4775 venissent.
2977 4712 3196 4768 omnino
3221 4688 3334 4766 non
3372 4708 3756 4785 ingrederentur

489 4808 665 4857 retur.
697 4799 849 4857 Unde
878 4800 947 4856 ob
974 4800 1112 4855 hanc
1132 4801 1456 4856 calumniam
1488 4799 1588 4869 ipsi
1612 4798 1848 4870 lschyrae
1875 4790 2083 4855 merce-

563 4969 590 4997 ει
613 4960 884 5028 lnterpres
903 4956 1493 5032 Graecumadjectivum
1516 4958 1902 5032 spumeum»
1930 4959 2074 5032 quod

490 5029 730 5103 Ischym
758 5034 1064 5103 apponitur,
1098 5029 1274 5103 minus
1312 5040 1459 5103 recte
1496 5029 1816 5103 di'vulsit_‘ac
1846 5031 2081 5103 reddidit

489 5099 637 5173 queui
667 5099 859 5156 dicturi.
896 5101 1224 5173 Epiphanius
1259 5110 1315 5156 et
1354 5100 1586 5156 Hilarius
1614 5099 1806 5156 melius
1844 5102 2082 5172 famosis-

489 5171 681 5229 simum
702 5173 959 5229 lsch‘iram
982 5171 1297 5243 praeferunt.

560 5243 590 5284 ι’
611 5245 667 5300 Id
697 5254 803 5308 est,
836 5245 1194 5315 praecedentia.

562 5326 587 5386 εἴ
618 5316 761 5386 Lege
788 5315 925 5369 credi
952 5330 1032 5381 ea,
1064 5328 1129 5370 ex
1159 5314 1326 5369 Hilar.

563 5384 591 5425 ἀ
620 5383 736 5442 Alia
766 5387 1090 5455 exemplaria
1123 5395 1233 5440 tum
1265 5385 1474 5453 Grzeca,
1508 5392 1618 5456 tum
1654 5383 1863 5452 Latina,
1891 5387 2083 5456 plurali

490 5473 718 5514 numero
739 5453 972 5513 ell'et'unt
1003 5472 1020 5512 :
1046 5456 1305 5511 Diaconos
1334 5458 1392 5510 in
1422 5453 1765 5526 presbyteros,
1798 5453 1904 5513 etc.

567 5538 592 5565 ο
620 5531 674 5582 In
707 5527 897 5583 Granco
926 5529 1123 5582 desunt
1153 5529 1289 5591 haec,
1322 5536 1367 5581 et
1398 5530 1511 5596 ejus
1557 5526 1776 5597 socium.
1809 5528 1962 5597 Apud
1991 5527 2084 5585 Hi-

486 5598 680 5672 larium
714 5599 941 5672 habetur
966 5609 1081 5672 post
1122 5598 1558 5672 Eusebiumduo.
1609 5596 1960 5672 constantius
2007 5602 2083 5657 leo

488 5670 719 5752 gendum
752 5669 1091 5752 ntottoit'post
1116 5669 1363 5752 Eusebia
1385 5669 1513 5752 diros
1536 5687 1555 5724 :
1583 5669 1668 5723 cui
1694 5671 1907 5752 lectioni
1939 5670 2081 5752 favet

488 5740 623 5795 illud
672 5742 915 5802 eiusdem
966 5742 1149 5795 Hilarii
1181 5740 1275 5795 lib.
1308 5757 1324 5795 ι
1366 5741 1432 5794 ad
1467 5740 1880 5808 Constantium,
1911 5758 1966 5796 η.
1997 5745 2029 5797 5
2063 5761 2075 5800 :

486 5807 582 5865 Nu
590 5825 677 5880 per
692 5811 962 5866 didicimus
981 5821 1266 5866 commento
1280 5811 1384 5864 haec
1395 5815 1447 5880 fu
1455 5816 1550 5866 isse
1570 5818 1795 5880 irruente,
1826 5824 1872 5865 et
1888 5830 1921 5865 a
1950 5813 2078 5868 duo-

486 5881 582 5936 bus
609 5878 858 5951 Eusebiis,
882 5891 1010 5950 etc.,
1039 5881 1335 5953 praesertim
1353 5878 1474 5938 cum
1498 5884 1571 5938 ibi
1598 5878 1828 5954 Georgio
1843 5894 2078 5953 excepto

2188 4803 2243 4858 in
2281 4801 2565 4873 judicium,
2623 4816 2723 4858 nec
2751 4817 2870 4856 cum
2921 4814 3104 4859 sancta
3148 4802 3356 4874 synodo
3399 4800 3753 4859 convenirent;

2184 4958 2372 5027 iidem,
2405 4960 2493 5030 qui
2541 4959 2629 5015 ltic
2659 4960 2931 5030 episcopi,
2963 4961 3172 5017 duobus
3200 4963 3450 5017 Eusebiis
3480 4961 3753 5032 adiungan-

2187 5040 2297 5086 tur.
2330 5033 2518 5085 Nostra
2551 5034 2724 5087 \‘ersio
2754 5032 2818 5087 iis
2856 5033 3035 5087 verbis
3089 5046 3133 5089 et
3163 5037 3276 5101 eius
3312 5036 3506 5088 socium
3553 5036 3750 5087 alterunt

2190 5101 2479 5157 Eusebium
2532 5104 2762 5171 indicat,
2823 5106 3076 5159 niurrum
3124 5104 3528 5161 Cmsareensem
3581 5113 3749 5174 prtctcr

2188 5174 2675 5230 Ncontediensem.

2266 5245 2285 5284 ί
2319 5244 2429 5300 Nec
2450 5244 2799 5311 Athanasius,
2833 5260 2936 5301 nec
2962 5246 3215 5314 Hilarius,
3248 5263 3345 5302 nec
3371 5245 3746 5314 Theodoreus.

2188 5323 2283 5388 aut
2334 5317 2696 5388 Epiphanius,
2741 5331 2842 5373 nec
2873 5318 2991 5371 aliae
3020 5312 3261 5387 epistolae
3291 5328 3414 5388 post
3433 5312 3745 5388 subjicienda!

2193 5383 2393 5461 habent
2442 5383 2585 5461 hunc
2613 5388 2842 5461 alterum
2874 5383 3214 5456 Narcissum;
3238 5383 3334 5445 sed
3365 5406 3463 5461 pro
3488 5383 3551 5445 eo
3578 5383 3743 5461 solisti-

2198 5459 2426 5532 tuendus
2452 5460 2714 5528 Georgius
2742 5460 3051 5526 Laodiceae,
3082 5462 3172 5532 qui
3204 5461 3343 5532 apud
3366 5458 3590 5517 eosdem
3631 5458 3743 5512 inter

2194 5528 2478 5584 damnatos
2507 5542 2838 5586 recensetur.

2264 5611 2301 5676 ιεΔ
2323 5602 2451 5657 Haec
2492 5604 2654 5676 verba
2684 5603 2824 5676 apud
2850 5603 3029 5676 Asiam
3075 5618 3173 5660 nec
3202 5604 3254 5659 in
3299 5602 3530 5668 Grmcis,
3564 5613 3669 5676 [nec
3699 5609 3738 5676 {II

2190 5672 2395 5746 Latinis
2433 5675 2831 5742 exemplaribus
2870 5675 3137 5746 leguntur.
3173 5677 3443 5746 Interpres
3481 5674 3656 5746 legisse
3678 5672 3737 5746 v_i<

2190 5744 2347 5822 detur
2376 5750 2565 5822 εἰςτήν
2594 5736 2761 5801 ῖΔσίαν
2783 5761 2880 5813 pro
2913 5736 3001 5822 ⁸’έίρῖ
3039 5753 3130 5807 τήν
3169 5736 3333 5822 ἁγίαν’
3364 5736 3597 5822 σῇγοδξνς
3626 5736 3736 5820 unde

2188 5816 2561 5885 corrigendum
2605 5827 2688 5871 est
2718 5831 2882 5886 neque
2906 5817 2961 5871 in
3004 5816 3236 5873 sanctum
3267 5819 3534 5873 concilium
3580 5816 3736 5867 ventre.
