3998 6346
265 458 373 516 8ιῦ

631 457 856 516 VETUS
893 455 1218 513 CANONUM
1259 456 1534 524 NIC.EN.,
1574 455 1772 511 SARD.
1817 456 1904 512 ET
1943 457 2280 516 CllAlAIED.
2329 461 2884 523 INTERPRETATIO
2923 467 3198 526 LATINA.

3356 503 3359 505 -
3442 473 3546 531 846

263 581 362 637 sed
381 589 587 637 tantum
608 583 904 647 venientes,
925 579 1235 649 imaginarie
1262 578 1550 633 adventum
1575 591 1732 631 suum
1761 575 1855 630 de—
1881 577 1936 639 Δ
1961 588 2216 647 scopatu;
2257 589 2313 636 et
2341 585 2632 640 statuimus
2662 602 2766 640 non
2796 587 2966 642 solum
2988 602 3083 643 eos
3113 589 3396 660 episcopos
3438 607 3549 650 non

263 686 650 744 monstrarent,
681 693 746 733 ac
771 677 1026 733 velociter
1070 678 1315 746 fugerunt
1362 674 1518 748 [Lege
1555 672 1848 744 fugerent].

263 769 392 824 Haec
421 778 600 826 autem
645 770 785 826 scire
831 769 1103 839 potuimus
1141 784 1171 822 a
1223 766 1607 822 comministris
1653 767 1854 820 nostris

264 869 294 898 ι
317 860 551 917 Macario
581 861 882 917 Palaestina!
917 871 971 917 et
1011 863 1225 916 Asterio
1254 860 1320 915 de
1362 860 1580 927 Arabia,
1612 861 1700 930 qui
1733 874 1852 914 cum

266 955 401 1026 ipsis
424 967 685 1012 venerunt
715 966 769 1012 et
789 957 860 1011 ab
882 956 1069 1028 eadem
1093 953 1468 1011 incredulitate
1484 962 1853 1024 recesserunt.

263 1046 359 1103 isti
389 1049 534 1104 enim
561 1048 627 1102 ad
669 1058 908 1104 sanctam
939 1046 1203 1118 synodum
1235 1048 1512 1103 venientes
1544 1045 1853 1100 violentiam

264 1137 440 1213 [Adde
469 1139 652 1212 quam]
683 1140 825 1211 passi
856 1149 1001 1204 sunt,
1033 1154 1155 1194 cum
1185 1138 1434 1210 lacrymis
1465 1145 1850 1208 exposuerunt.

258 1229 410 1286 Nihil
456 1242 634 1288 autem
678 1243 883 1288 rectum
915 1232 1056 1302 apud
1086 1247 1180 1288 eos
1208 1231 1325 1286 fieri
1355 1230 1626 1286 dicebant.
1676 1229 1853 1285 Etiam

260 1323 364 1379 boc
391 1324 691 1392 addebant,
723 1340 846 1381 esse
871 1325 1128 1395 quosdam
1160 1334 1322 1380 rectae
1347 1323 1502 1389 ﬁdei;
1526 1333 1580 1379 et
1613 1323 1854 1377 intermi-

259 1418 574 1474 nationibus
621 1429 782 1490 atque
830 1417 1262 1475 accusationibus
1304 1417 1575 1489 prohiberi
1628 1417 1693 1472 ad
1753 1431 1852 1472 nos

259 1512 434 1585 [Adde
454 1513 678 1584 venire].
706 1513 815 1568 llac
835 1513 902 1568 de
921 1527 1083 1568 causa
1114 1512 1170 1566 in
1192 1527 1294 1567 una
1316 1511 1478 1566 domo
1506 1525 1852 1567 commanere

256 1609 606 1672 studuerunt,
623 1609 768 1662 nullo
790 1619 1064 1662 momento
1081 1621 1175 1661 eos
1196 1605 1437 1675 separari
1453 1605 1848 1675 permittentes.

325 1701 594 1769 Quoniam
643 1702 803 1771 igitur
843 1716 950 1756 non
998 1698 1282 1770 oportebat
1331 1709 1526 1764 tacere,
1585 1697 1718 1752 etin
1759 1711 1853 1751 oc-

251 1797 432 1848 cultas
483 1793 637 1865 [Lege
674 1791 894 1863 inultas]
941 1806 1128 1848 eorum
1171 1792 1478 1861 relinquere
1518 1791 1848 1856 calumnias,

248 1887 497 1954 vincula,
530 1887 839 1957 homicidia,
883 1887 1095 1958 plagas,
1125 1886 1288 1942 falsas
1315 1885 1592 1954 epistolas,
1625 1886 1848 1939 mulcta—

248 1983 455 2046 tiones.
507 1983 772 2052 virginum
824 1981 1170 2049 nudationes,
1201 1979 1432 2044 exsilia,
1485 1979 1850 2036 Ecclesiarum

244 2075 676 2142 destructiones,
709 2075 984 2139 incendia,
1018 2073 1398 2129 translationes
1427 2073 1497 2128 de
1519 2071 1756 2127 minimis
1782 2071 1850 2127 ad

245 2170 494 2240 majores
522 2170 806 2236 civitates,
847 2179 901 2225 et
947 2178 1073 2225 ante
1120 2168 1300 2222 omnia
1342 2168 1704 2236 insurgentem
1755 2181 1852 2236 per

245 2265 404 2333 ipsos
433 2263 694 2320 adversus
742 2272 943 2319 rectam
980 2261 1137 2317 fidem
1168 2259 1486 2316 maledicam
1527 2259 1848 2313 Arianorum

244 2354 507 2412 haeresim
540 2373 551 2408 :
594 2353 756 2426 604
782 2354 881 2408 hac
915 2353 985 2408 de
1015 2367 1176 2408 causa
1231 2350 1608 2405 dilectissimos
1655 2349 1848 2403 fratres

243 2460 503 2512 nostros,
559 2459 614 2504 et
651 2447 1070 2504 consacerdotes
1110 2445 1463 2500 Athanasium
1507 2443 1846 2498 Alexandriae

239 2542 586 2611 episcopum,
615 2549 672 2595 et
700 2539 1010 2595 Marcellum
1041 2538 1268 2610 Ancyra:
1296 2534 1519 2592 Galatia:
1541 2575 1555 2599 ,
1580 2545 1632 2589 et
1663 2535 1848 2589 Ascle-

239 2650 368 2706 pam
399 2634 578 2701 Gazae,
611 2643 665 2690 et
693 2648 786 2689 eos
815 2633 905 2703 qui
933 2647 1052 2687 cum
1087 2632 1218 2701 ipsis
1248 2630 1559 2684 ministrant
1593 2626 1840 2695 Domino,

239 2730 566 2785 innocentes
597 2737 652 2784 et
678 2728 921 2783 sinceras
949 2740 1070 2781 esse
1102 2726 1514 2794 pronuntiamus
1535 2764 1550 2787 ,
1600 2720 1626 2760 δ
1657 2733 1710 2776 ut
1751 2737 1844 2776 cu-

238 2821 436 2892 jusque
467 2829 796 2892 cognoscant
827 2819 1085 2875 Ecclesia:
1113 2818 1292 2890 populi
1337 2819 1419 2873 sui
1460 2817 1698 2887 episeopi
1731 2818 1845 2870 sin-

237 2913 523 2969 ceritatem
568 2923 624 2968 et
673 2912 814 2967 hunc
871 2911 1069 2967 habere
1115 2911 1463 2980 episcopum,
1514 2908 1736 2980 [Supple
1767 2907 1842 2980 et]

237 3015 560 3076 exspectare
605 3025 618 3059 :
665 3020 950 3077 aggressos
981 3018 1110 3060 vero
1156 3015 1176 3042 ε
1214 3002 1577 3058 Ecclesiarum
1605 3003 1842 3071 ipsorutu

236 3098 504 3168 judicium
524 3097 768 3169 luporum
797 3095 1083 3168 Georgium
1104 3095 1468 3162 Alexandriae,
1488 3106 1540 3149 et
1566 3095 1839 3162 Basiliam,

239 3201 298 3247 et
347 3190 708 3258 Quincianum
757 3188 864 3244 Gaz
883 3207 936 3257 ρ,
968 3204 1067 3244 nec
1095 3189 1380 3258 episcopos
1409 3185 1708 3253 nominari,
1741 3199 1843 3240 nec

236 3282 586 3336 Christianos
615 3281 828 3352 penitus
858 3278 1142 3351 appr-nari,
1175 3295 1272 3334 nec
1317 3278 1548 3350 aliquam
1578 3295 1698 3332 cum
1755 3278 1840 3333 his

1961 685 2113 737 esse,
2147 671 2239 726 sed
2273 690 2370 730 nec
2414 679 2846 733 communionem
2879 694 3000 734 cum
3033 681 3278 736 lidelibus
3323 685 3542 740 mereri.

1959 766 2282 834 Separantes
2311 770 2452 824 enim
2497 771 2686 826 Filium
2735 789 2764 827 a
2796 775 3093 829 substantia
3127 777 3335 843 Patris,
3383 793 3446 833 ac
3475 779 3546 834 de

1960 860 2264 926 aequalitate
2316 863 2611 920 alienantes
2659 865 2892 922 Verbum
2943 884 2971 922 a
3020 869 3213 938 Patre,
3267 877 3542 942 segregari
3592 910 3619 928 .-

1959 959 2173 1018 oportet
2209 966 2244 1008 a
2289 953 2550 1011 catholica
2608 958 2869 1026 Ecclesia,
2911 971 2966 1016 et
2995 961 3216 1018 alienari
3246 979 3275 1017 a
3323 967 3544 1022 nomine

1961 1041 2408 1099 Christianorum.
2441 1045 2522 1102 Sit
2571 1048 2730 1116 igitur
2763 1051 3012 1107 omnibus
3045 1054 3194 1109 vobis
3223 1037 3540 1124 anathema,

1960 1147 2179 1208 prapter
2197 1141 2341 1211 quod
2371 1151 2395 1180 ο
2421 1144 2673 1214 uegetiati
2699 1155 2824 1201 sunt
2855 1149 3088 1203 Verbum
3111 1153 3369 1206 veritatis.
3398 1159 3543 1220 Apo-

1958 1231 2144 1288 stolica
2185 1235 2384 1289 etenim
2416 1244 2500 1291 est
2548 1239 2835 1306 praeceptio
2868 1257 2881 1292 :
2913 1240 3107 1310 Siquis
3151 1245 3287 1297 vobis
3331 1261 3540 1300 annun-

1957 1325 2154 1380 tiaverit
2210 1335 2555 1399 prater-quam
2600 1331 2741 1400 quod
2787 1333 3090 1400 accepistis,
3140 1338 3203 1390 sit
3243 1341 3536 1394 anathema.

1955 1415 2170 1473 Nullum
2229 1418 2312 1474 his
2359 1422 2757 1478 communicare
2815 1427 3086 1494 praecipue
3136 1445 3149 1482 :
3203 1431 3344 1485 nulla
3393 1433 3538 1492 enim

1954 1510 2260 1566 communio
2302 1514 2536 1569 tenebris
2565 1529 2686 1570 cum
2722 1516 2860 1573 luce.
2911 1517 3090 1590 Longe
3129 1535 3317 1578 omnes
3348 1525 3540 1591 facite;

1955 1619 2056 1660 nec
2084 1606 2227 1662 enim
2258 1615 2342 1661 est
2369 1608 2545 1678 aliqua
2587 1611 2874 1666 conventio
2899 1612 3115 1668 Christo
3143 1631 3262 1670 cum
3297 1618 3474 1672 Beliab
3519 1635 3536 1673 :

1953 1707 2009 1753 et
2049 1699 2354 1768 observate,
2387 1699 2583 1756 fratres
2610 1702 2966 1772 dilectissimi,
2995 1720 3182 1762 eorum
3214 1709 3418 1767 litteras
3450 1726 3538 1767 su-

1955 1783 2164 1860 scipere
2193 1791 2277 1846 vel
2320 1791 2386 1847 iis
2430 1793 2687 1849 scribere.
2719 1793 2944 1853 Studete
2973 1799 3135 1853 etiam
3186 1816 3314 1864 vos,
3346 1800 3544 1859 fratres

1954 1883 2133 1939 dilecti
2171 1895 2226 1940 ct
2274 1885 2436 1958 605
2465 1887 2854 1955 comministri,
2905 1889 3094 1958 spiritu
3147 1902 3442 1961 praesentes
3485 1895 3545 1952 in

1880 1962 1930 2022 Β
1955 1977 2162 2048 synodo
2207 1987 2391 2032 nostra
2412 2017 2428 2042 ,
2473 1981 2777 2035 consentire
2808 1989 2864 2035 et
2895 1983 3242 2051 pronuntiare
3271 2001 3364 2054 per
3407 1986 3543 2042 scri~

1956 2070 2164 2140 ptiones
2183 2081 2406 2137 vestras,
2424 2087 2532 2142 quo
2555 2073 2694 2142 apud
2717 2088 2907 2132 omnes
2932 2076 3128 2148 ubique
3142 2080 3546 2137 comministros

1953 2171 2167 2217 nostros
2195 2173 2440 2219 servetur
2469 2179 2722 2220 assensus
2759 2165 2802 2221 τ.

2023 2253 2152 2309 illos
2179 2255 2490 2312 abdicamus
2519 2268 2574 2313 et
2603 2258 2949 2327 deportamus
2986 2277 3014 2315 a
3059 2263 3321 2319 catholica
3350 2266 3541 2322 Eccle-

1951 2345 2052 2410 sia,
2086 2349 2173 2417 qui
2206 2347 2477 2403 allirmaut
2525 2350 2666 2419 quod
2698 2350 2837 2406 Deus
2885 2353 3099 2424 quidem
3141 2364 3225 2410 est
3269 2355 3546 2422 Christus,

1951 2439 2046 2494 sed
2072 2455 2234 2494 verus
2257 2441 2398 2495 Deus
2428 2457 2535 2496 non
2561 2452 2668 2508 est,
2700 2444 2821 2514 quia
2854 2446 2994 2500 illius
3023 2457 3138 2513 est;
3169 2449 3263 2503 sed
3291 2458 3345 2504 et
3377 2465 3546 2506 verus

1953 2532 2094 2584 filius
2127 2547 2231 2586 non
2266 2542 2378 2600 est,
2409 2533 2552 2604 quod
2592 2545 2747 2590 natus
2778 2549 2860 2592 est
2899 2540 3058 2593 simul
3090 2549 3144 2594 et
3176 2551 3198 2587 ετ
3225 2541 3427 2603 factus;
3459 2543 3541 2602 sie

1950 2625 2093 2680 enim
2128 2625 2429 2696 intelligere
2458 2639 2788 2685 censuerunt
2818 2640 3022 2697 natum,
3060 2631 3087 2670 δ
3132 2635 3221 2705 qui
3278 2634 3542 2702 fatentur.

1949 2719 2088 2800 sicut
2139 2731 2296 2785 supra
2327 2717 2599 2788 dixerunt,
2630 2723 2753 2793 quia
2785 2723 2926 2794 quod
2958 2734 3141 2780 natum
3191 2737 3270 2782 est
3291 2769 3305 2791 ,
3341 2728 3542 2788 factum

1949 2821 2026 2865 est
2047 2826 2060 2874 ;
2085 2820 2136 2864 et
2167 2811 2404 2880 Christo,
2437 2829 2556 2869 cum
2589 2817 2660 2870 sit
2687 2827 2812 2873 ante
2841 2821 3060 2888 secula,
3090 2822 3218 2876 dant
3247 2823 3454 2878 initium
3483 2831 3542 2882 et

1950 2901 2134 2966 finem,
2167 2905 2304 2971 quod
2339 2920 2443 2959 non
2479 2921 2542 2961 ex
2576 2915 2840 2978 tempore,
2869 2911 2963 2966 sed
2994 2923 3118 2969 ante
3145 2930 3306 2970 omne
3329 2926 3542 2986 tempus

1949 2993 2171 3066 [Supple
2215 2996 2646 3069 generationem]
2699 2999 2882 3056 habet.
2934 3003 2998 3058 Et
3029 3005 3082 3058 in
3119 3006 3368 3073 praesenti
3415 3012 3542 3066 dea

1947 3096 2228 3157 serpentes
2260 3105 2325 3142 ex
2375 3091 2571 3144 Ariana
2591 3092 2778 3163 aspide
2805 3102 2942 3150 natae
2963 3104 3088 3150 sunt
3111 3096 3308 3154 Valens
3338 3108 3392 3153 et
3433 3099 3541 3158 U'r-

1947 3184 2134 3248 satius,
2169 3185 2255 3254 qui
2283 3186 2582 3256 gloriantur
2601 3196 2654 3242 et
2686 3204 2791 3242 non
2819 3189 3066 3246 dubitant
3106 3192 3285 3248 dicere
3323 3210 3384 3250 se
3415 3210 3542 3253 esse

1947 3276 2306 3346 Christianos,
2360 3288 2415 3333 et
2439 3281 2577 3348 quod
2606 3280 2862 3349 Verbum,
2894 3293 2946 3337 et
2976 3286 3196 3354 spiritus
3225 3288 3539 3344 vulneratus

235 3375 448 3432 habere
474 3375 932 3440 communionem,
970 3375 1054 3430 vel
1086 3389 1273 3429 eorum
1307 3374 1511 3428 litteras
1539 3373 1834 3443 suscipere,
1866 3343 1914 3410 ο
1945 3377 2049 3436 est,
2084 3378 2136 3424 et
2166 3371 2408 3432 occisus.
2441 3381 2497 3426 et
2522 3381 2788 3439 mortuus,
2819 3384 2874 3430 et
2919 3380 3248 3444 resurrexit;
3288 3390 3342 3435 et
3391 3381 3542 3450 quod

237 3468 332 3524 vel
369 3467 437 3522 ad
483 3468 631 3538 ipsos
659 3468 918 3524 scribere.
949 3467 1293 3522 Theodorum
1323 3467 1697 3522 lleracleatum
1732 3466 1839 3520 Eu-

238 3575 392 3630 rOpre
415 3577 536 3616 cum
569 3564 680 3616 suis
710 3562 777 3617 de
802 3560 958 3634 [Lege
986 3559 1314 3631 Neroniade]
1346 3560 1585 3616 Maronie
1612 3560 1834 3622 Ciliciae,

235 3665 295 3711 et
313 3653 581 3710 Ctesarea:
611 3655 914 3710 Palaestina:
940 3655 1284 3722 Narcissum,
1317 3665 1371 3709 ct
1401 3654 1678 3718 Acacium,
1711 3655 1835 3709 Stc-

235 3747 479 3817 phanum
544 3747 1007 3813 Antiocliensem,
1062 3745 1338 3802 Ursacinm
1387 3746 1836 3815 Singiduneusem

235 3840 442 3896 Mtesiae
467 3883 484 3906 ,
515 3850 569 3894 et
606 3830 885 3895 Valentem
932 3841 1261 3894 .“lll'sellseili
1296 3838 1618 3902 Pannoniae,
1652 3837 1833 3893 Meno-

237 3930 500 4000 phantum
524 3929 837 3999 Ephesium,
865 3930 1152 4000 Georgium
1180 3931 1442 3985 Laodicia:
1465 3931 1613 3998 (licet
1639 3933 1834 3986 timens

236 4039 348 4078 non
399 4021 633 4077 adfuerit
665 4022 732 4076 de
771 4023 1028 4088 Oriente,
1087 4031 1264 4077 tamen
1312 4037 1378 4078 eo
1420 4022 1562 4092 quod
1605 4038 1632 4074 a
1676 4022 1834 4077 beato

234 4115 550 4172 Alexandro
572 4116 824 4186 episcopo
861 4115 1211 4171 Alexandria:
1240 4116 1516 4186 depositus
1548 4117 1638 4186 sit)
1663 4113 1688 4152 ἀ
1715 4132 1836 4186 pro-

238 4218 357 4278 pter
381 4223 439 4265 se
469 4223 529 4264 ac
561 4224 687 4263 suos
708 4208 944 4280 collegas
974 4211 1225 4280 Arianos,
1257 4220 1312 4266 ct
1337 4212 1405 4267 ob
1433 4209 1589 4283 [Lege
1615 4211 1715 4282 cis)
1739 4226 1834 4266 eos

237 4300 385 4356 illata
429 4301 672 4368 crimina,
721 4316 909 4358 omnes
938 4312 1121 4358 sancta
1152 4303 1392 4376 synodus
1439 4303 1690 4374 deposuit
1717 4303 1836 4374 epi-

315 4517 343 4546 ι
391 4507 466 4562 lta
507 4505 720 4577 quidem
768 4505 930 4562 etiam
961 4506 1130 4562 Graeci
1179 4504 1392 4561 codices
1438 4503 1720 4559 Athanasii
1769 4517 1832 4559 ac

239 4578 592 4642 Theodoreti,
622 4593 721 4632 nec
753 4594 858 4632 non
893 4577 1222 4647 Epiphanius
1258 4578 1345 4645 qui
1386 4589 1537 4644 aeque
1567 4591 1628 4647 ac
1649 4583 1833 4628 uoster

239 4653 511 4718 interpres
544 4666 608 4704 ex
651 4647 841 4702 Grreco
871 4645 1121 4703 reddidit.
1155 4650 1228 4701 At
1271 4647 1546 4716 exemplar
1579 4645 1833 4718 Eatinum

240 4715 428 4779 Hilarii
459 4722 638 4774 Arium
663 4719 834 4774 habet.
869 4720 1024 4778 Enim
1050 4734 1177 4774 vero
1207 4719 1395 4783 Arius,
1427 4715 1536 4772 non
1569 4715 1834 4770 Macarius

240 4797 293 4850 in
322 4792 806 4861 subscriptionihus
855 4790 1294 4852 S..irdicensibus,
1325 4803 1378 4844 et
1421 4793 1496 4861 in,
1526 4789 1834 4861 nominibus

240 4860 780 4935 episcoporuniapud
808 4865 977 4935 ipsum
1002 4861 1352 4935 Athanasium
1391 4860 1594 4935 _legit_nr
1631 4877 1645 4913 :
1681 4860 1834 4927 isque

241 4914 549 5005 itinepisrtola
573 4914 646 4986 ad
674 4914 1272 5005 solita'riosaliAriauis
1303 4914 1691 5005 maleualfectos
1715 4914 1830 5005 _t'ra-
1856 4914 1913 4977 D

241 5007 338 5070 dit,
360 5001 554 5060 tArium
584 5014 626 5058 ct
658 5005 946 5069 Asterium,
983 5008 1201 5056 alterum
1235 5001 1403 5056 Petrce
1428 5003 1480 5055 in
1515 5003 1825 5066 Palaestina,

242 5079 464 5132 alterum
508 5073 676 5130 Petra:
705 5077 757 5128 in
790 5077 1008 5137 Arabia,
1039 5077 1124 5142 qui
1154 5075 1214 5126 ab
1247 5074 1370 5144 ipsis
1399 5074 1733 5126 desciverant.
1772 5074 1827 5126 in

243 5152 433 5203 eodem
481 5161 642 5215 porro
677 5146 924 5214 exemplo
953 5147 1136 5201 Hilarii
1166 5149 1292 5198 Ario
1339 5145 1476 5198 male
1522 5145 1830 5214 adjnugitur

245 5219 562 5289 Stephanus,
593 5218 680 5270 ubi
714 5219 943 5289 Asterius
966 5215 1366 5289 substituendus
1395 5226 1494 5269 est.

312 5284 350 5329 δ’
377 5289 452 5344 Ex
494 5289 612 5344 aliis
643 5297 754 5341 tum
785 5286 1016 5351 Graecis,
1052 5297 1160 5341 tum
1207 5287 1404 5342 Latinis
1435 5284 1833 5355 exemplaribus

245 5360 541 5432 supplenda
589 5369 718 5413 sunt
749 5375 761 5410 :
793 5360 1063 5412 scribentes
1101 5360 1169 5411 ad
1205 5373 1617 5427 unamquamque
1658 5371 1834 5409 eorum

246 5433 581 5503 provinciam,
608 5440 684 5503 nt,
711 5439 817 5503 etc.
851 5501 858 5503 _
1279 5500 1288 5503 _
1568 5498 1581 5503 _
1719 5476 1740 5485 ..

321 5516 340 5541 ε
375 5505 516 5570 Lege
553 5502 802 5554 Ecclesiae
844 5501 1070 5569 ipsorum
1102 5517 1238 5554 more
1271 5500 1532 5570 luporum.
1568 5498 1824 5570 Intet‘prei

249 5591 343 5643 pro
373 5569 506 5627 voCe
531 5572 672 5628 δίκυν
699 5586 858 5638 more,
889 5572 1013 5641 legit
1045 5569 1274 5626 fortasse
1305 5569 1449 5628 δικὴν
1467 5569 1747 5641 justitiam,
1779 5575 1835 5624 et

242 5647 498 5716 judicium
528 5646 775 5716 reddidit.

318 5715 343 5752 ἀ
369 5719 476 5769 Cia:
497 5717 575 5766 ius
593 5714 731 5782 apud
769 5714 1023 5768 Hilarium
1051 5732 1062 5766 :
1092 5724 1135 5767 et
1158 5714 1295 5784 quod
1323 5714 1389 5766 sit
1415 5723 1519 5766 tam
1547 5712 1659 5775 ille,
1681 5725 1836 5784 quam

247 5788 402 5839 etiam
431 5790 614 5844 ueteri,
647 5790 729 5852 qui
774 5785 1122 5846 comprehensi
1145 5782 1259 5839 sunt
1329 5785 1517 5838 furoris
1548 5782 1725 5836 Ariani
1788 5791 1837 5836 et

247 5868 515 5925 proptere:
546 5856 739 5925 objecta
771 5858 1006 5907 crimina.

325 5937 347 5964 ⁸
375 5927 432 5980 ω
462 5935 565 5985 est.
605 5929 1035 5981 adulteraverunt.

1945 3462 2146 3517 assolet
2178 3463 2552 3519 haereticorum
2581 3477 2876 3522 conventus
2899 3469 3257 3536 contendere,
3298 3473 3539 3529 diversas

1943 3570 2066 3610 esse
2093 3556 2420 3612 substantias
2471 3557 2668 3624 Patris,
2708 3567 2763 3615 et
2793 3558 2943 3629 Filii,
2975 3571 3030 3617 et
3057 3561 3286 3632 Spiritus
3327 3567 3537 3632 sancti.

1941 3659 1994 3704 et
2023 3664 2143 3704 esse
2174 3650 2522 3720 separabiles.

2013 3744 2122 3799 Nos
2150 3755 2328 3800 autem
2357 3745 2495 3800 hanc
2533 3745 2869 3817 suscepimus
2903 3757 2957 3803 et
2983 3748 3129 3806 docti
3154 3756 3363 3818 sumus,
3395 3755 3537 3810 hanc

1944 3835 2207 3892 habemus
2247 3837 2568 3894 catholicam
2613 3849 2666 3894 et
2692 3841 3042 3910 apostolicam
3086 3845 3450 3913 traditionem,
3478 3855 3540 3909 et

1946 3929 2130 3997 tidem,
2178 3938 2234 3985 et
2286 3929 2680 3988 c0nfessionem
2724 3951 2740 3988 :
2784 3949 2944 3989 unam
2997 3951 3116 3992 esse
3156 3937 3536 4007 substantiam,

1944 4040 2105 4094 quam
2139 4025 2235 4094 ipsi
2265 4023 2438 4080 Grtnci
2466 4027 2636 4081 usiam
2673 4028 2964 4098 appellant,
2999 4027 3195 4096 Patris,
3225 4041 3280 4087 et
3311 4029 3451 4098 Filii,
3480 4042 3538 4090 et

1943 4115 2174 4187 Spiritus
2207 4119 2413 4184 sancti;
2456 4127 2511 4174 et
2549 4121 2593 4173 si
2631 4123 2823 4189 quaerit
2850 4121 2970 4191 quis
3000 4122 3120 4177 Filii
3156 4122 3534 4194 substantiam,

1943 4221 2027 4266 est
2059 4227 2152 4280 pro
2183 4219 2332 4267 certo
2363 4211 2476 4266 haec
2510 4209 2524 4248 ί
2561 4227 2719 4281 quam
2750 4213 2914 4269 solius
2936 4214 3055 4270 sine
3077 4213 3256 4279 Patre,
3279 4217 3422 4286 quod
3451 4225 3542 4278 est

1945 4301 2202 4368 Verbum,
2238 4301 2492 4373 Spiritus.
2526 4303 2828 4358 Absurdum
2867 4305 3012 4360 enim
3042 4314 3126 4361 est
3170 4321 3313 4363 nunc
3352 4307 3539 4364 dicere

2021 4501 2038 4541 ι
2084 4503 2236 4572 Apud
2265 4501 2615 4576 Athanasium
2655 4512 2708 4558 et
2739 4503 2996 4559 Hilarium
3024 4504 3241 4560 additur
3269 4506 3543 4576 clausula,"

1941 4589 2168 4644 quarum
2200 4576 2368 4628 altera
2401 4572 2604 4628 Graecis
2643 4576 2980 4630 communior
3010 4577 3254 4632 redditur
3284 4579 3361 4632 sic
3390 4595 3402 4631 :
3434 4572 3533 4632 Di;

1939 4647 2058 4720 vina
2093 4646 2413 4720 prouidentia
2437 4660 2642 4720 sanctos
2680 4657 2729 4700 et
2756 4648 2900 4701 laetos
2928 4664 3015 4720 vos
3042 4660 3321 4714 conservet,
3349 4650 3535 4720 fratres

1939 4718 2110 4792 dilecti
2130 4735 2146 4770 :
2166 4717 2332 4792 altera
2356 4715 2686 4792 Latinoruur
2695 4720 2907 4792 propria
2929 4737 2942 4772 :
2965 4719 3216 4791 Optamus
3239 4715 3425 4792 fratres
3447 4737 3536 4776 vos

1937 4788 1990 4841 in
2024 4786 2246 4862 Domino
2287 4788 2410 4862 bene
2439 4791 2622 4844 valere.
2658 4788 2878 4862 Reliqua
2909 4786 3055 4854 vero,
3086 4809 3204 4862 quae
3239 4786 3534 4860 expositio-

1941 4875 2061 4912 nem
2092 4860 2214 4914 lidei
2245 4859 2545 4932 continent,
2577 4861 2715 4928 apud
2760 4859 3158 4918 'I'beodoretum
3190 4859 3412 4932 ejusque
3447 4865 3534 4916 in-

1941 4939 2230 4995 terpretem
2257 4930 2615 5000 Epiphanium
2645 4934 2911 5000 leguntur.
2937 4937 3016 4987 Ab
3038 4930 3330 4987 Athanasio
3349 4943 3532 4990 autem

1939 5010 1994 5074 et
2025 5000 2230 5057 Hilario
2257 5003 2454 5056 omissa
2487 5013 2634 5069 sunt,
2665 5003 2788 5073 quia
2831 5005 2954 5061 licet
2992 5004 3045 5059 in
3079 5005 3286 5074 synodo
3332 5020 3532 5073 propo-

1941 5071 2067 5207 gigg,’
2088 5085 2305 5213 geoc'epttﬁ
2333 5088 2440 5127 non
2458 5071 2695 5130 fuerunt.
2719 5075 2916 5130 Confer
2940 5071 3162 5130 notauit
3183 5071 3400 5146 (Supra,
3430 5076 3531 5132 col.

1980 5142 2067 5207 59,
2099 5155 2207 5197 not.
2237 5142 2304 5207 ί).

2016 5223 2041 5259 8
2081 5213 2268 5290 Grtcce
2295 5216 2434 5290 apud
2472 5215 2872 5290 Theodoretum
2911 5219 3197 5290 ὰγὲνυητος,
3232 5215 3374 5286 apud
3405 5215 3531 5286 Epi-
3585 5267 3596 5276 .

1945 5285 2197 5357 phanium
2226 5287 2499 5357 ingenitus,
2533 5288 2746 5344 melius.
2952 5285 2964 5290 ⁷
3270 5285 3279 5286 ί
3454 5285 3467 5286 ί
3585 5332 3614 5357 ﬂ.

2019 5353 2045 5391 ιι
2086 5351 2300 5412 Μειὴιέ
2319 5358 2511 5428 Epipli.
2559 5361 2679 5428 quia
2728 5359 2801 5412 sic
2854 5357 3126 5424 dixerunt,
3176 5357 3315 5429 quod
3357 5366 3534 5414 natum

1947 5435 2042 5491 est,
2073 5438 2176 5483 etc.

2024 5497 2038 5534 ί
2084 5499 2180 5552 Hic
2201 5501 2548 5555 amanuensis
2575 5499 2707 5553 vitio
2735 5498 2977 5554 defectus
2996 5509 3080 5555 est
3106 5499 3332 5568 alicujus
3352 5500 3533 5568 linem,

1946 5583 2048 5641 nec
2077 5585 2180 5641 non
2209 5571 2400 5640 aliquis
2431 5573 2714 5639 scripturae
2745 5587 2899 5625 error
2923 5589 2938 5626 :
2961 5586 3083 5626 cum
3105 5586 3171 5626 ex
3207 5569 3393 5626 Grazcti
3414 5585 3534 5641 sup-

1945 5639 2198 5710 plendum
2225 5653 2278 5695 et
2302 5639 2697 5696 emendandum
2733 5644 2804 5696 sit
2831 5661 2842 5695 :
2875 5659 3028 5711 quum
3061 5653 3110 5698 et
3156 5641 3329 5696 Patris
3369 5639 3533 5697 solam

1942 5727 2049 5765 esse
2082 5712 2134 5765 in
2144 5715 2401 5782 _eon{esso
2429 5724 2501 5765 est
2525 5727 2544 5765 :
2571 5729 2730 5781 neque
2757 5730 2980 5782 unquam
3001 5712 3211 5768 Patrem
3240 5714 3351 5767 sine
3375 5712 3535 5776 Filio.

1944 5797 2102 5853 neque
2133 5780 2332 5836 Filium
2358 5783 2534 5851 fuisse,
2557 5780 2652 5836 nec
2679 5799 2783 5838 esse
2804 5780 2949 5853 posse
2975 5787 3081 5838 sine
3111 5784 3289 5848 Putre,
3307 5789 3441 5852 quat!
3464 5791 3535 5838 est

1957 5850 2173 5905 Verbum
2195 5850 2430 5918 spiritus.
2455 5853 2742 5908 Absurdum
2764 5850 2836 5908 est
2861 5858 2995 5909 enim
3018 5857 3183 5912 dicere
3208 5850 3415 5909 Putrem
3438 5855 3532 5906 alia

1950 5924 2154 5982 quando
2182 5923 2392 5978 Patrem
2415 5943 2515 5980 non
2545 5929 2719 5984 fuisse.
2754 5936 2839 5982 etc
