3998 6346
462 302 564 361 817

1398 301 1488 355 AD
1526 299 1754 356 OPERA
1796 300 1855 356 S.
1895 296 2141 357 LEONIS
2179 299 2395 356 MACNI
2431 298 2798 356 APPENDIX.
3625 307 3716 366 8ιῦ

467 421 688 479 Patrem
717 432 827 478 non
852 417 1054 484 tuisse;
1081 417 1330 488 quoniam
1362 417 1503 486 quod
1530 416 1842 487 intelligitur
1870 416 2047 481 Pater,
2079 418 2134 479 A
2158 425 2354 486 tatem,
2396 434 2515 490 qua:
2557 429 2640 476 est
2677 434 2784 475 una
2822 417 3015 486 Patris,
3047 425 3102 474 et
3139 418 3275 476 Filii.
3312 420 3424 476 Hoc
3451 411 3720 491 credimus,

465 515 586 570 sine
615 511 753 570 Filio
787 527 888 568 nec
918 510 1238 578 nuncupari,
1277 522 1374 563 nec
1401 523 1522 563 esse
1560 523 1738 578 posse.
1765 509 1860 563 Est
1891 507 2056 579 ipsius

465 605 592 662 Filii
627 602 1032 660 testimonium:
1063 599 1131 653 Et
1169 616 1262 670 ego
1301 600 1353 653 in
1398 598 1571 665 Patre,
1622 611 1670 655 et
1713 599 1873 654 Pater
1900 601 2058 655 inme

468 696 650 769 (Joan.
676 710 784 758 xw,
822 695 906 764 10)
932 711 948 758 ;
981 701 1068 748 et':
1095 691 1208 764 Ego
1233 703 1282 746 et
1311 691 1469 746 Pater
1491 709 1649 746 unum
1674 710 1850 747 sumus
1872 693 2054 764 (Joan.

465 787 654 858 1,50).
687 785 856 841 Nemo
885 796 1127 840 nostrum
1157 793 1315 854 negat
1343 787 1593 852 natum,tt
1615 785 1708 840 sed
1735 786 2053 854 quibusdam

467 891 652 938 natum
680 880 898 935 omnino
926 881 1065 934 sicut
1090 879 1343 943 visibilia,
1371 890 1425 933 et
1461 878 1744 933 invisibilia
1785 879 2057 950 appellan-

468 985 558 1032 tur
579 982 702 1029 nata
725 973 929 1029 artifice
946 973 1414 1044 archangelorum,
1438 982 1491 1026 et
1510 972 1821 1042 angelorum
1851 973 2056 1039 mundi,

467 1076 524 1122 et
557 1067 770 1136 generis
807 1065 1045 1129 humani,
1089 1067 1223 1120 sicut
1260 1066 1373 1120 ait:
1407 1065 1648 1119 Omnium
1679 1067 1866 1136 artifex
1885 1065 2060 1120 docuit

465 1176 550 1214 me
594 1159 844 1229 sapientia
885 1159 1052 1231 (Sap.
1093 1174 1200 1223 vn,
1245 1159 1366 1227 21);
1413 1167 1506 1212 et:
1542 1157 1727 1211 Omnia
1769 1175 1858 1228 per
1894 1160 2060 1230 ipsum

469 1255 608 1326 facta
635 1264 750 1309 sunt
773 1253 953 1324 (Joan.
984 1270 1024 1319 ι,
1060 1255 1140 1324 '5).
1171 1252 1199 1292 δ
1231 1253 1510 1324 Nunquam
1545 1256 1686 1310 enim
1717 1269 1837 1310 esse
1868 1255 2063 1324 poterit

469 1349 716 1418 accipere
757 1348 969 1403 initium
1002 1366 1014 1401 :
1045 1349 1296 1418 quoniam
1334 1350 1422 1418 qui
1465 1363 1678 1420 semper
1717 1360 1818 1414 est,
1851 1351 2058 1407 initium

467 1461 575 1500 non
605 1445 784 1513 habet,
821 1445 1054 1500 Verbum
1079 1446 1238 1516 Deus,
1273 1461 1372 1501 nec
1395 1448 1696 1516 suscipiens
1729 1447 1912 1501 linem.
1942 1445 2059 1501 Non

468 1536 700 1593 dicimus
735 1539 947 1594 Patrem
976 1538 1166 1593 Filium
1207 1540 1371 1612 606
1416 1556 1556 1605 esse,
1594 1557 1692 1596 nec
1724 1541 1884 1610 igitur
1907 1539 2062 1614 [Lege

466 1634 706 1706 rursum]
738 1634 933 1689 Filium
963 1635 1178 1690 Patrem
1215 1651 1363 1702 esse;
1392 1637 1484 1692 sed
1507 1637 1663 1693 Pater
1697 1637 1850 1692 Pater
1877 1645 1981 1703 est,
2007 1645 2064 1692 et

469 1727 643 1784 Filius
665 1727 840 1782 Patris
865 1726 1051 1783 Filius.
1079 1727 1412 1784 Confitentur
1435 1732 1721 1798 potentiam
1747 1729 1919 1784 Patris
1941 1744 2061 1786 esse

2158 525 2373 580 semper
2403 512 2520 567 sine
2549 511 2827 582 principio,
2860 513 2977 566 sine
3005 511 3113 566 line
3144 515 3280 568 hunc
3315 529 3434 569 cum
3474 514 3619 572 Patre
3641 532 3718 574 re-

2159 620 2344 675 gnare,
2374 621 2438 661 ac
2464 605 2667 661 nullum
2696 616 2905 676 tempus
2945 605 3166 672 habere,
3199 622 3296 662 nec
3328 607 3492 662 minui
3521 623 3720 679 regnum

2159 702 2320 772 ejus:
2364 702 2617 773 quoniam
2657 703 2798 774 quod
2843 719 3057 775 semper
3094 713 3198 770 est,
3238 721 3509 777 nunquam
3549 709 3718 778 accipit

2161 795 2389 862 initium,
2420 810 2518 850 nec
2547 795 2710 850 minui
2743 796 2961 866 poterit.
2991 796 3293 864 Credimus,
3340 808 3396 852 et
3433 801 3723 870 suscipimus

2160 889 2504 946 Paracletum
2528 891 2786 959 Spiritum
2822 901 3088 957 sanctum,
3119 907 3278 962 quem
3313 893 3468 948 nobis
3498 894 3605 964 ipse
3633 897 3720 950 Do-

2163 984 2338 1038 minus
2361 983 2606 1053 promisit
2634 993 2688 1040 et
2716 983 2882 1039 misit.
2905 985 2971 1040 Et
2993 985 3135 1041 hunc
3157 985 3434 1041 credimus
3461 985 3479 1022 ί
3513 1002 3719 1057 passum,

2161 1079 2256 1132 sed
2303 1076 2484 1142 homo,
2531 1091 2687 1146 quem
2736 1075 2927 1142 induit,
2960 1093 3117 1148 quem
3160 1076 3455 1145 assumpsit
3495 1091 3554 1132 ex
3587 1077 3722 1132 Maria

2163 1168 2399 1239 Virgine,
2443 1168 2735 1234 hominem,
2779 1169 2870 1239 qui
2915 1169 3084 1239 potuit
3127 1168 3255 1239 pati,
3299 1168 3459 1239 607
3491 1168 3712 1235 quoniam

2164 1261 2325 1316 homo
2368 1260 2631 1326 mortalis,
2681 1261 2819 1314 Deus
2867 1271 3044 1314 autem
3088 1259 3431 1314 immortalis.
3477 1258 3722 1314 Credimus

2166 1351 2388 1425 [Supple
2403 1350 2565 1423 quod]
2590 1352 2743 1407 tertia
2770 1353 2857 1407 die
2885 1368 2990 1407 non
3013 1351 3156 1406 Deus
3179 1351 3229 1405 in
3259 1350 3481 1405 homine
3501 1352 3722 1417 surrexit,

2165 1446 2260 1502 sed
2285 1447 2445 1501 homo
2471 1448 2522 1501 in
2561 1447 2671 1501 Deo
2694 1447 2965 1501 surrexit:
3001 1461 3163 1516 quem
3192 1445 3358 1499 etiam
3393 1444 3579 1499 obtulit
3605 1443 3722 1499 Patri

2164 1554 2264 1594 suo
2290 1555 2505 1606 munus,
2540 1527 2699 1610 quem
2730 1539 2998 1595 liberavit.
3032 1538 3316 1595 Credimus
3348 1538 3489 1609 quod
3520 1550 3725 1609 tempore

2166 1643 2470 1704 Opportuno
2501 1645 2556 1690 et
2583 1643 2784 1690 statuto
2810 1649 3020 1703 omnes,
3055 1649 3119 1689 ac
3150 1633 3216 1689 de
3259 1632 3509 1688 omnibus
3537 1635 3639 1702 ipse
3657 1632 3725 1700 ju-

2171 1727 2389 1783 dicahit.
2403 1727 2574 1782 Tanta
2598 1736 2683 1783 est
2712 1742 2841 1783 vero
2862 1741 3046 1783 eorum
3071 1727 3296 1782 stultitia
3328 1737 3387 1781 ut
3417 1741 3520 1781 non
3542 1725 3725 1781 videant

468 1817 1035 1876 Filium.Conlitemur
1065 1819 1297 1876 Verbum
1332 1822 1424 1876 Dei
1453 1823 1648 1886 Patris,
1684 1830 1877 1891 praeter
1904 1821 2060 1896 [Lege
2089 1803 2139 1864 Β
2164 1817 2337 1874 lucem
2369 1819 2638 1885 veritatis,
2686 1834 2783 1874 nec
2813 1819 3132 1890 intelligant,
3163 1827 3222 1873 ut
3248 1834 3383 1874 vere
3410 1817 3601 1873 dictum
3639 1825 3722 1883 est,

469 1909 613 1980 quod
653 1908 815 1982 aliud]
861 1925 1017 1980 quem
1061 1912 1198 1966 alter
1239 1926 1344 1965 non
1388 1922 1492 1978 εει,
1526 1921 1580 1967 et
1610 1912 1838 1968 Verbum
1875 1928 2059 1967 verum

467 2002 660 2069 Deum,
679 2011 734 2058 et
763 2003 1114 2073 Sapientiam,
1133 2012 1189 2059 et
1215 2003 1490 2072 virtutem,
1519 2017 1884 2060 verumtamen
1906 2004 2064 2076 [Lege

467 2099 811 2170 verumque]
861 2098 1054 2154 Filium
1105 2099 1394 2166 tradimus;
1464 2101 1557 2156 sed
1613 2116 1717 2154 non
1767 2099 2062 2156 secundum

468 2192 614 2263 quod
642 2195 824 2248 caeteri
872 2191 967 2246 ﬁlii
997 2193 1356 2262 appellantur,
1397 2192 1587 2247 Filium
1632 2191 1899 2248 dicimus:
1931 2206 2065 2262 quo-

470 2285 614 2341 niam
651 2295 673 2324 α
699 2284 774 2340 illi
805 2293 896 2339 aut
925 2295 1144 2355 propter
1187 2287 1555 2356 adoptionem,
1595 2287 1678 2340 vel
1708 2287 1778 2340 ob
1817 2287 2062 2340 nativita-

470 2387 604 2445 tem,
631 2378 714 2434 vel
743 2378 885 2448 quod
916 2389 1218 2443 merentur,
1246 2378 1340 2432 lilii
1371 2378 1527 2451 [Lege
1557 2377 1835 2449 vocantur]
1861 2379 2079 2448 vocari,~

471 2488 582 2527 non
633 2481 852 2542 propter
899 2488 1059 2527 unam
1112 2473 1491 2540 substantiam,
1539 2489 1658 2543 quae
1687 2484 1769 2528 est
1813 2474 1984 2530 Patris
2013 2483 2069 2530 et

473 2563 618 2620 Filii.
665 2564 996 2620 Conlitemur
1039 2563 1067 2602 ά
1109 2566 1326 2620 unicum
1376 2576 1432 2622 et
1487 2568 1928 2637 primogenitum;
1973 2564 2067 2622 sed

475 2655 689 2712 unicmn
723 2655 980 2722 Verbum,
1012 2656 1153 2726 quod
1185 2672 1400 2726 semper
1431 2657 1530 2712 fuit
1568 2668 1621 2712 et
1650 2669 1729 2712 est
1768 2657 1824 2712 in
1867 2659 2064 2723 Patre;

475 2754 892 2825 primogenitum
915 2769 1045 2809 sane
1073 2764 1127 2809 at
1160 2753 1342 2826 [Forte
1382 2753 1458 2826 ut]
1489 2755 1780 2811 hominem.
1809 2767 1832 2793 θ
1864 2757 2070 2811 Atlinet

476 2855 656 2901 autem
687 2845 749 2899 ad
781 2861 1122 2901 communem
1153 2859 1476 2914 creaturam,
1511 2847 1652 2916 quod
1684 2846 2070 2916 pritnogenitus

480 2941 545 2994 de
567 2940 811 2994 mortuis.
836 2937 1164 2994 Confitentur
1184 2939 1359 2994 Patris
1379 2949 1432 2992 et
1459 2938 1576 2993 Filii
1599 2955 1757 2994 ttnam
1783 2939 2067 3005 Deitatem,

479 3047 583 3088 nec
627 3032 838 3101 negavit
883 3032 1004 3102 quis
1047 3031 1334 3099 aliquando
1377 3031 1586 3085 Patrem
1629 3030 1767 3085 Filio
1806 3031 2070 3098 majorem

475 3140 586 3180 non
638 3133 854 3193 propter
903 3123 1062 3178 aliam
1119 3123 1468 3179 substantiam
1526 3139 1626 3179 nec
1676 3124 2067 3190 dill'erentiam;

479 3217 574 3272 sed
599 3186 822 3288 [Supple
843 3214 988 3286 quia]
1015 3231 1209 3270 nomen
1235 3215 1406 3287 ipsum
1437 3215 1609 3272 Patris
1636 3218 1806 3286 majus
1834 3226 1890 3273 et
1914 3186 2069 3289 [Lege
2095 3186 2141 3249 Ο

481 3308 587 3380 est]
617 3310 771 3364 Filio.

553 3403 677 3458 Haec
705 3411 880 3458 autem
910 3409 993 3458 est
1027 3401 1288 3458 maledica
1320 3417 1504 3458 eorum
1547 3411 1603 3458 et
1631 3411 1880 3471 corrupta
1903 3410 2072 3458 inter-

478 3498 709 3569 pretatio
759 3490 1229 3562 contendentium,
1280 3498 1420 3567 quod
1472 3514 1562 3567 ego
1609 3506 1655 3552 et
1704 3496 1864 3552 Pater
1917 3513 2073 3551 unum

478 3607 651 3644 sumus
679 3600 896 3659 propter
923 3605 1246 3645 consensum
1271 3591 1461 3646 dixerit
1495 3599 1549 3645 et
1568 3591 1936 3647 concordiam.
1974 3593 2076 3645 lm-

479 3684 770 3754 probemus
800 3698 990 3740 omnes
1027 3683 1278 3738 catholici
1324 3683 1547 3738 Stultum
1582 3683 1823 3753 ipsorum
1854 3698 2072 3740 sensum

479 3794 543 3833 ac
568 3777 749 3832 vilem.
789 3775 937 3829 Sicut
968 3775 1213 3830 homines
1241 3776 1498 3830 mortales
1528 3760 1896 3844 dill'eruntfut
1925 3791 2074 3830 asso-

480 3873 622 3938 lent,
661 3871 800 3923 inter
831 3883 920 3932 se,
952 3877 1006 3922 et
1032 3868 1366 3923 olTendentes
1399 3868 1750 3930 concordant,
1783 3879 1837 3922 et
1866 3873 1916 3922 in
1946 3885 2070 3938 gra-

479 3964 608 4016 tiam
624 3969 986 4023 revertuntur;
1003 3961 1080 4012 sic
1094 3960 1462 4029 separationes
1475 3968 1529 4014 et
1545 3960 1832 4016 discordiae
1849 3961 2074 4033 [Supple

480 4050 750 4123 inquiunt]
783 4053 922 4105 inter
968 4051 1183 4105 Patrem
1221 4052 1386 4106 Deum
1415 4053 1839 4122 omnipotentem
1871 4064 1925 4107 et
1955 4053 2073 4123 ejus

480 4145 674 4200 Filium
705 4157 823 4199 esse
869 4151 1176 4210 potuerunt.
1213 4143 1323 4198 Hoc
1351 4143 1641 4199 absurdum
1687 4157 1769 4200 est
1793 4154 1845 4200 et
1877 4145 2074 4201 intelli-

481 4254 629 4310 gere,
652 4245 706 4292 et
730 4237 951 4293 sentire.
984 4237 1094 4293 Nos
1117 4248 1295 4293 autem
1318 4238 1610 4304 credimus,
1639 4250 1691 4294 et
1716 4239 2068 4312 al‘lirmamus,

481 4340 539 4389 et
567 4334 635 4387 ita
661 4333 947 4400 sentimus,
973 4332 1115 4403 quod
1145 4346 1300 4388 sacra
1331 4348 1464 4389 voce
1495 4333 1704 4390 locutus
1734 4345 1817 4390 est
1841 4335 2029 4390 dicens
2055 4353 2066 4388 :

483 4427 596 4499 Ego
636 4436 683 4480 et
713 4425 884 4480 'Pater
917 4444 1077 4481 unum
1107 4443 1283 4481 sumus
1310 4441 1328 4481 :
1360 4418 1927 4498 propter’substantire
1957 4426 2075 4482 uni-

2169 1923 2222 1967 ut
2244 1912 2343 1983 ipsi
2361 1912 2415 1966 in
2441 1912 2586 1967 nobis
2615 1929 2776 1966 unum
2803 1913 2922 1966 sint.
2945 1912 3283 1968 Manifestum
3310 1921 3418 1982 est,
3437 1927 3532 1968 cur
3555 1926 3725 1965 utrum:

2167 2006 2417 2072 quoniam
2453 2004 2680 2077 apostoli
2705 2005 2962 2076 Spiritum
2995 2016 3237 2062 sanctum
3287 2007 3382 2062 Dei
3417 2013 3724 2076 acceperunt.

2166 2097 2272 2154 Sed
2297 2107 2474 2153 tamen
2499 2099 2599 2170 ipsi
2623 2113 2729 2154 non
2748 2107 2874 2154 sunt
2890 2099 3062 2154 vocati
3087 2099 3343 2170 Spiritus,
3366 2113 3464 2154 nec
3483 2099 3724 2169 quisquam

2169 2192 2412 2259 ipsorum
2461 2201 2487 2239 ϐ
2534 2193 2645 2258 sol,
2690 2192 2775 2247 vel
2806 2193 3088 2262 sapientia.
3122 2193 3236 2248 sive
3282 2193 3452 2248 virtus
3483 2200 3608 2258 erat,
3647 2204 3727 2246 nec

2170 2283 2326 2356 [Lege
2365 2285 2691 2358 unigenitus]
2732 2286 2946 2341 unicum
2988 2294 3126 2352 erat,
3166 2284 3611 2357 quemadmodum
3635 2283 3724 2336 ait:

2168 2377 2284 2450 Ego
2312 2389 2359 2434 et
2389 2389 2442 2434 tu
2465 2397 2626 2434 unum
2667 2396 2861 2436 sumus.
2893 2380 2984 2436 Sic
3009 2391 3053 2435 et
3079 2381 3178 2449 ipsi
3206 2381 3260 2434 in
3288 2380 3435 2433 tubis
3464 2395 3608 2432 unum
3624 2377 3723 2430 sint.

2169 2471 2273 2527 Sed
2302 2472 2586 2542 diligenter
2612 2471 2858 2527 distinxit
2881 2488 2984 2526 vox
3003 2472 3178 2527 divina
3206 2489 3219 2526 :
3243 2469 3313 2525 In
3334 2472 3476 2525 nobis
3493 2471 3584 2524 sint
3603 2467 3723 2532 dicit,

2170 2583 2277 2621 non
2297 2566 2430 2620 dixit
2449 2567 2874 2637 quemadmodum
2894 2585 2986 2621 nos
3003 2583 3164 2621 unum
3184 2583 3386 2634 sumus,
3401 2582 3491 2637 ego
3507 2574 3548 2619 et
3574 2563 3726 2624 Pater;

2171 2660 2265 2716 sed
2309 2659 2556 2730 discipuli
2599 2659 2650 2713 in
2703 2661 3008 2729 semetipsis
3041 2657 3069 2697 ιι
3101 2659 3364 2730 aequales,
3403 2669 3456 2713 et
3496 2653 3726 2726 conjuncti

2173 2771 2334 2810 unum
2367 2754 2474 2808 sint
2519 2753 2643 2809 lidei
2679 2755 3038 2817 confessione,
3086 2762 3144 2808 ut
3173 2753 3226 2808 in
3256 2752 3456 2823 gratia,
3488 2759 3538 2805 et
3563 2749 3727 2819 pietate

2172 2846 2368 2911 Patris,
2412 2855 2466 2900 et
2507 2845 2718 2900 Domini
2760 2844 3054 2901 Salvatoris
3100 2844 3274 2899 nostri
3315 2841 3649 2913 permissione
3679 2852 3727 2891 ac

2172 2937 2460 2993 dilecnone
2489 2951 2650 2990 unum
2673 2937 2886 2991 valeant
2906 2951 3046 2992 esse.

2252 3049 2267 3088 ί
2311 3066 2536 3106 CONCILI!
2577 3065 2910 3106 SARDICENSIS
2948 3068 3014 3106 AD
3045 3063 3384 3106 NAREOTICAS
3424 3057 3669 3102 ECClJ-ZSIAS

2831 3138 3104 3178 EPISTOLA.

2174 3236 2369 3294 Sancta
2415 3237 2651 3309 synodus
2677 3239 2970 3294 secundum
2998 3239 3092 3294 Dei
3121 3237 3350 3307 gratiam
3395 3234 3599 3290 collecta
3624 3229 3725 3309 δίης

2246 3309 2401 3374 diczc,
2437 3299 2688 3364 Ecclesiis
2729 3310 2819 3364 Dei
2861 3310 3001 3375 apud
3053 3299 3345 3367 Mavreomm
3396 3321 3511 3362 cum
3549 3299 3726 3372 presby~

2247 3380 2377 3434 teris
2407 3389 2460 3434 cl
2487 3379 2798 3436 diacouibus
2830 3381 2880 3435 in
2905 3382 3131 3436 Domino
3160 3381 3415 3434 salutem.

2253 3492 2424 3548 Etiam
2453 3508 2519 3547 ex
2550 3493 2656 3559 his.
2677 3493 2871 3548 fratres
2892 3492 3392 3561 dilectissimi,qn:e
3417 3489 3429 3542 i
3461 3487 3521 3542 ad
3538 3485 3727 3541 Alexan-

2179 3584 2347 3640 driam
2380 3601 2476 3654 per
2520 3584 2714 3641 fratres
2759 3585 2962 3641 directa
3013 3597 3160 3654 sunt,
3206 3587 3351 3639 scire
3400 3579 3606 3652 potestis
3631 3591 3726 3646 qua:

2176 3679 2317 3747 apud
2365 3687 2605 3733 sanetam
2659 3689 2713 3733 et
2753 3696 2998 3749 magnam
3035 3679 3302 3750 synodum
3345 3675 3621 3731 secundum
3654 3669 3728 3724 Dei

2175 3773 2400 3841 gratiam
2433 3766 2669 3826 Sardicti:
2699 3772 2999 3838 collectam,
3022 3781 3148 3826 sunt
3170 3772 3412 3826 actitata.
3439 3768 3537 3825 Sed
3562 3765 3666 3834 quia
3683 3769 3728 3816 el

2176 3878 2274 3918 vos
2300 3865 2615 3934 scripsistis,
2667 3865 3021 3920 intolerabilia
3069 3864 3396 3920 sustinuisse
3425 3863 3488 3916 ah
3517 3855 3728 3928 impiissi-

2175 3960 2280 4012 mis
2311 3958 2599 4024 haereticis,
2628 3974 2857 4030 quorum
2889 3971 2972 4017 est
3001 3961 3252 4031 princeps
3282 3960 3540 4029 pessimus
3563 3953 3728 4018 Gregoc

2176 4053 2290 4108 rius
2315 4070 2328 4116 ;
2370 4052 2507 4107 hanc
2535 4053 2606 4106 ob
2636 4068 2857 4109 causam
2898 4055 3137 4110 scribere
3177 4062 3232 4108 et
3260 4052 3330 4106 ad
3360 4059 3579 4106 vestram
3603 4055 3727 4098 reve-

2177 4148 2407 4202 rentiam
2449 4150 2819 4203 necessarium
2861 4159 3044 4204 sancta
3089 4146 3330 4218 synodus
3356 4139 3620 4200 aestimavit
3645 4153 3656 4191 :
3684 4141 3726 4186 ut

2179 4240 2244 4294 iis
2265 4240 2552 4302 consolati,
2584 4241 2756 4310 magis
2780 4257 2843 4296 ac
2873 4241 3045 4312 magis
3084 4241 3346 4295 habentes
3375 4239 3425 4290 in
3461 4235 3561 4289 Deo
3587 4239 3725 4297 spem.

2177 4334 2411 4387 futuram
2454 4334 2869 4401 promissionem
2911 4335 3204 4405 repositam
3235 4327 3570 4400 diligentibus
3601 4317 3724 4375 Citri-

2177 4435 2318 4483 stum
2351 4428 2775 4496 consequamini.
2811 4429 2866 4486 Si
2897 4429 3056 4500 igitur
3083 4426 3225 4496 passi
3252 4425 3384 4479 estis
3411 4419 3560 4482 mala,
3591 4411 3724 4467 nolite

557 4597 584 4624 ι
621 4585 866 4640 Graecum
911 4586 1234 4650 exemplum,
1264 4584 1405 4654 quod
1435 4593 1620 4640 noster
1649 4586 1914 4653 interpres
1941 4583 2068 4640 red.
2098 4586 2154 4650 ι)
2181 4585 2355 4650 homo,
2385 4595 2489 4640 etc.

484 4659 636 4720 didit,
681 4658 780 4710 hoc
817 4659 935 4710 loco
973 4660 1319 4726 depravatum
1361 4667 1499 4724 erat,
1542 4656 1704 4711 sicuti
1745 4659 1907 4709 etiam
1941 4656 2070 4710 illud

485 4728 790 4799 Epiphanii,
818 4727 904 4795 qui
935 4727 1339 4799 aliqttidsimile
1362 4727 1650 4799 legit,dum
1681 4727 1950 4781 reddidit:
1977 4730 2068 4780 sed

483 4797 663 4868 quibus
704 4800 923 4852 natum?
981 4797 1224 4851 Omnibus
1267 4814 1382 4867 qua:
1423 4798 1719 4861 invisibilia,
1769 4807 1813 4852 et
1851 4799 2074 4851 uisibilia

482 4879 859 4939 nuncupentur,
884 4869 1156 4942 opifeerst
1184 4871 1636 4942 archangelorum,
1659 4879 1766 4924 etc.
1793 4869 1981 4942 Melius
2006 4886 2073 4924 ex

483 4942 671 4999 ϐιωρο
702 4939 956 5010 vulgato:
988 4939 1078 4994 sed
1109 4940 1333 5009 genitum
1360 4939 1478 4994 ante
1500 4941 1692 5001 omnia.
1716 4955 1834 5010 qua:
1855 4941 2073 4994 visibilia

483 5024 530 5068 et
560 5012 833 5066 invisibilia
858 5013 1208 5082 appellantur,
1241 5011 1486 5081 factorem
1514 5021 1562 5064 et
1592 5011 1826 5082 opiﬁcem
1852 5013 2074 5065 are/ran-

483 5087 743 5156 geiorum,
772 5095 877 5156 etc.

556 5153 584 5193 ι’
627 5155 816 5209 Melius
857 5152 1232 5222 Epiphanius:
1268 5152 1393 5207 Non
1432 5153 1566 5207 enim
1600 5169 1795 5222 semper
1834 5170 1942 5207 esse
1978 5170 2075 5222 po-

486 5235 674 5291 tuerat,
697 5225 742 5279 si
771 5225 1062 5295 sumpsisset
1083 5225 1349 5279 exordium
1371 5239 1389 5278 :
1409 5226 1650 5293 quoniam
1678 5223 1921 5292 Verbum,
1940 5225 2077 5290 quod

487 5314 682 5368 semper
712 5306 807 5359 est,
838 5294 939 5349 nan
969 5294 1116 5349 habet
1151 5297 1391 5360 initium,-
1433 5295 1573 5354 Deus
1608 5305 1777 5349 autem
1815 5313 2076 5365 nunquam

487 5371 757 5424 terminum
781 5368 950 5422 habet.

562 5451 584 5480 ε
628 5440 958 5508 Epiphanius
985 5438 1177 5493 melius
1209 5455 1223 5493 :
1255 5437 1336 5492 illi
1365 5447 1453 5492 aut
1488 5438 1652 5508 gratia
1678 5437 2073 5507 regenerationis

488 5510 756 5580 diiernnt,
782 5522 868 5562 aut
895 5527 952 5563 eo
980 5510 1117 5577 quod
1144 5510 1290 5580 digni
1319 5509 1468 5579 ﬁunt,
1498 5510 1594 5578 lilii
1618 5517 1996 5574 nuncupantur.

561 5579 586 5618 ἀ
630 5582 704 5634 Et
739 5581 929 5636 Graeco
954 5579 1292 5649 unigenitum.

564 5659 588 5688 ⁸
627 5651 905 5705 Contrario
949 5647 1169 5720 prorsus
1195 5669 1353 5706 sensu
1393 5667 1454 5705 cx
1505 5649 1692 5704 Graeco
1740 5647 2069 5706 reddendum

489 5731 576 5780 οςι
603 5738 616 5775 :
653 5721 835 5788 Differt
865 5734 1028 5778 tamen
1059 5741 1090 5777 a
1123 5724 1379 5775 communi
1411 5731 1667 5775 creatura.

568 5793 588 5832 ί
630 5791 832 5857 ευωιε
886 5795 1092 5848 missum
1179 5794 1283 5849 Sed
1337 5794 1379 5846 is
1433 5809 1615 5855 passus
1674 5811 1774 5849 non
1835 5801 1927 5860 est,
1985 5798 2071 5848 sed

2255 4667 2280 4702 κ
2321 4657 2435 4711 Non
2476 4656 2574 4724 sol,
2600 4657 2694 4712 sed
2748 4673 2950 4712 ,reroum
2978 4658 3308 4713 reddendum
3341 4661 3506 4710 fuerat
3533 4656 3720 4724 211ch

2181 4727 2322 4783 enim
2353 4721 2582 4804 habetur
2611 4731 2640 4790 ἦ
2669 4727 2850 4804 Λόγος,
2881 4727 3148 4804 δἐνιγιιιτι.Δ
3177 4728 3368 4784 NOSter
3400 4728 3638 4792 interpres
3665 4721 3722 4768 ιε·

2183 4803 2324 4869 gisse
2351 4799 2562 4854 videtur
2587 4799 2840 4869 corrupte
2867 4801 3028 4866 ἥλιος,
3070 4800 3171 4854 sol.

2254 4867 2283 4940 ’3
2324 4869 2402 4925 Ex
2433 4871 2640 4937 Graeco,
2669 4867 2916 4940 copulati.

2263 4938 2280 4977 ί
2325 4941 2449 5015 Tria
2476 4933 2752 5011 sequentia
2795 4951 3141 5015 monumenta
3176 4958 3240 4996 ex
3270 4941 3384 5015 solo
3412 4933 3718 5015 cod._Ve(0"g

2186 5009 2256 5065 55
2281 5013 2345 5066 ad
2381 5027 2478 5065 nos
2510 5008 2890 5079 pcrvenerunt.
2927 5016 3005 5069 Ex
3046 5014 3236 5069 eodem
3267 5012 3449 5067 codice
3486 5008 3610 5079 edita
3633 5008 3718 5068 jam

2188 5083 2339 5155 fuere
2363 5099 2392 5137 a
2419 5083 2481 5138 V.
2510 5075 2573 5138 C.
2605 5085 2857 5155 Scipione
2887 5087 3097 5141 Malfeio
3130 5086 3356 5154 primum
3391 5091 3512 5155 tom.
3541 5075 3594 5130 lll
3619 5086 3718 5136 ονε·

2185 5153 2261 5208 ris
2291 5155 2532 5224 inscripti
2573 5152 2923 5211 Osseruazioni
2954 5152 3227 5223 letterarie,
3262 5170 3378 5225 pag.
3408 5152 3543 5225 ‘29»?!
3575 5160 3622 5198 se
3642 5157 3717 5208 s'lw

2185 5232 2296 5297 tum
2339 5223 2467 5280 vero
2511 5229 2562 5281 in
2609 5229 2907 5297 appendice
2948 5228 3195 5283 Historiae
3243 5223 3578 5297 Theologicaz.
3621 5228 3717 5297 plu-ff

2183 5295 2294 5368 ‘258
2319 5307 2373 5352 et
2402 5313 2552 5368 seqq.
2572 5283 2668 5354 Hic
2684 5283 2864 5354 autem
2883 5283 2944 5354 ea
2976 5315 3096 5354 cum
3122 5297 3331 5355 caeteris
3361 5283 3713 5368 Sar'tlieensihus

2184 5367 2547 5441 documentis,
2588 5387 2708 5441 qua:
2748 5372 2798 5426 in
2844 5380 3030 5425 nostro
3057 5386 3163 5441 nis.
3207 5367 3715 5441 continenlltr._re,c'_’_'

2186 5438 2357 5493 denda
2399 5425 2566 5511 fuere,
2608 5425 2669 5496 iit
2706 5425 2934 5511 quisque
2967 5440 3158 5496 eadem
3190 5441 3390 5510 aliquot
3419 5437 3467 5490 in
3497 5431 3610 5487 locis
3637 5425 3713 5477 hoc

2186 5518 2329 5583 torno
2358 5514 2584 5580 allegata
2607 5512 2854 5569 conferre
2885 5512 3040 5568 facile
3073 5511 3264 5583 possit.
3305 5580 3315 5583 _
3359 5579 3402 5583 __
3553 5571 3563 5583 _
3595 5569 3603 5578 ,

2256 5582 2269 5630 i
2322 5571 2590 5638 Indicatur
2604 5585 2708 5639 alia
2725 5585 2950 5654 epistola
2975 5571 3318 5654 syniidicaiad
3343 5571 3706 5654 Alexantlrinau‘t

2184 5654 2504 5779 Eccleséiam,
2528 5672 2646 5727 qum
2678 5643 2882 5712 inserta
2908 5643 3048 5712 est'a
3078 5655 3134 5712 S.
3167 5651 3453 5711 Athanasio
3481 5643 3707 5713 Atinios"?

2184 5741 2342 5779 seeun
2386 5740 2450 5779 ω.

2181 5740 2450 5781 δεςυιιαω.
