  <div class='ocr_page' id='page_1' title='image "/cluster/home/n/w/nwhite01/storage/ocr_20150623/56/hvd.32044015471600/430.png"; bbox 0 0 3998 6346; ppageno 0'>
   <div class='ocr_carea' id='block_1_1' title="bbox 295 455 396 516">
    <p class='ocr_par' dir='ltr' id='par_1_1' title="bbox 295 455 396 516">
     <span class='ocr_line' id='line_1_1' title="bbox 295 455 396 516; baseline -0.05 0"><span class='ocrx_word' id='word_1_1' title='bbox 295 455 396 516; x_wconf 67' lang='lat'><strong>849</strong></span> 
     </span>
    </p>
   </div>
   <div class='ocr_carea' id='block_1_2' title="bbox 290 562 2718 642">
    <p class='ocr_par' dir='ltr' id='par_1_2' title="bbox 290 562 2718 642">
     <span class='ocr_line' id='line_1_2' title="bbox 290 562 2718 642; baseline -0.005 -7"><span class='ocrx_word' id='word_1_2' title='bbox 290 577 612 640; x_wconf 91' lang='lat' dir='ltr'><strong>contristari,</strong></span> <span class='ocrx_word' id='word_1_3' title='bbox 655 575 745 628; x_wconf 87' lang='lat' dir='ltr'><strong>sed</strong></span> <span class='ocrx_word' id='word_1_4' title='bbox 779 578 946 642; x_wconf 87' lang='lat' dir='ltr'><strong>magis</strong></span> <span class='ocrx_word' id='word_1_5' title='bbox 984 573 1228 642; x_wconf 81' lang='lat' dir='ltr'><strong>gaudete,</strong></span> <span class='ocrx_word' id='word_1_6' title='bbox 1263 571 1509 640; x_wconf 78' lang='lat' dir='ltr'><strong>quoniam</strong></span> <span class='ocrx_word' id='word_1_7' title='bbox 1540 576 1594 622; x_wconf 91' lang='lat' dir='ltr'><strong>et</strong></span> <span class='ocrx_word' id='word_1_8' title='bbox 1633 582 1726 620; x_wconf 91' lang='lat' dir='ltr'><strong>vos</strong></span> <span class='ocrx_word' id='word_1_9' title='bbox 1757 577 1867 618; x_wconf 87' lang='lat' dir='ltr'><strong>me-</strong></span> <span class='ocrx_word' id='word_1_10' title='bbox 1903 562 1958 621; x_wconf 78' lang='grc' dir='ltr'><strong>Δ</strong></span> <span class='ocrx_word' id='word_1_11' title='bbox 2053 566 2205 638; x_wconf 78' lang='lat' dir='ltr'><strong>[Lege</strong></span> <span class='ocrx_word' id='word_1_12' title='bbox 2235 567 2474 639; x_wconf 86' lang='lat' dir='ltr'><strong>Alypius]</strong></span> <span class='ocrx_word' id='word_1_13' title='bbox 2507 569 2718 640; x_wconf 90' lang='lat' dir='ltr'><strong>Alysius</strong></span> 
     </span>
    </p>
   </div>
   <div class='ocr_carea' id='block_1_3' title="bbox 290 660 1862 737">
    <p class='ocr_par' dir='ltr' id='par_1_3' title="bbox 290 660 1862 737">
     <span class='ocr_line' id='line_1_3' title="bbox 290 660 1862 737; baseline -0.008 -12"><span class='ocrx_word' id='word_1_14' title='bbox 290 672 468 725; x_wconf 98' lang='lat' dir='ltr'><strong>ruistis</strong></span> <span class='ocrx_word' id='word_1_15' title='bbox 502 683 598 737; x_wconf 86' lang='lat' dir='ltr'><strong>pro</strong></span> <span class='ocrx_word' id='word_1_16' title='bbox 627 668 840 721; x_wconf 82' lang='lat' dir='ltr'><strong>nomine</strong></span> <span class='ocrx_word' id='word_1_17' title='bbox 873 666 1079 720; x_wconf 85' lang='lat' dir='ltr'><strong>Domini</strong></span> <span class='ocrx_word' id='word_1_18' title='bbox 1127 665 1345 734; x_wconf 81' lang='lat' dir='ltr'><strong>injurias</strong></span> <span class='ocrx_word' id='word_1_19' title='bbox 1372 665 1622 717; x_wconf 91' lang='lat' dir='ltr'><strong>tolerare.</strong></span> <span class='ocrx_word' id='word_1_20' title='bbox 1649 660 1704 714; x_wconf 89' lang='lat' dir='ltr'><strong>Si</strong></span> <span class='ocrx_word' id='word_1_21' title='bbox 1736 672 1862 713; x_wconf 90' lang='lat' dir='ltr'><strong>vero</strong></span> 
     </span>
    </p>
   </div>
   <div class='ocr_carea' id='block_1_4' title="bbox 287 751 1864 827">
    <p class='ocr_par' dir='ltr' id='par_1_4' title="bbox 287 751 1864 827">
     <span class='ocr_line' id='line_1_4' title="bbox 287 751 1864 827; baseline -0.009 -9"><span class='ocrx_word' id='word_1_22' title='bbox 287 776 555 827; x_wconf 82' lang='lat' dir='ltr'><strong>carceres,</strong></span> <span class='ocrx_word' id='word_1_23' title='bbox 583 769 637 815; x_wconf 92' lang='lat' dir='ltr'><strong>et</strong></span> <span class='ocrx_word' id='word_1_24' title='bbox 665 759 896 822; x_wconf 85' lang='lat' dir='ltr'><strong>vincula,</strong></span> <span class='ocrx_word' id='word_1_25' title='bbox 924 769 977 812; x_wconf 91' lang='lat' dir='ltr'><strong>et</strong></span> <span class='ocrx_word' id='word_1_26' title='bbox 1009 758 1263 812; x_wconf 79' lang='lat' dir='ltr'><strong>factiones</strong></span> <span class='ocrx_word' id='word_1_27' title='bbox 1290 754 1574 815; x_wconf 84' lang='lat' dir='ltr'><strong>tolerastis,</strong></span> <span class='ocrx_word' id='word_1_28' title='bbox 1622 751 1735 806; x_wconf 74' lang='lat' dir='ltr'><strong>hmo</strong></span> <span class='ocrx_word' id='word_1_29' title='bbox 1769 763 1864 804; x_wconf 86' lang='lat' dir='ltr'><strong>vos</strong></span> 
     </span>
    </p>
   </div>
   <div class='ocr_carea' id='block_1_5' title="bbox 288 849 1869 918">
    <p class='ocr_par' dir='ltr' id='par_1_5' title="bbox 288 849 1869 918">
     <span class='ocr_line' id='line_1_5' title="bbox 288 849 1869 918; baseline -0.009 -2"><span class='ocrx_word' id='word_1_30' title='bbox 288 878 392 918; x_wconf 92' lang='lat' dir='ltr'><strong>non</strong></span> <span class='ocrx_word' id='word_1_31' title='bbox 418 860 810 916; x_wconf 89' lang='lat' dir='ltr'><strong>contristabnnt</strong></span> <span class='ocrx_word' id='word_1_32' title='bbox 840 876 853 912; x_wconf 92' lang='lat'><strong>:</strong></span> <span class='ocrx_word' id='word_1_33' title='bbox 887 857 1002 912; x_wconf 65' lang='lat' dir='ltr'><strong>haec</strong></span> <span class='ocrx_word' id='word_1_34' title='bbox 1025 857 1166 912; x_wconf 88' lang='lat' dir='ltr'><strong>enim</strong></span> <span class='ocrx_word' id='word_1_35' title='bbox 1198 865 1252 909; x_wconf 90' lang='lat' dir='ltr'><strong>et</strong></span> <span class='ocrx_word' id='word_1_36' title='bbox 1279 864 1404 908; x_wconf 88' lang='lat' dir='ltr'><strong>ante</strong></span> <span class='ocrx_word' id='word_1_37' title='bbox 1434 868 1529 905; x_wconf 90' lang='lat' dir='ltr'><strong>vos</strong></span> <span class='ocrx_word' id='word_1_38' title='bbox 1560 849 1747 904; x_wconf 90' lang='lat' dir='ltr'><strong>Patres</strong></span> <span class='ocrx_word' id='word_1_39' title='bbox 1778 862 1869 902; x_wconf 87' lang='lat' dir='ltr'><strong>su-</strong></span> 
     </span>
    </p>
   </div>
   <div class='ocr_carea' id='block_1_6' title="bbox 285 943 1866 1018">
    <p class='ocr_par' dir='ltr' id='par_1_6' title="bbox 285 943 1866 1018">
     <span class='ocr_line' id='line_1_6' title="bbox 285 943 1866 1018; baseline -0.011 -11"><span class='ocrx_word' id='word_1_40' title='bbox 285 955 610 1018; x_wconf 89' lang='lat' dir='ltr'><strong>stinuerunt,</strong></span> <span class='ocrx_word' id='word_1_41' title='bbox 654 965 880 1018; x_wconf 90' lang='lat' dir='ltr'><strong>quorum</strong></span> <span class='ocrx_word' id='word_1_42' title='bbox 908 964 1042 1003; x_wconf 84' lang='lat' dir='ltr'><strong>unus</strong></span> <span class='ocrx_word' id='word_1_43' title='bbox 1073 956 1154 1001; x_wconf 91' lang='lat' dir='ltr'><strong>est</strong></span> <span class='ocrx_word' id='word_1_44' title='bbox 1181 946 1366 1002; x_wconf 86' lang='lat' dir='ltr'><strong>beatus</strong></span> <span class='ocrx_word' id='word_1_45' title='bbox 1398 943 1612 1006; x_wconf 85' lang='lat' dir='ltr'><strong>Paulus,</strong></span> <span class='ocrx_word' id='word_1_46' title='bbox 1649 949 1866 1010; x_wconf 75' lang='lat' dir='ltr'><strong>propter</strong></span> 
     </span>
    </p>
   </div>
   <div class='ocr_carea' id='block_1_7' title="bbox 284 1032 1865 1117">
    <p class='ocr_par' dir='ltr' id='par_1_7' title="bbox 284 1032 1865 1117">
     <span class='ocr_line' id='line_1_7' title="bbox 284 1032 1865 1117; baseline -0.011 -16"><span class='ocrx_word' id='word_1_47' title='bbox 284 1047 424 1117; x_wconf 89' lang='lat' dir='ltr'><strong>quod</strong></span> <span class='ocrx_word' id='word_1_48' title='bbox 453 1054 506 1100; x_wconf 91' lang='lat' dir='ltr'><strong>et</strong></span> <span class='ocrx_word' id='word_1_49' title='bbox 531 1047 726 1100; x_wconf 80' lang='lat' dir='ltr'><strong>vinctus</strong></span> <span class='ocrx_word' id='word_1_50' title='bbox 767 1051 1006 1097; x_wconf 88' lang='lat' dir='ltr'><strong>vocatus.</strong></span> <span class='ocrx_word' id='word_1_51' title='bbox 1052 1039 1363 1095; x_wconf 90' lang='lat' dir='ltr'><strong>Audivimus</strong></span> <span class='ocrx_word' id='word_1_52' title='bbox 1399 1043 1596 1105; x_wconf 88' lang='lat' dir='ltr'><strong>quanta</strong></span> <span class='ocrx_word' id='word_1_53' title='bbox 1627 1041 1681 1085; x_wconf 92' lang='lat' dir='ltr'><strong>et</strong></span> <span class='ocrx_word' id='word_1_54' title='bbox 1712 1032 1865 1100; x_wconf 83' lang='lat' dir='ltr'><strong>lnge-</strong></span> 
     </span>
    </p>
   </div>
   <div class='ocr_carea' id='block_1_8' title="bbox 258 1124 1866 1208">
    <p class='ocr_par' dir='ltr' id='par_1_8' title="bbox 258 1124 1866 1208">
     <span class='ocr_line' id='line_1_8' title="bbox 258 1124 1866 1208; baseline -0.011 -15"><span class='ocrx_word' id='word_1_55' title='bbox 258 1138 403 1193; x_wconf 80' lang='lat' dir='ltr'><strong>&#39;nius</strong></span> <span class='ocrx_word' id='word_1_56' title='bbox 447 1137 728 1208; x_wconf 89' lang='lat' dir='ltr'><strong>presbyter</strong></span> <span class='ocrx_word' id='word_1_57' title='bbox 760 1149 948 1204; x_wconf 88' lang='lat' dir='ltr'><strong>passus</strong></span> <span class='ocrx_word' id='word_1_58' title='bbox 985 1141 1091 1198; x_wconf 84' lang='lat' dir='ltr'><strong>est,</strong></span> <span class='ocrx_word' id='word_1_59' title='bbox 1123 1140 1177 1185; x_wconf 90' lang='lat' dir='ltr'><strong>et</strong></span> <span class='ocrx_word' id='word_1_60' title='bbox 1203 1129 1468 1184; x_wconf 82' lang='lat' dir='ltr'><strong>doluimus</strong></span> <span class='ocrx_word' id='word_1_61' title='bbox 1497 1124 1712 1194; x_wconf 85' lang='lat' dir='ltr'><strong>quidem</strong></span> <span class='ocrx_word' id='word_1_62' title='bbox 1743 1139 1866 1191; x_wconf 89' lang='lat' dir='ltr'><strong>pro-</strong></span> 
     </span>
    </p>
   </div>
   <div class='ocr_carea' id='block_1_9' title="bbox 284 1218 1865 1300">
    <p class='ocr_par' dir='ltr' id='par_1_9' title="bbox 284 1218 1865 1300">
     <span class='ocr_line' id='line_1_9' title="bbox 284 1218 1865 1300; baseline -0.01 -14"><span class='ocrx_word' id='word_1_63' title='bbox 284 1241 404 1300; x_wconf 88' lang='lat' dir='ltr'><strong>pter</strong></span> <span class='ocrx_word' id='word_1_64' title='bbox 428 1229 683 1300; x_wconf 83' lang='lat' dir='ltr'><strong>injurias;</strong></span> <span class='ocrx_word' id='word_1_65' title='bbox 705 1229 934 1283; x_wconf 87' lang='lat' dir='ltr'><strong>libenter</strong></span> <span class='ocrx_word' id='word_1_66' title='bbox 956 1235 1132 1280; x_wconf 90' lang='lat' dir='ltr'><strong>autem</strong></span> <span class='ocrx_word' id='word_1_67' title='bbox 1155 1224 1456 1291; x_wconf 82' lang='lat' dir='ltr'><strong>accepimus</strong></span> <span class='ocrx_word' id='word_1_68' title='bbox 1475 1235 1680 1274; x_wconf 83' lang='lat' dir='ltr'><strong>sacram</strong></span> <span class='ocrx_word' id='word_1_69' title='bbox 1699 1218 1865 1288; x_wconf 77' lang='lat'><strong>608</strong></span> 
     </span>
    </p>
   </div>
   <div class='ocr_carea' id='block_1_10' title="bbox 281 1312 1862 1392">
    <p class='ocr_par' dir='ltr' id='par_1_10' title="bbox 281 1312 1862 1392">
     <span class='ocr_line' id='line_1_10' title="bbox 281 1312 1862 1392; baseline -0.009 -15"><span class='ocrx_word' id='word_1_70' title='bbox 281 1322 400 1392; x_wconf 83' lang='lat' dir='ltr'><strong>ejus</strong></span> <span class='ocrx_word' id='word_1_71' title='bbox 431 1322 780 1386; x_wconf 80' lang='lat' dir='ltr'><strong>voluntatem,</strong></span> <span class='ocrx_word' id='word_1_72' title='bbox 821 1318 1073 1389; x_wconf 90' lang='lat' dir='ltr'><strong>quoniam</strong></span> <span class='ocrx_word' id='word_1_73' title='bbox 1115 1325 1334 1386; x_wconf 85' lang='lat' dir='ltr'><strong>propter</strong></span> <span class='ocrx_word' id='word_1_74' title='bbox 1369 1312 1640 1368; x_wconf 83' lang='lat' dir='ltr'><strong>Christum</strong></span> <span class='ocrx_word' id='word_1_75' title='bbox 1671 1322 1862 1365; x_wconf 84' lang='lat' dir='ltr'><strong>cuncta</strong></span> 
     </span>
    </p>
   </div>
   <div class='ocr_carea' id='block_1_11' title="bbox 281 1411 1864 1483">
    <p class='ocr_par' dir='ltr' id='par_1_11' title="bbox 281 1411 1864 1483">
     <span class='ocr_line' id='line_1_11' title="bbox 281 1411 1864 1483; baseline -0.007 -16"><span class='ocrx_word' id='word_1_76' title='bbox 281 1414 558 1468; x_wconf 85' lang='lat' dir='ltr'><strong>sustinuit.</strong></span> <span class='ocrx_word' id='word_1_77' title='bbox 587 1411 642 1468; x_wconf 90' lang='lat' dir='ltr'><strong>Si</strong></span> <span class='ocrx_word' id='word_1_78' title='bbox 674 1414 832 1483; x_wconf 81' lang='lat' dir='ltr'><strong>igitur</strong></span> <span class='ocrx_word' id='word_1_79' title='bbox 857 1413 1030 1468; x_wconf 85' lang='lat' dir='ltr'><strong>adhuc</strong></span> <span class='ocrx_word' id='word_1_80' title='bbox 1058 1425 1154 1466; x_wconf 86' lang='lat' dir='ltr'><strong>vos</strong></span> <span class='ocrx_word' id='word_1_81' title='bbox 1193 1418 1466 1480; x_wconf 90' lang='lat' dir='ltr'><strong>premunt,</strong></span> <span class='ocrx_word' id='word_1_82' title='bbox 1501 1421 1619 1476; x_wconf 68' lang='lat' dir='ltr'><strong>quae</strong></span> <span class='ocrx_word' id='word_1_83' title='bbox 1650 1413 1864 1474; x_wconf 91' lang='lat' dir='ltr'><strong>putatur</strong></span> 
     </span>
    </p>
   </div>
   <div class='ocr_carea' id='block_1_12' title="bbox 281 1497 1862 1572">
    <p class='ocr_par' dir='ltr' id='par_1_12' title="bbox 281 1497 1862 1572">
     <span class='ocr_line' id='line_1_12' title="bbox 281 1497 1862 1572; baseline -0.006 -14"><span class='ocrx_word' id='word_1_84' title='bbox 281 1505 498 1560; x_wconf 79' lang='lat' dir='ltr'><strong>tristitia</strong></span> <span class='ocrx_word' id='word_1_85' title='bbox 539 1519 682 1567; x_wconf 89' lang='lat' dir='ltr'><strong>esse,</strong></span> <span class='ocrx_word' id='word_1_86' title='bbox 733 1504 784 1558; x_wconf 93' lang='lat' dir='ltr'><strong>in</strong></span> <span class='ocrx_word' id='word_1_87' title='bbox 824 1503 1075 1572; x_wconf 77' lang='lat' dir='ltr'><strong>gaudium</strong></span> <span class='ocrx_word' id='word_1_88' title='bbox 1125 1510 1486 1556; x_wconf 81' lang='lat' dir='ltr'><strong>convertatur.</strong></span> <span class='ocrx_word' id='word_1_89' title='bbox 1536 1497 1862 1566; x_wconf 85' lang='lat' dir='ltr'><strong>Scripsimus</strong></span> 
     </span>
    </p>
   </div>
   <div class='ocr_carea' id='block_1_13' title="bbox 279 1588 1861 1665">
    <p class='ocr_par' dir='ltr' id='par_1_13' title="bbox 279 1588 1861 1665">
     <span class='ocr_line' id='line_1_13' title="bbox 279 1588 1861 1665; baseline -0.006 -14"><span class='ocrx_word' id='word_1_90' title='bbox 279 1598 426 1651; x_wconf 89' lang='lat' dir='ltr'><strong>enim</strong></span> <span class='ocrx_word' id='word_1_91' title='bbox 469 1595 723 1665; x_wconf 87' lang='lat' dir='ltr'><strong>piissimis</strong></span> <span class='ocrx_word' id='word_1_92' title='bbox 762 1593 1172 1665; x_wconf 85' lang='lat' dir='ltr'><strong>imperatoribus</strong></span> <span class='ocrx_word' id='word_1_93' title='bbox 1206 1601 1265 1646; x_wconf 95' lang='lat' dir='ltr'><strong>ut</strong></span> <span class='ocrx_word' id='word_1_94' title='bbox 1313 1606 1381 1646; x_wconf 90' lang='lat' dir='ltr'><strong>ne</strong></span> <span class='ocrx_word' id='word_1_95' title='bbox 1412 1591 1479 1646; x_wconf 92' lang='lat' dir='ltr'><strong>de</strong></span> <span class='ocrx_word' id='word_1_96' title='bbox 1508 1601 1704 1644; x_wconf 76' lang='lat' dir='ltr'><strong>ctetero</strong></span> <span class='ocrx_word' id='word_1_97' title='bbox 1736 1588 1861 1642; x_wconf 89' lang='lat' dir='ltr'><strong>talia</strong></span> 
     </span>
    </p>
   </div>
   <div class='ocr_carea' id='block_1_14' title="bbox 279 1679 1860 1749">
    <p class='ocr_par' dir='ltr' id='par_1_14' title="bbox 279 1679 1860 1749">
     <span class='ocr_line' id='line_1_14' title="bbox 279 1679 1860 1749; baseline -0.006 -6"><span class='ocrx_word' id='word_1_98' title='bbox 279 1689 686 1743; x_wconf 89' lang='lat' dir='ltr'><strong>committantur</strong></span> <span class='ocrx_word' id='word_1_99' title='bbox 708 1687 990 1741; x_wconf 85' lang='lat' dir='ltr'><strong>adversum</strong></span> <span class='ocrx_word' id='word_1_100' title='bbox 1019 1684 1320 1749; x_wconf 85' lang='lat' dir='ltr'><strong>Ecclesias;</strong></span> <span class='ocrx_word' id='word_1_101' title='bbox 1347 1692 1400 1738; x_wconf 90' lang='lat' dir='ltr'><strong>et</strong></span> <span class='ocrx_word' id='word_1_102' title='bbox 1427 1681 1694 1737; x_wconf 88' lang='lat' dir='ltr'><strong>credimus</strong></span> <span class='ocrx_word' id='word_1_103' title='bbox 1719 1679 1860 1747; x_wconf 90' lang='lat' dir='ltr'><strong>quod</strong></span> 
     </span>
    </p>
   </div>
   <div class='ocr_carea' id='block_1_15' title="bbox 283 1774 1861 1849">
    <p class='ocr_par' dir='ltr' id='par_1_15' title="bbox 283 1774 1861 1849">
     <span class='ocr_line' id='line_1_15' title="bbox 283 1774 1861 1849; baseline -0.005 -14"><span class='ocrx_word' id='word_1_104' title='bbox 283 1781 544 1837; x_wconf 89' lang='lat' dir='ltr'><strong>Dominus</strong></span> <span class='ocrx_word' id='word_1_105' title='bbox 579 1781 736 1836; x_wconf 78' lang='lat' dir='ltr'><strong>faciet</strong></span> <span class='ocrx_word' id='word_1_106' title='bbox 765 1796 857 1849; x_wconf 92' lang='lat' dir='ltr'><strong>per</strong></span> <span class='ocrx_word' id='word_1_107' title='bbox 879 1780 1187 1849; x_wconf 75' lang='lat' dir='ltr'><strong>religionem</strong></span> <span class='ocrx_word' id='word_1_108' title='bbox 1222 1775 1728 1832; x_wconf 90' lang='lat' dir='ltr'><strong>humanissimorum</strong></span> <span class='ocrx_word' id='word_1_109' title='bbox 1760 1774 1861 1828; x_wconf 92' lang='lat' dir='ltr'><strong>im-</strong></span> 
     </span>
    </p>
   </div>
   <div class='ocr_carea' id='block_1_16' title="bbox 280 1865 1859 1942">
    <p class='ocr_par' dir='ltr' id='par_1_16' title="bbox 280 1865 1859 1942">
     <span class='ocr_line' id='line_1_16' title="bbox 280 1865 1859 1942; baseline -0.006 -15"><span class='ocrx_word' id='word_1_110' title='bbox 280 1882 616 1942; x_wconf 70' lang='lat' dir='ltr'><strong>permotum,</strong></span> <span class='ocrx_word' id='word_1_111' title='bbox 664 1882 721 1926; x_wconf 93' lang='lat' dir='ltr'><strong>ut</strong></span> <span class='ocrx_word' id='word_1_112' title='bbox 751 1881 804 1926; x_wconf 90' lang='lat' dir='ltr'><strong>et</strong></span> <span class='ocrx_word' id='word_1_113' title='bbox 845 1885 943 1925; x_wconf 92' lang='lat' dir='ltr'><strong>nos</strong></span> <span class='ocrx_word' id='word_1_114' title='bbox 971 1885 1090 1924; x_wconf 88' lang='lat' dir='ltr'><strong>cum</strong></span> <span class='ocrx_word' id='word_1_115' title='bbox 1137 1870 1328 1924; x_wconf 88' lang='lat' dir='ltr'><strong>solatio</strong></span> <span class='ocrx_word' id='word_1_116' title='bbox 1371 1877 1425 1923; x_wconf 89' lang='lat' dir='ltr'><strong>et</strong></span> <span class='ocrx_word' id='word_1_117' title='bbox 1475 1867 1720 1923; x_wconf 88' lang='lat' dir='ltr'><strong>libertate</strong></span> <span class='ocrx_word' id='word_1_118' title='bbox 1748 1865 1859 1920; x_wconf 91' lang='lat' dir='ltr'><strong>Deo</strong></span> 
     </span>
    </p>
   </div>
   <div class='ocr_carea' id='block_1_17' title="bbox 635 440 3194 534">
    <p class='ocr_par' dir='ltr' id='par_1_17' title="bbox 635 440 3194 534">
     <span class='ocr_line' id='line_1_17' title="bbox 635 440 3194 534; baseline -0.003 -26"><span class='ocrx_word' id='word_1_119' title='bbox 635 455 853 510; x_wconf 79' lang='lat' dir='ltr'><strong>VETUS</strong></span> <span class='ocrx_word' id='word_1_120' title='bbox 891 451 1215 510; x_wconf 76' lang='lat' dir='ltr'><strong>CANONUM</strong></span> <span class='ocrx_word' id='word_1_121' title='bbox 1255 452 1534 514; x_wconf 74' lang='lat' dir='ltr'><strong>NlC/EN.,</strong></span> <span class='ocrx_word' id='word_1_122' title='bbox 1579 443 1915 502; x_wconf 70' lang='lat' dir='ltr'><strong>SARD-ET</strong></span> <span class='ocrx_word' id='word_1_123' title='bbox 1955 445 2290 502; x_wconf 83' lang='lat' dir='ltr'><strong>CHALCED.</strong></span> <span class='ocrx_word' id='word_1_124' title='bbox 2332 443 2884 502; x_wconf 79' lang='lat' dir='ltr'><strong>INTERPRETATIO</strong></span> <span class='ocrx_word' id='word_1_125' title='bbox 2922 440 3194 534; x_wconf 65' lang='lat' dir='ltr'><strong>LATINA.</strong></span> 
     </span>
    </p>
   </div>
   <div class='ocr_carea' id='block_1_18' title="bbox 3441 439 3550 506">
    <p class='ocr_par' dir='ltr' id='par_1_18' title="bbox 3441 439 3550 506">
     <span class='ocr_line' id='line_1_18' title="bbox 3441 439 3550 506; baseline 0.018 -3"><span class='ocrx_word' id='word_1_126' title='bbox 3441 439 3550 506; x_wconf 68' lang='lat'><strong>2330</strong></span> 
     </span>
    </p>
   </div>
   <div class='ocr_carea' id='block_1_19' title="bbox 2871 564 3246 623">
    <p class='ocr_par' dir='ltr' id='par_1_19' title="bbox 2871 564 3246 623">
     <span class='ocr_line' id='line_1_19' title="bbox 2871 564 3246 623; baseline -0.005 0"><span class='ocrx_word' id='word_1_127' title='bbox 2871 572 3102 623; x_wconf 81' lang='lat' dir='ltr'><strong>Severus</strong></span> <span class='ocrx_word' id='word_1_128' title='bbox 3123 564 3246 621; x_wconf 90' lang='lat' dir='ltr'><strong>sim.</strong></span> 
     </span>
    </p>
   </div>
   <div class='ocr_carea' id='block_1_20' title="bbox 2113 660 3316 718">
    <p class='ocr_par' dir='ltr' id='par_1_20' title="bbox 2113 660 3316 718">
     <span class='ocr_line' id='line_1_20' title="bbox 2113 660 3316 718; baseline 0.001 -4"><span class='ocrx_word' id='word_1_129' title='bbox 2113 660 2378 716; x_wconf 89' lang='lat' dir='ltr'><strong>similiter.</strong></span> <span class='ocrx_word' id='word_1_130' title='bbox 2871 663 3166 718; x_wconf 74' lang='lat' dir='ltr'><strong>Restitutus</strong></span> <span class='ocrx_word' id='word_1_131' title='bbox 3196 660 3316 715; x_wconf 82' lang='lat' dir='ltr'><strong>sint.</strong></span> 
     </span>
    </p>
   </div>
   <div class='ocr_carea' id='block_1_21' title="bbox 2041 751 2469 813">
    <p class='ocr_par' dir='ltr' id='par_1_21' title="bbox 2041 751 2469 813">
     <span class='ocr_line' id='line_1_21' title="bbox 2041 751 2469 813; baseline 0.009 -5"><span class='ocrx_word' id='word_1_132' title='bbox 2041 751 2323 808; x_wconf 84' lang='lat' dir='ltr'><strong>Gerontius</strong></span> <span class='ocrx_word' id='word_1_133' title='bbox 2347 754 2469 813; x_wconf 83' lang='lat' dir='ltr'><strong>sim.</strong></span> 
     </span>
    </p>
   </div>
   <div class='ocr_carea' id='block_1_22' title="bbox 2046 842 3548 917">
    <p class='ocr_par' dir='ltr' id='par_1_22' title="bbox 2046 842 3548 917">
     <span class='ocr_line' id='line_1_22' title="bbox 2046 842 3548 917; baseline 0.002 -20"><span class='ocrx_word' id='word_1_134' title='bbox 2046 842 2348 899; x_wconf 68' lang='lat' dir='ltr'><strong>Vincentius</strong></span> <span class='ocrx_word' id='word_1_135' title='bbox 2395 847 2679 917; x_wconf 91' lang='lat' dir='ltr'><strong>episcopus</strong></span> <span class='ocrx_word' id='word_1_136' title='bbox 2725 847 3021 904; x_wconf 89' lang='lat' dir='ltr'><strong>incolumes</strong></span> <span class='ocrx_word' id='word_1_137' title='bbox 3066 863 3160 901; x_wconf 90' lang='lat' dir='ltr'><strong>vos</strong></span> <span class='ocrx_word' id='word_1_138' title='bbox 3207 847 3257 901; x_wconf 92' lang='lat' dir='ltr'><strong>in</strong></span> <span class='ocrx_word' id='word_1_139' title='bbox 3325 845 3548 901; x_wconf 88' lang='lat' dir='ltr'><strong>Domino</strong></span> 
     </span>
    </p>
   </div>
   <div class='ocr_carea' id='block_1_23' title="bbox 1967 936 3547 1010">
    <p class='ocr_par' dir='ltr' id='par_1_23' title="bbox 1967 936 3547 1010">
     <span class='ocr_line' id='line_1_23' title="bbox 1967 936 3547 1010; baseline 0.003 -21"><span class='ocrx_word' id='word_1_140' title='bbox 1967 946 2128 1005; x_wconf 90' lang='lat' dir='ltr'><strong>opto,</strong></span> <span class='ocrx_word' id='word_1_141' title='bbox 2161 936 2493 992; x_wconf 88' lang='lat' dir='ltr'><strong>dilectissimi</strong></span> <span class='ocrx_word' id='word_1_142' title='bbox 2527 939 2716 994; x_wconf 87' lang='lat' dir='ltr'><strong>fratres</strong></span> <span class='ocrx_word' id='word_1_143' title='bbox 2745 958 2758 993; x_wconf 89' lang='lat'><strong>:</strong></span> <span class='ocrx_word' id='word_1_144' title='bbox 2785 940 2966 1010; x_wconf 79' lang='lat' dir='ltr'><strong>jussus</strong></span> <span class='ocrx_word' id='word_1_145' title='bbox 2990 955 3018 994; x_wconf 87' lang='lat' dir='ltr'><strong>a</strong></span> <span class='ocrx_word' id='word_1_146' title='bbox 3048 940 3302 995; x_wconf 88' lang='lat' dir='ltr'><strong>fratribus</strong></span> <span class='ocrx_word' id='word_1_147' title='bbox 3333 939 3465 994; x_wconf 87' lang='lat' dir='ltr'><strong>meis</strong></span> <span class='ocrx_word' id='word_1_148' title='bbox 3493 946 3547 994; x_wconf 88' lang='lat' dir='ltr'><strong>et</strong></span> 
     </span>
    </p>
   </div>
   <div class='ocr_carea' id='block_1_24' title="bbox 1967 1031 3311 1106">
    <p class='ocr_par' dir='ltr' id='par_1_24' title="bbox 1967 1031 3311 1106">
     <span class='ocr_line' id='line_1_24' title="bbox 1967 1031 3311 1106; baseline 0.001 -20"><span class='ocrx_word' id='word_1_149' title='bbox 1967 1031 2297 1102; x_wconf 80' lang='lat' dir='ltr'><strong>caepiscopis</strong></span> <span class='ocrx_word' id='word_1_150' title='bbox 2323 1033 2533 1103; x_wconf 89' lang='lat' dir='ltr'><strong>scripsi,</strong></span> <span class='ocrx_word' id='word_1_151' title='bbox 2563 1044 2617 1089; x_wconf 90' lang='lat' dir='ltr'><strong>et</strong></span> <span class='ocrx_word' id='word_1_152' title='bbox 2643 1035 2930 1104; x_wconf 88' lang='lat' dir='ltr'><strong>subscripsi</strong></span> <span class='ocrx_word' id='word_1_153' title='bbox 2959 1050 3054 1106; x_wconf 93' lang='lat' dir='ltr'><strong>pro</strong></span> <span class='ocrx_word' id='word_1_154' title='bbox 3081 1035 3311 1090; x_wconf 78' lang='lat' dir='ltr'><strong>ctcteris.</strong></span> 
     </span>
    </p>
   </div>
   <div class='ocr_carea' id='block_1_25' title="bbox 2083 1181 3419 1228">
    <p class='ocr_par' dir='ltr' id='par_1_25' title="bbox 2083 1181 3419 1228">
     <span class='ocr_line' id='line_1_25' title="bbox 2083 1181 3419 1228; baseline 0.004 -8"><span class='ocrx_word' id='word_1_155' title='bbox 2083 1181 2128 1220; x_wconf 84' lang='grc'><strong>8.</strong></span> <span class='ocrx_word' id='word_1_156' title='bbox 2170 1182 2447 1223; x_wconf 70' lang='grc' dir='ltr'><strong>ΑἸἪΛΝΑΒΙΙ</strong></span> <span class='ocrx_word' id='word_1_157' title='bbox 2487 1185 2555 1223; x_wconf 81' lang='lat' dir='ltr'><strong>AD</strong></span> <span class='ocrx_word' id='word_1_158' title='bbox 2593 1183 2795 1225; x_wconf 69' lang='lat' dir='ltr'><strong>EASDEI</strong></span> <span class='ocrx_word' id='word_1_159' title='bbox 2835 1186 3114 1228; x_wconf 73' lang='lat' dir='ltr'><strong>ECCLBSIAS</strong></span> <span class='ocrx_word' id='word_1_160' title='bbox 3152 1185 3419 1226; x_wconf 69' lang='lat' dir='ltr'><strong>EPISTOLA.</strong></span> 
     </span>
    </p>
   </div>
   <div class='ocr_carea' id='block_1_26' title="bbox 2038 1306 3543 1380">
    <p class='ocr_par' dir='ltr' id='par_1_26' title="bbox 2038 1306 3543 1380">
     <span class='ocr_line' id='line_1_26' title="bbox 2038 1306 3543 1380; baseline 0.001 -20"><span class='ocrx_word' id='word_1_161' title='bbox 2038 1306 2357 1362; x_wconf 84' lang='lat' dir='ltr'><strong>Athanasius</strong></span> <span class='ocrx_word' id='word_1_162' title='bbox 2389 1308 2747 1380; x_wconf 83' lang='lat' dir='ltr'><strong>presbyteris,</strong></span> <span class='ocrx_word' id='word_1_163' title='bbox 2782 1319 2837 1364; x_wconf 90' lang='lat' dir='ltr'><strong>et</strong></span> <span class='ocrx_word' id='word_1_164' title='bbox 2878 1310 3222 1373; x_wconf 89' lang='lat' dir='ltr'><strong>diaconibus,</strong></span> <span class='ocrx_word' id='word_1_165' title='bbox 3263 1320 3314 1366; x_wconf 86' lang='lat' dir='ltr'><strong>et</strong></span> <span class='ocrx_word' id='word_1_166' title='bbox 3348 1307 3543 1378; x_wconf 87' lang='lat' dir='ltr'><strong>p0pnlo</strong></span> 
     </span>
    </p>
   </div>
   <div class='ocr_carea' id='block_1_27' title="bbox 1965 1397 3542 1472">
    <p class='ocr_par' dir='ltr' id='par_1_27' title="bbox 1965 1397 3542 1472">
     <span class='ocr_line' id='line_1_27' title="bbox 1965 1397 3542 1472; baseline 0.003 -20"><span class='ocrx_word' id='word_1_167' title='bbox 1965 1397 2240 1454; x_wconf 71' lang='lat' dir='ltr'><strong>catholica:</strong></span> <span class='ocrx_word' id='word_1_168' title='bbox 2273 1401 2529 1456; x_wconf 70' lang='lat' dir='ltr'><strong>Ecclesia:</strong></span> <span class='ocrx_word' id='word_1_169' title='bbox 2568 1401 2707 1472; x_wconf 92' lang='lat' dir='ltr'><strong>apud</strong></span> <span class='ocrx_word' id='word_1_170' title='bbox 2747 1402 3034 1458; x_wconf 80' lang='lat' dir='ltr'><strong>Mareotam</strong></span> <span class='ocrx_word' id='word_1_171' title='bbox 3057 1445 3071 1468; x_wconf 94' lang='lat'><strong>,</strong></span> <span class='ocrx_word' id='word_1_172' title='bbox 3097 1402 3456 1458; x_wconf 76' lang='lat' dir='ltr'><strong>dilectissimis</strong></span> <span class='ocrx_word' id='word_1_173' title='bbox 3483 1415 3542 1456; x_wconf 88' lang='lat' dir='ltr'><strong>ac</strong></span> 
     </span>
    </p>
   </div>
   <div class='ocr_carea' id='block_1_28' title="bbox 1965 1491 3307 1552">
    <p class='ocr_par' dir='ltr' id='par_1_28' title="bbox 1965 1491 3307 1552">
     <span class='ocr_line' id='line_1_28' title="bbox 1965 1491 3307 1552; baseline 0.002 -7"><span class='ocrx_word' id='word_1_174' title='bbox 1965 1491 2409 1548; x_wconf 82' lang='lat' dir='ltr'><strong>desiderabilibus</strong></span> <span class='ocrx_word' id='word_1_175' title='bbox 2441 1493 2694 1549; x_wconf 76' lang='lat' dir='ltr'><strong>fratribus</strong></span> <span class='ocrx_word' id='word_1_176' title='bbox 2723 1495 2773 1548; x_wconf 93' lang='lat' dir='ltr'><strong>in</strong></span> <span class='ocrx_word' id='word_1_177' title='bbox 2808 1495 3032 1549; x_wconf 88' lang='lat' dir='ltr'><strong>Domino</strong></span> <span class='ocrx_word' id='word_1_178' title='bbox 3062 1495 3307 1552; x_wconf 65' lang='lat' dir='ltr'><strong>silutem.</strong></span> 
     </span>
    </p>
   </div>
   <div class='ocr_carea' id='block_1_29' title="bbox 2036 1585 3542 1656">
    <p class='ocr_par' dir='ltr' id='par_1_29' title="bbox 2036 1585 3542 1656">
     <span class='ocr_line' id='line_1_29' title="bbox 2036 1585 3542 1656; baseline 0.001 -17"><span class='ocrx_word' id='word_1_179' title='bbox 2036 1585 2228 1639; x_wconf 77' lang='lat' dir='ltr'><strong>Sancta</strong></span> <span class='ocrx_word' id='word_1_180' title='bbox 2271 1588 2508 1656; x_wconf 91' lang='lat' dir='ltr'><strong>synodus</strong></span> <span class='ocrx_word' id='word_1_181' title='bbox 2551 1587 2786 1641; x_wconf 89' lang='lat' dir='ltr'><strong>laudavit</strong></span> <span class='ocrx_word' id='word_1_182' title='bbox 2826 1589 2876 1641; x_wconf 93' lang='lat' dir='ltr'><strong>in</strong></span> <span class='ocrx_word' id='word_1_183' title='bbox 2907 1587 3118 1642; x_wconf 86' lang='lat' dir='ltr'><strong>Christo</strong></span> <span class='ocrx_word' id='word_1_184' title='bbox 3148 1597 3379 1642; x_wconf 82' lang='lat' dir='ltr'><strong>vestram</strong></span> <span class='ocrx_word' id='word_1_185' title='bbox 3420 1585 3542 1640; x_wconf 78' lang='lat' dir='ltr'><strong>reli-</strong></span> 
     </span>
    </p>
   </div>
   <div class='ocr_carea' id='block_1_30' title="bbox 1963 1679 3541 1753">
    <p class='ocr_par' dir='ltr' id='par_1_30' title="bbox 1963 1679 3541 1753">
     <span class='ocr_line' id='line_1_30' title="bbox 1963 1679 3541 1753; baseline 0.003 -23"><span class='ocrx_word' id='word_1_186' title='bbox 1963 1679 2196 1748; x_wconf 88' lang='lat' dir='ltr'><strong>gionem.</strong></span> <span class='ocrx_word' id='word_1_187' title='bbox 2230 1680 2426 1736; x_wconf 84' lang='lat' dir='ltr'><strong>Omnes</strong></span> <span class='ocrx_word' id='word_1_188' title='bbox 2474 1693 2724 1753; x_wconf 87' lang='lat' dir='ltr'><strong>acceptos</strong></span> <span class='ocrx_word' id='word_1_189' title='bbox 2761 1684 2996 1736; x_wconf 70' lang='lat' dir='ltr'><strong>tulerunt</strong></span> <span class='ocrx_word' id='word_1_190' title='bbox 3039 1682 3091 1736; x_wconf 93' lang='lat' dir='ltr'><strong>in</strong></span> <span class='ocrx_word' id='word_1_191' title='bbox 3139 1683 3382 1736; x_wconf 86' lang='lat' dir='ltr'><strong>omnibus</strong></span> <span class='ocrx_word' id='word_1_192' title='bbox 3428 1680 3541 1734; x_wconf 75' lang='lat' dir='ltr'><strong>ani-</strong></span> 
     </span>
    </p>
   </div>
   <div class='ocr_carea' id='block_1_31' title="bbox 1966 1773 3652 1845">
    <p class='ocr_par' dir='ltr' id='par_1_31' title="bbox 1966 1773 3652 1845">
     <span class='ocr_line' id='line_1_31' title="bbox 1966 1773 3652 1845; baseline 0.002 -21"><span class='ocrx_word' id='word_1_193' title='bbox 1966 1787 2109 1825; x_wconf 90' lang='lat' dir='ltr'><strong>mtun</strong></span> <span class='ocrx_word' id='word_1_194' title='bbox 2139 1783 2191 1825; x_wconf 92' lang='lat' dir='ltr'><strong>et</strong></span> <span class='ocrx_word' id='word_1_195' title='bbox 2218 1773 2584 1828; x_wconf 80' lang='lat' dir='ltr'><strong>fortitudinem</strong></span> <span class='ocrx_word' id='word_1_196' title='bbox 2608 1818 2622 1842; x_wconf 92' lang='lat'><strong>,</strong></span> <span class='ocrx_word' id='word_1_197' title='bbox 2653 1778 2904 1845; x_wconf 89' lang='lat' dir='ltr'><strong>quoniam</strong></span> <span class='ocrx_word' id='word_1_198' title='bbox 2933 1775 3103 1830; x_wconf 88' lang='lat' dir='ltr'><strong>minas</strong></span> <span class='ocrx_word' id='word_1_199' title='bbox 3133 1790 3242 1830; x_wconf 89' lang='lat' dir='ltr'><strong>non</strong></span> <span class='ocrx_word' id='word_1_200' title='bbox 3273 1774 3541 1838; x_wconf 87' lang='lat' dir='ltr'><strong>timuistis,</strong></span> <span class='ocrx_word' id='word_1_201' title='bbox 3636 1793 3652 1806; x_wconf 84' lang='grc'>·</span> 
     </span>
    </p>
   </div>
   <div class='ocr_carea' id='block_1_32' title="bbox 1964 1863 3543 1936">
    <p class='ocr_par' dir='ltr' id='par_1_32' title="bbox 1964 1863 3543 1936">
     <span class='ocr_line' id='line_1_32' title="bbox 1964 1863 3543 1936; baseline 0.005 -21"><span class='ocrx_word' id='word_1_202' title='bbox 1964 1863 2103 1931; x_wconf 87' lang='lat' dir='ltr'><strong>quod</strong></span> <span class='ocrx_word' id='word_1_203' title='bbox 2138 1865 2424 1918; x_wconf 86' lang='lat' dir='ltr'><strong>tolerantes</strong></span> <span class='ocrx_word' id='word_1_204' title='bbox 2455 1866 2682 1934; x_wconf 74' lang='lat' dir='ltr'><strong>injurias</strong></span> <span class='ocrx_word' id='word_1_205' title='bbox 2725 1879 2777 1921; x_wconf 93' lang='lat' dir='ltr'><strong>et</strong></span> <span class='ocrx_word' id='word_1_206' title='bbox 2822 1869 3220 1936; x_wconf 81' lang='lat' dir='ltr'><strong>persecutiones</strong></span> <span class='ocrx_word' id='word_1_207' title='bbox 3264 1865 3543 1923; x_wconf 85' lang='lat' dir='ltr'><strong>adversum</strong></span> 
     </span>
    </p>
   </div>
   <div class='ocr_carea' id='block_1_33' title="bbox 277 1937 3544 2037">
    <p class='ocr_par' dir='ltr' id='par_1_33' title="bbox 277 1937 3544 2037">
     <span class='ocr_line' id='line_1_33' title="bbox 277 1937 3544 2037; baseline -0.002 -17"><span class='ocrx_word' id='word_1_208' title='bbox 277 1937 479 2037; x_wconf 77' lang='lat' dir='ltr'><strong>gratias</strong></span> <span class='ocrx_word' id='word_1_209' title='bbox 507 1937 746 2034; x_wconf 85' lang='lat' dir='ltr'><strong>agentes,</strong></span> <span class='ocrx_word' id='word_1_210' title='bbox 771 1975 823 2019; x_wconf 90' lang='lat' dir='ltr'><strong>et</strong></span> <span class='ocrx_word' id='word_1_211' title='bbox 856 1966 1125 2035; x_wconf 87' lang='lat' dir='ltr'><strong>placentes</strong></span> <span class='ocrx_word' id='word_1_212' title='bbox 1157 1963 1490 2017; x_wconf 83' lang='lat' dir='ltr'><strong>inveniamur</strong></span> <span class='ocrx_word' id='word_1_213' title='bbox 1527 1963 1578 2015; x_wconf 93' lang='lat' dir='ltr'><strong>in</strong></span> <span class='ocrx_word' id='word_1_214' title='bbox 1609 1961 1696 2016; x_wconf 89' lang='lat' dir='ltr'><strong>die</strong></span> <span class='ocrx_word' id='word_1_215' title='bbox 1717 1959 1862 2030; x_wconf 90' lang='lat' dir='ltr'><strong>judi-</strong></span> <span class='ocrx_word' id='word_1_216' title='bbox 1893 1937 1943 2000; x_wconf 72' lang='grc' dir='ltr'><strong>Β</strong></span> <span class='ocrx_word' id='word_1_217' title='bbox 1972 1953 2255 2022; x_wconf 91' lang='lat' dir='ltr'><strong>pietatem,</strong></span> <span class='ocrx_word' id='word_1_218' title='bbox 2299 1959 2669 2026; x_wconf 71' lang='lat' dir='ltr'><strong>pr.evaliii5tis.</strong></span> <span class='ocrx_word' id='word_1_219' title='bbox 2701 1959 2912 2013; x_wconf 73' lang='lat' dir='ltr'><strong>Littera:</strong></span> <span class='ocrx_word' id='word_1_220' title='bbox 2945 1960 3120 2029; x_wconf 84' lang='lat' dir='ltr'><strong>itaque</strong></span> <span class='ocrx_word' id='word_1_221' title='bbox 3160 1967 3352 2014; x_wconf 75' lang='lat' dir='ltr'><strong>vestrre</strong></span> <span class='ocrx_word' id='word_1_222' title='bbox 3372 2002 3385 2026; x_wconf 92' lang='lat'><strong>,</strong></span> <span class='ocrx_word' id='word_1_223' title='bbox 3418 1957 3544 2014; x_wconf 83' lang='lat' dir='ltr'><strong>dunt</strong></span> 
     </span>
    </p>
   </div>
   <div class='ocr_carea' id='block_1_34' title="bbox 276 2053 1866 2126">
    <p class='ocr_par' dir='ltr' id='par_1_34' title="bbox 276 2053 1866 2126">
     <span class='ocr_line' id='line_1_34' title="bbox 276 2053 1866 2126; baseline -0.004 -12"><span class='ocrx_word' id='word_1_224' title='bbox 276 2061 368 2114; x_wconf 91' lang='lat' dir='ltr'><strong>cii.</strong></span> <span class='ocrx_word' id='word_1_225' title='bbox 403 2061 534 2126; x_wconf 71' lang='lat' dir='ltr'><strong>Quae</strong></span> <span class='ocrx_word' id='word_1_226' title='bbox 561 2067 738 2113; x_wconf 91' lang='lat' dir='ltr'><strong>autem</strong></span> <span class='ocrx_word' id='word_1_227' title='bbox 775 2067 900 2112; x_wconf 91' lang='lat' dir='ltr'><strong>sunt</strong></span> <span class='ocrx_word' id='word_1_228' title='bbox 930 2057 1169 2122; x_wconf 83' lang='lat' dir='ltr'><strong>actitata,</strong></span> <span class='ocrx_word' id='word_1_229' title='bbox 1211 2057 1345 2111; x_wconf 85' lang='lat' dir='ltr'><strong>sicut</strong></span> <span class='ocrx_word' id='word_1_230' title='bbox 1377 2053 1742 2124; x_wconf 79' lang='lat' dir='ltr'><strong>prtediximus,</strong></span> <span class='ocrx_word' id='word_1_231' title='bbox 1775 2067 1866 2108; x_wconf 84' lang='lat' dir='ltr'><strong>co-</strong></span> 
     </span>
    </p>
   </div>
   <div class='ocr_carea' id='block_1_35' title="bbox 275 2146 1865 2223">
    <p class='ocr_par' dir='ltr' id='par_1_35' title="bbox 275 2146 1865 2223">
     <span class='ocr_line' id='line_1_35' title="bbox 275 2146 1865 2223; baseline -0.004 -17"><span class='ocrx_word' id='word_1_232' title='bbox 275 2153 551 2223; x_wconf 81' lang='lat' dir='ltr'><strong>gnoscetis</strong></span> <span class='ocrx_word' id='word_1_233' title='bbox 577 2166 644 2206; x_wconf 83' lang='lat' dir='ltr'><strong>ex</strong></span> <span class='ocrx_word' id='word_1_234' title='bbox 666 2150 1027 2205; x_wconf 89' lang='lat' dir='ltr'><strong>dilectissimis</strong></span> <span class='ocrx_word' id='word_1_235' title='bbox 1051 2148 1304 2202; x_wconf 87' lang='lat' dir='ltr'><strong>fratribus</strong></span> <span class='ocrx_word' id='word_1_236' title='bbox 1326 2147 1527 2202; x_wconf 87' lang='lat' dir='ltr'><strong>nostris</strong></span> <span class='ocrx_word' id='word_1_237' title='bbox 1548 2146 1634 2215; x_wconf 90' lang='lat' dir='ltr'><strong>qui</strong></span> <span class='ocrx_word' id='word_1_238' title='bbox 1659 2154 1865 2199; x_wconf 87' lang='lat' dir='ltr'><strong>vestras</strong></span> 
     </span>
    </p>
   </div>
   <div class='ocr_carea' id='block_1_36' title="bbox 277 2235 1864 2310">
    <p class='ocr_par' dir='ltr' id='par_1_36' title="bbox 277 2235 1864 2310">
     <span class='ocr_line' id='line_1_36' title="bbox 277 2235 1864 2310; baseline -0.003 -13"><span class='ocrx_word' id='word_1_239' title='bbox 277 2245 339 2298; x_wconf 89' lang='lat' dir='ltr'><strong>lit</strong></span> <span class='ocrx_word' id='word_1_240' title='bbox 366 2259 487 2298; x_wconf 66' lang='lat' dir='ltr'><strong>eras</strong></span> <span class='ocrx_word' id='word_1_241' title='bbox 519 2250 880 2309; x_wconf 79' lang='lat' dir='ltr'><strong>portaverant,</strong></span> <span class='ocrx_word' id='word_1_242' title='bbox 899 2239 999 2294; x_wconf 86' lang='lat' dir='ltr'><strong>huc</strong></span> <span class='ocrx_word' id='word_1_243' title='bbox 1023 2249 1107 2294; x_wconf 89' lang='lat' dir='ltr'><strong>est</strong></span> <span class='ocrx_word' id='word_1_244' title='bbox 1134 2239 1462 2310; x_wconf 81' lang='lat' dir='ltr'><strong>presbyteris</strong></span> <span class='ocrx_word' id='word_1_245' title='bbox 1480 2235 1864 2293; x_wconf 82' lang='lat' dir='ltr'><strong>etdiaconibus</strong></span> 
     </span>
    </p>
   </div>
   <div class='ocr_carea' id='block_1_37' title="bbox 276 2329 1862 2400">
    <p class='ocr_par' dir='ltr' id='par_1_37' title="bbox 276 2329 1862 2400">
     <span class='ocr_line' id='line_1_37' title="bbox 276 2329 1862 2400; baseline -0.004 -12"><span class='ocrx_word' id='word_1_246' title='bbox 276 2332 691 2389; x_wconf 76' lang='lat' dir='ltr'><strong>Alexandrinis:</strong></span> <span class='ocrx_word' id='word_1_247' title='bbox 710 2332 1020 2400; x_wconf 86' lang='lat' dir='ltr'><strong>episcopum</strong></span> <span class='ocrx_word' id='word_1_248' title='bbox 1041 2330 1184 2385; x_wconf 91' lang='lat' dir='ltr'><strong>enim</strong></span> <span class='ocrx_word' id='word_1_249' title='bbox 1202 2341 1435 2386; x_wconf 88' lang='lat' dir='ltr'><strong>vestrum</strong></span> <span class='ocrx_word' id='word_1_250' title='bbox 1457 2329 1862 2384; x_wconf 88' lang='lat' dir='ltr'><strong>dilectissimum</strong></span> 
     </span>
    </p>
   </div>
   <div class='ocr_carea' id='block_1_38' title="bbox 279 2422 1863 2480">
    <p class='ocr_par' dir='ltr' id='par_1_38' title="bbox 279 2422 1863 2480">
     <span class='ocr_line' id='line_1_38' title="bbox 279 2422 1863 2480; baseline -0.002 -2"><span class='ocrx_word' id='word_1_251' title='bbox 279 2425 502 2479; x_wconf 82' lang='lat' dir='ltr'><strong>fratrem</strong></span> <span class='ocrx_word' id='word_1_252' title='bbox 527 2435 770 2480; x_wconf 88' lang='lat' dir='ltr'><strong>nostrum</strong></span> <span class='ocrx_word' id='word_1_253' title='bbox 797 2433 851 2477; x_wconf 90' lang='lat' dir='ltr'><strong>et</strong></span> <span class='ocrx_word' id='word_1_254' title='bbox 877 2423 1301 2478; x_wconf 85' lang='lat' dir='ltr'><strong>comministrum</strong></span> <span class='ocrx_word' id='word_1_255' title='bbox 1335 2422 1681 2477; x_wconf 82' lang='lat' dir='ltr'><strong>Athanasium</strong></span> <span class='ocrx_word' id='word_1_256' title='bbox 1710 2422 1863 2476; x_wconf 87' lang='lat' dir='ltr'><strong>inno-</strong></span> 
     </span>
    </p>
   </div>
   <div class='ocr_carea' id='block_1_39' title="bbox 276 2515 1865 2584">
    <p class='ocr_par' dir='ltr' id='par_1_39' title="bbox 276 2515 1865 2584">
     <span class='ocr_line' id='line_1_39' title="bbox 276 2515 1865 2584; baseline -0.002 -12"><span class='ocrx_word' id='word_1_257' title='bbox 276 2528 492 2572; x_wconf 76' lang='lat' dir='ltr'><strong>centem</strong></span> <span class='ocrx_word' id='word_1_258' title='bbox 535 2527 591 2571; x_wconf 93' lang='lat' dir='ltr'><strong>et</strong></span> <span class='ocrx_word' id='word_1_259' title='bbox 625 2516 892 2571; x_wconf 88' lang='lat' dir='ltr'><strong>sincerum</strong></span> <span class='ocrx_word' id='word_1_260' title='bbox 930 2515 998 2569; x_wconf 90' lang='lat' dir='ltr'><strong>ab</strong></span> <span class='ocrx_word' id='word_1_261' title='bbox 1036 2516 1178 2570; x_wconf 91' lang='lat' dir='ltr'><strong>omni</strong></span> <span class='ocrx_word' id='word_1_262' title='bbox 1206 2515 1468 2570; x_wconf 90' lang='lat' dir='ltr'><strong>calumnia</strong></span> <span class='ocrx_word' id='word_1_263' title='bbox 1500 2515 1865 2584; x_wconf 88' lang='lat' dir='ltr'><strong>pronuntiavit</strong></span> 
     </span>
    </p>
   </div>
   <div class='ocr_carea' id='block_1_40' title="bbox 277 2606 1865 2680">
    <p class='ocr_par' dir='ltr' id='par_1_40' title="bbox 277 2606 1865 2680">
     <span class='ocr_line' id='line_1_40' title="bbox 277 2606 1865 2680; baseline -0.002 -16"><span class='ocrx_word' id='word_1_264' title='bbox 277 2621 467 2665; x_wconf 86' lang='lat' dir='ltr'><strong>sancta</strong></span> <span class='ocrx_word' id='word_1_265' title='bbox 492 2619 544 2664; x_wconf 93' lang='lat' dir='ltr'><strong>et</strong></span> <span class='ocrx_word' id='word_1_266' title='bbox 581 2624 768 2679; x_wconf 90' lang='lat' dir='ltr'><strong>magna</strong></span> <span class='ocrx_word' id='word_1_267' title='bbox 799 2609 1070 2680; x_wconf 85' lang='lat' dir='ltr'><strong>synodus;</strong></span> <span class='ocrx_word' id='word_1_268' title='bbox 1104 2607 1445 2662; x_wconf 83' lang='lat' dir='ltr'><strong>Theodorum</strong></span> <span class='ocrx_word' id='word_1_269' title='bbox 1474 2621 1622 2669; x_wconf 90' lang='lat' dir='ltr'><strong>vero,</strong></span> <span class='ocrx_word' id='word_1_270' title='bbox 1651 2606 1865 2661; x_wconf 82' lang='lat' dir='ltr'><strong>Narcis-</strong></span> 
     </span>
    </p>
   </div>
   <div class='ocr_carea' id='block_1_41' title="bbox 275 2697 1860 2770">
    <p class='ocr_par' dir='ltr' id='par_1_41' title="bbox 275 2697 1860 2770">
     <span class='ocr_line' id='line_1_41' title="bbox 275 2697 1860 2770; baseline -0.003 -14"><span class='ocrx_word' id='word_1_271' title='bbox 275 2717 420 2765; x_wconf 89' lang='lat' dir='ltr'><strong>sum,</strong></span> <span class='ocrx_word' id='word_1_272' title='bbox 463 2702 816 2770; x_wconf 85' lang='lat' dir='ltr'><strong>Stephanum,</strong></span> <span class='ocrx_word' id='word_1_273' title='bbox 869 2700 1144 2765; x_wconf 89' lang='lat' dir='ltr'><strong>Aeacium,</strong></span> <span class='ocrx_word' id='word_1_274' title='bbox 1195 2699 1504 2767; x_wconf 84' lang='lat' dir='ltr'><strong>Georgium,</strong></span> <span class='ocrx_word' id='word_1_275' title='bbox 1559 2697 1860 2764; x_wconf 88' lang='lat' dir='ltr'><strong>Ursacium,</strong></span> 
     </span>
    </p>
   </div>
   <div class='ocr_carea' id='block_1_42' title="bbox 279 2788 1863 2862">
    <p class='ocr_par' dir='ltr' id='par_1_42' title="bbox 279 2788 1863 2862">
     <span class='ocr_line' id='line_1_42' title="bbox 279 2788 1863 2862; baseline 0 -17"><span class='ocrx_word' id='word_1_276' title='bbox 279 2793 581 2858; x_wconf 76' lang='lat' dir='ltr'><strong>Valentem,</strong></span> <span class='ocrx_word' id='word_1_277' title='bbox 625 2801 680 2847; x_wconf 91' lang='lat' dir='ltr'><strong>et</strong></span> <span class='ocrx_word' id='word_1_278' title='bbox 715 2791 1114 2862; x_wconf 78' lang='lat' dir='ltr'><strong>Minophantum</strong></span> <span class='ocrx_word' id='word_1_279' title='bbox 1156 2792 1462 2862; x_wconf 91' lang='lat' dir='ltr'><strong>episc0patu</strong></span> <span class='ocrx_word' id='word_1_280' title='bbox 1505 2789 1751 2859; x_wconf 79' lang='lat' dir='ltr'><strong>deposuit</strong></span> <span class='ocrx_word' id='word_1_281' title='bbox 1793 2788 1863 2845; x_wconf 87' lang='lat' dir='ltr'><strong>ob</strong></span> 
     </span>
    </p>
   </div>
   <div class='ocr_carea' id='block_1_43' title="bbox 273 2882 1863 2956">
    <p class='ocr_par' dir='ltr' id='par_1_43' title="bbox 273 2882 1863 2956">
     <span class='ocr_line' id='line_1_43' title="bbox 273 2882 1863 2956; baseline -0.003 -15"><span class='ocrx_word' id='word_1_282' title='bbox 273 2900 334 2941; x_wconf 86' lang='lat' dir='ltr'><strong>ea</strong></span> <span class='ocrx_word' id='word_1_283' title='bbox 354 2901 482 2956; x_wconf 75' lang='lat' dir='ltr'><strong>qua:</strong></span> <span class='ocrx_word' id='word_1_284' title='bbox 495 2885 860 2954; x_wconf 88' lang='lat' dir='ltr'><strong>deliquerunt,</strong></span> <span class='ocrx_word' id='word_1_285' title='bbox 875 2894 929 2939; x_wconf 91' lang='lat' dir='ltr'><strong>et</strong></span> <span class='ocrx_word' id='word_1_286' title='bbox 947 2885 1015 2938; x_wconf 94' lang='lat' dir='ltr'><strong>ob</strong></span> <span class='ocrx_word' id='word_1_287' title='bbox 1039 2883 1408 2952; x_wconf 85' lang='lat' dir='ltr'><strong>impiissimam</strong></span> <span class='ocrx_word' id='word_1_288' title='bbox 1427 2884 1693 2946; x_wconf 70' lang='lat' dir='ltr'><strong>bmresim,</strong></span> <span class='ocrx_word' id='word_1_289' title='bbox 1709 2882 1863 2950; x_wconf 85' lang='lat' dir='ltr'><strong>cujus</strong></span> 
     </span>
    </p>
   </div>
   <div class='ocr_carea' id='block_1_44' title="bbox 273 2976 1862 3052">
    <p class='ocr_par' dir='ltr' id='par_1_44' title="bbox 273 2976 1862 3052">
     <span class='ocr_line' id='line_1_44' title="bbox 273 2976 1862 3052; baseline -0.001 -20"><span class='ocrx_word' id='word_1_290' title='bbox 273 2979 410 3032; x_wconf 89' lang='lat' dir='ltr'><strong>socii</strong></span> <span class='ocrx_word' id='word_1_291' title='bbox 451 2988 506 3032; x_wconf 94' lang='lat' dir='ltr'><strong>et</strong></span> <span class='ocrx_word' id='word_1_292' title='bbox 548 2977 759 3052; x_wconf 84' lang='lat' dir='ltr'><strong>patroni</strong></span> <span class='ocrx_word' id='word_1_293' title='bbox 801 2977 1067 3031; x_wconf 89' lang='lat' dir='ltr'><strong>videntur.</strong></span> <span class='ocrx_word' id='word_1_294' title='bbox 1124 2976 1200 3031; x_wconf 92' lang='lat' dir='ltr'><strong>De</strong></span> <span class='ocrx_word' id='word_1_295' title='bbox 1237 2976 1497 3046; x_wconf 86' lang='lat' dir='ltr'><strong>Gregorio</strong></span> <span class='ocrx_word' id='word_1_296' title='bbox 1538 2987 1714 3032; x_wconf 90' lang='lat' dir='ltr'><strong>autem</strong></span> <span class='ocrx_word' id='word_1_297' title='bbox 1762 2990 1862 3031; x_wconf 91' lang='lat' dir='ltr'><strong>nec</strong></span> 
     </span>
    </p>
   </div>
   <div class='ocr_carea' id='block_1_45' title="bbox 275 3067 1860 3131">
    <p class='ocr_par' dir='ltr' id='par_1_45' title="bbox 275 3067 1860 3131">
     <span class='ocr_line' id='line_1_45' title="bbox 275 3067 1860 3131; baseline 0 -9"><span class='ocrx_word' id='word_1_298' title='bbox 275 3077 487 3123; x_wconf 87' lang='lat' dir='ltr'><strong>tantum</strong></span> <span class='ocrx_word' id='word_1_299' title='bbox 535 3069 807 3123; x_wconf 90' lang='lat' dir='ltr'><strong>credimus</strong></span> <span class='ocrx_word' id='word_1_300' title='bbox 857 3070 1214 3122; x_wconf 88' lang='lat' dir='ltr'><strong>necessarium</strong></span> <span class='ocrx_word' id='word_1_301' title='bbox 1257 3082 1376 3122; x_wconf 85' lang='lat' dir='ltr'><strong>esse</strong></span> <span class='ocrx_word' id='word_1_302' title='bbox 1417 3067 1689 3131; x_wconf 90' lang='lat' dir='ltr'><strong>scribere;</strong></span> <span class='ocrx_word' id='word_1_303' title='bbox 1732 3067 1860 3122; x_wconf 91' lang='lat' dir='ltr'><strong>olim</strong></span> 
     </span>
    </p>
   </div>
   <div class='ocr_carea' id='block_1_46' title="bbox 271 3161 1858 3232">
    <p class='ocr_par' dir='ltr' id='par_1_46' title="bbox 271 3161 1858 3232">
     <span class='ocr_line' id='line_1_46' title="bbox 271 3161 1858 3232; baseline -0.001 -14"><span class='ocrx_word' id='word_1_304' title='bbox 271 3163 420 3218; x_wconf 89' lang='lat' dir='ltr'><strong>enim</strong></span> <span class='ocrx_word' id='word_1_305' title='bbox 467 3162 742 3230; x_wconf 88' lang='lat' dir='ltr'><strong>depositus</strong></span> <span class='ocrx_word' id='word_1_306' title='bbox 786 3172 888 3226; x_wconf 91' lang='lat' dir='ltr'><strong>est,</strong></span> <span class='ocrx_word' id='word_1_307' title='bbox 922 3162 1086 3218; x_wconf 91' lang='lat' dir='ltr'><strong>immo</strong></span> <span class='ocrx_word' id='word_1_308' title='bbox 1131 3161 1297 3232; x_wconf 85' lang='lat' dir='ltr'><strong>magis</strong></span> <span class='ocrx_word' id='word_1_309' title='bbox 1334 3161 1618 3230; x_wconf 89' lang='lat' dir='ltr'><strong>episcopus</strong></span> <span class='ocrx_word' id='word_1_310' title='bbox 1645 3162 1858 3231; x_wconf 82' lang='lat' dir='ltr'><strong>penitus</strong></span> 
     </span>
    </p>
   </div>
   <div class='ocr_carea' id='block_1_47' title="bbox 273 3253 1858 3333">
    <p class='ocr_par' dir='ltr' id='par_1_47' title="bbox 273 3253 1858 3333">
     <span class='ocr_line' id='line_1_47' title="bbox 273 3253 1858 3333; baseline 0 -26"><span class='ocrx_word' id='word_1_311' title='bbox 273 3269 382 3308; x_wconf 93' lang='lat' dir='ltr'><strong>non</strong></span> <span class='ocrx_word' id='word_1_312' title='bbox 418 3264 504 3309; x_wconf 85' lang='lat' dir='ltr'><strong>est</strong></span> <span class='ocrx_word' id='word_1_313' title='bbox 541 3258 834 3309; x_wconf 79' lang='lat' dir='ltr'><strong>testimatus</strong></span> <span class='ocrx_word' id='word_1_314' title='bbox 875 3271 887 3308; x_wconf 88' lang='lat'>:</span> <span class='ocrx_word' id='word_1_315' title='bbox 933 3253 1051 3333; x_wconf 87' lang='lat' dir='ltr'><strong>ejus</strong></span> <span class='ocrx_word' id='word_1_316' title='bbox 1083 3255 1225 3308; x_wconf 90' lang='lat' dir='ltr'><strong>enim</strong></span> <span class='ocrx_word' id='word_1_317' title='bbox 1265 3269 1398 3322; x_wconf 91' lang='lat' dir='ltr'><strong>opus</strong></span> <span class='ocrx_word' id='word_1_318' title='bbox 1426 3253 1599 3307; x_wconf 90' lang='lat' dir='ltr'><strong>simile</strong></span> <span class='ocrx_word' id='word_1_319' title='bbox 1627 3261 1711 3307; x_wconf 91' lang='lat' dir='ltr'><strong>est</strong></span> <span class='ocrx_word' id='word_1_320' title='bbox 1739 3253 1858 3322; x_wconf 87' lang='lat' dir='ltr'><strong>ejus</strong></span> 
     </span>
    </p>
   </div>
   <div class='ocr_carea' id='block_1_48' title="bbox 1969 2047 3544 2121">
    <p class='ocr_par' dir='ltr' id='par_1_48' title="bbox 1969 2047 3544 2121">
     <span class='ocr_line' id='line_1_48' title="bbox 1969 2047 3544 2121; baseline 0.001 -21"><span class='ocrx_word' id='word_1_321' title='bbox 1969 2047 2307 2115; x_wconf 83' lang='lat' dir='ltr'><strong>legerentur,</strong></span> <span class='ocrx_word' id='word_1_322' title='bbox 2367 2050 2613 2105; x_wconf 84' lang='lat' dir='ltr'><strong>erunibus</strong></span> <span class='ocrx_word' id='word_1_323' title='bbox 2672 2050 2935 2121; x_wconf 84' lang='lat' dir='ltr'><strong>lacrymas</strong></span> <span class='ocrx_word' id='word_1_324' title='bbox 2987 2057 3435 2113; x_wconf 83' lang='lat' dir='ltr'><strong>commoverunt,</strong></span> <span class='ocrx_word' id='word_1_325' title='bbox 3492 2055 3544 2102; x_wconf 80' lang='lat' dir='ltr'><strong>et</strong></span> 
     </span>
    </p>
   </div>
   <div class='ocr_carea' id='block_1_49' title="bbox 1968 2140 3545 2211">
    <p class='ocr_par' dir='ltr' id='par_1_49' title="bbox 1968 2140 3545 2211">
     <span class='ocr_line' id='line_1_49' title="bbox 1968 2140 3545 2211; baseline 0.004 -21"><span class='ocrx_word' id='word_1_326' title='bbox 1968 2152 2156 2192; x_wconf 92' lang='lat' dir='ltr'><strong>omnes</strong></span> <span class='ocrx_word' id='word_1_327' title='bbox 2180 2140 2244 2192; x_wconf 89' lang='lat' dir='ltr'><strong>ad</strong></span> <span class='ocrx_word' id='word_1_328' title='bbox 2278 2151 2511 2194; x_wconf 86' lang='lat' dir='ltr'><strong>vestrum</strong></span> <span class='ocrx_word' id='word_1_329' title='bbox 2541 2152 2917 2211; x_wconf 75' lang='lat' dir='ltr'><strong>pertraxerunt</strong></span> <span class='ocrx_word' id='word_1_330' title='bbox 2939 2142 3214 2206; x_wconf 76' lang='lat' dir='ltr'><strong>affectum;</strong></span> <span class='ocrx_word' id='word_1_331' title='bbox 3243 2140 3545 2197; x_wconf 73' lang='lat' dir='ltr'><strong>dilexerunt</strong></span> 
     </span>
    </p>
   </div>
   <div class='ocr_carea' id='block_1_50' title="bbox 1967 2229 3544 2304">
    <p class='ocr_par' dir='ltr' id='par_1_50' title="bbox 1967 2229 3544 2304">
     <span class='ocr_line' id='line_1_50' title="bbox 1967 2229 3544 2304; baseline -0.001 -19"><span class='ocrx_word' id='word_1_332' title='bbox 1967 2246 2061 2286; x_wconf 87' lang='lat' dir='ltr'><strong>vos</strong></span> <span class='ocrx_word' id='word_1_333' title='bbox 2085 2243 2138 2286; x_wconf 91' lang='lat' dir='ltr'><strong>et</strong></span> <span class='ocrx_word' id='word_1_334' title='bbox 2166 2233 2412 2289; x_wconf 87' lang='lat' dir='ltr'><strong>absentes</strong></span> <span class='ocrx_word' id='word_1_335' title='bbox 2433 2278 2446 2300; x_wconf 94' lang='lat'><strong>,</strong></span> <span class='ocrx_word' id='word_1_336' title='bbox 2485 2251 2546 2288; x_wconf 89' lang='lat' dir='ltr'><strong>ac</strong></span> <span class='ocrx_word' id='word_1_337' title='bbox 2573 2248 2780 2289; x_wconf 76' lang='lat' dir='ltr'><strong>veSIras</strong></span> <span class='ocrx_word' id='word_1_338' title='bbox 2824 2235 3224 2304; x_wconf 84' lang='lat' dir='ltr'><strong>persecutiones</strong></span> <span class='ocrx_word' id='word_1_339' title='bbox 3253 2247 3377 2286; x_wconf 90' lang='lat' dir='ltr'><strong>suas</strong></span> <span class='ocrx_word' id='word_1_340' title='bbox 3402 2229 3544 2284; x_wconf 69' lang='lat' dir='ltr'><strong>asti~</strong></span> 
     </span>
    </p>
   </div>
   <div class='ocr_carea' id='block_1_51' title="bbox 1969 2327 3543 2399">
    <p class='ocr_par' dir='ltr' id='par_1_51' title="bbox 1969 2327 3543 2399">
     <span class='ocr_line' id='line_1_51' title="bbox 1969 2327 3543 2399; baseline 0 -18"><span class='ocrx_word' id='word_1_341' title='bbox 1969 2338 2252 2382; x_wconf 88' lang='lat' dir='ltr'><strong>tnaverunt</strong></span> <span class='ocrx_word' id='word_1_342' title='bbox 2283 2347 2294 2380; x_wconf 88' lang='lat'>:</span> <span class='ocrx_word' id='word_1_343' title='bbox 2342 2329 2593 2383; x_wconf 89' lang='lat' dir='ltr'><strong>indicium</strong></span> <span class='ocrx_word' id='word_1_344' title='bbox 2637 2344 2864 2399; x_wconf 87' lang='lat' dir='ltr'><strong>namque</strong></span> <span class='ocrx_word' id='word_1_345' title='bbox 2893 2327 3170 2382; x_wconf 83' lang='lat' dir='ltr'><strong>cliaritatis</strong></span> <span class='ocrx_word' id='word_1_346' title='bbox 3209 2342 3392 2382; x_wconf 85' lang='lat' dir='ltr'><strong>eorum</strong></span> <span class='ocrx_word' id='word_1_347' title='bbox 3421 2331 3543 2381; x_wconf 69' lang='lat' dir='ltr'><strong>sunt</strong></span> 
     </span>
    </p>
   </div>
   <div class='ocr_carea' id='block_1_52' title="bbox 1968 2421 3545 2498">
    <p class='ocr_par' dir='ltr' id='par_1_52' title="bbox 1968 2421 3545 2498">
     <span class='ocr_line' id='line_1_52' title="bbox 1968 2421 3545 2498; baseline -0.001 -23"><span class='ocrx_word' id='word_1_348' title='bbox 1968 2421 2158 2476; x_wconf 68' lang='lat' dir='ltr'><strong>litterae</strong></span> <span class='ocrx_word' id='word_1_349' title='bbox 2182 2423 2246 2475; x_wconf 92' lang='lat' dir='ltr'><strong>ad</strong></span> <span class='ocrx_word' id='word_1_350' title='bbox 2286 2437 2378 2478; x_wconf 91' lang='lat' dir='ltr'><strong>vos</strong></span> <span class='ocrx_word' id='word_1_351' title='bbox 2408 2423 2572 2487; x_wconf 67' lang='lat' dir='ltr'><strong>datae;</strong></span> <span class='ocrx_word' id='word_1_352' title='bbox 2605 2433 2656 2477; x_wconf 93' lang='lat' dir='ltr'><strong>et</strong></span> <span class='ocrx_word' id='word_1_353' title='bbox 2684 2423 2803 2477; x_wconf 88' lang='lat' dir='ltr'><strong>licet</strong></span> <span class='ocrx_word' id='word_1_354' title='bbox 2835 2422 3104 2477; x_wconf 86' lang='lat' dir='ltr'><strong>sufficeret</strong></span> <span class='ocrx_word' id='word_1_355' title='bbox 3132 2437 3224 2498; x_wconf 85' lang='lat' dir='ltr'><strong>vos</strong></span> <span class='ocrx_word' id='word_1_356' title='bbox 3252 2434 3545 2475; x_wconf 64' lang='lat' dir='ltr'><strong>connume~</strong></span> 
     </span>
    </p>
   </div>
   <div class='ocr_carea' id='block_1_53' title="bbox 1968 2515 3546 2584">
    <p class='ocr_par' dir='ltr' id='par_1_53' title="bbox 1968 2515 3546 2584">
     <span class='ocr_line' id='line_1_53' title="bbox 1968 2515 3546 2584; baseline -0.001 -16"><span class='ocrx_word' id='word_1_357' title='bbox 1968 2529 2086 2568; x_wconf 90' lang='lat' dir='ltr'><strong>rare</strong></span> <span class='ocrx_word' id='word_1_358' title='bbox 2111 2525 2306 2570; x_wconf 67' lang='lat' dir='ltr'><strong>sancta:</strong></span> <span class='ocrx_word' id='word_1_359' title='bbox 2332 2531 2425 2584; x_wconf 91' lang='lat' dir='ltr'><strong>per</strong></span> <span class='ocrx_word' id='word_1_360' title='bbox 2449 2516 2822 2570; x_wconf 72' lang='lat' dir='ltr'><strong>Alexandriam</strong></span> <span class='ocrx_word' id='word_1_361' title='bbox 2862 2515 3115 2570; x_wconf 68' lang='lat' dir='ltr'><strong>Ecclesiae</strong></span> <span class='ocrx_word' id='word_1_362' title='bbox 3135 2555 3152 2575; x_wconf 80' lang='lat'><strong>.</strong></span> <span class='ocrx_word' id='word_1_363' title='bbox 3183 2523 3361 2568; x_wconf 89' lang='lat' dir='ltr'><strong>tamen</strong></span> <span class='ocrx_word' id='word_1_364' title='bbox 3393 2527 3546 2581; x_wconf 76' lang='lat' dir='ltr'><strong>sepa~</strong></span> 
     </span>
    </p>
   </div>
   <div class='ocr_carea' id='block_1_54' title="bbox 1969 2606 3545 2681">
    <p class='ocr_par' dir='ltr' id='par_1_54' title="bbox 1969 2606 3545 2681">
     <span class='ocr_line' id='line_1_54' title="bbox 1969 2606 3545 2681; baseline -0.001 -19"><span class='ocrx_word' id='word_1_365' title='bbox 1969 2609 2122 2663; x_wconf 90' lang='lat' dir='ltr'><strong>ratim</strong></span> <span class='ocrx_word' id='word_1_366' title='bbox 2153 2609 2304 2663; x_wconf 83' lang='lat' dir='ltr'><strong>vobis</strong></span> <span class='ocrx_word' id='word_1_367' title='bbox 2325 2611 2540 2678; x_wconf 81' lang='lat' dir='ltr'><strong>scripsit</strong></span> <span class='ocrx_word' id='word_1_368' title='bbox 2564 2620 2748 2664; x_wconf 88' lang='lat' dir='ltr'><strong>sancta</strong></span> <span class='ocrx_word' id='word_1_369' title='bbox 2773 2609 3030 2681; x_wconf 87' lang='lat' dir='ltr'><strong>synodus,</strong></span> <span class='ocrx_word' id='word_1_370' title='bbox 3058 2617 3114 2663; x_wconf 90' lang='lat' dir='ltr'><strong>ut</strong></span> <span class='ocrx_word' id='word_1_371' title='bbox 3143 2606 3412 2662; x_wconf 91' lang='lat' dir='ltr'><strong>adhortati</strong></span> <span class='ocrx_word' id='word_1_372' title='bbox 3440 2622 3545 2660; x_wconf 91' lang='lat' dir='ltr'><strong>non</strong></span> 
     </span>
    </p>
   </div>
   <div class='ocr_carea' id='block_1_55' title="bbox 1966 2700 3546 2773">
    <p class='ocr_par' dir='ltr' id='par_1_55' title="bbox 1966 2700 3546 2773">
     <span class='ocr_line' id='line_1_55' title="bbox 1966 2700 3546 2773; baseline -0.003 -19"><span class='ocrx_word' id='word_1_373' title='bbox 1966 2700 2225 2756; x_wconf 88' lang='lat' dir='ltr'><strong>deficiatis</strong></span> <span class='ocrx_word' id='word_1_374' title='bbox 2255 2701 2324 2756; x_wconf 95' lang='lat' dir='ltr'><strong>ob</strong></span> <span class='ocrx_word' id='word_1_375' title='bbox 2356 2703 2472 2757; x_wconf 57' lang='lat' dir='ltr'><strong>haec</strong></span> <span class='ocrx_word' id='word_1_376' title='bbox 2513 2718 2632 2773; x_wconf 65' lang='lat' dir='ltr'><strong>quas</strong></span> <span class='ocrx_word' id='word_1_377' title='bbox 2679 2703 2947 2771; x_wconf 89' lang='lat' dir='ltr'><strong>patimini;</strong></span> <span class='ocrx_word' id='word_1_378' title='bbox 2997 2700 3092 2756; x_wconf 89' lang='lat' dir='ltr'><strong>sed</strong></span> <span class='ocrx_word' id='word_1_379' title='bbox 3135 2700 3335 2771; x_wconf 88' lang='lat' dir='ltr'><strong>gratias</strong></span> <span class='ocrx_word' id='word_1_380' title='bbox 3379 2700 3546 2768; x_wconf 82' lang='lat' dir='ltr'><strong>agatis</strong></span> 
     </span>
    </p>
   </div>
   <div class='ocr_carea' id='block_1_56' title="bbox 1968 2786 3545 2864">
    <p class='ocr_par' dir='ltr' id='par_1_56' title="bbox 1968 2786 3545 2864">
     <span class='ocr_line' id='line_1_56' title="bbox 1968 2786 3545 2864; baseline -0.003 -19"><span class='ocrx_word' id='word_1_381' title='bbox 1968 2791 2192 2846; x_wconf 83' lang='lat' dir='ltr'><strong>Domino</strong></span> <span class='ocrx_word' id='word_1_382' title='bbox 2223 2794 2362 2863; x_wconf 92' lang='lat' dir='ltr'><strong>quod</strong></span> <span class='ocrx_word' id='word_1_383' title='bbox 2394 2807 2568 2849; x_wconf 78' lang='lat' dir='ltr'><strong>veStra</strong></span> <span class='ocrx_word' id='word_1_384' title='bbox 2600 2794 2851 2864; x_wconf 88' lang='lat' dir='ltr'><strong>patientia</strong></span> <span class='ocrx_word' id='word_1_385' title='bbox 2885 2795 3080 2849; x_wconf 90' lang='lat' dir='ltr'><strong>bonum</strong></span> <span class='ocrx_word' id='word_1_386' title='bbox 3113 2793 3341 2846; x_wconf 89' lang='lat' dir='ltr'><strong>fructum</strong></span> <span class='ocrx_word' id='word_1_387' title='bbox 3376 2786 3545 2841; x_wconf 70' lang='lat' dir='ltr'><strong>habe-</strong></span> 
     </span>
    </p>
   </div>
   <div class='ocr_carea' id='block_1_57' title="bbox 1966 2883 3547 2956">
    <p class='ocr_par' dir='ltr' id='par_1_57' title="bbox 1966 2883 3547 2956">
     <span class='ocr_line' id='line_1_57' title="bbox 1966 2883 3547 2956; baseline -0.003 -18"><span class='ocrx_word' id='word_1_388' title='bbox 1966 2883 2064 2938; x_wconf 91' lang='lat' dir='ltr'><strong>bit.</strong></span> <span class='ocrx_word' id='word_1_389' title='bbox 2097 2884 2233 2938; x_wconf 89' lang='lat' dir='ltr'><strong>Olim</strong></span> <span class='ocrx_word' id='word_1_390' title='bbox 2266 2885 2442 2956; x_wconf 89' lang='lat' dir='ltr'><strong>itaque</strong></span> <span class='ocrx_word' id='word_1_391' title='bbox 2474 2886 2710 2940; x_wconf 89' lang='lat' dir='ltr'><strong>latebant</strong></span> <span class='ocrx_word' id='word_1_392' title='bbox 2737 2887 3113 2941; x_wconf 81' lang='lat' dir='ltr'><strong>hzereticorum</strong></span> <span class='ocrx_word' id='word_1_393' title='bbox 3157 2896 3370 2947; x_wconf 84' lang='lat' dir='ltr'><strong>mores;</strong></span> <span class='ocrx_word' id='word_1_394' title='bbox 3405 2895 3547 2935; x_wconf 85' lang='lat' dir='ltr'><strong>nunc</strong></span> 
     </span>
    </p>
   </div>
   <div class='ocr_carea' id='block_1_58' title="bbox 1966 2960 3546 3047">
    <p class='ocr_par' dir='ltr' id='par_1_58' title="bbox 1966 2960 3546 3047">
     <span class='ocr_line' id='line_1_58' title="bbox 1966 2960 3546 3047; baseline -0.002 -19"><span class='ocrx_word' id='word_1_395' title='bbox 1966 2983 2144 3030; x_wconf 89' lang='lat' dir='ltr'><strong>tamen</strong></span> <span class='ocrx_word' id='word_1_396' title='bbox 2172 2977 2419 3032; x_wconf 86' lang='lat' dir='ltr'><strong>omnibus</strong></span> <span class='ocrx_word' id='word_1_397' title='bbox 2443 2979 2662 3047; x_wconf 81' lang='lat' dir='ltr'><strong>expansi</strong></span> <span class='ocrx_word' id='word_1_398' title='bbox 2702 2988 2827 3033; x_wconf 90' lang='lat' dir='ltr'><strong>sunt</strong></span> <span class='ocrx_word' id='word_1_399' title='bbox 2863 2987 2916 3033; x_wconf 91' lang='lat' dir='ltr'><strong>et</strong></span> <span class='ocrx_word' id='word_1_400' title='bbox 2955 2975 3205 3046; x_wconf 87' lang='lat' dir='ltr'><strong>patefacti</strong></span> <span class='ocrx_word' id='word_1_401' title='bbox 3233 2993 3243 3026; x_wconf 91' lang='lat'>:</span> <span class='ocrx_word' id='word_1_402' title='bbox 3277 2960 3397 3028; x_wconf 88' lang='lat' dir='ltr'><strong>nam</strong></span> <span class='ocrx_word' id='word_1_403' title='bbox 3421 2987 3546 3026; x_wconf 87' lang='lat' dir='ltr'><strong>san-</strong></span> 
     </span>
    </p>
   </div>
   <div class='ocr_carea' id='block_1_59' title="bbox 1966 3066 3548 3138">
    <p class='ocr_par' dir='ltr' id='par_1_59' title="bbox 1966 3066 3548 3138">
     <span class='ocr_line' id='line_1_59' title="bbox 1966 3066 3548 3138; baseline -0.001 -19"><span class='ocrx_word' id='word_1_404' title='bbox 1966 3076 2047 3120; x_wconf 90' lang='lat' dir='ltr'><strong>cta</strong></span> <span class='ocrx_word' id='word_1_405' title='bbox 2075 3068 2311 3138; x_wconf 90' lang='lat' dir='ltr'><strong>synodus</strong></span> <span class='ocrx_word' id='word_1_406' title='bbox 2340 3069 2572 3124; x_wconf 90' lang='lat' dir='ltr'><strong>advertit</strong></span> <span class='ocrx_word' id='word_1_407' title='bbox 2592 3071 2658 3121; x_wconf 86' lang='lat' dir='ltr'><strong>ab</strong></span> <span class='ocrx_word' id='word_1_408' title='bbox 2687 3069 2769 3124; x_wconf 91' lang='lat' dir='ltr'><strong>his</strong></span> <span class='ocrx_word' id='word_1_409' title='bbox 2797 3070 3140 3124; x_wconf 90' lang='lat' dir='ltr'><strong>concinnatas</strong></span> <span class='ocrx_word' id='word_1_410' title='bbox 3170 3066 3427 3121; x_wconf 86' lang='lat' dir='ltr'><strong>adversus</strong></span> <span class='ocrx_word' id='word_1_411' title='bbox 3449 3077 3548 3118; x_wconf 76' lang='lat' dir='ltr'><strong>vos</strong></span> 
     </span>
    </p>
   </div>
   <div class='ocr_carea' id='block_1_60' title="bbox 1963 3158 3546 3234">
    <p class='ocr_par' dir='ltr' id='par_1_60' title="bbox 1963 3158 3546 3234">
     <span class='ocr_line' id='line_1_60' title="bbox 1963 3158 3546 3234; baseline -0.003 -19"><span class='ocrx_word' id='word_1_412' title='bbox 1963 3161 2286 3232; x_wconf 89' lang='lat' dir='ltr'><strong>calumnias,</strong></span> <span class='ocrx_word' id='word_1_413' title='bbox 2327 3173 2381 3218; x_wconf 87' lang='lat' dir='ltr'><strong>et</strong></span> <span class='ocrx_word' id='word_1_414' title='bbox 2417 3179 2510 3218; x_wconf 91' lang='lat' dir='ltr'><strong>eos</strong></span> <span class='ocrx_word' id='word_1_415' title='bbox 2539 3163 2723 3218; x_wconf 91' lang='lat' dir='ltr'><strong>habuit</strong></span> <span class='ocrx_word' id='word_1_416' title='bbox 2763 3164 2887 3218; x_wconf 90' lang='lat' dir='ltr'><strong>odio</strong></span> <span class='ocrx_word' id='word_1_417' title='bbox 2908 3204 2921 3226; x_wconf 86' lang='lat'><strong>,</strong></span> <span class='ocrx_word' id='word_1_418' title='bbox 2951 3171 3110 3234; x_wconf 85' lang='lat' dir='ltr'><strong>atque</strong></span> <span class='ocrx_word' id='word_1_419' title='bbox 3138 3158 3378 3216; x_wconf 86' lang='lat' dir='ltr'><strong>omnium</strong></span> <span class='ocrx_word' id='word_1_420' title='bbox 3409 3170 3546 3212; x_wconf 87' lang='lat' dir='ltr'><strong>con-</strong></span> 
     </span>
    </p>
   </div>
   <div class='ocr_carea' id='block_1_61' title="bbox 1964 3249 3544 3324">
    <p class='ocr_par' dir='ltr' id='par_1_61' title="bbox 1964 3249 3544 3324">
     <span class='ocr_line' id='line_1_61' title="bbox 1964 3249 3544 3324; baseline 0 -16"><span class='ocrx_word' id='word_1_421' title='bbox 1964 3267 2126 3308; x_wconf 88' lang='lat' dir='ltr'><strong>sensu</strong></span> <span class='ocrx_word' id='word_1_422' title='bbox 2147 3255 2395 3324; x_wconf 86' lang='lat' dir='ltr'><strong>deposuit</strong></span> <span class='ocrx_word' id='word_1_423' title='bbox 2416 3255 2778 3322; x_wconf 89' lang='lat' dir='ltr'><strong>Theodorum,</strong></span> <span class='ocrx_word' id='word_1_424' title='bbox 2811 3256 3108 3322; x_wconf 84' lang='lat' dir='ltr'><strong>Valentem,</strong></span> <span class='ocrx_word' id='word_1_425' title='bbox 3136 3253 3412 3310; x_wconf 87' lang='lat' dir='ltr'><strong>Ursacium</strong></span> <span class='ocrx_word' id='word_1_426' title='bbox 3439 3259 3466 3288; x_wconf 80' lang='grc' dir='ltr'>ἰ</span> <span class='ocrx_word' id='word_1_427' title='bbox 3489 3249 3544 3308; x_wconf 88' lang='lat' dir='ltr'><strong>in</strong></span> 
     </span>
    </p>
   </div>
   <div class='ocr_carea' id='block_1_62' title="bbox 271 3317 3545 3418">
    <p class='ocr_par' dir='ltr' id='par_1_62' title="bbox 271 3317 3545 3418">
     <span class='ocr_line' id='line_1_62' title="bbox 271 3317 3545 3418; baseline -0 -19"><span class='ocrx_word' id='word_1_428' title='bbox 271 3345 622 3400; x_wconf 85' lang='lat' dir='ltr'><strong>ordinationi.</strong></span> <span class='ocrx_word' id='word_1_429' title='bbox 667 3345 723 3399; x_wconf 91' lang='lat' dir='ltr'><strong>Si</strong></span> <span class='ocrx_word' id='word_1_430' title='bbox 761 3345 880 3413; x_wconf 89' lang='lat' dir='ltr'><strong>quis</strong></span> <span class='ocrx_word' id='word_1_431' title='bbox 909 3329 1068 3415; x_wconf 83' lang='lat' dir='ltr'><strong>igitur</strong></span> <span class='ocrx_word' id='word_1_432' title='bbox 1096 3346 1162 3400; x_wconf 89' lang='lat' dir='ltr'><strong>ab</strong></span> <span class='ocrx_word' id='word_1_433' title='bbox 1194 3360 1260 3400; x_wconf 89' lang='lat' dir='ltr'><strong>eo</strong></span> <span class='ocrx_word' id='word_1_434' title='bbox 1296 3345 1551 3414; x_wconf 85' lang='lat' dir='ltr'><strong>deceptus</strong></span> <span class='ocrx_word' id='word_1_435' title='bbox 1585 3356 1700 3412; x_wconf 92' lang='lat' dir='ltr'><strong>est,</strong></span> <span class='ocrx_word' id='word_1_436' title='bbox 1733 3361 1857 3399; x_wconf 87' lang='lat' dir='ltr'><strong>eru-</strong></span> <span class='ocrx_word' id='word_1_437' title='bbox 1881 3317 1929 3384; x_wconf 68' lang='grc' dir='ltr'><strong>θ</strong></span> <span class='ocrx_word' id='word_1_438' title='bbox 1963 3346 2292 3404; x_wconf 79' lang='lat' dir='ltr'><strong>Alexandria</strong></span> <span class='ocrx_word' id='word_1_439' title='bbox 2329 3361 2382 3405; x_wconf 91' lang='lat' dir='ltr'><strong>et</strong></span> <span class='ocrx_word' id='word_1_440' title='bbox 2423 3350 2678 3406; x_wconf 79' lang='lat' dir='ltr'><strong>Mareota.</strong></span> <span class='ocrx_word' id='word_1_441' title='bbox 2723 3351 2920 3406; x_wconf 84' lang='lat' dir='ltr'><strong>Eadem</strong></span> <span class='ocrx_word' id='word_1_442' title='bbox 2963 3351 3123 3406; x_wconf 91' lang='lat' dir='ltr'><strong>etiam</strong></span> <span class='ocrx_word' id='word_1_443' title='bbox 3149 3363 3245 3418; x_wconf 91' lang='lat' dir='ltr'><strong>per</strong></span> <span class='ocrx_word' id='word_1_444' title='bbox 3277 3347 3409 3402; x_wconf 88' lang='lat' dir='ltr'><strong>alias</strong></span> <span class='ocrx_word' id='word_1_445' title='bbox 3440 3343 3545 3399; x_wconf 73' lang='lat' dir='ltr'><strong>Ee-</strong></span> 
     </span>
    </p>
   </div>
   <div class='ocr_carea' id='block_1_63' title="bbox 269 3438 1858 3508">
    <p class='ocr_par' dir='ltr' id='par_1_63' title="bbox 269 3438 1858 3508">
     <span class='ocr_line' id='line_1_63' title="bbox 269 3438 1858 3508; baseline 0.001 -15"><span class='ocrx_word' id='word_1_446' title='bbox 269 3439 452 3494; x_wconf 87' lang='lat' dir='ltr'><strong>diatur</strong></span> <span class='ocrx_word' id='word_1_447' title='bbox 483 3448 536 3493; x_wconf 89' lang='lat' dir='ltr'><strong>et</strong></span> <span class='ocrx_word' id='word_1_448' title='bbox 575 3440 852 3494; x_wconf 87' lang='lat' dir='ltr'><strong>veritatem</strong></span> <span class='ocrx_word' id='word_1_449' title='bbox 895 3449 1212 3507; x_wconf 87' lang='lat' dir='ltr'><strong>cognoscat;</strong></span> <span class='ocrx_word' id='word_1_450' title='bbox 1257 3441 1301 3493; x_wconf 88' lang='lat' dir='ltr'><strong>si</strong></span> <span class='ocrx_word' id='word_1_451' title='bbox 1344 3454 1471 3494; x_wconf 88' lang='lat' dir='ltr'><strong>vero</strong></span> <span class='ocrx_word' id='word_1_452' title='bbox 1501 3440 1702 3494; x_wconf 90' lang='lat' dir='ltr'><strong>resistit</strong></span> <span class='ocrx_word' id='word_1_453' title='bbox 1741 3438 1858 3508; x_wconf 85' lang='lat' dir='ltr'><strong>ejus</strong></span> 
     </span>
    </p>
   </div>
   <div class='ocr_carea' id='block_1_64' title="bbox 269 3529 1854 3601">
    <p class='ocr_par' dir='ltr' id='par_1_64' title="bbox 269 3529 1854 3601">
     <span class='ocr_line' id='line_1_64' title="bbox 269 3529 1854 3601; baseline 0.001 -18"><span class='ocrx_word' id='word_1_454' title='bbox 269 3529 560 3600; x_wconf 90' lang='lat' dir='ltr'><strong>impietati,</strong></span> <span class='ocrx_word' id='word_1_455' title='bbox 593 3531 820 3597; x_wconf 79' lang='lat' dir='ltr'><strong>gaudeat</strong></span> <span class='ocrx_word' id='word_1_456' title='bbox 844 3530 986 3600; x_wconf 92' lang='lat' dir='ltr'><strong>quod</strong></span> <span class='ocrx_word' id='word_1_457' title='bbox 1017 3540 1070 3584; x_wconf 90' lang='lat' dir='ltr'><strong>et</strong></span> <span class='ocrx_word' id='word_1_458' title='bbox 1093 3530 1210 3601; x_wconf 88' lang='lat' dir='ltr'><strong>ipse</strong></span> <span class='ocrx_word' id='word_1_459' title='bbox 1237 3531 1548 3586; x_wconf 85' lang='lat' dir='ltr'><strong>adversatus</strong></span> <span class='ocrx_word' id='word_1_460' title='bbox 1569 3541 1656 3591; x_wconf 80' lang='lat' dir='ltr'><strong>est</strong></span> <span class='ocrx_word' id='word_1_461' title='bbox 1691 3531 1854 3598; x_wconf 91' lang='lat' dir='ltr'><strong>hunc,</strong></span> 
     </span>
    </p>
   </div>
   <div class='ocr_carea' id='block_1_65' title="bbox 267 3621 1856 3692">
    <p class='ocr_par' dir='ltr' id='par_1_65' title="bbox 267 3621 1856 3692">
     <span class='ocr_line' id='line_1_65' title="bbox 267 3621 1856 3692; baseline 0.001 -17"><span class='ocrx_word' id='word_1_462' title='bbox 267 3638 431 3692; x_wconf 90' lang='lat' dir='ltr'><strong>quem</strong></span> <span class='ocrx_word' id='word_1_463' title='bbox 467 3632 647 3676; x_wconf 89' lang='lat' dir='ltr'><strong>sancta</strong></span> <span class='ocrx_word' id='word_1_464' title='bbox 675 3622 913 3692; x_wconf 89' lang='lat' dir='ltr'><strong>synodus</strong></span> <span class='ocrx_word' id='word_1_465' title='bbox 943 3639 1041 3677; x_wconf 86' lang='lat' dir='ltr'><strong>nec</strong></span> <span class='ocrx_word' id='word_1_466' title='bbox 1068 3622 1373 3691; x_wconf 90' lang='lat' dir='ltr'><strong>episc0pum</strong></span> <span class='ocrx_word' id='word_1_467' title='bbox 1405 3622 1706 3676; x_wconf 67' lang='lat' dir='ltr'><strong>aestimavit.</strong></span> <span class='ocrx_word' id='word_1_468' title='bbox 1747 3621 1856 3677; x_wconf 86' lang='lat' dir='ltr'><strong>Nec</strong></span> 
     </span>
    </p>
   </div>
   <div class='ocr_carea' id='block_1_66' title="bbox 265 3713 1857 3785">
    <p class='ocr_par' dir='ltr' id='par_1_66' title="bbox 265 3713 1857 3785">
     <span class='ocr_line' id='line_1_66' title="bbox 265 3713 1857 3785; baseline -0.002 -14"><span class='ocrx_word' id='word_1_469' title='bbox 265 3716 412 3772; x_wconf 86' lang='lat' dir='ltr'><strong>enim</strong></span> <span class='ocrx_word' id='word_1_470' title='bbox 464 3730 562 3768; x_wconf 92' lang='lat' dir='ltr'><strong>nos</strong></span> <span class='ocrx_word' id='word_1_471' title='bbox 603 3715 752 3769; x_wconf 84' lang='lat' dir='ltr'><strong>latuit</strong></span> <span class='ocrx_word' id='word_1_472' title='bbox 796 3714 922 3785; x_wconf 91' lang='lat' dir='ltr'><strong>quid</strong></span> <span class='ocrx_word' id='word_1_473' title='bbox 960 3714 1216 3770; x_wconf 86' lang='lat' dir='ltr'><strong>adversus</strong></span> <span class='ocrx_word' id='word_1_474' title='bbox 1261 3729 1356 3769; x_wconf 86' lang='lat' dir='ltr'><strong>vos</strong></span> <span class='ocrx_word' id='word_1_475' title='bbox 1404 3713 1753 3778; x_wconf 84' lang='lat' dir='ltr'><strong>commiserit,</strong></span> <span class='ocrx_word' id='word_1_476' title='bbox 1802 3721 1857 3768; x_wconf 92' lang='lat' dir='ltr'><strong>et</strong></span> 
     </span>
    </p>
   </div>
   <div class='ocr_carea' id='block_1_67' title="bbox 267 3807 1855 3877">
    <p class='ocr_par' dir='ltr' id='par_1_67' title="bbox 267 3807 1855 3877">
     <span class='ocr_line' id='line_1_67' title="bbox 267 3807 1855 3877; baseline 0.001 -18"><span class='ocrx_word' id='word_1_477' title='bbox 267 3817 532 3876; x_wconf 88' lang='lat' dir='ltr'><strong>quantum</strong></span> <span class='ocrx_word' id='word_1_478' title='bbox 583 3823 676 3861; x_wconf 91' lang='lat' dir='ltr'><strong>vos</strong></span> <span class='ocrx_word' id='word_1_479' title='bbox 727 3808 998 3873; x_wconf 63' lang='lat' dir='ltr'><strong>[resse-rit.</strong></span> <span class='ocrx_word' id='word_1_480' title='bbox 1052 3807 1157 3863; x_wconf 90' lang='lat' dir='ltr'><strong>Sed</strong></span> <span class='ocrx_word' id='word_1_481' title='bbox 1200 3808 1425 3876; x_wconf 83' lang='lat' dir='ltr'><strong>gaudete</strong></span> <span class='ocrx_word' id='word_1_482' title='bbox 1464 3809 1714 3877; x_wconf 88' lang='lat' dir='ltr'><strong>quoniam</strong></span> <span class='ocrx_word' id='word_1_483' title='bbox 1759 3821 1855 3877; x_wconf 90' lang='lat' dir='ltr'><strong>pro</strong></span> 
     </span>
    </p>
   </div>
   <div class='ocr_carea' id='block_1_68' title="bbox 267 3899 1850 3969">
    <p class='ocr_par' dir='ltr' id='par_1_68' title="bbox 267 3899 1850 3969">
     <span class='ocr_line' id='line_1_68' title="bbox 267 3899 1850 3969; baseline 0.002 -17"><span class='ocrx_word' id='word_1_484' title='bbox 267 3899 488 3952; x_wconf 84' lang='lat' dir='ltr'><strong>Christo</strong></span> <span class='ocrx_word' id='word_1_485' title='bbox 533 3901 774 3969; x_wconf 83' lang='lat' dir='ltr'><strong>patimini</strong></span> <span class='ocrx_word' id='word_1_486' title='bbox 813 3900 881 3954; x_wconf 89' lang='lat' dir='ltr'><strong>ab</strong></span> <span class='ocrx_word' id='word_1_487' title='bbox 923 3899 1004 3954; x_wconf 89' lang='lat' dir='ltr'><strong>his</strong></span> <span class='ocrx_word' id='word_1_488' title='bbox 1035 3901 1122 3969; x_wconf 91' lang='lat' dir='ltr'><strong>qui</strong></span> <span class='ocrx_word' id='word_1_489' title='bbox 1163 3899 1432 3954; x_wconf 83' lang='lat' dir='ltr'><strong>Christum</strong></span> <span class='ocrx_word' id='word_1_490' title='bbox 1463 3899 1850 3968; x_wconf 88' lang='lat' dir='ltr'><strong>blasphemant.</strong></span> 
     </span>
    </p>
   </div>
   <div class='ocr_carea' id='block_1_69' title="bbox 267 3990 1856 4061">
    <p class='ocr_par' dir='ltr' id='par_1_69' title="bbox 267 3990 1856 4061">
     <span class='ocr_line' id='line_1_69' title="bbox 267 3990 1856 4061; baseline 0.001 -17"><span class='ocrx_word' id='word_1_491' title='bbox 267 3990 622 4046; x_wconf 70' lang='lat' dir='ltr'><strong>IEstimamns</strong></span> <span class='ocrx_word' id='word_1_492' title='bbox 651 4001 830 4045; x_wconf 88' lang='lat' dir='ltr'><strong>autem</strong></span> <span class='ocrx_word' id='word_1_493' title='bbox 861 3991 1002 4061; x_wconf 91' lang='lat' dir='ltr'><strong>quod</strong></span> <span class='ocrx_word' id='word_1_494' title='bbox 1031 3991 1139 4060; x_wconf 89' lang='lat' dir='ltr'><strong>jam</strong></span> <span class='ocrx_word' id='word_1_495' title='bbox 1171 3993 1346 4046; x_wconf 91' lang='lat' dir='ltr'><strong>omnis</strong></span> <span class='ocrx_word' id='word_1_496' title='bbox 1375 3992 1656 4046; x_wconf 89' lang='lat' dir='ltr'><strong>insolentia</strong></span> <span class='ocrx_word' id='word_1_497' title='bbox 1674 4006 1856 4046; x_wconf 88' lang='lat' dir='ltr'><strong>cessa-</strong></span> 
     </span>
    </p>
   </div>
   <div class='ocr_carea' id='block_1_70' title="bbox 266 4081 1852 4152">
    <p class='ocr_par' dir='ltr' id='par_1_70' title="bbox 266 4081 1852 4152">
     <span class='ocr_line' id='line_1_70' title="bbox 266 4081 1852 4152; baseline 0.002 -15"><span class='ocrx_word' id='word_1_498' title='bbox 266 4081 361 4146; x_wconf 90' lang='lat' dir='ltr'><strong>bit,</strong></span> <span class='ocrx_word' id='word_1_499' title='bbox 422 4083 710 4151; x_wconf 73' lang='lat' dir='ltr'><strong>increpatis</strong></span> <span class='ocrx_word' id='word_1_500' title='bbox 751 4099 813 4136; x_wconf 90' lang='lat' dir='ltr'><strong>ac</strong></span> <span class='ocrx_word' id='word_1_501' title='bbox 839 4084 1094 4152; x_wconf 89' lang='lat' dir='ltr'><strong>depositis</strong></span> <span class='ocrx_word' id='word_1_502' title='bbox 1141 4085 1313 4138; x_wconf 81' lang='lat' dir='ltr'><strong>noxiis</strong></span> <span class='ocrx_word' id='word_1_503' title='bbox 1339 4085 1428 4152; x_wconf 90' lang='lat' dir='ltr'><strong>qui</strong></span> <span class='ocrx_word' id='word_1_504' title='bbox 1466 4084 1714 4139; x_wconf 60' lang='lat' dir='ltr'><strong>haeresim</strong></span> <span class='ocrx_word' id='word_1_505' title='bbox 1745 4101 1852 4140; x_wconf 89' lang='lat' dir='ltr'><strong>non</strong></span> 
     </span>
    </p>
   </div>
   <div class='ocr_carea' id='block_1_71' title="bbox 267 4175 1852 4234">
    <p class='ocr_par' dir='ltr' id='par_1_71' title="bbox 267 4175 1852 4234">
     <span class='ocr_line' id='line_1_71' title="bbox 267 4175 1852 4234; baseline 0 -3"><span class='ocrx_word' id='word_1_506' title='bbox 267 4176 651 4231; x_wconf 83' lang='lat' dir='ltr'><strong>nominandani</strong></span> <span class='ocrx_word' id='word_1_507' title='bbox 696 4175 1076 4233; x_wconf 81' lang='lat' dir='ltr'><strong>defendebant.</strong></span> <span class='ocrx_word' id='word_1_508' title='bbox 1141 4177 1438 4233; x_wconf 87' lang='lat' dir='ltr'><strong>Incolumes</strong></span> <span class='ocrx_word' id='word_1_509' title='bbox 1487 4191 1580 4232; x_wconf 78' lang='lat' dir='ltr'><strong>vas</strong></span> <span class='ocrx_word' id='word_1_510' title='bbox 1633 4192 1752 4234; x_wconf 83' lang='lat' dir='ltr'><strong>esse</strong></span> <span class='ocrx_word' id='word_1_511' title='bbox 1799 4177 1852 4232; x_wconf 94' lang='lat' dir='ltr'><strong>in</strong></span> 
     </span>
    </p>
   </div>
   <div class='ocr_carea' id='block_1_72' title="bbox 267 4265 678 4335">
    <p class='ocr_par' dir='ltr' id='par_1_72' title="bbox 267 4265 678 4335">
     <span class='ocr_line' id='line_1_72' title="bbox 267 4265 678 4335; baseline 0 -15"><span class='ocrx_word' id='word_1_512' title='bbox 267 4265 501 4324; x_wconf 87' lang='lat' dir='ltr'><strong>Domino</strong></span> <span class='ocrx_word' id='word_1_513' title='bbox 530 4279 678 4335; x_wconf 86' lang='lat' dir='ltr'><strong>opto.</strong></span> 
     </span>
    </p>
   </div>
   <div class='ocr_carea' id='block_1_73' title="bbox 335 4359 1850 4432">
    <p class='ocr_par' dir='ltr' id='par_1_73' title="bbox 335 4359 1850 4432">
     <span class='ocr_line' id='line_1_73' title="bbox 335 4359 1850 4432; baseline 0.004 -19"><span class='ocrx_word' id='word_1_514' title='bbox 335 4359 454 4428; x_wconf 75' lang='lat' dir='ltr'><strong>Ego</strong></span> <span class='ocrx_word' id='word_1_515' title='bbox 503 4361 659 4414; x_wconf 85' lang='lat' dir='ltr'><strong>Osius</strong></span> <span class='ocrx_word' id='word_1_516' title='bbox 705 4361 988 4432; x_wconf 89' lang='lat' dir='ltr'><strong>episcopus</strong></span> <span class='ocrx_word' id='word_1_517' title='bbox 1037 4361 1332 4418; x_wconf 83' lang='lat' dir='ltr'><strong>incolumes</strong></span> <span class='ocrx_word' id='word_1_518' title='bbox 1380 4376 1475 4417; x_wconf 84' lang='lat' dir='ltr'><strong>vos</strong></span> <span class='ocrx_word' id='word_1_519' title='bbox 1524 4362 1575 4418; x_wconf 93' lang='lat' dir='ltr'><strong>in</strong></span> <span class='ocrx_word' id='word_1_520' title='bbox 1625 4361 1850 4419; x_wconf 88' lang='lat' dir='ltr'><strong>Domino</strong></span> 
     </span>
    </p>
   </div>
   <div class='ocr_carea' id='block_1_74' title="bbox 268 4450 1028 4522">
    <p class='ocr_par' dir='ltr' id='par_1_74' title="bbox 268 4450 1028 4522">
     <span class='ocr_line' id='line_1_74' title="bbox 268 4450 1028 4522; baseline 0.003 -16"><span class='ocrx_word' id='word_1_521' title='bbox 268 4462 418 4522; x_wconf 84' lang='lat' dir='ltr'><strong>apto,</strong></span> <span class='ocrx_word' id='word_1_522' title='bbox 452 4450 787 4506; x_wconf 73' lang='lat' dir='ltr'><strong>dilectissimi</strong></span> <span class='ocrx_word' id='word_1_523' title='bbox 819 4452 1028 4509; x_wconf 89' lang='lat' dir='ltr'><strong>fratres.</strong></span> 
     </span>
    </p>
   </div>
   <div class='ocr_carea' id='block_1_75' title="bbox 335 4543 1852 4615">
    <p class='ocr_par' dir='ltr' id='par_1_75' title="bbox 335 4543 1852 4615">
     <span class='ocr_line' id='line_1_75' title="bbox 335 4543 1852 4615; baseline 0.004 -17"><span class='ocrx_word' id='word_1_524' title='bbox 335 4543 664 4598; x_wconf 80' lang='lat' dir='ltr'><strong>Athanasius</strong></span> <span class='ocrx_word' id='word_1_525' title='bbox 693 4545 977 4615; x_wconf 89' lang='lat' dir='ltr'><strong>episcopus</strong></span> <span class='ocrx_word' id='word_1_526' title='bbox 1007 4553 1184 4602; x_wconf 87' lang='lat' dir='ltr'><strong>vester</strong></span> <span class='ocrx_word' id='word_1_527' title='bbox 1216 4547 1511 4602; x_wconf 87' lang='lat' dir='ltr'><strong>incolumes</strong></span> <span class='ocrx_word' id='word_1_528' title='bbox 1541 4561 1635 4602; x_wconf 83' lang='lat' dir='ltr'><strong>vos</strong></span> <span class='ocrx_word' id='word_1_529' title='bbox 1663 4547 1714 4603; x_wconf 91' lang='lat' dir='ltr'><strong>in</strong></span> <span class='ocrx_word' id='word_1_530' title='bbox 1746 4546 1852 4604; x_wconf 85' lang='lat' dir='ltr'><strong>Do-</strong></span> 
     </span>
    </p>
   </div>
   <div class='ocr_carea' id='block_1_76' title="bbox 267 4636 1183 4705">
    <p class='ocr_par' dir='ltr' id='par_1_76' title="bbox 267 4636 1183 4705">
     <span class='ocr_line' id='line_1_76' title="bbox 267 4636 1183 4705; baseline 0.003 -16"><span class='ocrx_word' id='word_1_531' title='bbox 267 4639 418 4690; x_wconf 87' lang='lat' dir='ltr'><strong>mino</strong></span> <span class='ocrx_word' id='word_1_532' title='bbox 438 4649 587 4705; x_wconf 86' lang='lat' dir='ltr'><strong>opto,</strong></span> <span class='ocrx_word' id='word_1_533' title='bbox 611 4636 944 4693; x_wconf 90' lang='lat' dir='ltr'><strong>dilectissimi</strong></span> <span class='ocrx_word' id='word_1_534' title='bbox 975 4639 1183 4694; x_wconf 88' lang='lat' dir='ltr'><strong>fratres.</strong></span> 
     </span>
    </p>
   </div>
   <div class='ocr_carea' id='block_1_77' title="bbox 338 4726 1666 4784">
    <p class='ocr_par' dir='ltr' id='par_1_77' title="bbox 338 4726 1666 4784">
     <span class='ocr_line' id='line_1_77' title="bbox 338 4726 1666 4784; baseline 0.002 -3"><span class='ocrx_word' id='word_1_535' title='bbox 338 4726 662 4781; x_wconf 84' lang='lat' dir='ltr'><strong>Heliodorus</strong></span> <span class='ocrx_word' id='word_1_536' title='bbox 687 4726 946 4783; x_wconf 87' lang='lat' dir='ltr'><strong>similiter.</strong></span> <span class='ocrx_word' id='word_1_537' title='bbox 1176 4729 1373 4783; x_wconf 89' lang='lat' dir='ltr'><strong>Lucius</strong></span> <span class='ocrx_word' id='word_1_538' title='bbox 1402 4728 1666 4784; x_wconf 89' lang='lat' dir='ltr'><strong>similiter.</strong></span> 
     </span>
    </p>
   </div>
   <div class='ocr_carea' id='block_1_78' title="bbox 335 4816 1750 4891">
    <p class='ocr_par' dir='ltr' id='par_1_78' title="bbox 335 4816 1750 4891">
     <span class='ocr_line' id='line_1_78' title="bbox 335 4816 1750 4891; baseline 0.004 -20"><span class='ocrx_word' id='word_1_539' title='bbox 335 4816 615 4873; x_wconf 89' lang='lat' dir='ltr'><strong>Johannes</strong></span> <span class='ocrx_word' id='word_1_540' title='bbox 641 4818 762 4872; x_wconf 78' lang='lat' dir='ltr'><strong>sint.</strong></span> <span class='ocrx_word' id='word_1_541' title='bbox 1171 4820 1335 4891; x_wconf 79' lang='lat'><strong>609</strong></span> <span class='ocrx_word' id='word_1_542' title='bbox 1364 4822 1603 4876; x_wconf 85' lang='lat' dir='ltr'><strong>Asterius</strong></span> <span class='ocrx_word' id='word_1_543' title='bbox 1629 4821 1750 4876; x_wconf 89' lang='lat' dir='ltr'><strong>sim.</strong></span> 
     </span>
    </p>
   </div>
   <div class='ocr_carea' id='block_1_79' title="bbox 336 4910 1518 4970">
    <p class='ocr_par' dir='ltr' id='par_1_79' title="bbox 336 4910 1518 4970">
     <span class='ocr_line' id='line_1_79' title="bbox 336 4910 1518 4970; baseline 0.007 -9"><span class='ocrx_word' id='word_1_544' title='bbox 336 4910 508 4962; x_wconf 82' lang='lat' dir='ltr'><strong>Jonas</strong></span> <span class='ocrx_word' id='word_1_545' title='bbox 545 4910 667 4964; x_wconf 89' lang='lat' dir='ltr'><strong>sim.</strong></span> <span class='ocrx_word' id='word_1_546' title='bbox 1169 4913 1365 4968; x_wconf 84' lang='lat' dir='ltr'><strong>Bassus</strong></span> <span class='ocrx_word' id='word_1_547' title='bbox 1386 4915 1518 4970; x_wconf 90' lang='lat' dir='ltr'><strong>sitn.</strong></span> 
     </span>
    </p>
   </div>
   <div class='ocr_carea' id='block_1_80' title="bbox 339 5000 1606 5071">
    <p class='ocr_par' dir='ltr' id='par_1_80' title="bbox 339 5000 1606 5071">
     <span class='ocr_line' id='line_1_80' title="bbox 339 5000 1606 5071; baseline 0.007 -18"><span class='ocrx_word' id='word_1_548' title='bbox 339 5000 627 5071; x_wconf 88' lang='lat' dir='ltr'><strong>Dionysius</strong></span> <span class='ocrx_word' id='word_1_549' title='bbox 649 5003 772 5056; x_wconf 84' lang='lat' dir='ltr'><strong>sim.</strong></span> <span class='ocrx_word' id='word_1_550' title='bbox 1176 5004 1458 5062; x_wconf 89' lang='lat' dir='ltr'><strong>Dioscorus</strong></span> <span class='ocrx_word' id='word_1_551' title='bbox 1485 5008 1606 5062; x_wconf 91' lang='lat' dir='ltr'><strong>sim.</strong></span> 
     </span>
    </p>
   </div>
   <div class='ocr_carea' id='block_1_81' title="bbox 337 5091 1643 5160">
    <p class='ocr_par' dir='ltr' id='par_1_81' title="bbox 337 5091 1643 5160">
     <span class='ocr_line' id='line_1_81' title="bbox 337 5091 1643 5160; baseline 0.006 -14"><span class='ocrx_word' id='word_1_552' title='bbox 337 5091 661 5160; x_wconf 78' lang='lat' dir='ltr'><strong>Paregorius</strong></span> <span class='ocrx_word' id='word_1_553' title='bbox 685 5095 807 5148; x_wconf 90' lang='lat' dir='ltr'><strong>sim.</strong></span> <span class='ocrx_word' id='word_1_554' title='bbox 1171 5096 1501 5153; x_wconf 88' lang='lat' dir='ltr'><strong>Domitianus</strong></span> <span class='ocrx_word' id='word_1_555' title='bbox 1523 5101 1643 5154; x_wconf 88' lang='lat' dir='ltr'><strong>sim.</strong></span> 
     </span>
    </p>
   </div>
   <div class='ocr_carea' id='block_1_82' title="bbox 338 5185 1641 5259">
    <p class='ocr_par' dir='ltr' id='par_1_82' title="bbox 338 5185 1641 5259">
     <span class='ocr_line' id='line_1_82' title="bbox 338 5185 1641 5259; baseline 0.006 -21"><span class='ocrx_word' id='word_1_556' title='bbox 338 5186 527 5239; x_wconf 83' lang='lat' dir='ltr'><strong>Aetius</strong></span> <span class='ocrx_word' id='word_1_557' title='bbox 557 5185 683 5242; x_wconf 86' lang='lat' dir='ltr'><strong>sim.</strong></span> <span class='ocrx_word' id='word_1_558' title='bbox 1174 5189 1492 5259; x_wconf 85' lang='lat' dir='ltr'><strong>Calepodius</strong></span> <span class='ocrx_word' id='word_1_559' title='bbox 1520 5193 1641 5247; x_wconf 77' lang='lat' dir='ltr'><strong>sint.</strong></span> 
     </span>
    </p>
   </div>
   <div class='ocr_carea' id='block_1_83' title="bbox 340 5267 1629 5341">
    <p class='ocr_par' dir='ltr' id='par_1_83' title="bbox 340 5267 1629 5341">
     <span class='ocr_line' id='line_1_83' title="bbox 340 5267 1629 5341; baseline 0.009 -13"><span class='ocrx_word' id='word_1_560' title='bbox 340 5276 538 5332; x_wconf 82' lang='lat' dir='ltr'><strong>Valens</strong></span> <span class='ocrx_word' id='word_1_561' title='bbox 565 5279 690 5335; x_wconf 89' lang='lat' dir='ltr'><strong>sim.</strong></span> <span class='ocrx_word' id='word_1_562' title='bbox 1177 5283 1480 5340; x_wconf 79' lang='lat' dir='ltr'><strong>Alexander</strong></span> <span class='ocrx_word' id='word_1_563' title='bbox 1508 5267 1629 5341; x_wconf 85' lang='lat' dir='ltr'><strong>situ.</strong></span> 
     </span>
    </p>
   </div>
   <div class='ocr_carea' id='block_1_84' title="bbox 341 5372 1644 5437">
    <p class='ocr_par' dir='ltr' id='par_1_84' title="bbox 341 5372 1644 5437">
     <span class='ocr_line' id='line_1_84' title="bbox 341 5372 1644 5437; baseline 0.01 -13"><span class='ocrx_word' id='word_1_564' title='bbox 341 5372 500 5427; x_wconf 85' lang='lat' dir='ltr'><strong>Arius</strong></span> <span class='ocrx_word' id='word_1_565' title='bbox 526 5373 647 5428; x_wconf 91' lang='lat' dir='ltr'><strong>sim.</strong></span> <span class='ocrx_word' id='word_1_566' title='bbox 1183 5377 1498 5436; x_wconf 88' lang='lat' dir='ltr'><strong>Plutarchus</strong></span> <span class='ocrx_word' id='word_1_567' title='bbox 1525 5382 1644 5437; x_wconf 79' lang='lat' dir='ltr'><strong>sint.</strong></span> 
     </span>
    </p>
   </div>
   <div class='ocr_carea' id='block_1_85' title="bbox 341 5465 1638 5538">
    <p class='ocr_par' dir='ltr' id='par_1_85' title="bbox 341 5465 1638 5538">
     <span class='ocr_line' id='line_1_85' title="bbox 341 5465 1638 5538; baseline 0.007 -18"><span class='ocrx_word' id='word_1_568' title='bbox 341 5465 667 5538; x_wconf 85' lang='lat' dir='ltr'><strong>Porphyrius</strong></span> <span class='ocrx_word' id='word_1_569' title='bbox 688 5467 812 5524; x_wconf 78' lang='lat' dir='ltr'><strong>sin).</strong></span> <span class='ocrx_word' id='word_1_570' title='bbox 1174 5471 1483 5528; x_wconf 85' lang='lat' dir='ltr'><strong>Vincentius</strong></span> <span class='ocrx_word' id='word_1_571' title='bbox 1517 5475 1638 5529; x_wconf 80' lang='lat' dir='ltr'><strong>sim.</strong></span> 
     </span>
    </p>
   </div>
   <div class='ocr_carea' id='block_1_86' title="bbox 339 5559 1506 5622">
    <p class='ocr_par' dir='ltr' id='par_1_86' title="bbox 339 5559 1506 5622">
     <span class='ocr_line' id='line_1_86' title="bbox 339 5559 1506 5622; baseline 0.009 -10"><span class='ocrx_word' id='word_1_572' title='bbox 339 5559 716 5618; x_wconf 90' lang='lat' dir='ltr'><strong>Athenodorus</strong></span> <span class='ocrx_word' id='word_1_573' title='bbox 736 5563 860 5619; x_wconf 89' lang='lat' dir='ltr'><strong>sim.</strong></span> <span class='ocrx_word' id='word_1_574' title='bbox 1168 5565 1356 5621; x_wconf 81' lang='lat' dir='ltr'><strong>Vitalis</strong></span> <span class='ocrx_word' id='word_1_575' title='bbox 1383 5567 1506 5622; x_wconf 88' lang='lat' dir='ltr'><strong>sim.</strong></span> 
     </span>
    </p>
   </div>
   <div class='ocr_carea' id='block_1_87' title="bbox 341 5724 1845 5795">
    <p class='ocr_par' dir='ltr' id='par_1_87' title="bbox 341 5724 1845 5795">
     <span class='ocr_line' id='line_1_87' title="bbox 341 5724 1845 5795; baseline 0.005 -17"><span class='ocrx_word' id='word_1_576' title='bbox 341 5731 369 5758; x_wconf 78' lang='grc'><strong>⁸</strong></span> <span class='ocrx_word' id='word_1_577' title='bbox 397 5724 586 5793; x_wconf 89' lang='lat' dir='ltr'><strong>Aliqua</strong></span> <span class='ocrx_word' id='word_1_578' title='bbox 609 5724 817 5784; x_wconf 86' lang='lat' dir='ltr'><strong>desunt.</strong></span> <span class='ocrx_word' id='word_1_579' title='bbox 843 5740 907 5779; x_wconf 80' lang='lat' dir='ltr'><strong>ex</strong></span> <span class='ocrx_word' id='word_1_580' title='bbox 929 5741 1036 5793; x_wconf 90' lang='lat' dir='ltr'><strong>gr.,</strong></span> <span class='ocrx_word' id='word_1_581' title='bbox 1066 5729 1126 5779; x_wconf 84' lang='lat' dir='ltr'><strong>ob</strong></span> <span class='ocrx_word' id='word_1_582' title='bbox 1155 5744 1231 5788; x_wconf 86' lang='lat' dir='ltr'><strong>ea,</strong></span> <span class='ocrx_word' id='word_1_583' title='bbox 1262 5745 1376 5795; x_wconf 65' lang='lat' dir='ltr'><strong>quia</strong></span> <span class='ocrx_word' id='word_1_584' title='bbox 1401 5729 1641 5782; x_wconf 80' lang='lat' dir='ltr'><strong>violenter</strong></span> <span class='ocrx_word' id='word_1_585' title='bbox 1667 5740 1712 5784; x_wconf 84' lang='lat' dir='ltr'><strong>et</strong></span> <span class='ocrx_word' id='word_1_586' title='bbox 1747 5730 1845 5785; x_wconf 87' lang='lat' dir='ltr'><strong>ini-</strong></span> 
     </span>
    </p>
   </div>
   <div class='ocr_carea' id='block_1_88' title="bbox 263 5797 1846 5862">
    <p class='ocr_par' dir='ltr' id='par_1_88' title="bbox 263 5797 1846 5862">
     <span class='ocr_line' id='line_1_88' title="bbox 263 5797 1846 5862; baseline 0.008 -18"><span class='ocrx_word' id='word_1_587' title='bbox 263 5806 369 5861; x_wconf 83' lang='lat' dir='ltr'><strong>que</strong></span> <span class='ocrx_word' id='word_1_588' title='bbox 393 5806 650 5862; x_wconf 66' lang='lat' dir='ltr'><strong>gesserunt</strong></span> <span class='ocrx_word' id='word_1_589' title='bbox 679 5798 729 5849; x_wconf 86' lang='lat' dir='ltr'><strong>in</strong></span> <span class='ocrx_word' id='word_1_590' title='bbox 758 5797 1072 5851; x_wconf 73' lang='lat' dir='ltr'><strong>Alexandria</strong></span> <span class='ocrx_word' id='word_1_591' title='bbox 1107 5807 1153 5850; x_wconf 86' lang='lat' dir='ltr'><strong>et</strong></span> <span class='ocrx_word' id='word_1_592' title='bbox 1191 5797 1445 5853; x_wconf 77' lang='lat' dir='ltr'><strong>Mareota.</strong></span> <span class='ocrx_word' id='word_1_593' title='bbox 1479 5800 1538 5852; x_wconf 86' lang='lat' dir='ltr'><strong>lli</strong></span> <span class='ocrx_word' id='word_1_594' title='bbox 1571 5802 1711 5855; x_wconf 88' lang='lat' dir='ltr'><strong>enim</strong></span> <span class='ocrx_word' id='word_1_595' title='bbox 1738 5809 1846 5856; x_wconf 87' lang='lat' dir='ltr'><strong>tres</strong></span> 
     </span>
    </p>
   </div>
   <div class='ocr_carea' id='block_1_89' title="bbox 268 5864 1848 5942">
    <p class='ocr_par' dir='ltr' id='par_1_89' title="bbox 268 5864 1848 5942">
     <span class='ocr_line' id='line_1_89' title="bbox 268 5864 1848 5942; baseline 0.008 -29"><span class='ocrx_word' id='word_1_596' title='bbox 268 5864 516 5942; x_wconf 61' lang='lat' dir='ltr'><strong>episqipi</strong></span> <span class='ocrx_word' id='word_1_597' title='bbox 539 5867 1196 5942; x_wconf 19' lang='lat' dir='ltr'><strong>ArianiAcu_m_aliigtrihus</strong></span> <span class='ocrx_word' id='word_1_598' title='bbox 1212 5869 1321 5937; x_wconf 89' lang='lat' dir='ltr'><strong>jam</strong></span> <span class='ocrx_word' id='word_1_599' title='bbox 1345 5871 1610 5942; x_wconf 85' lang='lat' dir='ltr'><strong>defunctis</strong></span> <span class='ocrx_word' id='word_1_600' title='bbox 1634 5891 1658 5921; x_wconf 66' lang='grc' dir='ltr'><strong>ω</strong></span> <span class='ocrx_word' id='word_1_601' title='bbox 1682 5872 1848 5942; x_wconf 83' lang='lat' dir='ltr'><strong>Tyrio</strong></span> 
     </span>
    </p>
   </div>
   <div class='ocr_carea' id='block_1_90' title="bbox 269 5935 1850 6003">
    <p class='ocr_par' dir='ltr' id='par_1_90' title="bbox 269 5935 1850 6003">
     <span class='ocr_line' id='line_1_90' title="bbox 269 5935 1850 6003; baseline 0.005 -13"><span class='ocrx_word' id='word_1_602' title='bbox 269 5935 629 5991; x_wconf 83' lang='lat' dir='ltr'><strong>conciliabqu</strong></span> <span class='ocrx_word' id='word_1_603' title='bbox 672 5939 819 5996; x_wconf 79' lang='lat' dir='ltr'><strong>missi</strong></span> <span class='ocrx_word' id='word_1_604' title='bbox 867 5939 920 5994; x_wconf 92' lang='lat' dir='ltr'><strong>in</strong></span> <span class='ocrx_word' id='word_1_605' title='bbox 965 5935 1284 6003; x_wconf 61' lang='lat' dir='ltr'><strong>Emptum.</strong></span> <span class='ocrx_word' id='word_1_606' title='bbox 1332 5941 1668 5998; x_wconf 68' lang='lat' dir='ltr'><strong>Alexandria</strong></span> <span class='ocrx_word' id='word_1_607' title='bbox 1707 5935 1762 5999; x_wconf 73' lang='grc' dir='ltr'><strong>οἰ</strong></span> <span class='ocrx_word' id='word_1_608' title='bbox 1793 5943 1850 5998; x_wconf 88' lang='lat' dir='ltr'><strong>in</strong></span> 
     </span>
    </p>
   </div>
   <div class='ocr_carea' id='block_1_91' title="bbox 1873 4690 1934 4754">
    <p class='ocr_par' dir='ltr' id='par_1_91' title="bbox 1873 4690 1934 4754">
     <span class='ocr_line' id='line_1_91' title="bbox 1873 4690 1934 4754; baseline 0 0"><span class='ocrx_word' id='word_1_609' title='bbox 1873 4690 1934 4754; x_wconf 82' lang='lat' dir='ltr'><strong>D</strong></span> 
     </span>
    </p>
   </div>
   <div class='ocr_carea' id='block_1_92' title="bbox 1869 4828 2774 4916">
    <p class='ocr_par' dir='ltr' id='par_1_92' title="bbox 1869 4828 2774 4916">
     <span class='ocr_line' id='line_1_92' title="bbox 1869 4828 2774 4916; baseline 0.007 -33"><span class='ocrx_word' id='word_1_610' title='bbox 1869 4902 1876 4916; x_wconf 35' lang='grc' dir='ltr'>ι</span> <span class='ocrx_word' id='word_1_611' title='bbox 1955 4828 2198 4884; x_wconf 88' lang='lat' dir='ltr'><strong>Salutant</strong></span> <span class='ocrx_word' id='word_1_612' title='bbox 2222 4845 2318 4882; x_wconf 90' lang='lat' dir='ltr'><strong>vos</strong></span> <span class='ocrx_word' id='word_1_613' title='bbox 2347 4845 2534 4884; x_wconf 90' lang='lat' dir='ltr'><strong>omnes</strong></span> <span class='ocrx_word' id='word_1_614' title='bbox 2564 4830 2774 4889; x_wconf 81' lang='lat' dir='ltr'><strong>fratres.</strong></span> 
     </span>
    </p>
   </div>
   <div class='ocr_carea' id='block_1_93' title="bbox 1959 3439 3545 3511">
    <p class='ocr_par' dir='ltr' id='par_1_93' title="bbox 1959 3439 3545 3511">
     <span class='ocr_line' id='line_1_93' title="bbox 1959 3439 3545 3511; baseline -0.001 -17"><span class='ocrx_word' id='word_1_615' title='bbox 1959 3439 2151 3495; x_wconf 91' lang='lat' dir='ltr'><strong>clesias</strong></span> <span class='ocrx_word' id='word_1_616' title='bbox 2191 3441 2324 3495; x_wconf 90' lang='lat' dir='ltr'><strong>facta</strong></span> <span class='ocrx_word' id='word_1_617' title='bbox 2355 3451 2497 3496; x_wconf 91' lang='lat' dir='ltr'><strong>sunt.</strong></span> <span class='ocrx_word' id='word_1_618' title='bbox 2536 3441 2602 3495; x_wconf 82' lang='lat' dir='ltr'><strong>Et</strong></span> <span class='ocrx_word' id='word_1_619' title='bbox 2637 3443 2888 3511; x_wconf 88' lang='lat' dir='ltr'><strong>quoniam</strong></span> <span class='ocrx_word' id='word_1_620' title='bbox 2933 3441 3284 3497; x_wconf 87' lang='lat' dir='ltr'><strong>intolerabilis</strong></span> <span class='ocrx_word' id='word_1_621' title='bbox 3323 3451 3405 3494; x_wconf 88' lang='lat' dir='ltr'><strong>est</strong></span> <span class='ocrx_word' id='word_1_622' title='bbox 3429 3440 3545 3506; x_wconf 84' lang='lat' dir='ltr'><strong>jam</strong></span> 
     </span>
    </p>
   </div>
   <div class='ocr_carea' id='block_1_94' title="bbox 1959 3533 3546 3606">
    <p class='ocr_par' dir='ltr' id='par_1_94' title="bbox 1959 3533 3546 3606">
     <span class='ocr_line' id='line_1_94' title="bbox 1959 3533 3546 3606; baseline 0.001 -20"><span class='ocrx_word' id='word_1_623' title='bbox 1959 3533 2247 3588; x_wconf 85' lang='lat' dir='ltr'><strong>crudelitas</strong></span> <span class='ocrx_word' id='word_1_624' title='bbox 2275 3550 2484 3600; x_wconf 90' lang='lat' dir='ltr'><strong>eorum,</strong></span> <span class='ocrx_word' id='word_1_625' title='bbox 2513 3543 2569 3589; x_wconf 93' lang='lat' dir='ltr'><strong>et</strong></span> <span class='ocrx_word' id='word_1_626' title='bbox 2599 3537 2842 3606; x_wconf 88' lang='lat' dir='ltr'><strong>tyrannia</strong></span> <span class='ocrx_word' id='word_1_627' title='bbox 2872 3534 3130 3589; x_wconf 86' lang='lat' dir='ltr'><strong>adversus</strong></span> <span class='ocrx_word' id='word_1_628' title='bbox 3163 3533 3429 3589; x_wconf 86' lang='lat' dir='ltr'><strong>Ecclesias</strong></span> <span class='ocrx_word' id='word_1_629' title='bbox 3455 3549 3546 3587; x_wconf 75' lang='lat' dir='ltr'><strong>cc-</strong></span> 
     </span>
    </p>
   </div>
   <div class='ocr_carea' id='block_1_95' title="bbox 1960 3625 3544 3697">
    <p class='ocr_par' dir='ltr' id='par_1_95' title="bbox 1960 3625 3544 3697">
     <span class='ocr_line' id='line_1_95' title="bbox 1960 3625 3544 3697; baseline 0 -17"><span class='ocrx_word' id='word_1_630' title='bbox 1960 3625 2184 3688; x_wconf 90' lang='lat' dir='ltr'><strong>lebrata,</strong></span> <span class='ocrx_word' id='word_1_631' title='bbox 2217 3625 2336 3680; x_wconf 90' lang='lat' dir='ltr'><strong>ideo</strong></span> <span class='ocrx_word' id='word_1_632' title='bbox 2373 3627 2681 3696; x_wconf 73' lang='lat' dir='ltr'><strong>episcopatu</strong></span> <span class='ocrx_word' id='word_1_633' title='bbox 2707 3626 2870 3697; x_wconf 77' lang='lat'><strong>610</strong></span> <span class='ocrx_word' id='word_1_634' title='bbox 2895 3625 3086 3694; x_wconf 88' lang='lat' dir='ltr'><strong>dejecti</strong></span> <span class='ocrx_word' id='word_1_635' title='bbox 3117 3636 3260 3689; x_wconf 83' lang='lat' dir='ltr'><strong>sunt,</strong></span> <span class='ocrx_word' id='word_1_636' title='bbox 3290 3625 3544 3693; x_wconf 78' lang='lat' dir='ltr'><strong>omnique</strong></span> 
     </span>
    </p>
   </div>
   <div class='ocr_carea' id='block_1_96' title="bbox 1958 3717 3619 3788">
    <p class='ocr_par' dir='ltr' id='par_1_96' title="bbox 1958 3717 3619 3788">
     <span class='ocr_line' id='line_1_96' title="bbox 1958 3717 3619 3788; baseline 0 -18"><span class='ocrx_word' id='word_1_637' title='bbox 1958 3718 2332 3772; x_wconf 91' lang='lat' dir='ltr'><strong>communione</strong></span> <span class='ocrx_word' id='word_1_638' title='bbox 2354 3718 2593 3772; x_wconf 90' lang='lat' dir='ltr'><strong>alienati.</strong></span> <span class='ocrx_word' id='word_1_639' title='bbox 2615 3717 2880 3774; x_wconf 84' lang='lat' dir='ltr'><strong>Caeterum</strong></span> <span class='ocrx_word' id='word_1_640' title='bbox 2905 3717 2971 3774; x_wconf 93' lang='lat' dir='ltr'><strong>de</strong></span> <span class='ocrx_word' id='word_1_641' title='bbox 2992 3718 3251 3788; x_wconf 83' lang='lat' dir='ltr'><strong>Gregorio</strong></span> <span class='ocrx_word' id='word_1_642' title='bbox 3273 3731 3372 3772; x_wconf 91' lang='lat' dir='ltr'><strong>nec</strong></span> <span class='ocrx_word' id='word_1_643' title='bbox 3391 3731 3543 3771; x_wconf 84' lang='lat' dir='ltr'><strong>men-</strong></span> <span class='ocrx_word' id='word_1_644' title='bbox 3613 3730 3619 3735; x_wconf 84' lang='lat'>&#39;</span> 
     </span>
    </p>
   </div>
   <div class='ocr_carea' id='block_1_97' title="bbox 1961 3808 3545 3882">
    <p class='ocr_par' dir='ltr' id='par_1_97' title="bbox 1961 3808 3545 3882">
     <span class='ocr_line' id='line_1_97' title="bbox 1961 3808 3545 3882; baseline 0.001 -21"><span class='ocrx_word' id='word_1_645' title='bbox 1961 3808 2158 3862; x_wconf 92' lang='lat' dir='ltr'><strong>tionem</strong></span> <span class='ocrx_word' id='word_1_646' title='bbox 2204 3810 2381 3865; x_wconf 89' lang='lat' dir='ltr'><strong>facere</strong></span> <span class='ocrx_word' id='word_1_647' title='bbox 2409 3811 2691 3864; x_wconf 89' lang='lat' dir='ltr'><strong>voluerunt</strong></span> <span class='ocrx_word' id='word_1_648' title='bbox 2719 3830 2730 3864; x_wconf 90' lang='lat'><strong>:</strong></span> <span class='ocrx_word' id='word_1_649' title='bbox 2761 3811 2850 3882; x_wconf 85' lang='lat' dir='ltr'><strong>qui</strong></span> <span class='ocrx_word' id='word_1_650' title='bbox 2881 3811 3022 3866; x_wconf 90' lang='lat' dir='ltr'><strong>enim</strong></span> <span class='ocrx_word' id='word_1_651' title='bbox 3055 3812 3265 3881; x_wconf 88' lang='lat' dir='ltr'><strong>penitus</strong></span> <span class='ocrx_word' id='word_1_652' title='bbox 3304 3809 3545 3879; x_wconf 88' lang='lat' dir='ltr'><strong>episcopi</strong></span> 
     </span>
    </p>
   </div>
   <div class='ocr_carea' id='block_1_98' title="bbox 1959 3887 3558 3976">
    <p class='ocr_par' dir='ltr' id='par_1_98' title="bbox 1959 3887 3558 3976">
     <span class='ocr_line' id='line_1_98' title="bbox 1959 3887 3558 3976; baseline 0.001 -21"><span class='ocrx_word' id='word_1_653' title='bbox 1959 3916 2154 3957; x_wconf 89' lang='lat' dir='ltr'><strong>nomen</strong></span> <span class='ocrx_word' id='word_1_654' title='bbox 2187 3918 2285 3957; x_wconf 86' lang='lat' dir='ltr'><strong>nec</strong></span> <span class='ocrx_word' id='word_1_655' title='bbox 2317 3901 2502 3956; x_wconf 86' lang='lat' dir='ltr'><strong>habuit</strong></span> <span class='ocrx_word' id='word_1_656' title='bbox 2522 3942 2537 3968; x_wconf 95' lang='lat'><strong>,</strong></span> <span class='ocrx_word' id='word_1_657' title='bbox 2569 3903 2709 3957; x_wconf 90' lang='lat' dir='ltr'><strong>hunc</strong></span> <span class='ocrx_word' id='word_1_658' title='bbox 2737 3903 3014 3976; x_wconf 85' lang='lat' dir='ltr'><strong>nominare</strong></span> <span class='ocrx_word' id='word_1_659' title='bbox 3041 3902 3365 3974; x_wconf 86' lang='lat' dir='ltr'><strong>superfluunt</strong></span> <span class='ocrx_word' id='word_1_660' title='bbox 3396 3887 3558 3971; x_wconf 55' lang='grc' dir='ltr'><strong>ινδιξ-ί</strong></span> 
     </span>
    </p>
   </div>
   <div class='ocr_carea' id='block_1_99' title="bbox 1959 3997 3544 4067">
    <p class='ocr_par' dir='ltr' id='par_1_99' title="bbox 1959 3997 3544 4067">
     <span class='ocr_line' id='line_1_99' title="bbox 1959 3997 3544 4067; baseline 0.002 -17"><span class='ocrx_word' id='word_1_661' title='bbox 1959 4005 2271 4062; x_wconf 77' lang='lat' dir='ltr'><strong>maverunt;</strong></span> <span class='ocrx_word' id='word_1_662' title='bbox 2305 3998 2396 4050; x_wconf 92' lang='lat' dir='ltr'><strong>sed</strong></span> <span class='ocrx_word' id='word_1_663' title='bbox 2424 4008 2644 4066; x_wconf 88' lang='lat' dir='ltr'><strong>propter</strong></span> <span class='ocrx_word' id='word_1_664' title='bbox 2673 3997 2926 4066; x_wconf 80' lang='lat' dir='ltr'><strong>deceptos</strong></span> <span class='ocrx_word' id='word_1_665' title='bbox 2957 3998 3022 4054; x_wconf 89' lang='lat' dir='ltr'><strong>ab</strong></span> <span class='ocrx_word' id='word_1_666' title='bbox 3052 4015 3136 4062; x_wconf 90' lang='lat' dir='ltr'><strong>eo,</strong></span> <span class='ocrx_word' id='word_1_667' title='bbox 3166 3998 3396 4053; x_wconf 88' lang='lat' dir='ltr'><strong>nominis</strong></span> <span class='ocrx_word' id='word_1_668' title='bbox 3424 3997 3544 4067; x_wconf 84' lang='lat' dir='ltr'><strong>ejus</strong></span> 
     </span>
    </p>
   </div>
   <div class='ocr_carea' id='block_1_100' title="bbox 1957 4088 3545 4160">
    <p class='ocr_par' dir='ltr' id='par_1_100' title="bbox 1957 4088 3545 4160">
     <span class='ocr_line' id='line_1_100' title="bbox 1957 4088 3545 4160; baseline 0.001 -17"><span class='ocrx_word' id='word_1_669' title='bbox 1957 4091 2283 4144; x_wconf 88' lang='lat' dir='ltr'><strong>mentionem</strong></span> <span class='ocrx_word' id='word_1_670' title='bbox 2316 4088 2587 4156; x_wconf 90' lang='lat' dir='ltr'><strong>fecerunt;</strong></span> <span class='ocrx_word' id='word_1_671' title='bbox 2633 4107 2739 4144; x_wconf 91' lang='lat' dir='ltr'><strong>non</strong></span> <span class='ocrx_word' id='word_1_672' title='bbox 2786 4093 2905 4160; x_wconf 86' lang='lat' dir='ltr'><strong>quia</strong></span> <span class='ocrx_word' id='word_1_673' title='bbox 2950 4091 3140 4158; x_wconf 80' lang='lat' dir='ltr'><strong>dignus</strong></span> <span class='ocrx_word' id='word_1_674' title='bbox 3171 4091 3430 4146; x_wconf 90' lang='lat' dir='ltr'><strong>memoria</strong></span> <span class='ocrx_word' id='word_1_675' title='bbox 3463 4090 3545 4144; x_wconf 80' lang='lat' dir='ltr'><strong>vi-</strong></span> 
     </span>
    </p>
   </div>
   <div class='ocr_carea' id='block_1_101' title="bbox 1957 4177 3558 4253">
    <p class='ocr_par' dir='ltr' id='par_1_101' title="bbox 1957 4177 3558 4253">
     <span class='ocr_line' id='line_1_101' title="bbox 1957 4177 3558 4253; baseline 0.001 -18"><span class='ocrx_word' id='word_1_676' title='bbox 1957 4181 2180 4235; x_wconf 88' lang='lat' dir='ltr'><strong>debatur</strong></span> <span class='ocrx_word' id='word_1_677' title='bbox 2199 4221 2214 4245; x_wconf 94' lang='lat'><strong>,</strong></span> <span class='ocrx_word' id='word_1_678' title='bbox 2245 4181 2341 4236; x_wconf 90' lang='lat' dir='ltr'><strong>sed</strong></span> <span class='ocrx_word' id='word_1_679' title='bbox 2371 4190 2426 4236; x_wconf 88' lang='lat' dir='ltr'><strong>nt</strong></span> <span class='ocrx_word' id='word_1_680' title='bbox 2448 4199 2512 4236; x_wconf 81' lang='lat' dir='ltr'><strong>ex</strong></span> <span class='ocrx_word' id='word_1_681' title='bbox 2539 4182 2641 4236; x_wconf 90' lang='lat' dir='ltr'><strong>hoc</strong></span> <span class='ocrx_word' id='word_1_682' title='bbox 2663 4183 2752 4253; x_wconf 92' lang='lat' dir='ltr'><strong>qui</strong></span> <span class='ocrx_word' id='word_1_683' title='bbox 2793 4183 2860 4236; x_wconf 90' lang='lat' dir='ltr'><strong>ah</strong></span> <span class='ocrx_word' id='word_1_684' title='bbox 2888 4183 2977 4236; x_wconf 90' lang='lat' dir='ltr'><strong>illo</strong></span> <span class='ocrx_word' id='word_1_685' title='bbox 3011 4182 3220 4250; x_wconf 84' lang='lat' dir='ltr'><strong>decepti</strong></span> <span class='ocrx_word' id='word_1_686' title='bbox 3247 4191 3396 4247; x_wconf 90' lang='lat' dir='ltr'><strong>sunt,</strong></span> <span class='ocrx_word' id='word_1_687' title='bbox 3423 4177 3558 4252; x_wconf 76' lang='lat' dir='ltr'><strong>ejtts&#39;</strong></span> 
     </span>
    </p>
   </div>
   <div class='ocr_carea' id='block_1_102' title="bbox 1956 4271 3544 4341">
    <p class='ocr_par' dir='ltr' id='par_1_102' title="bbox 1956 4271 3544 4341">
     <span class='ocr_line' id='line_1_102' title="bbox 1956 4271 3544 4341; baseline 0.003 -16"><span class='ocrx_word' id='word_1_688' title='bbox 1956 4281 2280 4341; x_wconf 87' lang='lat' dir='ltr'><strong>cognoscant</strong></span> <span class='ocrx_word' id='word_1_689' title='bbox 2303 4271 2596 4339; x_wconf 86' lang='lat' dir='ltr'><strong>infamiam,</strong></span> <span class='ocrx_word' id='word_1_690' title='bbox 2627 4283 2680 4326; x_wconf 88' lang='lat' dir='ltr'><strong>et</strong></span> <span class='ocrx_word' id='word_1_691' title='bbox 2709 4273 3030 4326; x_wconf 81' lang='lat' dir='ltr'><strong>erubescant</strong></span> <span class='ocrx_word' id='word_1_692' title='bbox 3057 4272 3354 4341; x_wconf 84' lang='lat' dir='ltr'><strong>enjusmodi</strong></span> <span class='ocrx_word' id='word_1_693' title='bbox 3383 4273 3544 4330; x_wconf 61' lang='lat' dir='ltr'><strong>factis</strong></span> 
     </span>
    </p>
   </div>
   <div class='ocr_carea' id='block_1_103' title="bbox 1957 4363 2729 4421">
    <p class='ocr_par' dir='ltr' id='par_1_103' title="bbox 1957 4363 2729 4421">
     <span class='ocr_line' id='line_1_103' title="bbox 1957 4363 2729 4421; baseline 0 -3"><span class='ocrx_word' id='word_1_694' title='bbox 1957 4363 2158 4420; x_wconf 88' lang='lat' dir='ltr'><strong>homini</strong></span> <span class='ocrx_word' id='word_1_695' title='bbox 2183 4368 2729 4421; x_wconf 43' lang='lat' dir='ltr'><strong>comn‘iunicavernnt.</strong></span> 
     </span>
    </p>
   </div>
   <div class='ocr_carea' id='block_1_104' title="bbox 2027 4458 3542 4529">
    <p class='ocr_par' dir='ltr' id='par_1_104' title="bbox 2027 4458 3542 4529">
     <span class='ocr_line' id='line_1_104' title="bbox 2027 4458 3542 4529; baseline 0.002 -18"><span class='ocrx_word' id='word_1_696' title='bbox 2027 4458 2373 4526; x_wconf 64' lang='lat' dir='ltr'><strong>Cognoscd-s</strong></span> <span class='ocrx_word' id='word_1_697' title='bbox 2423 4474 2550 4513; x_wconf 90' lang='lat' dir='ltr'><strong>vero</strong></span> <span class='ocrx_word' id='word_1_698' title='bbox 2594 4473 2754 4528; x_wconf 90' lang='lat' dir='ltr'><strong>soper</strong></span> <span class='ocrx_word' id='word_1_699' title='bbox 2793 4475 2888 4513; x_wconf 83' lang='lat' dir='ltr'><strong>eus</strong></span> <span class='ocrx_word' id='word_1_700' title='bbox 2934 4461 3126 4529; x_wconf 85' lang='lat' dir='ltr'><strong>scripta</strong></span> <span class='ocrx_word' id='word_1_701' title='bbox 3170 4475 3238 4513; x_wconf 83' lang='lat' dir='ltr'><strong>ex</strong></span> <span class='ocrx_word' id='word_1_702' title='bbox 3281 4473 3542 4528; x_wconf 84' lang='lat' dir='ltr'><strong>superan-</strong></span> 
     </span>
    </p>
   </div>
   <div class='ocr_carea' id='block_1_105' title="bbox 1959 4549 3558 4622">
    <p class='ocr_par' dir='ltr' id='par_1_105' title="bbox 1959 4549 3558 4622">
     <span class='ocr_line' id='line_1_105' title="bbox 1959 4549 3558 4622; baseline 0.001 -18"><span class='ocrx_word' id='word_1_703' title='bbox 1959 4551 2140 4615; x_wconf 76' lang='lat' dir='ltr'><strong>nexis;</strong></span> <span class='ocrx_word' id='word_1_704' title='bbox 2172 4559 2226 4604; x_wconf 92' lang='lat' dir='ltr'><strong>et</strong></span> <span class='ocrx_word' id='word_1_705' title='bbox 2255 4550 2378 4604; x_wconf 80' lang='lat' dir='ltr'><strong>licet</strong></span> <span class='ocrx_word' id='word_1_706' title='bbox 2415 4566 2516 4604; x_wconf 90' lang='lat' dir='ltr'><strong>non</strong></span> <span class='ocrx_word' id='word_1_707' title='bbox 2542 4565 2730 4605; x_wconf 90' lang='lat' dir='ltr'><strong>omnes</strong></span> <span class='ocrx_word' id='word_1_708' title='bbox 2756 4551 2995 4606; x_wconf 90' lang='lat' dir='ltr'><strong>scribere</strong></span> <span class='ocrx_word' id='word_1_709' title='bbox 3022 4552 3255 4622; x_wconf 90' lang='lat' dir='ltr'><strong>episcopi</strong></span> <span class='ocrx_word' id='word_1_710' title='bbox 3289 4549 3558 4607; x_wconf 68' lang='lat' dir='ltr'><strong>uccurre~&#39;</strong></span> 
     </span>
    </p>
   </div>
   <div class='ocr_carea' id='block_1_106' title="bbox 1958 4642 3557 4716">
    <p class='ocr_par' dir='ltr' id='par_1_106' title="bbox 1958 4642 3557 4716">
     <span class='ocr_line' id='line_1_106' title="bbox 1958 4642 3557 4716; baseline 0.003 -21"><span class='ocrx_word' id='word_1_711' title='bbox 1958 4652 2106 4711; x_wconf 86' lang='lat' dir='ltr'><strong>runt,</strong></span> <span class='ocrx_word' id='word_1_712' title='bbox 2133 4651 2367 4696; x_wconf 90' lang='lat' dir='ltr'><strong>attamen</strong></span> <span class='ocrx_word' id='word_1_713' title='bbox 2392 4642 2458 4697; x_wconf 88' lang='lat' dir='ltr'><strong>ab</strong></span> <span class='ocrx_word' id='word_1_714' title='bbox 2480 4643 2727 4698; x_wconf 88' lang='lat' dir='ltr'><strong>omnibus</strong></span> <span class='ocrx_word' id='word_1_715' title='bbox 2757 4645 2958 4714; x_wconf 89' lang='lat' dir='ltr'><strong>scripta</strong></span> <span class='ocrx_word' id='word_1_716' title='bbox 2983 4654 3126 4712; x_wconf 87' lang='lat' dir='ltr'><strong>sunt,</strong></span> <span class='ocrx_word' id='word_1_717' title='bbox 3156 4653 3212 4700; x_wconf 91' lang='lat' dir='ltr'><strong>et</strong></span> <span class='ocrx_word' id='word_1_718' title='bbox 3238 4663 3332 4716; x_wconf 92' lang='lat' dir='ltr'><strong>pro</strong></span> <span class='ocrx_word' id='word_1_719' title='bbox 3357 4646 3557 4701; x_wconf 31' lang='lat' dir='ltr'><strong>omnis</strong></span> 
     </span>
    </p>
   </div>
   <div class='ocr_carea' id='block_1_107' title="bbox 1957 4737 3536 4804">
    <p class='ocr_par' dir='ltr' id='par_1_107' title="bbox 1957 4737 3536 4804">
     <span class='ocr_line' id='line_1_107' title="bbox 1957 4737 3536 4804; baseline 0.003 -14"><span class='ocrx_word' id='word_1_720' title='bbox 1957 4738 2055 4790; x_wconf 93' lang='lat' dir='ltr'><strong>bus</strong></span> <span class='ocrx_word' id='word_1_721' title='bbox 2085 4738 2436 4804; x_wconf 87' lang='lat' dir='ltr'><strong>scripserunt.</strong></span> <span class='ocrx_word' id='word_1_722' title='bbox 2469 4737 2697 4792; x_wconf 87' lang='lat' dir='ltr'><strong>Invicem</strong></span> <span class='ocrx_word' id='word_1_723' title='bbox 2737 4739 2965 4794; x_wconf 87' lang='lat' dir='ltr'><strong>salutate</strong></span> <span class='ocrx_word' id='word_1_724' title='bbox 2999 4738 3052 4793; x_wconf 91' lang='lat' dir='ltr'><strong>in</strong></span> <span class='ocrx_word' id='word_1_725' title='bbox 3099 4739 3284 4794; x_wconf 89' lang='lat' dir='ltr'><strong>osculo</strong></span> <span class='ocrx_word' id='word_1_726' title='bbox 3325 4747 3536 4794; x_wconf 87' lang='lat' dir='ltr'><strong>sancto.</strong></span> 
     </span>
    </p>
   </div>
   <div class='ocr_carea' id='block_1_108' title="bbox 2025 4920 3536 4997">
    <p class='ocr_par' dir='ltr' id='par_1_108' title="bbox 2025 4920 3536 4997">
     <span class='ocr_line' id='line_1_108' title="bbox 2025 4920 3536 4997; baseline 0.002 -21"><span class='ocrx_word' id='word_1_727' title='bbox 2025 4921 2350 4990; x_wconf 79' lang='lat' dir='ltr'><strong>Protegenes</strong></span> <span class='ocrx_word' id='word_1_728' title='bbox 2381 4920 2545 4993; x_wconf 82' lang='lat' dir='ltr'><strong>[Lege</strong></span> <span class='ocrx_word' id='word_1_729' title='bbox 2577 4922 2930 4996; x_wconf 87' lang='lat' dir='ltr'><strong>Protogenes]</strong></span> <span class='ocrx_word' id='word_1_730' title='bbox 2972 4927 3285 4997; x_wconf 89' lang='lat' dir='ltr'><strong>episcopus,</strong></span> <span class='ocrx_word' id='word_1_731' title='bbox 3331 4924 3536 4979; x_wconf 61' lang='lat' dir='ltr'><strong>incolua</strong></span> 
     </span>
    </p>
   </div>
   <div class='ocr_carea' id='block_1_109' title="bbox 1953 5012 3551 5086">
    <p class='ocr_par' dir='ltr' id='par_1_109' title="bbox 1953 5012 3551 5086">
     <span class='ocr_line' id='line_1_109' title="bbox 1953 5012 3551 5086; baseline 0.004 -19"><span class='ocrx_word' id='word_1_732' title='bbox 1953 5027 2066 5067; x_wconf 91' lang='lat' dir='ltr'><strong>mes</strong></span> <span class='ocrx_word' id='word_1_733' title='bbox 2101 5027 2196 5068; x_wconf 87' lang='lat' dir='ltr'><strong>vos</strong></span> <span class='ocrx_word' id='word_1_734' title='bbox 2236 5013 2287 5067; x_wconf 91' lang='lat' dir='ltr'><strong>in</strong></span> <span class='ocrx_word' id='word_1_735' title='bbox 2319 5012 2546 5069; x_wconf 90' lang='lat' dir='ltr'><strong>Domino</strong></span> <span class='ocrx_word' id='word_1_736' title='bbox 2583 5025 2742 5086; x_wconf 86' lang='lat' dir='ltr'><strong>opto,</strong></span> <span class='ocrx_word' id='word_1_737' title='bbox 2771 5016 3136 5085; x_wconf 89' lang='lat' dir='ltr'><strong>dilectissimi,</strong></span> <span class='ocrx_word' id='word_1_738' title='bbox 3178 5024 3234 5073; x_wconf 89' lang='lat' dir='ltr'><strong>et</strong></span> <span class='ocrx_word' id='word_1_739' title='bbox 3258 5015 3551 5084; x_wconf 31' lang='lat' dir='ltr'><strong>desideras</strong></span> 
     </span>
    </p>
   </div>
   <div class='ocr_carea' id='block_1_110' title="bbox 1951 5104 2106 5162">
    <p class='ocr_par' dir='ltr' id='par_1_110' title="bbox 1951 5104 2106 5162">
     <span class='ocr_line' id='line_1_110' title="bbox 1951 5104 2106 5162; baseline 0.019 -3"><span class='ocrx_word' id='word_1_740' title='bbox 1951 5104 2106 5162; x_wconf 86' lang='lat' dir='ltr'><strong>biles.</strong></span> 
     </span>
    </p>
   </div>
   <div class='ocr_carea' id='block_1_111' title="bbox 2025 5199 3535 5272">
    <p class='ocr_par' dir='ltr' id='par_1_111' title="bbox 2025 5199 3535 5272">
     <span class='ocr_line' id='line_1_111' title="bbox 2025 5199 3535 5272; baseline 0.005 -18"><span class='ocrx_word' id='word_1_741' title='bbox 2025 5199 2403 5256; x_wconf 88' lang='lat' dir='ltr'><strong>Athenodorus</strong></span> <span class='ocrx_word' id='word_1_742' title='bbox 2447 5202 2729 5272; x_wconf 81' lang='lat' dir='ltr'><strong>episcOpus</strong></span> <span class='ocrx_word' id='word_1_743' title='bbox 2759 5203 3054 5260; x_wconf 88' lang='lat' dir='ltr'><strong>incolumes</strong></span> <span class='ocrx_word' id='word_1_744' title='bbox 3089 5218 3183 5261; x_wconf 87' lang='lat' dir='ltr'><strong>vos</strong></span> <span class='ocrx_word' id='word_1_745' title='bbox 3221 5201 3277 5260; x_wconf 91' lang='lat' dir='ltr'><strong>in</strong></span> <span class='ocrx_word' id='word_1_746' title='bbox 3306 5203 3535 5262; x_wconf 85' lang='lat' dir='ltr'><strong>Domino</strong></span> 
     </span>
    </p>
   </div>
   <div class='ocr_carea' id='block_1_112' title="bbox 1953 5294 2702 5364">
    <p class='ocr_par' dir='ltr' id='par_1_112' title="bbox 1953 5294 2702 5364">
     <span class='ocr_line' id='line_1_112' title="bbox 1953 5294 2702 5364; baseline 0.005 -18"><span class='ocrx_word' id='word_1_747' title='bbox 1953 5303 2103 5364; x_wconf 90' lang='lat' dir='ltr'><strong>opto,</strong></span> <span class='ocrx_word' id='word_1_748' title='bbox 2133 5294 2324 5349; x_wconf 87' lang='lat' dir='ltr'><strong>fratres</strong></span> <span class='ocrx_word' id='word_1_749' title='bbox 2353 5295 2702 5351; x_wconf 87' lang='lat' dir='ltr'><strong>dilectissimi.</strong></span> 
     </span>
    </p>
   </div>
   <div class='ocr_carea' id='block_1_113' title="bbox 2023 5387 2701 5458">
    <p class='ocr_par' dir='ltr' id='par_1_113' title="bbox 2023 5387 2701 5458">
     <span class='ocr_line' id='line_1_113' title="bbox 2023 5387 2701 5458; baseline -0.003 -16"><span class='ocrx_word' id='word_1_750' title='bbox 2023 5387 2266 5442; x_wconf 87' lang='lat' dir='ltr'><strong>Julianus</strong></span> <span class='ocrx_word' id='word_1_751' title='bbox 2284 5389 2565 5458; x_wconf 87' lang='lat' dir='ltr'><strong>episcopus</strong></span> <span class='ocrx_word' id='word_1_752' title='bbox 2579 5389 2701 5443; x_wconf 91' lang='lat' dir='ltr'><strong>sim.</strong></span> 
     </span>
    </p>
   </div>
   <div class='ocr_carea' id='block_1_114' title="bbox 2023 5481 2478 5535">
    <p class='ocr_par' dir='ltr' id='par_1_114' title="bbox 2023 5481 2478 5535">
     <span class='ocr_line' id='line_1_114' title="bbox 2023 5481 2478 5535; baseline 0.004 -3"><span class='ocrx_word' id='word_1_753' title='bbox 2023 5481 2338 5534; x_wconf 88' lang='lat' dir='ltr'><strong>Ammonius</strong></span> <span class='ocrx_word' id='word_1_754' title='bbox 2361 5482 2478 5535; x_wconf 87' lang='lat' dir='ltr'><strong>situ.</strong></span> 
     </span>
    </p>
   </div>
   <div class='ocr_carea' id='block_1_115' title="bbox 2023 5571 2438 5641">
    <p class='ocr_par' dir='ltr' id='par_1_115' title="bbox 2023 5571 2438 5641">
     <span class='ocr_line' id='line_1_115' title="bbox 2023 5571 2438 5641; baseline 0.01 -15"><span class='ocrx_word' id='word_1_755' title='bbox 2023 5571 2290 5641; x_wconf 87' lang='lat' dir='ltr'><strong>Aprianus</strong></span> <span class='ocrx_word' id='word_1_756' title='bbox 2319 5572 2438 5630; x_wconf 90' lang='lat' dir='ltr'><strong>sim.</strong></span> 
     </span>
    </p>
   </div>
   <div class='ocr_carea' id='block_1_116' title="bbox 2850 5387 3248 5458">
    <p class='ocr_par' dir='ltr' id='par_1_116' title="bbox 2850 5387 3248 5458">
     <span class='ocr_line' id='line_1_116' title="bbox 2850 5387 3248 5458; baseline 0.003 -16"><span class='ocrx_word' id='word_1_757' title='bbox 2850 5387 3101 5458; x_wconf 84' lang='lat' dir='ltr'><strong>Eulogius</strong></span> <span class='ocrx_word' id='word_1_758' title='bbox 3125 5388 3248 5443; x_wconf 90' lang='lat' dir='ltr'><strong>sim.</strong></span> 
     </span>
    </p>
   </div>
   <div class='ocr_carea' id='block_1_117' title="bbox 2852 5479 3266 5551">
    <p class='ocr_par' dir='ltr' id='par_1_117' title="bbox 2852 5479 3266 5551">
     <span class='ocr_line' id='line_1_117' title="bbox 2852 5479 3266 5551; baseline 0 -17"><span class='ocrx_word' id='word_1_759' title='bbox 2852 5479 3118 5551; x_wconf 85' lang='lat' dir='ltr'><strong>Eugenius</strong></span> <span class='ocrx_word' id='word_1_760' title='bbox 3145 5482 3266 5536; x_wconf 91' lang='lat' dir='ltr'><strong>sim.</strong></span> 
     </span>
    </p>
   </div>
   <div class='ocr_carea' id='block_1_118' title="bbox 2854 5570 3549 5646">
    <p class='ocr_par' dir='ltr' id='par_1_118' title="bbox 2854 5570 3549 5646">
     <span class='ocr_line' id='line_1_118' title="bbox 2854 5570 3549 5646; baseline 0.009 -22"><span class='ocrx_word' id='word_1_761' title='bbox 2854 5570 3019 5644; x_wconf 83' lang='lat' dir='ltr'><strong>[Lege</strong></span> <span class='ocrx_word' id='word_1_762' title='bbox 3071 5570 3360 5646; x_wconf 91' lang='lat' dir='ltr'><strong>Diodorus]</strong></span> <span class='ocrx_word' id='word_1_763' title='bbox 3407 5571 3549 5637; x_wconf 62' lang='lat' dir='ltr'><strong>Liovc;</strong></span> 
     </span>
    </p>
   </div>
   <div class='ocr_carea' id='block_1_119' title="bbox 3554 5675 3562 5708">
    <p class='ocr_par' dir='ltr' id='par_1_119' title="bbox 3554 5675 3562 5708">
     <span class='ocr_line' id='line_1_119' title="bbox 3554 5675 3562 5708; baseline 0 0"><span class='ocrx_word' id='word_1_764' title='bbox 3554 5675 3562 5708; x_wconf 82' lang='lat' dir='ltr'><strong>l</strong></span> 
     </span>
    </p>
   </div>
   <div class='ocr_carea' id='block_1_120' title="bbox 1955 5709 3557 5803">
    <p class='ocr_par' dir='ltr' id='par_1_120' title="bbox 1955 5709 3557 5803">
     <span class='ocr_line' id='line_1_120' title="bbox 1955 5709 3557 5803; baseline 0.001 -17"><span class='ocrx_word' id='word_1_765' title='bbox 1955 5729 2244 5787; x_wconf 80' lang='lat' dir='ltr'><strong>Mareotide</strong></span> <span class='ocrx_word' id='word_1_766' title='bbox 2289 5733 2450 5788; x_wconf 88' lang='lat' dir='ltr'><strong>multa</strong></span> <span class='ocrx_word' id='word_1_767' title='bbox 2502 5733 2681 5802; x_wconf 91' lang='lat' dir='ltr'><strong>inique</strong></span> <span class='ocrx_word' id='word_1_768' title='bbox 2725 5739 2910 5803; x_wconf 86' lang='lat' dir='ltr'><strong>contra</strong></span> <span class='ocrx_word' id='word_1_769' title='bbox 2957 5731 3304 5787; x_wconf 88' lang='lat' dir='ltr'><strong>Athanasium</strong></span> <span class='ocrx_word' id='word_1_770' title='bbox 3347 5709 3557 5803; x_wconf 42' lang='lat' dir='ltr'><strong>gessee</strong></span> 
     </span>
    </p>
   </div>
   <div class='ocr_carea' id='block_1_121' title="bbox 1953 5802 3531 5929">
    <p class='ocr_par' dir='ltr' id='par_1_121' title="bbox 1953 5802 3531 5929">
     <span class='ocr_line' id='line_1_121' title="bbox 1953 5802 3531 5929; baseline 0.004 -74"><span class='ocrx_word' id='word_1_771' title='bbox 1953 5812 2109 5929; x_wconf 53' lang='lat' dir='ltr'><strong>augt,</strong></span> <span class='ocrx_word' id='word_1_772' title='bbox 2142 5803 2417 5874; x_wconf 74' lang='lat' dir='ltr'><strong>turbisqne</strong></span> <span class='ocrx_word' id='word_1_773' title='bbox 2445 5813 2501 5859; x_wconf 91' lang='lat' dir='ltr'><strong>et</strong></span> <span class='ocrx_word' id='word_1_774' title='bbox 2528 5802 2857 5874; x_wconf 81' lang='lat' dir='ltr'><strong>gravissimis</strong></span> <span class='ocrx_word' id='word_1_775' title='bbox 2885 5803 3150 5863; x_wconf 81' lang='lat' dir='ltr'><strong>scandalis</strong></span> <span class='ocrx_word' id='word_1_776' title='bbox 3190 5802 3531 5863; x_wconf 82' lang='lat' dir='ltr'><strong>occasionem</strong></span> 
     </span>
     <span class='ocr_line' id='line_1_122' title="bbox 1991 5889 2171 5928; baseline 0 0"><span class='ocrx_word' id='word_1_777' title='bbox 1991 5889 2020 5928; x_wconf 90' lang='lat' dir='ltr'><strong>e</strong></span> <span class='ocrx_word' id='word_1_778' title='bbox 2061 5889 2171 5928; x_wconf 90' lang='lat' dir='ltr'><strong>ere.</strong></span> 
     </span>
    </p>
   </div>
   <div class='ocr_carea' id='block_1_122' title="bbox 3155 6058 3202 6067">
    <p class='ocr_par' dir='ltr' id='par_1_122' title="bbox 3155 6058 3202 6067">
     <span class='ocr_line' id='line_1_123' title="bbox 3155 6058 3202 6067; baseline 0.021 -1"><span class='ocrx_word' id='word_1_779' title='bbox 3155 6058 3202 6067; x_wconf 59' lang='lat' dir='ltr'><strong>ac-</strong></span> 
     </span>
    </p>
   </div>
  </div>
