3998 6346
502 424 612 486 855

1470 421 1557 476 AD
1593 420 1819 476 OPERA
1859 423 1915 477 S.
1959 420 2200 478 LEONIS
2239 419 2451 476 MAGNI
2490 418 2832 477 APPENDIX

3611 423 3701 482 856

570 547 751 601 vinciis
773 547 836 600 de
858 546 1084 613 partibus
1111 543 1333 596 Orientis
1357 541 1652 615 Thebaidis,
1677 541 1920 615 @‘gypti,
1967 539 2079 615 Pa-
2103 546 2157 607 Α
2185 537 2464 604 saeculum,
2491 536 2706 606 quando
2726 551 2832 590 non
2861 543 3006 600 erat,
3043 534 3250 589 alienos
3282 535 3423 589 novit
3461 547 3621 591 sancta
3658 550 3704 596 et

572 620 804 679 lwstinw,
838 611 1171 675 “il’haent'ces,
1216 615 1385 682 Syriw
1429 611 1607 684 Quales,
1669 611 2069 684 Meiopotamiw,

571 688 781 754 Ciliciw,
816 686 1169 755 Cappadocae,
1207 681 1378 748 Ponti,
1418 681 2073 755 Paphlagonia'Galatiw,

574 757 602 797 δ
635 754 898 828 Phrygiae,
921 755 1194 828 Bithynice,
1224 755 1692 828 Etesponti,Asite,
1728 754 2076 828 Pisidi¢2_,ln-

572 823 822 894 solarum,
861 823 1606 897 Pantpnytiw,Carim.Lgdiw,
1641 825 1882 889 Europen,
1911 824 2076 897 Thra-

574 902 684 963 cirr,
714 896 1072 963 Ilemimontis,
1105 897 1406 964 Pannonica,
1434 896 1646 962 Moesiar,
1683 897 1856 950 Dacia:
1891 908 1912 935 ε
1944 896 2078 949 hanc

576 981 912 1040 exposuerunt
944 971 1116 1036 ﬁdem.

537 1086 851 1141 .leimus
889 1085 939 1138 in
983 1099 1144 1139 unum
1197 1084 1359 1138 Deum
1402 1082 1611 1137 Patrem
1662 1082 2078 1148 omnipotentem

505 1193 804 1239 crantorem
828 1180 1063 1234 omnium
1095 1187 1147 1232 et
1171 1176 1457 1242 factorem,
1505 1191 1567 1230 ex
1607 1191 1711 1245 quo
1747 1170 1775 1210 τι
1807 1174 1982 1226 omnia
2026 1172 2078 1225 in

507 1272 644 1328 caelo
671 1277 726 1325 et
752 1271 804 1323 in
830 1280 967 1324 terra
999 1269 1358 1322 nominantur.
1403 1265 1468 1318 Et
1517 1265 1569 1318 in
1624 1264 1835 1317 unicum
1886 1263 2080 1316 Filium

507 1363 624 1433 ejus
657 1363 934 1416 Dominum
968 1368 1209 1415 nostrum
1237 1359 1416 1413 Jesum
1446 1356 1711 1410 Christum
1739 1365 1862 1409 ante
1904 1353 2082 1408 omnia

509 1454 704 1510 saecula
731 1469 796 1507 ex
820 1453 977 1506 Patre
1018 1464 1223 1516 uatum,
1258 1449 1422 1504 Deum
1449 1447 1518 1502 de
1546 1447 1680 1511 Deo,
1713 1451 1887 1500 lumen
1915 1444 1982 1497 de
2006 1445 2083 1498 lu-

509 1551 674 1611 mine,
709 1563 802 1617 per
829 1562 986 1615 quem
1019 1545 1221 1610 omnia,
1255 1553 1306 1598 et
1332 1553 1716 1612 propterquem
1746 1539 1922 1594 omnia
1947 1539 2081 1591 facta

429 1655 432 1658 ’
508 1649 633 1694 sunt
660 1640 714 1692 in
742 1638 879 1693 cmlo
909 1646 962 1691 et
988 1637 1040 1692 in
1080 1646 1242 1700 terra,
1276 1635 1504 1690 visibilia
1529 1643 1582 1688 et
1610 1632 1928 1686 invisibilia:
1951 1631 2083 1684 Ver-

508 1735 658 1798 bum,
686 1733 966 1802 sapientia,
997 1739 1051 1786 et
1075 1740 1096 1766 ε
1121 1738 1357 1798 potestas
1377 1769 1389 1792 ,
1437 1728 1612 1780 lumen
1656 1740 1839 1780 verum
1882 1723 2084 1792 sempi-

511 1836 720 1882 ternum
751 1827 800 1880 in
834 1825 1112 1890 omnibus,
1140 1825 1228 1894 qui
1257 1821 1562 1892 novissimis
1602 1817 1931 1887 temporibus
1963 1832 2086 1885 pro-

508 1925 631 1988 pter
655 1929 755 1971 nos
775 1917 936 1969 homo
965 1913 1134 1970 factus
1155 1923 1256 1979 est,
1281 1922 1336 1967 et
1368 1911 1384 1950 ῐ
1422 1921 1635 1966 creatus
1658 1924 1724 1962 ex
1751 1918 1934 1963 sancta
1960 1906 2082 1961 Vir-

510 2012 654 2081 gine.
686 2010 1003 2075 Crucilixus,
1035 2018 1088 2062 et
1116 2017 1382 2073 mortuus,
1407 2014 1459 2061 et
1492 2005 1758 2073 sepultus,
1807 2013 1859 2056 et
1904 2015 2084 2055 resur-

510 2103 654 2156 rexit
679 2116 710 2154 a
737 2101 965 2155 mortuis
996 2100 1155 2154 tertia
1177 2098 1283 2154 die.
1311 2098 1602 2164 Receptum
1628 2094 1679 2148 in
1707 2093 1858 2149 cmlis
1888 2092 2084 2146 seden-

510 2204 618 2250 tem
648 2194 714 2249 ad
743 2200 1022 2248 dexteram
1045 2190 1240 2254 Patris,
1269 2198 1323 2244 et
1343 2188 1644 2242 venientem
1669 2197 1693 2234 ε
1719 2186 1772 2240 in
1801 2185 1959 2238 linem
1987 2199 2088 2238 sa:-

510 2287 614 2343 culi
641 2287 880 2356 judicare
909 2285 1060 2339 vivos
1084 2292 1138 2338 et
1165 2292 1425 2346 mortuos,
1459 2290 1512 2334 t-t
1537 2281 1760 2334 reddere
1803 2279 2088 2346 unicuique

508 2379 808 2435 secundum
855 2377 987 2432 facta
1020 2390 1136 2430 sua.
1170 2373 1332 2443 Cujus
1378 2373 1660 2442 imperium
1702 2370 2085 2438 sempiternum

509 2473 676 2544 616
704 2471 941 2526 manebit
970 2471 1022 2524 in
1048 2477 1248 2524 aeterna
1274 2467 1467 2520 saecula
1488 2508 1502 2531 ,
1528 2465 1722 2520 sedens
1767 2478 1979 2531 semper
2019 2462 2088 2516 ad

512 2566 786 2620 dexteram
813 2563 986 2618 Patris
1016 2576 1121 2614 non
1151 2559 1323 2614 solum
1349 2559 1398 2611 in
1430 2557 1530 2610 hoc
1551 2556 1768 2621 saeculo,
1799 2553 1893 2608 sed
1925 2555 2086 2608 etiam

513 2656 568 2709 in
599 2653 799 2708 futuro.
829 2651 1112 2706 Credimus
1135 2660 1189 2704 et
1225 2650 1276 2703 in
1321 2663 1481 2703 unum
1536 2647 1792 2716 Spiritum
1845 2655 2088 2700 sanctum

512 2744 632 2809 Dei,
665 2745 765 2798 hoc
793 2753 876 2798 est
896 2741 1230 2797 Paracletum
1250 2785 1264 2809 ,
1321 2755 1477 2810 quem
1521 2739 1790 2811 pollicitus
1833 2738 2090 2809 apostolis

514 2849 634 2905 post
656 2836 710 2891 in
731 2836 924 2892 coelum
955 2834 1324 2889 ascensionem
1353 2833 1495 2887 misit
1526 2832 1721 2887 docere
1748 2846 1861 2896 eos,
1899 2840 1953 2884 et
1976 2845 2093 2884 mo-

518 2945 644 2986 nere
669 2929 885 2993 omnia;
920 2943 1014 2998 per
1059 2943 1215 2996 quem
1255 2935 1308 2981 et
1355 2926 1776 2991 sanctilicantur,
1815 2934 1869 2980 et
1905 2925 2094 2980 vivunt

517 3023 890 3094 religiosorum
913 3019 1102 3076 anima:
1125 3020 1177 3074 in
1207 3033 1327 3074 eum
1349 3019 1657 3075 credentes.
1686 3019 1933 3074 Dicentes
1997 3035 2092 3073 au-

516 3126 622 3172 tem
645 3132 711 3171 ex
733 3115 902 3169 nihilo
925 3129 1043 3169 csse
1059 3113 1244 3178 lilium,
1267 3112 1347 3166 vel
1372 3128 1434 3167 ex
1451 3113 1559 3168 alia
1589 3113 1882 3168 substantia
1909 3110 2096 3184 (hspi-

519 3210 698 3276 ritum)
728 3218 782 3264 et
811 3223 917 3262 non
939 3221 1001 3262 ex
1036 3207 1143 3262 Deo
1174 3222 1187 3258 :
1222 3215 1274 3259 et
1296 3216 1412 3260 erat
1438 3205 1726 3276 aliquando
1749 3216 1980 3278 tempus,
2010 3207 2094 3262 vel

518 3406 611 3460 sed
635 3421 702 3461 ex
735 3406 834 3462 alia
863 3406 1129 3462 versione.
1162 3407 1297 3461 Hinc
1319 3405 1484 3477 liquet
1521 3406 1660 3461 hanc
1691 3405 1972 3477 formulam
2002 3405 2095 3460 du-

518 3478 641 3544 plici
668 3478 827 3530 modo
856 3478 1022 3533 fuisse
1047 3477 1265 3540 editam,
1291 3486 1344 3548 et
1377 3476 1653 3533 annexam
1691 3476 1972 3548 Synodicaa
1996 3515 2010 3541 ,
2043 3487 2098 3532 et

519 3549 826 3615 separatim.
861 3548 1034 3602 Prima
1069 3563 1190 3615 pars
1222 3547 1378 3618 hujus
1412 3548 1651 3618 formulae
1685 3562 1851 3616 usque
1893 3547 1964 3618 ad
1997 3561 2096 3601 vo-

519 3630 607 3672 ces
635 3618 824 3672 alienos
867 3620 1001 3672 novit
1023 3628 1199 3672 sancta
1243 3628 1288 3670 et
1320 3617 1569 3672 catholica
1622 3617 1850 3672 Ecclesia
1887 3617 2098 3686 vulgata

521 3689 690 3744 fuerat
726 3689 792 3742 ab
839 3691 1148 3744 l‘lusebianis
1189 3689 1394 3752 aliquot
1427 3704 1642 3744 menses
1686 3698 1802 3758 post
1832 3689 2096 3757 synodum

521 3761 908 3814 Antiochenam
936 3762 1058 3813 anni
1089 3760 1183 3814 Ml
1201 3805 1214 3827 ,
1240 3759 1404 3813 altera
1435 3775 1566 3815 vero
1591 3775 1713 3828 pars
1733 3759 1908 3813 addita
1934 3760 2099 3812 trien-

518 3832 608 3884 nio
641 3841 758 3899 post
798 3846 916 3884 cum
960 3831 1078 3885 aliis
1119 3831 1340 3900 prolixis
1366 3831 1764 3900 additamentis
1815 3845 1829 3882 :
1874 3831 2099 3898 ejusque

519 3901 736 3954 Gra‘cus
767 3909 946 3954 textus
972 3899 1216 3969 superest
1237 3899 1376 3968 apud
1409 3901 1467 3956 S.
1496 3901 1844 3955 Athanasium
1878 3901 1932 3952 in
1958 3900 2099 3954 libro

519 3971 585 4024 de
612 3971 872 4040 Synodis;
897 3985 961 4024 cx
993 3987 1098 4039 quo
1122 3985 1310 4040 recusa
1343 3971 1535 4040 legitur
1582 3981 1619 4027 t.
1670 3971 1708 4024 ll
1742 3969 1950 4023 Concil.
1982 3970 2099 4023 edi-

519 4039 681 4094 tionis
713 4041 946 4104 Venetae,
971 4041 1076 4094 col.
1114 4039 1236 4094 6'56.
1271 4039 1507 4095 Tandem
1550 4042 1603 4096 in
1653 4041 2095 4096 Pseudo-Sardi-

518 4111 668 4165 censi
695 4110 923 4164 concilio
950 4111 1174 4178 repetita
1208 4111 1320 4165 fuit.
1351 4113 1500 4166 Sicut
1527 4122 1702 4166 autem
1736 4111 1956 4180 Vigilius
1996 4110 2100 4164 Ta-

520 4181 731 4249 pscnsis
760 4182 793 4235 l.
823 4195 863 4252 vi
881 4191 1066 4235 contra
1097 4181 1394 4252 Eutychen,
1428 4198 1483 4236 η.
1516 4183 1762 4251 5,minus
1782 4192 1937 4236 caute
1957 4181 2098 4235 hanc

521 4265 661 4323 verae
683 4263 738 4306 et
764 4251 1042 4323 catholica:
1074 4251 1260 4323 synodi
1285 4251 1565 4307 formulam
1591 4253 1796 4317 habuit,
1815 4266 1933 4305 cum
1962 4267 2098 4320 pra:-

520 4321 705 4376 sertim
733 4338 849 4376 eam
875 4323 932 4376 S.
967 4321 1201 4377 Hilarius
1231 4323 1286 4375 in
1324 4335 1527 4377 rectum
1573 4337 1792 4377 sensum
1825 4337 2099 4391 exponere

521 4393 761 4459 studeat;
794 4397 864 4446 ita
890 4395 1022 4447 nihil
1047 4393 1260 4460 mirum,
1296 4395 1340 4447 si
1363 4394 1414 4448 in
1446 4392 1633 4447 Grmca
1663 4393 1979 4448 collectione
2011 4393 2098 4446 in-

522 4476 601 4516 ter
622 4465 940 4517 documenta
974 4463 1316 4518 Sardicensia
1345 4466 1611 4534 descripta
1647 4473 1700 4518 et
1736 4479 1767 4517 a
1797 4471 1982 4519 nostro
2010 4464 2096 4519 in-

521 4544 754 4602 terprete
786 4535 970 4589 Latine
996 4536 1200 4588 reddita
1233 4534 1347 4589 fuit.

593 4615 616 4674 ξι
648 4606 800 4672 Apud
829 4605 1082 4659 Hilarium
1110 4605 1392 4674 utrobique
1416 4605 1628 4660 additur
1656 4605 1876 4659 Arabiae.

592 4673 620 4710 ι)
647 4675 796 4742 Apud
826 4677 1073 4746 eumdem
1095 4677 1163 4730 de
1191 4673 1411 4743 synodis
1454 4675 1692 4746 Phrygiis
1734 4675 1929 4730 duabus
1958 4715 1971 4738 ,
2017 4675 2096 4729 uti

523 4745 680 4798 etiam
700 4745 838 4818 legit
855 4745 1078 4818 Vigilius
1099 4746 1387 4818 Tapsgnsis
1411 4745 1504 4800 lib.
1529 4761 1559 4800 v
1579 4745 1770 4818 contra
1798 4747 2095 4818 Eutychen,

522 4831 670 4869 num.
699 4814 877 4882 5,’sed
904 4814 1198 4871 mendose}
1243 4814 1471 4886 Phrygia
1504 4817 1645 4870 enim
1682 4829 1806 4872 tunc
1841 4814 2097 4886 temporis

523 4887 756 4941 nondum
770 4888 951 4958 divisa
982 4896 1100 4940 erat
1130 4886 1186 4939 in
1207 4887 1360 4958 duas.
1401 4886 1530 4958 Vide
1561 4897 1842 4958 tractatum
1875 4901 2012 4958 part.
2055 4903 2095 4952 I,

522 4973 574 5011 π.
605 4958 657 5012 3.
684 4959 739 5011 In
767 4957 1100 5026 Fragmentis
1135 4972 1273 5028 vero_
1297 4957 1540 5028 ejusdem
1591 4957 1777 5028 llilarii
1823 4957 2100 5028 inscriptio

522 5028 793 5098 synodica:
823 5025 981 5082 unam
1006 5038 1208 5081 tantum
1237 5025 1517 5098 Phrygiam
1542 5026 1778 5095 praefert.

599 5109 621 5168 ε
646 5097 808 5152 Hilar.
832 5098 898 5153 de
929 5098 1178 5168 Synodis,
1199 5101 1330 5152 lianc
1357 5097 1682 5165 exposuimus
1711 5099 1884 5167 fidem.

594 5166 620 5204 ἀ
648 5169 839 5233 Hilar.,
871 5166 1088 5233 ibidem,
1120 5172 1283 5222 omnis
1313 5169 1653 5236 paternitas...
1697 5172 2009 5237 nominatur,
2041 5181 2100 5226 ut

523 5240 576 5294 in
607 5238 794 5294 Graeco
815 5240 952 5307 apud
979 5239 1346 5293 Athanasium.
1366 5244 1433 5292 At
1454 5239 1503 5291 in
1520 5238 1757 5308 Fragm.,
1777 5243 1940 5295 omnis
1958 5257 2100 5296 crea-

522 5322 640 5364 tura
666 5351 680 5373 ,
714 5309 1027 5379 quibuscum
1077 5310 1310 5364 concinit
1360 5311 1531 5364 nostri
1576 5312 1883 5379 interpretis
1923 5315 2103 5368 versio

523 5382 712 5453 omnia.
745 5381 861 5433 Mox
885 5396 980 5449 pro
1022 5382 1224 5433 unicum
1275 5380 1502 5434 Hilarius
1538 5380 1820 5453 utrobique
1864 5384 2100 5453 unigeni-

524 5464 651 5505 tum.
686 5452 913 5520 Semper
942 5466 1069 5504 vero
1099 5463 1281 5504 noster
1317 5453 1583 5518 interpres
1627 5452 1868 5510 Graecam
1910 5452 2101 5510 v0cem

523 5531 781 5596 μονογενῆ,
795 5523 1013 5596 unicum
1028 5521 1283 5596 reddidit.

599 5602 621 5629 ε
652 5592 805 5660 Apud
836 5592 962 5658 llil.,
995 5593 1170 5653 virtus,
1198 5602 1242 5645 et
1264 5596 1386 5658 vita,
1411 5595 1602 5658 tamen,
1631 5602 1735 5647 etc.
1769 5594 1971 5648 Desunt
2005 5609 2101 5648 au-

528 5670 632 5714 tem
661 5665 1018 5731 sempiternum
1057 5664 1108 5715 in
1136 5664 1390 5730 omnibus,
1428 5666 1566 5718 sicut
1602 5680 1700 5718 nec
1730 5665 1778 5718 in
1811 5663 1994 5720 Grateo
2023 5665 2099 5718 le-

524 5742 738 5800 guutur.

602 5800 621 5840 ί
645 5801 796 5869 Apud
825 5803 1094 5865 eumdem,
1122 5815 1292 5859 natus.

599 5881 624 5930 σ
651 5871 753 5930 llil.
781 5874 833 5930 in
867 5873 1046 5950 Frag,
1079 5875 1131 5932 in
1162 5878 1314 5950 ﬁnem
1338 5878 1510 5933 mumii
1542 5875 1638 5936 :in
1665 5877 1800 5936 libro
1825 5885 2002 5936 autem
2023 5875 2094 5935 de

2181 629 2443 685 catholica
2477 629 2736 684 Ecclesia.
2760 627 3023 682 Similiter
3040 627 3201 683 etiam
3230 626 3464 682 dicentes
3489 638 3588 685 tres
3608 648 3705 688 esse

2182 724 2343 788 Deos,
2372 724 2454 779 vel
2479 723 2752 778 Christum
2784 737 2890 776 non
2929 736 3051 777 esse
3089 721 3254 776 Deum
3304 721 3321 790 (
3353 721 3460 776 sive
3503 722 3706 791 Spiritum

2183 833 2289 872 non
2314 833 2434 873 esse
2457 817 2577 883 Dei)
2601 817 2686 871 vel
2707 827 2833 871 ante
2855 815 3076 882 sazcula,
3111 829 3210 870 nec
3239 813 3515 878 Christum,
3537 831 3622 870 nec
3640 816 3710 871 Fi-

2182 913 2312 967 lium
2338 913 2457 982 (nec
2477 910 2756 979 Spiritum)
2789 909 2884 964 Dei
2917 925 3059 975 esse,
3097 909 3180 963 'vel
3203 907 3442 962 eumdem
3479 906 3709 978 [Βιδιαάὶ

2182 1002 2325 1075 esse]
2351 1006 2577 1069 Patrem,
2617 1011 2672 1058 et
2699 1002 2914 1068 Filium,
2958 1010 3012 1056 et
3049 1001 3305 1071 Spiritum
3344 1009 3606 1063 sanctum,
3647 1001 3711 1056 vel

2184 1114 2290 1154 non
2323 1108 2502 1153 natum
2536 1096 2728 1151 Filium
2760 1095 2872 1166 (vel
2906 1103 3085 1148 natum
3111 1091 3426 1162 Spiritum)i
3450 1103 3534 1146 aut
3559 1093 3714 1148 volnu-

2187 1200 2322 1252 tate.
2355 1189 2437 1244 vel
2465 1188 2692 1243 arbitrio
2740 1187 2898 1241 Pater
2926 1185 3112 1255 genuit
3161 1184 3351 1240 Filium
3373 1225 3388 1250 ,
3443 1183 3584 1246 fecit,
3620 1183 3716 1238 sive

2186 1282 2407 1346 creavit,
2443 1279 2526 1334 vel
2549 1279 2958 1340 demonstravit,
2987 1277 3079 1330 sed
3110 1275 3398 1330 secundum
3433 1274 3716 1328 intellectum

2187 1373 2362 1427 omnia
2386 1372 2640 1426 scientem
2675 1369 2903 1423 Verbum
2936 1367 3063 1431 Dei;
3109 1369 3208 1421 hos
3243 1380 3430 1421 omnes
3457 1363 3718 1419 anathema-

2188 1467 2318 1521 tizat
2346 1475 2531 1520 sancta
2562 1463 2829 1518 catholica
2861 1459 3124 1515 Ecclesia.

2692 1575 2851 1646 σιτ
2889 1573 2902 1624 s
2939 1571 3277 1628 INCIPIUNT

2825 1666 3142 1722 STATUTA

2503 1775 2716 1816 SANCTE
2759 1773 2944 1813 SYNODI
2979 1769 3454 1812 CHALCEDONENSIS.

2262 1852 2538 1908 Piissimus
2586 1860 2770 1906 noster
2801 1850 3091 1919 imperator
3117 1847 3142 1885 ¹ι
3170 1845 3727 1913 ConstantinOpolitanat

2115 1931 2165 1994 Β
2191 1958 2481 2018 perpetuus
2514 1947 2782 2014 Augustus
2809 1943 2874 1997 ad
2907 1951 3303 1998 sacrosanctam
3331 1939 3580 2011 synodum
3597 1938 3725 1994 dixit:

2192 2040 2395 2095 Lassati
2448 2039 2578 2094 estis
2621 2036 2788 2091 nimio
2831 2035 3007 2105 spatio
3036 2033 3400 2102 fatigationem
3428 2030 3726 2084 suetinentes.

2194 2133 2514 2196 Exspectate
2542 2143 2669 2198 ergo
2692 2138 2799 2182 tres
2814 2126 2949 2191 dies,
2971 2125 3056 2180 vel
3077 2133 3306 2191 quatuor
3335 2122 3521 2187 adhuc,
3552 2130 3602 2175 et
3625 2133 3732 2189 pra-

2194 2221 2433 2276 sentibus
2495 2218 2794 2288 magnificis
2843 2215 3040 2271 nostris
3076 2215 3350 2284 judicibus
3401 2211 3731 2280 singula,qust

2194 2312 2356 2366 vultis
2392 2309 2408 2348 ι
2445 2321 2681 2374 monete,
2713 2319 2765 2363 et
2811 2322 3107 2378 congruum
3140 2306 3448 2376 praesidium
3473 2301 3732 2358 meremini.

2197 2404 2336 2458 Ante
2364 2416 2494 2456 vero
2531 2416 2688 2468 quam
2722 2400 2980 2469 perlecta:
3011 2397 3258 2454 formulae
3286 2396 3357 2451 de
3385 2395 3617 2450 omnibus
3638 2391 3732 2446 den~

2194 2503 2298 2557 tur,
2329 2505 2488 2546 nemo
2514 2499 2748 2544 vestrum
2771 2504 2802 2544 a
2832 2500 3013 2543 sancta
3048 2486 3292 2542 discedat
3323 2484 3542 2558 synodo.

2197 2619 2561 2662 DEFINITIONES
2616 2617 3032 2658 εοοιεειλετιαιε
3084 2617 3470 2657 ΡΒΟΝΟΝΤΙΑΤΕ
3515 2617 3540 2653 Α
3575 2612 3734 2652 δλιαῖτλ

2265 2694 2333 2732 ετ
2367 2689 2673 2731 uutvenssu
2709 2690 2908 2730 svsooo
2940 2689 3059 2738 oue:
3102 2674 3456 2729 CllALCEDONE
3485 2683 3736 2725 coacesci-

2266 2765 2297 2801 Τ
2304 2765 2334 2802 Δ
2360 2763 2453 2803 EST
2461 2787 2473 2800 .

2350 2841 2478 2893 Acta
2512 2849 2548 2877 ιη
2578 2839 2805 2910 septima:
2835 2837 3136 2908 cognitionis
3166 2835 3600 2890 Chalcedonensis.

2271 2933 2309 2988 l.
2345 2931 2611 3001 Canones,
2637 2933 2725 3002 qui
2775 2947 2804 2985 a
2825 2931 3026 2986 sanctis
3053 2930 3300 2984 Patribus
3327 2945 3492 2999 usque.
3535 2927 3594 2981 ad
3629 2927 3738 2980 hanc

2199 3024 2460 3096 synodum
2490 3032 2798 3088 tenuerunt,
2835 3023 3004 3079 teneri
3031 3023 3230 3092 justum
3254 3023 3522 3077 duximus.

2273 3117 2336 3172 ll.
2366 3117 2420 3172 Si
2450 3115 2570 3187 quis
2587 3132 2679 3186 per
2703 3116 2955 3185 pecunias
2986 3114 3265 3169 ordinatus
3297 3113 3479 3178 luerit,
3507 3122 3553 3167 et
3580 3113 3624 3166 in
3645 3124 3740 3180 pre-

2201 3209 2335 3265 tium
2376 3210 2664 3266 adduxerit
2693 3212 2718 3238 "
2764 3209 2999 3280 in0ptam
3050 3209 3296 3280 gratiam,
3352 3216 3407 3263 et
3456 3203 3742 3261 ordinaverit

2121 3406 2171 3471 Ο
2205 3407 2437 3480 Synodis
2465 3407 2595 3480 nihil
2621 3408 2947 3480 equivalens
2978 3407 3214 3480 exhibet.

2277 3477 2481 3552 F'AApud
2508 3472 2894 3552 Hilar.:Grzeco
2932 3479 3257 3552 concinente
3299 3476 3576 3552 utrobique
3611 3472 3743 3552 deest

2204 3545 2462 3675 spiritum,
2488 3559 2542 3604 et
2570 3551 2816 3606 similiter
2836 3550 3050 3611 desunt,
3081 3562 3201 3617 qua:
3227 3547 3484 3616 deinceps
3515 3545 3649 3599 uncis
3677 3545 3742 3596 in-

2204 3635 2234 3674 c
2258 3636 2479 3675 ustmus.
3037 3628 3051 3642 '

2204 3628 2479 3676 clusimus.
3037 3628 3051 3642 '

2283 3690 2297 3727 ί
2330 3691 2495 3761 Hilar.
2527 3692 2578 3746 in
2611 3692 2848 3761 Fragm.,
2873 3701 2962 3761 agit
2987 3706 3088 3742 non
3120 3691 3397 3761 sententia,
3416 3701 3502 3740 nec
3527 3684 3744 3761 voluntate

2207 3759 2373 3814 Deum
2395 3759 2601 3834 Patrem
2625 3755 2851 3834 genuisse
2876 3758 3103 3834 Filium;
3125 3758 3216 3834 Iros
3247 3774 3420 3834 omnes
3443 3755 3745 3834 anathemati

2204 3839 2310 3892 sat,
2334 3843 2438 3885 etc.
2467 3835 2521 3887 In
2550 3824 2685 3887 libro
2715 3833 2780 3887 de
2802 3829 3314 3903 Synodis,‘ve_l_q_uod
3347 3824 3743 3903 neque_consil_io._

2206 3919 2367 3973 neque
2387 3904 2644 3958 voluntate
2666 3903 2822 3958 Pater
2843 3895 3084 3973 'genuerit
3119 3895 3360 3973 Filium;
3390 3895 3748 3973 anathematisat
3771 3919 3774 3922 ~

2205 3969 2403 4036 sancta,
2435 3984 2537 4028 etc.
2572 3969 2900 4044 Utrobique',
2927 3972 3064 4026 sicut
3110 3979 3163 4024 et
3207 3971 3258 4024 in
3305 3969 3747 4044 timemus?!“

2204 4044 2522 4107 exhibetur,
2549 4054 2602 4099 et
2632 4036 2946 4097 interinedia
2982 4049 3180 4095 nostrae
3215 4039 3482 4095 versionis
3529 4036 3635 4107 fecit
3666 4036 3748 4088 sive

2204 4115 2412 4178 creavit,
2435 4125 2562 4180 etc.,
2587 4114 2772 4169 nullibi
2795 4123 3070 4183 apparent.

2280 4189 2295 4234 l
2336 4175 2681 4256 Prtemittitur
2727 4184 2780 4256 in
2811 4175 2998 4256 codice
3021 4179 3420 4256 definitioﬁdei
3445 4175 3748 4256 Chalcedone

2205 4256 2347 4310 edita
2377 4255 2584 4310 actione
2609 4255 2664 4322 6,
2687 4255 2837 4323 cujus
2865 4253 3040 4308 versio
3065 4252 3133 4307 ab
3152 4251 3309 4306 editis
3331 4253 3610 4320 discrepat.
3640 4247 3748 4323 Dein

2207 4327 2295 4382 hic
2323 4327 2503 4380 titulus
2533 4322 2794 4394 sequitur,
2825 4326 2907 4380 cui
2955 4339 3072 4392 qum
3103 4337 3222 4378 mox
3252 4323 3620 4394 subjiciuntur,
3638 4322 3750 4394 sunt

2205 4408 2473 4464 postrema
2505 4389 2664 4451 verba
2693 4389 3030 4451 allocutionis
3052 4389 3389 4460 imperatoris
3411 4389 3651 4446 Marciani
3675 4401 3748 4440 re-

2205 4474 2310 4521 lata
2336 4469 2521 4520 eadem
2563 4470 2796 4522 aetione.
2833 4466 2966 4520 Tum
2998 4464 3387 4519 subuectuntur
3429 4473 3668 4522 cationes,
3695 4469 3748 4510 eo

2205 4538 2348 4606 quod
2389 4537 2440 4591 lii
2474 4540 2525 4591 in
2572 4539 2816 4606 sequenti
2855 4535 3064 4590 actione
3101 4535 3258 4608 7,_uti
3304 4533 3504 4608 ibidem
3536 4538 3745 4608 notatur.

2204 4603 2408 4662 conditi
2432 4603 2663 4662 fuerant.
2689 4609 2814 4662 lla'c
2834 4618 3010 4661 autem
3041 4605 3284 4672 septima:
3304 4603 3532 4658 actionis
3554 4603 3747 4672 notatio,

2205 4693 2327 4746 qua:
2357 4681 2408 4732 in
2438 4679 2560 4732 aliis
2601 4677 2938 4733 versionibus
2962 4690 3065 4729 non
3097 4671 3308 4741 legitur,
3343 4686 3528 4739 aperte
3553 4671 3747 4746 demou-

2121 4786 2181 4848 Β
2205 4739 2361 4815 ὁιται,
2388 4753 2600 4803 ‘nostrae
2637 4748 2966 4804 collectionis
2989 4739 3234 4799 Gnaeum
3263 4752 3538 4798 auctorem
3566 4739 3752 4808 vulgato

2207 4820 2391 4848 Μυκη.
2421 4834 2682 4848 mnuum...
2740 4834 2841 4848 ηρ...
2895 4817 3055 4848 fuian
3085 4829 3267 4848 ..ρ-πη.
3301 4829 3362 4848 nn
3391 4820 3658 4848 προπίω-οι
3681 4807 3748 4848 σοι

2205 4807 2391 4875 codice
2420 4834 2685 4875 canonum
2740 4834 2843 4874 non
2895 4817 3055 4870 fuisse
3085 4829 3269 4880 usum;
3299 4829 3362 4869 ac
3391 4807 3666 4883 propterea
3681 4807 3750 4860 vel

2207 4907 2272 4946 ex
2297 4891 2398 4946 hoc
2425 4890 2949 4959 confirmaturipsam
2970 4886 3210 4959 Graecam
3237 4885 3600 4959 collectionem
3616 4890 3748 4959 quam

2205 4963 2300 5018 ille
2345 4961 2607 5026 adhibuit,
2663 4950 2822 5014 fuisse
2850 4957 3071 5026 originis
3116 4969 3334 5026 prorsus
3375 4953 3596 5026 diversae
3619 4950 3753 5004 abiis

2208 5023 2635 5093 collectionibus,
2664 5046 2781 5101 qua:
2806 5023 3336 5101 aliis—interpretibus
3357 5025 3478 5080 usui
3506 5023 3662 5078 fuere.

2280 5103 2306 5140 ¹ί
2335 5103 2445 5157 Vox
2477 5097 3054 5167 Constantinopolitanw
3081 5097 3361 5152 redundat.

2289 5173 2304 5211 ι
2341 5172 2420 5226 Ex
2454 5173 2642 5228 Graeco
2677 5163 2898 5242 aliisque
2921 5168 3262 5225 versionibus
3289 5163 3656 5258 corrigendum
3687 5163 3754 5214 est

2210 5253 2418 5298 movete.

2283 5325 2320 5351 ω
2349 5315 2596 5388 Capones
2628 5315 2679 5368 in
2729 5311 2956 5388 septima
2987 5299 3754 5388 actione__conditoshpluribu:

2211 5367 2679 5455 comprobavimus
2740 5367 2804 5436 in.
2844 5380 3314 5455 observationibus
3329 5379 3466 5455 λά*
3492 5367 3750 5455 disserit}

2209 5436 2756 5521 ῥὶίὲὲιίειῑίζήὂὶῖἰε,
2788 5455 2855 5508 ad
2880 5436 2967 5526 si}.
2999 5453 3127 5506 ιδι.
3167 5461 3300 5526 tom.
3329 5436 3755 5526 Χιηρταξίξξοηείζεῖ

2211 5515 2456 5581 lectionis
2495 5515 2788 5588 auctorem,
2849 5524 2937 5593 qui
2966 5538 3031 5577 ex
3079 5524 3210 5577 actis
3257 5519 3476 5595 concilii
3499 5515 3673 5595 ebibit,
3710 5515 3755 5595 iu

2211 5599 2435 5665 septima
2462 5597 2673 5665 quidem
2697 5590 2905 5649 actione
2922 5604 3041 5662 post
3063 5591 3398 5662 imperatoris
3410 5590 3755 5665 allocutionem

2215 5658 2452 5721 canones
2477 5658 2739 5734 reperisse
2761 5681 2825 5720 ex
2874 5658 2986 5719 toto
3017 5658 3267 5720 contextu
3316 5658 3640 5734 manifesmm
3668 5659 3753 5704 est.

2287 5747 2313 5772 η
2340 5737 2502 5791 Forte
2528 5730 2820 5802 inemptum,
2867 5736 2960 5790 sed
2987 5736 3166 5791 verius
3203 5730 3526 5794 inemibilem,
3556 5739 3644 5780 seu
3671 5733 3755 5775 ηοη

2214 5809 2461 5870 venalem,
2491 5821 2611 5864 nam
2639 5806 2824 5864 Graece
2857 5805 3102 5882 ἄπρατον.
