3998 6346
203 467 300 522 857

558 457 780 515 VETUS
816 454 1138 512 CANONUM
1180 454 1453 520 ΝΙΟΑΞΝ..
1497 454 1699 510 SARD.
1741 452 1829 511 ΕΤ
1869 455 2203 516 CHALCED.
2246 461 2804 525 INTERPRETATIO
2840 470 3109 530 LATINA.

3357 477 3460 534 858

202 580 511 650 episcopum
571 590 667 646 per
725 575 1002 646 pecunias,
1063 575 1145 629 vel
1197 574 1667 650 chorepiscopum,
1701 587 1766 628 ve

1895 579 2160 649 episcopis
2187 583 2268 638 vel
2289 586 2518 656 clericis,
2550 586 2744 657 placuit
2769 597 2825 643 ut
2856 590 3011 660 positi
3033 590 3099 647 de
3117 591 3200 648 eis
3227 606 3462 652 canones

202 673 596 746 presbyterum,
643 668 728 724 vel
758 667 1064 732 diaconum,
1097 667 1181 721 vel
1211 668 1439 722 alterum
1484 665 1780 738 quemlibet

200 769 343 825 clero
369 773 775 820 annumeratutn
802 777 818 826 ;
850 761 934 816 vel
981 764 1027 816 si
1063 759 1356 816 instituerit
1402 775 1498 830 per
1523 759 1779 830 pecunias

199 874 562 922 (nconomum,
585 856 667 911 vel
689 853 1052 919 defensorem,
1080 853 1162 908 vel
1196 862 1223 890 ⁸
1252 853 1559 919 custodem,
1589 853 1672 908 vel
1699 855 1780 908 al-

199 963 370 1008 terum
402 950 624 1006 canonis
655 957 874 1019 propter
897 956 1106 1018 turpem
1131 961 1458 1017 pravumque
1480 957 1774 1016 quaestum:

197 1046 286 1118 qni
305 1046 407 1099 hoc
425 1052 670 1108 conatur,
691 1039 970 1095 convictus
995 1038 1380 1109 periclitabitur
1402 1039 1470 1094 de
1494 1055 1592 1094 suo
1614 1039 1781 1110 618

195 1139 398 1210 gradu;
431 1148 486 1194 et
511 1137 600 1208 qui
628 1135 926 1200 ordinatur,
954 1134 1318 1212 nibiljuvetur
1341 1136 1406 1188 de
1427 1133 1780 1190 ordinationis

195 1233 550 1297 institutione,
583 1245 700 1300 qua:
728 1245 826 1300 per
845 1237 1108 1298 quaestum
1136 1227 1270 1282 facta
1306 1235 1407 1292 est,
1432 1226 1524 1282 sed
1553 1230 1619 1281 sit
1649 1227 1779 1282 alie-

194 1343 295 1385 nus
331 1343 360 1383 a
383 1327 660 1397 dignitate,
699 1325 782 1379 vel
825 1338 977 1388 cura,
1010 1337 1169 1392 quam
1196 1339 1292 1392 per
1316 1322 1570 1392 pecunias
1610 1323 1778 1392 impe-

193 1423 375 1478 travit.
407 1421 463 1476 Si
489 1436 618 1476 vero
650 1427 706 1474 et
738 1416 1078 1473 intercedens
1103 1416 1296 1486 aliquis
1327 1416 1474 1470 visus
1499 1425 1581 1471 est
1611 1416 1780 1486 turpi-

192 1515 315 1581 bus,
339 1527 393 1570 et
420 1513 652 1570 infandis
681 1510 1024 1574 dationibus;
1059 1509 1321 1578 siquidem
1345 1509 1572 1566 clericus
1594 1509 1774 1576 fuerit,

191 1607 259 1662 de
285 1622 386 1662 suo
417 1605 628 1661 excidat
671 1605 872 1674 gradu;
906 1603 951 1659 si
977 1616 1106 1658 vero
1128 1601 1298 1657 laicus
1335 1613 1429 1656 aut
1458 1600 1774 1667 monachus,

193 1699 701 1754 anathematizetur.

259 1791 349 1845 Ill.
377 1789 537 1844 Venit
557 1788 622 1842 ad
651 1795 890 1842 sanctam
919 1785 1182 1858 synodum
1205 1786 1326 1855 quia
1351 1786 1562 1855 quidam
1584 1784 1652 1841 de
1668 1785 1778 1840 cle-

187 1883 318 1939 ricis
340 1891 558 1952 propter
583 1889 737 1948 turpe
763 1893 919 1934 suum
944 1879 1150 1933 lucrum
1166 1878 1462 1934 alienarum
1481 1879 1774 1948 possessio-

1883 684 1911 722 a
1933 671 2132 725 sanctis
2155 671 2405 730 'Patribus
2429 676 2662 734 habeant
2681 695 2830 734 suam
2863 681 2993 737 vim.

1959 760 2044 816 Vl.
2074 763 2285 820 Nullum
2324 767 2566 825 absolute
2603 773 2856 828 ordinare
2890 789 2988 830 nec
3015 775 3321 849 diaconum,
3362 793 3463 836 nec

1882 857 2274 926 presbyterum,
2300 874 2397 914 nec
2421 864 2641 918 omnino
2663 865 2893 936 aliquem
2919 883 3104 924 eorum
3135 871 3225 940 qui
3254 882 3377 926 sunt
3406 873 3461 928 in

1882 948 2239 1006 ecclesiastica
2271 953 2630 1020 ordinatione,
2663 957 2764 1013 nisi
2802 960 3104 1027 specialiter
3135 961 3188 1016 in
3221 962 3460 1020 Ecclesia

1881 1040 2128 1106 civitatis,
2153 1043 2236 1098 vel
2262 1044 2315 1097 in
2347 1047 2706 1114 possessione,
2735 1050 2819 1105 vel
2846 1051 2898 1106 in
2928 1054 3204 1125 martyrio,
3228 1055 3312 1111 vel
3340 1071 3460 1111 mo-

1882 1137 2115 1190 nasterio
2139 1136 2464 1193 ordinandus
2490 1140 2806 1208 praadicetur
2837 1159 2852 1197 :
2883 1154 2936 1200 et
2957 1161 3050 1200 eos
3085 1161 3212 1202 vero
3247 1150 3339 1218 qul
3368 1148 3463 1202 ab-

1880 1227 2055 1282 solute
2103 1229 2438 1297 ordinantur,
2491 1231 2694 1286 deliniit
2741 1244 2921 1290 sancta
2967 1237 3204 1309 synodus
3256 1239 3460 1297 irritant

1881 1319 2082 1376 habere
2121 1321 2422 1391 hujusntodi
2459 1325 2877 1395 ordinationem,
2910 1338 2933 1367 °
2964 1339 3018 1386 et
3042 1331 3096 1386 in
3127 1343 3248 1388 actu
3275 1333 3462 1390 invali-

1881 1412 2027 1479 dam,
2058 1413 2123 1467 ad
2155 1413 2401 1482 injuriam
2429 1415 2748 1472 ordinantis.

1957 1505 2062 1560 Vll.
2096 1505 2204 1560 Eos
2232 1506 2320 1576 qui
2346 1509 2512 1563 semel
2536 1509 2591 1563 in
2616 1509 2764 1565 clero
2789 1511 3018 1568 ordinati
3047 1524 3197 1580 sunt,
3229 1515 3311 1571 vel
3341 1531 3458 1571 mo-

1881 1596 2103 1664 nacbos,
2134 1598 2418 1654 definimus
2458 1617 2630 1672 neque
2650 1603 2716 1658 ad
2745 1604 3013 1671 militiam,
3062 1622 3234 1677 neque
3263 1609 3330 1662 ad
3360 1624 3460 1663 ste-

1879 1691 2116 1744 cularetn
2144 1692 2455 1759 dignitatem
2484 1694 2860 1761 vettire.Quod
2891 1697 2934 1751 si
2965 1697 3066 1751 hoc
3095 1700 3208 1751 ausi
3239 1697 3456 1765 fuerint,

1879 1799 1978 1839 nec
2001 1782 2223 1856 [Supple
2247 1783 2336 1856 ad]
2363 1786 2726 1855 penitentiam
2759 1791 3026 1856 venerint,
3052 1801 3108 1845 ut
3146 1801 3460 1846 convertan-

1881 1884 1967 1929 tur
1992 1875 2057 1928 ad
2101 1874 2223 1941 hoc,
2271 1875 2410 1946 quod
2442 1887 2660 1948 propter
2701 1879 2868 1936 Deum
2911 1881 3206 1953 elegerunt,
3238 1883 3461 1940 anathe-

186 1992 317 2032 num
374 1975 505 2029 ﬂant
532 1973 910 2037 conductores,
959 1981 1013 2028 et
1051 1972 1261 2043 negmia
1305 1973 1584 2028 stecularia
1616 1973 1780 2029 susci-
1805 1961 1856 2023 B
1882 1967 2198 2022 matizentur

184 2071 360 2138 piant,
409 2069 702 2125 ministeria
747 2070 964 2140 quidem
996 2070 1089 2126 Dei
1119 2071 1472 2141 negligentes,
1505 2071 1571 2124 ad
1608 2085 1776 2126 stecn-

183 2160 380 2216 larium
427 2175 554 2215 vero
599 2170 945 2217 occurrentes
974 2161 1165 2216 domus
1186 2202 1200 2225 ,
1229 2170 1284 2216 et
1321 2161 1773 2232 dispensationem

184 2253 608 2308 substantiamm
649 2255 972 2323 accipientes
1005 2263 1227 2325 propter
1248 2270 1486 2311 amorem
1510 2255 1772 2310 avaritias.

184 2345 407 2400 Deﬁniit
429 2346 588 2415 Igitur
606 2355 789 2402 sancta
818 2358 873 2402 et
897 2362 1086 2418 magna
1119 2347 1361 2419 synodus
1403 2349 1567 2403 ullum
1597 2348 1662 2403 de
1689 2364 1774 2405 re-

182 2437 334 2508 liquo
361 2455 462 2495 nec
482 2440 814 2510 episcopum,
833 2456 931 2496 nec
953 2441 1232 2508 clericum,
1251 2455 1424 2512 neque
1449 2441 1772 2496 monachum

1951 2064 2085 2120 Vlll.
2112 2065 2303 2121 Clerici
2334 2068 2423 2136 qui
2455 2068 2706 2137 ptochiis,
2728 2072 2812 2124 vel
2840 2073 3201 2137 monasteriis,
3227 2071 3308 2126 vel
3338 2086 3460 2127 ora-

1879 2159 2033 2212 toriis
2064 2159 2334 2228 praepositi
2364 2161 2556 2215 suntin
2577 2175 2893 2230 unaquaque
2921 2162 3136 2216 civitate
3159 2163 3225 2217 ab
3245 2163 3457 2231 episco-

1838 2301 1847 2315 ,
1876 2247 1978 2318 pls,
2019 2249 2313 2303 secundum
2342 2260 2654 2305 sanctorum
2695 2249 2912 2306 Patrum
2965 2253 3305 2308 traditionem
3337 2268 3459 2322 per-

1875 2351 2147 2406 severent,
2207 2350 2261 2397 et
2312 2357 2380 2397 ne
2425 2357 2519 2412 per
2573 2342 2852 2398 audaciam
2908 2354 3254 2401 contemnant
3300 2359 3456 2402 suum

1875 2433 2203 2501 episcopum.
2252 2432 2351 2500 Qui
2384 2449 2512 2488 vero
2556 2435 2757 2490 audent
2805 2437 3171 2492 contradicere
3198 2437 3320 2492 huic
3347 2438 3458 2494 dis-

180 2547 285 2588 nec
315 2532 620 2589 conducere
661 2548 819 2598 posse
851 2536 1271 2604 possessionem,
1305 2549 1481 2604 neque
1506 2536 1685 2591 causis
1711 2551 1772 2591 se
1872 2525 2124 2595 positioni
2153 2527 2390 2596 quolibet
2419 2527 2600 2596 modo,
2623 2538 2678 2582 et
2708 2544 2812 2584 11011
2837 2543 2896 2584 se
2921 2528 3211 2598 subjiciunt
3242 2532 3456 2600 proprio

180 2626 482 2682 immittere
510 2626 880 2694 saecularibus,
907 2627 1006 2682 nisi
1034 2626 1173 2682 forte
1203 2643 1270 2683 ex
1299 2627 1506 2698 legibus
1552 2637 1767 2684 vocetur

1886 2621 2126 2690 episcopo
2145 2638 2159 2678 :
2175 2620 2218 2675 si
2235 2621 2448 2692 quidem
2479 2621 2659 2676 clerici
2687 2631 2833 2688 sunt,
2849 2623 3124 2678 canonicis
3146 2624 3456 2692 subiaceant

176 2721 242 2774 ad
300 2719 640 2788 impuberem
690 2720 1055 2776 inexcusabile
1097 2720 1290 2776 tutoris
1321 2721 1580 2784 officium.
1615 2721 1697 2777 vel
1723 2723 1767 2778 si
1872 2717 2079 2785 panis;
2109 2717 2155 2772 si
2178 2732 2305 2772 vero
2338 2714 2452 2771 laici
2471 2717 2552 2772 vel
2574 2717 3454 2785 monachi,sintcxcommunicati.

173 2813 468 2882 episcopus
487 2812 715 2868 civitatis
738 2813 806 2868 de
827 2813 1208 2869 ecclesiasticis
1243 2816 1293 2867 ei
1329 2816 1645 2884 praceperit
1673 2830 1770 2871 cu-
1945 2810 2038 2864 IX.
2072 2809 2127 2865 Si
2156 2810 2276 2880 quis
2302 2810 2529 2864 clericus
2558 2825 2678 2864 cum
2709 2809 2856 2865 clero
2888 2824 3103 2865 causam
3139 2809 3318 2876 habet,
3349 2824 3457 2866 non

171 2904 287 2960 rari
308 2905 508 2972 causis,
539 2903 607 2960 de
630 2906 848 2976 pupillis
867 2915 920 2962 et
941 2907 1115 2961 viduis
1140 2906 1430 2976 destitutis,
1462 2916 1518 2964 et
1540 2908 1608 2964 de
1649 2924 1765 2980 per-
1870 2902 2140 2973 relinquat
2185 2917 2340 2958 suum
2385 2903 2716 2972 episcopum,
2772 2914 2823 2958 et
2857 2903 2921 2957 ad
2954 2904 3229 2958 saecularia
3257 2903 3454 2972 judicia

172 2998 332 3053 sonis
371 3013 493 3068 quae
534 3000 765 3056 maxime
803 3001 1174 3056 ecclesiastico
1203 3010 1366 3072 egent
1407 3002 1677 3072 praesidio.
1709 3003 1767 3059 Si
1869 3005 2078 3061 currat;
2107 2995 2201 3051 80d
2232 2996 2380 3066 Prius
2411 2995 2686 3065 ιιθεοιίυιη
2715 3005 2966 3051 “erce”
2994 2995 3133 3065 apud
3157 3011 3312 3050 ευυηι
3342 2997 3455 3065 ePi‘

173 3103 318 3146 vero
369 3089 562 3162 aliquis
610 3094 956 3164 praeter-gredi
1008 3093 1227 3150 deﬁnita
1265 3095 1335 3150 de
1377 3095 1583 3166 reliquo
1610 3105 1768 3153 notus
1867 3108 2110 3164 scopum,
2142 3093 2228 3148 vel
2259 3093 2418 3148 etiam
2446 3109 2566 3149 cum
2603 3093 2878 3151 voluntate
2921 3094 3161 3165 ejusdem
3192 3094 3453 3166 episcopi,

171 3180 366 3249 fuerit,
401 3183 781 3239 ecclesiasticis
811 3185 1086 3253 subjaceat
1115 3187 1309 3256 poenis.
1866 3187 2007 3256 apud
2036 3199 2172 3256 quos
2199 3195 2438 3256 utraeque
2466 3195 2647 3257 partes
2675 3189 2966 3255 voluerint,
2995 3189 3266 3258 negotium
3299 3204 3454 3258 pera-

246 3273 342 3329 ιγ.
370 3274 471 3344 Qui
492 3290 618 3332 vere
641 3285 696 3332 et
723 3276 931 3332 sincere
958 3275 987 3315 ιι
1015 3277 1340 3348 singularem
1367 3280 1566 3352 eligunt
1603 3283 1762 3338 vitam
1793 3333 1836 3352 η
1867 3288 2043 3350 gatur.
2089 3278 2147 3335 Si
2189 3293 2320 3334 vero
2366 3279 2485 3349 quis
2531 3288 2724 3350 prater
2754 3279 2871 3337 haec
2913 3281 3121 3348 fecerit,
3177 3282 3452 3339 canonicis

170 3333 522 3424 eonvenienti
560 3368 706 3439 digni
735 3379 861 3424 sunt
911 3333 1138 3427 honore:
1182 3333 1608 3438 Quoniatnuvero
1645 3374 1766 3444 qui-
1788 3333 1836 3399 Ο
1867 3333 2042 3443 pretiis
2071 3369 2362 3441 subjaceat.
2400 3371 2457 3427 Si
2481 3333 2609 3427 vero
2658 3381 2713 3428 et
2762 3373 2991 3430 clericus
3017 3373 3210 3430 habeat
3235 3389 3451 3430 causam

170 3459 304 3514 dam
326 3460 716 3516 monachorum
730 3459 914 3517 habitu
937 3471 1169 3530 utentes,
1194 3462 1486 3529 Ecclesias,
1501 3473 1558 3520 et
1580 3466 1766 3522 civiles

171 3566 372 3608 causas
410 3552 746 3622 perturbant,
790 3553 1188 3610 circumeuntes
1214 3557 1264 3610 in
1311 3555 1636 3623 civitatibus,
1664 3572 1765 3614 nec

169 3662 285 3701 non
316 3655 398 3702 est
419 3649 744 3703 monasteria
776 3648 877 3703 sibi
906 3650 1332 3706 constituentes:
1366 3652 1569 3722 placuit
1587 3655 1764 3708 nemi-

169 3753 304 3791 nem
326 3737 436 3790 ullo
453 3737 614 3791 modo
629 3737 916 3805 aedificare,
940 3755 1038 3795 nec
1065 3740 1344 3797 instituere
1356 3746 1762 3813 monasterium,

171 3831 259 3884 vel
298 3831 587 3886 oratoriam
617 3831 787 3888 aedem
817 3833 932 3889 sine
958 3836 1231 3892 voluntate
1249 3837 1478 3893 civitatis
1503 3839 1761 3910 episcopi.

167 3921 471 3979 Monachos
507 3925 590 3980 vel
631 3922 793 3998 [Lege
821 3926 1068 3999 vero]qui
1096 3939 1221 3984 sunt
1245 3945 1341 4000 per
1365 3931 1603 4002 singulas
1629 3934 1764 3989 civi-

170 4025 320 4072 tates
340 4025 396 4072 et
411 4028 430 4054 ε
459 4019 784 4088 provincias,
807 4020 1084 4090 subjectos
1104 4037 1225 4078 esse
1238 4023 1512 4094 episcopo,
1535 4034 1590 4080 et
1607 4027 1763 4098 quie-

169 4117 289 4162 tem
319 4107 563 4177 diligere,
597 4119 652 4164 et
691 4118 910 4181 operam
944 4112 1076 4169 dare
1104 4113 1311 4184 jejunio
1341 4125 1394 4172 et
1427 4117 1679 4182 orationi,
1710 4113 1762 4170 in

167 4198 374 4267 quibus
417 4199 548 4255 locis
576 4201 1026 4260 abnuntiaverunt
1050 4202 1077 4243 ά
1105 4207 1487 4276 observantes;
1514 4223 1613 4266 nec
1637 4221 1766 4265 vero

165 4291 584 4360 ecclesiasticis,
615 4310 788 4365 neque
807 4296 1157 4353 saecularibus
1193 4302 1369 4356 causis
1401 4297 1763 4371 frequentare,

169 4401 284 4443 nec
313 4385 753 4444 communionem
800 4389 999 4446 habere
1055 4392 1420 4463 relinquentes
1456 4410 1549 4450 sua
1580 4411 1766 4452 mona-

165 4478 373 4541 steria,
412 4477 577 4550 619
602 4479 703 4533 nisi
733 4480 871 4536 forte
899 4495 1222 4552 praeceptum
1246 4485 1325 4539 eis
1357 4485 1517 4541 fuerit
1549 4499 1768 4558 pr0pter

166 4572 540 4626 necessariam
586 4571 870 4628 utilitatem
913 4574 982 4628 ab
1031 4575 1287 4646 episcopo
1315 4577 1564 4633 civitatis.
1600 4579 1767 4636 Nemo

164 4676 314 4718 vero
360 4664 620 4733 suscipiat
657 4665 709 4718 in
739 4667 1078 4723 mOnasteriis
1107 4683 1348 4737 servum,
1381 4681 1438 4725 ut
1469 4674 1765 4728 monachus

161 4754 290 4820 fiat,
317 4755 438 4811 sine
463 4755 740 4812 voluntate
763 4759 844 4812 sui
867 4750 1088 4813 domin'i.
1113 4759 1646 4831 Prtetergredientem
1672 4779 1760 4819 ve.

159 4861 230 4900 ro
267 4845 412 4900 hanc
431 4857 672 4900 nostram
704 4847 1089 4915 definitionem,
1120 4850 1408 4910 detlnimus
1447 4869 1765 4910 excommu-

162 4938 419 4993 nicatum
441 4952 563 4993 eum
595 4951 737 5006 esse,
768 4949 826 4994 ttt
853 4956 1044 4996 nomen
1081 4941 1173 4996 Dei
1201 4957 1304 4997 non
1339 4945 1762 5014 hlasphemetur.

164 5029 509 5100 Episcopum
550 5045 680 5086 vero
726 5031 956 5087 civitatis
981 5043 1231 5102 oportere
1262 5050 1552 5106 congruam
1580 5043 1764 5110 provi-

160 5122 414 5177 dentiam
445 5121 626 5178 facere
653 5126 1014 5181 monasteriis.

248 5213 314 5267 V.
350 5213 426 5270 De
470 5215 913 5274 transferentibus
960 5232 1021 5274 se
1065 5231 1095 5272 a
1139 5218 1356 5276 civitate
1397 5222 1449 5277 in
1495 5223 1764 5282 civitatem

247 5447 276 5475 ι
302 5439 479 5493 Editio
507 5440 679 5508 prisca
703 5441 1026 5497 hostiarium.
1058 5441 1179 5498 lsid.
1200 5443 1440 5498 Graecam
1464 5459 1647 5500 vocem
1667 5461 1759 5500 ex-

159 5513 373 5587 pressit
399 5514 1233 5587 3r_apapovo'ngovperdomandum.
1263 5515 1413 5568 Dion.
1437 5515 1641 5587 Jttstelli
1661 5557 1677 5582 ,
1704 5529 1760 5573 et

158 5584 286 5634 duo
311 5581 486 5655 _codd.'
522 5581 877 5655 antiquissimi
910 5586 1172 5640 versionis
1199 5587 1428 5655 antiqua:
1458 5581 1758 5642 Chalcedo-

157 5653 362 5726 nensis
390 5653 599 5726 synodi,
635 5657 723 5723 qui
754 5668 988 5726 canones
1011 5671 1080 5710 ex
1108 5653 1364 5726 Dionysio
1416 5669 1752 5726 receperunt,

155 5725 432 5797 otttittuttt
454 5725 602 5797 hanc
630 5739 836 5797 vocem.
868 5724 1094 5781 Codices
1123 5724 1262 5782 vero
1276 5728 1479 5782 Rustici
1505 5724 1566 5782 es
1593 5729 1759 5797 ipsius

156 5796 420 5847 fortassis
452 5795 654 5848 ltustici
698 5798 1071 5852 emendatione
1103 5798 1299 5852 habent
1326 5795 1752 5857 mattsionarium.

155 5863 509 5942 J',l:_llltlallllS
541 5865 631 5919 lib.
663 5882 813 5942 Iv,._c.
834 5867 912 5942 de
945 5869 1120 5937 Episc.
1153 5867 1389 5932 etCler..
1416 5870 1554 5924 inter
1578 5886 1754 5924 rerutn

156 5934 658 5996 ecclesiasticarum
704 5934 1164 5997 adtninistratores
1221 5944 1638 6004 παρνιμοναρίθυς
1673 5955 1756 5997 re-

1869 3480 1990 3522 cum
2044 3461 2274 3521 suo’vel
2325 3479 2448 3520 cum
2504 3465 2675 3520 altero
2714 3466 2990 3536 episcopo,
3019 3466 3158 3536 apud
3186 3466 3450 3538 synodum

1868 3559 2158 3630 provinciae
2208 3571 2424 3612 causam
2460 3555 2622 3612 dicat.
2657 3557 2711 3613 Si
2755 3571 2885 3612 vero
2908 3571 3030 3612 cum
3058 3557 3296 3627 ejusdem
3326 3571 3452 3627 pro-

1867 3651 2058 3704 vincia
2088 3648 2500 3718 metropolitano
2527 3648 2781 3718 episcopo
2809 3647 2965 3722 [Lege
3005 3646 3332 3718 episcopus],
3363 3648 3448 3704 vel

1869 3743 2100 3799 clericus
2142 3741 2305 3798 abicit
2346 3740 2504 3815 [Lege
2532 3739 2726 3796 habeat
2771 3740 3034 3812 causam],
3075 3740 3353 3811 perveniat
3380 3738 3449 3794 ad

1870 3835 2165 3906 principem
2186 3833 2506 3899 diteceseos,
2537 3832 2620 3887 vel
2649 3832 2713 3887 ad
2737 3834 2895 3904 regiae
2911 3832 3449 3902 Constantinopoleos

1868 3926 2075 3992 sedem,
2103 3934 2160 3981 et
2187 3925 2324 3995 apud
2357 3927 2528 3994 ipsum
2559 3939 2774 3980 causam
2800 3925 2962 3980 dicat.

1938 4018 2007 4074 Χ.
2057 4017 2136 4074 Ne
2167 4019 2324 4074 liceat
2351 4017 2606 4074 clericum
2642 4017 2696 4071 in
2737 4018 2960 4074 duarum
2990 4018 3262 4074 civitatum
3289 4018 3449 4076 simul

1870 4111 2128 4169 Ecclesiis
2171 4111 2423 4179 militare,
2469 4112 2522 4166 in
2549 4127 2651 4181 qua
2687 4112 2834 4181 prius
2869 4112 3146 4168 ordinatus
3169 4123 3273 4181 est,
3304 4123 3360 4170 et
3396 4115 3450 4170 itt

1867 4219 2026 4276 quam
2055 4202 2296 4272 confugit
2333 4211 2391 4257 ut
2434 4202 2500 4256 ad
2532 4201 2698 4272 620
2720 4203 3000 4272 majorem,
3034 4203 3280 4260 videlicet
3328 4219 3451 4274 pro-

1870 4307 1989 4368 pter
2007 4295 2322 4352 eeuodoxiae
2345 4292 2692 4349 desiderium.
2725 4293 2837 4349 lloc
2859 4309 2988 4349 vero
3011 4294 3268 4350 facientes
3297 4295 3452 4350 resti~

1870 4388 1945 4444 tui
1972 4404 2032 4443 se
2068 4387 2326 4442 Ecclesia:
2362 4387 2416 4440 in
2448 4400 2551 4454 qua
2583 4384 2651 4438 ab
2681 4385 2834 4440 initio
2863 4385 3095 4441 ordinati
3121 4394 3268 4449 sunt,
3299 4395 3352 4440 et
3379 4385 3450 4441 ibi

1870 4480 2043 4534 solum
2071 4479 2398 4533 ministrare.
2430 4478 2485 4533 Si
2515 4491 2645 4532 vero
2667 4478 2788 4546 quis
2815 4492 2875 4532 se
2899 4479 3232 4533 transtulerit
3261 4493 3325 4534 ex
3347 4478 3451 4534 alia

1869 4573 1935 4628 ad
1960 4573 2120 4627 aliam
2150 4571 2469 4636 Ecclesiam,
2505 4569 2636 4625 nihil
2664 4568 2732 4626 de.
2759 4569 2938 4640 priore
2981 4571 3241 4638 Ecclesia,
3271 4571 3354 4626 vel
3384 4571 3453 4627 de

1873 4665 2123 4721 oratoriis
2145 4664 2234 4734 qui
2267 4663 2421 4737 [Lege
2450 4662 2591 4735 quae]
2622 4663 2721 4718 sub
2743 4678 2807 4719 ea
2827 4677 2970 4728 sunt,
2995 4665 3080 4720 vel
3101 4665 3350 4736 ptochiis,
3370 4664 3453 4721 vel

1877 4756 2224 4814 xenodocbiis
2246 4772 2424 4812 rerum
2448 4755 2843 4811 communicent
2865 4755 3022 4827 [Lege
3048 4759 3452 4830 communicet].

1875 4851 2152 4908 Audentes
2201 4863 2330 4903 vero
2361 4855 2485 4922 post
2513 4845 2879 4903 definitionem
2918 4864 3122 4918 magna:
3160 4857 3214 4903 ct
3239 4849 3455 4903 univer-

1869 4945 1998 5000 salis
2029 4943 2183 5012 bujus
2212 4940 2406 5012 synodi
2429 4954 2587 5011 agere
2618 4940 2814 5009 aliquid
2845 4939 2910 4994 de
2941 4955 3108 5009 nuper
3131 4940 3451 5007 interdictis,

1871 5035 2079 5093 deﬁniit
2105 5042 2288 5090 sancta
2313 5033 2552 5105 synodus
2579 5033 2829 5088 excidere
2856 5048 2949 5087 eos
2977 5033 3044 5087 de
3068 5048 3166 5086 suo
3191 5033 3380 5102 gradu.

1943 5129 2035 5182 XI.
2063 5127 2262 5183 Omnes
2293 5139 2556 5196 pauperes
2576 5133 2632 5180 et
2657 5133 2877 5194 egentes
2904 5123 3148 5192 praesidio
3174 5137 3295 5178 cum
3323 5137 3452 5192 pro-

1873 5222 2112 5291 batione,
2139 5219 2403 5291 epistolis,
2431 5219 2515 5275 vel
2546 5216 2780 5289 paciﬁcis
2807 5214 3183 5271 ecclesiasticis
3208 5214 3335 5271 solis
3352 5215 3452 5271 iter

1870 5455 2050 5502 censet
2059 5482 2073 5498 ο

1938 5515 1964 5553 δ
1998 5515 2054 5570 Id
2081 5525 2161 5571 est
2193 5516 2540 5570 monasticam.

1943 5597 1968 5662 ἦ
1990 5585 2176 5662 Graece
2199 5592 2401 5662 χώραν,
2423 5585 2485 5662 id
2509 5592 2591 5662 est
2620 5583 2736 5637 loca
2766 5581 2982 5662 ruralia,
3013 5597 3294 5662 qugenmtc
3324 5582 3450 5638 diae-

1867 5659 1994 5714 cesis
2023 5654 2384 5726 appellantur.
2421 5655 2543 5708 lsid.
2583 5654 2920 5726 possessiones
2948 5654 3198 5709 reddidit.

1936 5726 1962 5765 ιι
1995 5723 2134 5797 Lege
2164 5735 2534 5799 perseverantes
2562 5740 2627 5778 ex
2658 5723 2864 5780 Graeco.

1940 5807 1964 5836 ο
1995 5793 2204 5857 Clarius
2259 5801 2438 5861 Dion.,
2469 5805 2516 5850 et
2562 5812 2811 5866 nusquam
2867 5811 3013 5865 posse
3068 5796 3352 5852 ministrare
3378 5793 3450 5851 ad

1869 5869 2154 5927 ordinanti:
2177 5869 2443 5937 iniuriam.
