3998 6346
542 366 645 426 859

1512 362 1601 418 AD
1634 356 1860 415 OPERA
1899 357 1954 414 S.
2000 356 2242 442 LEONIS
2279 356 2492 416 MAG-NI
2533 357 2892 415 APPENDIX.

3727 357 3833 418 8th

543 495 701 550 agere
755 479 1062 545 deﬁnimus,
1096 486 1149 534 et
1206 491 1312 533 non
1363 492 1486 532 eum
1543 475 2034 541 commendatitiis;
2067 490 2132 532 eo
2159 477 2210 538 Α
2241 478 2526 534 saecuiares
2569 478 2714 546 leges
2746 476 3075 547 prohibitum
3108 485 3191 533 est
3219 492 3231 530 :
3257 474 3426 530 multo
3457 489 3629 546 magis
3661 494 3713 532 ,ιι
3739 480 3827 536 Dei

542 572 684 644 quod
723 571 1055 641 episcopales
1085 569 1540 626 commendatitim
1586 568 1829 625 honestis
1884 569 2125 640 praestari

542 666 750 720 soleant
783 665 1047 733 personis.

615 755 726 813 XII.
759 757 915 812 Venit
943 757 1008 812 ad
1050 772 1148 812 nos
1178 757 1320 826 quod
1346 757 1558 827 quidam
1587 766 1772 811 contra
1802 756 2128 812 ecclesiasti-

539 864 630 905 cas
662 849 806 918 leges
840 857 1218 904 concurrentes
1261 849 1326 903 ad
1361 857 1672 919 potestates,
1711 864 1804 918 per
1834 849 2124 920 pragmati-

546 957 637 997 cas
661 957 816 996 unam
853 941 1175 1010 provinciam
1209 943 1259 996 iu
1303 942 1436 997 duas
1466 943 1784 1011 diviserunt,
1820 955 1871 997 ut
1907 959 1970 997 ex
2025 944 2124 996 hoc

538 1035 641 1090 duo
663 1036 1024 1106 metropolitm
1051 1046 1232 1091 essent
1255 1036 1307 1089 in
1333 1051 1431 1090 una
1459 1035 1749 1104 provincia.
1784 1035 1999 1090 Deliniit
2029 1035 2127 1104 igi-

539 1135 626 1182 tur
655 1135 836 1183 sancta
862 1129 1097 1198 synodus
1128 1128 1194 1183 de
1223 1130 1430 1198 reliquo
1451 1128 1665 1199 quidem
1702 1129 1832 1183 nihil
1883 1130 1986 1184 tale
2031 1129 2126 1182 hu-

536 1219 766 1290 iusmodi
817 1222 1006 1275 tentari
1049 1222 1116 1274 ah
1156 1221 1429 1291 episc0po.
1489 1221 1588 1290 Qui
1643 1237 1772 1276 vero
1813 1222 2122 1283 tentaverit,

539 1313 751 1367 excidat
780 1312 847 1368 de
871 1329 967 1368 suo
991 1315 1181 1383 gradu.
1213 1315 1558 1385 Quaecunque
1588 1329 1714 1368 vero
1737 1314 1845 1384 jam
1877 1315 2123 1368 civitates

537 1420 635 1475 per
666 1405 871 1460 litteras
926 1406 1230 1474 imperiales
1289 1407 1702 1475 metr0politano
1759 1407 2123 1461 honoriﬁcam

535 1509 657 1558 Iunt
702 1504 938 1567 nomine,
985 1502 1099 1557 sole
1133 1501 1292 1575 [Lege
1321 1502 1460 1574 solo]
1515 1503 1756 1558 fruantur
1799 1503 2023 1569 honore,
2070 1512 2124 1558 et

535 1593 817 1664 episc0pus
843 1596 928 1664 qui
971 1596 1214 1650 eamdem
1248 1597 1528 1650 ecclesiam
1559 1597 1844 1666 gubernat,
1871 1596 2123 1650 videlicet

535 1694 746 1740 servato
775 1687 1067 1739 secundum
1095 1687 1373 1742 veritatem
1407 1688 1836 1757 tnetropolitanis
1858 1703 1956 1740 suo
1978 1686 2119 1758 jure.

599 1775 743 1858 XIII.
782 1777 1101 1846 Peregrinos
1128 1778 1374 1842 clericos,
1406 1779 1486 1834 vel
1516 1779 1744 1834 lectores
1775 1781 1824 1833 in
1853 1781 2017 1834 altera
2045 1779 2124 1834 ci-

2233 569 2473 626 Ecclesia
2522 571 2766 626 interdici
2810 579 3041 639 oportet.
3091 572 3408 639 Quicunque
3455 569 3619 637 igitur
3646 571 3828 630 clerici

2230 667 2313 720 vel
2346 665 2592 719 monachi
2627 664 2828 720 inventi
2856 665 3054 719 fuerint
3082 665 3451 730 conjurantes,
3472 664 3559 717 vel
3592 663 3826 733 factiosi,

2230 757 2314 813 vel
2345 759 2568 813 insidias
2607 758 2980 812 machinantes
3031 758 3317 828 episcopis,
3363 757 3448 812 vel
3481 757 3824 829 conelericis,

2230 850 2478 906 excidant
2505 852 2818 906 omnimodo
2847 852 2914 905 de
2939 865 3038 905 suo
3065 851 3254 921 gradu.

2301 943 2440 998 XIX.
2487 944 2644 998 Venit
2683 944 2747 998 ad
2782 953 2992 998 nostras
3038 959 3197 998 aures
3239 945 3289 997 in
3343 945 3640 1014 provinciis
3688 960 3820 1015 quon

2229 1036 2485 1091 canonice
2528 1035 2718 1108 synodi
2764 1051 2869 1090 non
2921 1035 3049 1091 ﬂant
3107 1036 3176 1089 ab
3226 1036 3498 1104 episcopis
3549 1054 3563 1090 :
3617 1052 3686 1090 ex
3734 1038 3825 1093 hoc

2228 1129 2392 1183 multa
2422 1129 2767 1200 negliguntur
2803 1143 2924 1198 quze
2951 1138 3113 1198 egent
3157 1129 3543 1184 emendatione
3575 1129 3824 1186 ecclesir

2177 1207 2191 1220 ’
2227 1222 2480 1276 sticarum
2513 1237 2713 1276 rerum.
2768 1220 2985 1276 Deliuiit
3036 1222 3201 1290 igitur
3248 1233 3432 1276 sancta
3462 1221 3714 1292 synodus
3749 1237 3823 1277 se-

2227 1311 2459 1367 cundum
2483 1312 2699 1367 Patrum
2729 1327 2984 1376 canones,
3010 1327 3104 1381 per
3127 1311 3366 1381 singulos
3390 1328 3566 1368 annos
3589 1316 3822 1370 secundo

2226 1418 2553 1460 concurrere
2604 1421 2700 1473 per
2745 1403 2980 1474 singulas
3028 1405 3330 1472 provincias
3377 1406 3695 1473 episcopos,
3741 1404 3818 1460 ubi

2228 1499 2681 1567 metropolitanus
2708 1501 2992 1569 episcopus
3017 1498 3380 1562 constituerit,
3431 1509 3487 1556 et
3536 1499 3820 1554 emendare

2227 1592 2435 1663 singula
2463 1606 2584 1661 quae
2615 1603 2920 1663 emergunt.
2955 1592 3070 1647 Non
3119 1591 3504 1647 convenientes
3551 1609 3687 1648 vero
3718 1593 3818 1662 epi-

2226 1699 2438 1754 scopos,
2473 1686 2554 1741 vel
2585 1686 2880 1741 residentes
2913 1686 2984 1739 in'
3007 1686 3116 1739 suis
3143 1685 3480 1749 civitatibus,
3535 1694 3596 1741 et
3645 1685 3818 1740 hocin

2228 1779 2456 1832 sanitate
2487 1778 2763 1848 degentes,
2792 1785 2848 1832 et
2873 1778 2940 1832 ab
2969 1777 3115 1832 omni
3151 1787 3174 1818 ο
3203 1776 3522 1842 excusaliili,
3553 1786 3611 1831 et
3643 1792 3814 1832 neces-

537 1867 698 1923 vitate
727 1867 843 1923 sine
873 1870 1322 1924 commendatitiis
1355 1870 1546 1925 litteris
1585 1872 1665 1925 sui
1702 1872 1942 1941 episcOpi
1978 1871 2125 1926 nullo
2154 1863 2205 1925 Β
2230 1871 2372 1926 saria
2399 1871 2753 1940 occupatione
2781 1870 3075 1925 existentes
3103 1871 3321 1932 liberos,
3357 1868 3600 1924 fraterne
3629 1871 3810 1939 arguit.

542 1960 703 2014 modo
724 1961 914 2016 alicubi
941 1962 1266 2017 ministrare.

610 2051 746 2105 XIV.
779 2052 1039 2118 Quoniam
1065 2053 1115 2107 in
1147 2055 1462 2125 quibusdam
1492 2056 1786 2126 provinciis
1807 2073 2122 2127 concessum

536 2151 616 2198 est
643 2141 943 2212 lcctorihus,
973 2143 1194 2215 [Supple
1217 2145 1292 2218 et]
1323 2146 1506 2217 psaltis
1530 2163 1752 2202 uxorem
1782 2149 2001 2212 ducere,
2031 2149 2126 2205 dea

453 2247 457 2250 '
535 2232 670 2288 ﬁniit
691 2245 874 2289 sancta
902 2238 1140 2307 synodus
1167 2253 1271 2291 nou
1307 2239 1471 2294 licere
1495 2240 1727 2308 aliquem
1761 2256 1947 2296 eorum
1973 2242 2114 2296 alte-

535 2324 646 2380 rius
674 2333 835 2380 scctzn
866 2341 1088 2381 uxorem
1113 2329 1378 2396 accipere.
1415 2328 1519 2384 Eos
1559 2345 1688 2384 vero
1717 2331 1804 2401 qui
1835 2331 1902 2386 de
1933 2331 2124 2386 talibus

535 2417 732 2484 nuptiis
791 2415 930 2471 ﬁlios
971 2420 1392 2488 procreaverint,
1455 2421 1717 2489 siquidem
1771 2434 2125 2482 occurrerunt

534 2505 788 2575 baptizari
821 2523 886 2562 ex
920 2510 998 2564 cis
1036 2511 1202 2564 creati
1228 2513 1366 2578 apud
1419 2511 1720 2580 haereticos,
1780 2515 1977 2573 ollerre
2030 2536 2124 2576 eos

535 2599 894 2652 communioni
919 2599 1196 2655 catholica:
1223 2602 1504 2669 Ecclesim;
1541 2621 1645 2658 non
1677 2605 1972 2674 baptizatos
1999 2627 2124 2666 vero

534 2699 640 2740 non
669 2701 822 2755 posse
864 2690 1001 2758 apud
1033 2690 1313 2746 harreticos
1366 2693 1646 2762 baptizari.
1693 2697 1875 2767 Neque
1903 2701 2119 2770 quidem

534 2779 772 2848 capulari
803 2797 896 2835 eos
920 2784 1118 2852 nuptiis
1143 2778 1403 2855 Ιιίει-υιίἒί,
1435 2787 1519 2842 vel
1542 2787 1732 2852 Judzei.
1782 2793 1864 2845 Vcl
1902 2797 2118 2863 pagani,

533 2871 633 2926 nisi
665 2872 798 2928 [orte
826 2877 1134 2943 promiserit
1153 2893 1212 2932 se
1234 2881 1476 2936 converti
1505 2881 1557 2936 in
1583 2884 1937 2941 orthodoxam
1961 2889 2120 2946 Iidem

532 2980 648 3032 qua:
699 2968 1036 3039 coniungitur
1092 2970 1315 3043 [Supple
1340 2973 1487 3047 cum]
1521 2992 1752 3044 persona
1799 2982 2118 3041 orthodoxa.

532 3058 588 3114 Si
620 3075 745 3114 vero
767 3063 959 3130 aliquis
987 3063 1124 3120 hanc
1163 3064 1531 3124 deﬁnitionem
1566 3080 1932 3145 transgressus
1965 3077 2119 3134 fuerit

531 3161 730 3208 sancta:
753 3156 966 3225 synodi,
998 3159 1270 3214 canonica:
1298 3159 1573 3231 subiaceat
1600 3181 1774 3234 paenae

2300 1963 2416 2017 XX.
2460 1962 2697 2018 Clericos
2725 1964 2775 2017 in
2804 1977 2900 2018 sua
2931 1961 3168 2017 Ecclesia
3195 1962 3515 2026 existentes,
3548 1963 3695 2016 sicut
3715 1964 3812 2030 jatn

2227 2056 2590 2122 detinivimus,
2625 2071 2730 2111 non
2762 2057 2926 2111 licere
2956 2055 3009 2110 in
3041 2055 3270 2111 alterius
3315 2056 3539 2111 civitate
3586 2056 3811 2110 ordinari

2228 2158 2280 2204 et
2315 2148 2582 2214 Ecclesia;
2611 2148 2704 2204 sed
2734 2157 3017 2203 contentos
3048 2147 3099 2202 in
3130 2146 3216 2201 illa
3257 2161 3381 2203 esse
3431 2147 3482 2201 in
3517 2164 3622 2216 qua
3669 2145 3812 2202 mini-

2229 2249 2403 2296 strare
2429 2241 2497 2294 ab
2528 2241 2680 2296 initio
2712 2248 3025 2296 meruerunt
3050 2257 3064 2306 ;
3093 2249 3286 2307 praeter
3315 2240 3436 2294 illos
3458 2240 3549 2308 qui
3577 2239 3811 2308 perdide-

2227 2342 2353 2388 runt
2383 2349 2507 2388 suas
2533 2334 2754 2404 patrias,
2782 2342 2836 2388 et
2853 2348 2918 2389 ex
2948 2333 3268 2388 necessitate
3292 2331 3345 2385 iu
3377 2331 3604 2386 alteram
3642 2331 3809 2388 Ectles

2227 2425 2360 2480 siam
2391 2425 2738 2480 transierunt.
2771 2424 2829 2482 Si
2875 2440 3006 2480 vero
3044 2425 3178 2479 alius
3208 2425 3496 2493 episcopus
3530 2433 3657 2493 post
3687 2423 3810 2478 hanc

2227 2518 2596 2574 deﬁnitionem
2625 2519 2692 2572 ad
2722 2519 2949 2573 alterum
2982 2518 3292 2588 episcopum
3325 2517 3688 2587 pertinentem
3729 2532 3808 2569 su-

2227 2613 2458 2680 sceperit
2483 2612 2762 2679 clericum,
2799 2613 2998 2682 placuit
3025 2612 3483 2667 excommunicari
3513 2607 3540 2647 ἀ
3572 2621 3629 2666 et
3655 2613 3804 2672 sinci-

2229 2710 2478 2776 pientem,
2520 2705 2692 2761 donec
2720 2707 2808 2776 qui
2859 2721 2918 2761 se
2967 2705 3243 2761 transtulit
3287 2705 3540 2770 clericus,
3584 2704 3806 2760 insuam

2226 2815 2476 2854 reversus
2502 2801 2664 2854 fuerit
2697 2799 3013 2855 Ecclesiam.

2301 2892 2439 2948 XXI.
2471 2893 2664 2949 Clerici
2696 2904 2749 2949 et
2781 2895 2900 2949 laici
2933 2893 3088 2967 [Lege
3111 2892 3351 2948 Clericos
3378 2891 3464 2948 vel
3497 2892 3683 2964 laicos]
3727 2893 3809 2962 qui

2225 2995 2480 3040 accusant
2509 2987 2793 3057 episcopos
2823 2987 2906 3042 vel
2953 2987 3182 3043 clericos
3221 2985 3338 3041 sine
3368 3001 3530 3041 causa
3563 2998 3617 3042 et
3656 2987 3804 3062 63a

2225 3078 2668 3151 improbabiliter,
2719 3097 2826 3136 non
2878 3081 3074 3150 suscipi
3121 3081 3174 3135 i
3221 3080 3661 3144 accusationem,
3715 3081 3804 3136 nisi

2226 3173 2374 3240 prius
2403 3172 2645 3226 discussa
2677 3172 2834 3227 luerit
2863 3186 3049 3226 eorum
3077 3171 3279 3241 opinio.

602 3245 717 3299 XV.
775 3247 1138 3306 [)iaconissam
1190 3267 1297 3308 non
1359 3256 1596 3312 ordinari
1663 3261 1938 3317 mulierem
1992 3249 2188 3322 anteC
2293 3263 2458 3318 XXII.
2502 3264 2615 3319 Non
2643 3265 2806 3319 licere
2832 3264 3045 3320 clericis
3067 3274 3186 3333 post
3211 3273 3440 3318 mortem
3470 3277 3554 3318 sm
3575 3264 3801 3333 episcopi

533 3339 880 3409 quadraginta
908 3358 1099 3412 annos,
1129 3356 1186 3400 et
1207 3347 1343 3404 hanc
1370 3364 1490 3405 cum
1514 3351 1752 3424 diligenti
1775 3357 2116 3429 probatione;

531 3439 583 3485 et
609 3430 651 3485 si
679 3434 976 3504 suscipiens
998 3437 1414 3508 ordinationem,
1448 3454 1502 3499 et
1527 3457 1738 3516 tempus
1763 3449 1977 3519 aliquod
1998 3469 2116 3522 per-

530 3535 785 3578 severans
838 3525 1167 3596 ministerio,
1218 3535 1562 3605 semetipsam
1595 3539 1874 3596 tradiderit
1920 3545 2118 3615 nuptiis

529 3623 878 3671 contemnens
923 3619 1013 3674 Dei
1052 3623 1310 3690 gratiam;
1362 3625 1665 3695 huiusmodi
1698 3633 2118 3692 anathematise-

531 3713 619 3759 tur
640 3721 757 3760 cum
790 3708 880 3762 illo
907 3712 994 3780 qui
1027 3727 1146 3767 cum
1176 3729 1237 3769 ea
1269 3718 1548 3786 copulatus
1574 3729 1674 3776 est.

606 3795 754 3895 XVI.
796 3799 1058 3895 Virginem
1105 3821 1230 3874 qum
1263 3818 1433 3863 semet
1468 3809 1683 3868 devovit
1710 3816 1934 3873 Domino
1953 3819 2110 3895 621

528 3886 659 3953 Deo,
714 3891 964 3946 similiter
1009 3905 1062 3950 et
1109 3902 1426 3956 monachum
1459 3919 1561 3960 non
1601 3907 1760 3963 licere
1809 3911 1872 3966 ad
1902 3886 2114 3984 ηυξ)ξῇ

527 3979 726 4035 venire.
773 3981 828 4037 Si
879 3999 1007 4038 vero
1056 3991 1256 4058 reperti
1299 3992 1498 4049 iuerint
1545 3996 1646 4051 hoc
1697 3979 2113 4074 facientes,vsint

527 4075 999 4131 excommunicati.
1029 4079 1320 4139 Delinimus
1349 4101 1476 4141 vero
1505 4088 1704 4148 habere
1734 4097 2107 4154 auctoritatem

525 4163 576 4219 in
603 4167 681 4220 eis
705 4169 1090 4226 misericordia:
1119 4174 1341 4232 localem
1375 4183 1710 4253 episc0pum.

598 4258 754 4315 XVII.
791 4261 1014 4319 Rurales
1039 4269 1320 4336 parochias
1343 4273 1394 4328 in
1429 4280 1859 4343 possessionibus
1891 4299 2108 4340 manere

522 4349 866 4408 inconcussas
888 4356 1028 4426 apud
1059 4361 1343 4432 episcopos
1375 4367 1460 4434 qui
1487 4377 1669 4423 tenent
1693 4385 1804 4433 eas.
1835 4384 1886 4427 et
1923 4379 2108 4442 praeci-

521 4457 622 4510 pue
649 4445 690 4498 si
726 4445 1001 4504 tricennali
1032 4467 1172 4507 anno
1200 4454 1575 4512 inviolabiliter
1604 4462 1898 4518 retinentes
1926 4477 1950 4502 ιι
1974 4469 2103 4522 aedi-

521 4531 833 4630 licaverunt.
881 4538 934 4593 Si
968 4556 1097 4596 vero
1129 4543 1268 4600 intra
1320 4549 1389 4603 50
1433 4564 1604 4606 annos
1638 4554 1772 4609 facta
1815 4566 1897 4611 est
1925 4560 2100 4630 aliqua

2223 3371 2410 3425 rapere
2437 3372 2524 3413 res
2552 3358 2616 3412 ad
2646 3374 2770 3413 eum
2801 3358 3152 3428 pertinentes,
3185 3357 3324 3413 sicut
3348 3365 3404 3412 et
3436 3356 3641 3424 pridem
3671 3373 3699 3410 a
3722 3374 3801 3412 α-

2222 3450 2452 3504 uonihus
2479 3450 2818 3505 interdictum
2845 3459 2957 3513 est;
2987 3457 3041 3506 et
3071 3449 3172 3505 hoc
3219 3449 3480 3505 facientes
3521 3447 3800 3519 periclitari

2220 3555 2317 3596 suo
2343 3541 2532 3610 gradu.

2293 3633 2482 3689 XXIII.
2526 3634 2682 3690 Venit
2710 3635 2777 3690 ad
2806 3649 2968 3691 aures
2994 3643 3196 3691 sanctae
3228 3634 3422 3706 synodi
3451 3638 3591 3706 quod
3623 3633 3797 3692 clerici

2218 3725 2430 3794 quidam
2462 3735 2517 3781 et
2562 3727 2812 3783 monachi
2861 3726 3006 3782 nulla
3041 3727 3141 3782 sibi
3185 3741 3345 3784 causa
3389 3728 3622 3796 injuncta
3647 3743 3676 3781 a
3703 3740 3796 3781 suo

2217 3820 2468 3890 episcopo
2495 3831 2546 3876 et
2586 3831 2694 3876 tam
2727 3821 2941 3891 quando
2982 3836 3042 3878 se
3081 3823 3609 3879 excommunicantes
3641 3823 3706 3876 ab
3736 3836 3794 3877 eo

2216 3913 2439 3968 veniunt
2469 3912 2625 3985 [Lege
2650 3922 2706 3969 et
2732 3915 3020 3984 aliquando
3049 3917 3496 3970 excommunieati
3524 3917 3588 3970 ab
3617 3931 3684 3969 eo
3712 3929 3793 3970 ve-

2215 4005 2386 4073 niunt,
2417 4005 2536 4078 θρα]
2568 4008 2633 4062 ad
2665 4007 2804 4064 hanc
2828 4009 3028 4079 regiam
3056 4009 3594 4078 Constantinopolim,
3627 4025 3688 4063 ac
3708 4009 3791 4064 d-u

2214 4099 2266 4154 in
2297 4116 2357 4156 ea
2395 4112 2794 4157 commorantes
2836 4103 3115 4167 tumultus,
3159 4112 3211 4156 et
3250 4103 3682 4172 perturbationes
3721 4100 3790 4154 [θ

2211 4193 2358 4248 ciunt
2380 4194 2744 4250 ecclesiastico
2769 4195 2953 4257 statui,
2983 4204 3039 4250 et
3060 4205 3309 4250 evertunt
3338 4196 3500 4250 etiam
3532 4208 3784 4263 quorum-

2210 4285 2331 4340 dam
2358 4286 2567 4341 domos.
2598 4286 2848 4343 Delinivit
2892 4296 3076 4342 sancta
3107 4287 3346 4358 synodus
3369 4285 3672 4351 huiusmodi
3698 4283 3787 4339 ad-

2211 4376 2417 4430 moneri
2446 4377 2657 4445 quidem
2687 4379 2832 4448 prius
2866 4393 2960 4448 per
2988 4377 3328 4433 defensorem
3354 4379 3784 4444 Constantinopo-

2210 4467 2388 4522 litanae
2437 4478 2637 4524 sancta:
2701 4469 2974 4525 Ecclesiae.
3023 4471 3080 4525 Si
3127 4487 3254 4526 vero
3303 4470 3355 4524 in
3403 4472 3591 4526 iisdem
3623 4470 3783 4523 causis

2209 4559 2618 4626 perduravcrint
2663 4561 3024 4632 impudenter,
3066 4571 3125 4619 et
3171 4564 3364 4618 invitos
3409 4580 3504 4619 eos
3537 4581 3624 4631 per
3644 4579 3783 4618 eum-

519 4622 588 4678 d"
627 4626 724 4726 θξδν
755 4631 835 4682 νθί
887 4633 944 4726 In
983 4636 1327 4706 ambiguitas;
1381 4642 1542 4698 licere
1588 4647 1667 4700 eis
1696 4650 1784 4718 qui
1826 4667 1884 4705 se
1923 4653 2100 4710 dicent
2127 4630 2180 4690 Ῐ)
2205 4651 2326 4708 dem
2356 4654 2690 4710 defensorem
2720 4657 2935 4726 expelli,
2964 4666 3018 4712 et
3053 4657 3120 4712 ad
3151 4672 3243 4712 sua
3274 4658 3392 4712 loca
3423 4659 3624 4714 venire.

515 4731 636 4772 esse
667 4719 842 4788 lzesos,
873 4723 940 4779 de
971 4726 1054 4780 his
1086 4745 1302 4787 movere
1328 4734 1466 4802 apud
1498 4740 1760 4808 synodum
1789 4747 2095 4811 provinciae.
2185 4753 2195 4763 '

515 4809 571 4907 Si
599 4827 726 4866 vero
755 4815 908 4870 alicui
938 4831 1194 4874 noceatur
1220 4838 1248 4876 a
1272 4840 1370 4880 suo
1398 4833 1760 4898 metropolita,
1787 4809 1925 4905 apud
1951 4840 2095 4907 priu-

513 4901 686 4998 cipem
746 4905 1072 4977 dioeceseos,
1126 4915 1208 4969 vel
1259 4919 1398 4987 apud
1447 4901 2093 4998 Constantinopolitanam

512 4995 692 5050 sedem
725 5013 937 5056 causam
979 5005 1178 5071 dicere,
1211 5009 1350 5063 sicut
1394 5014 1705 5080 prtedictum
1739 4995 1840 5074 est.
1881 5022 1935 5078 Si
1964 5041 2094 5083 vero

511 5097 566 5142 et
597 5090 767 5161 aliqua
799 5109 863 5149 ex
907 5095 1171 5167 imperiali
1213 5112 1479 5171 potestate
1510 5124 1642 5164 nova
1677 5113 1810 5168 facta
1841 5127 1923 5172 est
1966 5120 2094 5174 civi-

513 5191 614 5247 tas,
646 5187 728 5237 vel
763 5199 1010 5243 rcnovata
1037 5207 1052 5255 ;
1103 5194 1288 5250 civiles
1329 5208 1382 5252 et
1427 5201 1667 5268 publicas
1695 5203 1722 5243 1³
1753 5207 2007 5265 formulas
2039 5221 2094 5268 et

509 5275 990 5336 ecclesiasticarum
1041 5288 1405 5354 parmciarum
1448 5293 1692 5350 ordinem
1741 5298 1913 5373 [Lege
1956 5304 2091 5360 ordo

505 5369 782 5443 sequatur]
813 5387 1128 5444 sequantur.

578 5461 762 5520 XVIII.
807 5467 1202 5538 Conjurationis
1230 5487 1284 5532 et
1327 5477 1572 5537 factionis
1617 5485 1820 5542 crimen
1866 5500 1922 5544 et
1951 5493 2088 5558 apud

578 5625 812 5718 :‘Gratce
841 5634 1722 5718 ᾠκονόμησαγτΑαώηὶηὲειναυενιιηι,
1757 5662 1848 5701 seu
1895 5650 2082 5718 guber-

504 5708 768 5777 ttnt'erunt,
797 5718 900 5777 non
926 5720 1056 5759 vero
1082 5709 1478 5777 (ediﬁcaverunt.

574 5763 601 5801 ι
634 5768 684 5843 ῳ
713 5779 813 5833 est,
848 5763 1222 5843 ιιίσροείιίοηεὲ.

576 5844 598 5874 ο
630 5836 848 5896 Caetera
876 5836 1170 5907 versiones.
1193 5851 1547 5912 inexcusabili.
1572 5854 1623 5911 id
1651 5865 1755 5915 est.
1781 5859 2078 5917 inevitabili.

2280 4745 2466 4802 XXIV.
2489 4748 2620 4817 Quze
2641 4751 2810 4805 semel
2838 4761 3152 4807 consecrata
3179 4761 3304 4807 sunt
3327 4753 3777 4808 monasteriorum

2203 4841 2476 4897 voluntate
2505 4845 2768 4914 episcopi,
2803 4861 3122 4915 permanere
3151 4847 3204 4901 in
3235 4856 3497 4916 perpetuo
3529 4857 3778 4901 monasltk

2200 4937 2298 5000 ria,
2341 4945 2394 4991 et
2426 4939 2759 5005 pertinentes
2791 4939 2857 4994 ad
2905 4955 2966 4994 ea
2997 4955 3086 4994 res
3129 4940 3386 4995 custodiri
3429 4944 3774 5000 monasterii;

2199 5036 2254 5081 et
2283 5044 2387 5083 nou
2419 5043 2575 5098 posse
2618 5030 2732 5084 ﬁeri
2781 5047 2842 5084 ea
2891 5032 3173 5087 szecularia
3221 5033 3542 5088 habitacula.
3590 5034 3775 5086 Cooce.

2199 5120 2387 5176 dentes
2418 5138 2548 5177 vero
2577 5125 2680 5178 hoc
2711 5123 2846 5186 ﬁeri,
2883 5125 3166 5194 suhjacere
3192 5140 3462 5181 canonum
3489 5130 3666 5196 pomis.

2271 5211 2436 5267 XXV.
2477 5215 2746 5280 Quoniam
2789 5215 3005 5284 quidam
3060 5219 3613 5288 metropolitanorum,
3644 5217 3770 5269 sicut

2196 5307 2518 5376 reperimus,
2553 5309 2828 5378 negligunt
2873 5313 3192 5367 commissos
3230 5314 3332 5368 sibi
3363 5330 3570 5385 greges,
3596 5322 3643 5367 et
3665 5309 3765 5363 dil-

2164 5427 2173 5434 -
2197 5399 2375 5455 ferunt
2397 5400 2766 5459 ordinationes
2793 5404 3201 5476 episcoporum;
3233 5408 3434 5478 placuit
3462 5417 3645 5464 sancte
3675 5420 3759 5473 δῖε

2196 5494 2336 5548 nodo
2369 5495 2510 5550 intra
2550 5505 2660 5552 tres
2693 5513 2908 5554 menses
2938 5500 3051 5554 lieri
3097 5501 3467 5560 ordinationes
3504 5503 3768 5573 CPISCOPO"

2195 5668 2222 5730 a
2255 5669 2356 5721 qua
2399 5670 2457 5709 se
2489 5672 2747 5714 excusare
2789 5673 2895 5714 non
2927 5668 3129 5730 potest.
3175 5657 3422 5716 Concinit
3469 5658 3634 5713 Grteca
3662 5667 3763 5707 vox

2195 5727 2570 5801 ἁπᾳραιτὴτον.

2265 5794 2516 5869 δ’δυιψιθ
2540 5817 2600 5854 ex
2632 5800 2840 5866 Crzcco,
2867 5809 2914 5856 et
2943 5810 3258 5875 susceptum.
