3998 6346
545 433 658 498 863
1472 434 1562 490 AD
1598 431 1827 490 OPERA
1867 433 1924 488 S.
1967 431 2211 488 LEONIS
2248 429 2459 487 MAGNI
2500 429 2866 488 APPENDIX.
3276 460 3283 469 ~
3721 434 3809 490 δα

551 562 684 609 tom.
728 553 770 608 ll
795 550 1202 621 Capitularium,
1253 566 1305 605 m
1335 550 1632 624 appendice
1674 567 1829 624 nunt.
1852 552 1907 618 5,
1941 552 2049 624 col.
2097 549 2256 616 1574,
2283 566 2427 624 cum,
2452 550 2553 624 hoc
2585 549 2768 624 titulo.
2795 564 2954 619 quem
2987 549 3178 624 nullibi
3220 553 3563 624 reperimus:
3592 550 3810 624 Capitula

552 626 675 678 data
706 619 1031 694 presbyteris,
1073 625 1307 694 diaconi;
1336 631 1382 675 et
1403 622 1745 680 subdiaconis.
1777 622 2100 678 Sirmondus
2131 631 2378 694 vero,rut
2418 622 2556 678 idem
2591 619 2838 694 Baluzius
2859 629 3085 677 testatur
3117 621 3174 675 in
3197 624 3338 694 notis
3373 625 3439 677 ad
3467 619 3702 678 librum't
3727 626 3812 681 Ca-

592 693 887 761 itularium,
920 696 1002 749 col
1068 693 1224 756 ll5l.
1258 693 1401 747 illam
1431 695 1634 748 invenit
1673 695 1726 748 iu
1753 694 1962 748 duobus
1995 710 2126 752 mss.
2158 693 2460 748 Cassinensi
2505 701 2560 746 et
2590 693 2867 758 Vaticano,
2912 693 3165 748 nimirum
3203 693 3255 747 in
3296 695 3576 750 codicibus
3615 695 3809 751 Italicis.

607 767 816 821 amdem
847 782 1030 820 rursus
1060 781 1124 819 ex
1154 765 1335 819 Italico
1362 765 1491 820 item
1519 780 1620 820 ms.
1647 766 1875 821 Lucensi
1903 766 2193 820 novissime
2223 765 2422 819 recusit
2447 765 2506 820 P.
2536 764 2848 820 Dominicus
2872 764 3061 830 Mansi,
3090 774 3220 818 tom.
3254 765 3272 818 Ι
3305 767 3673 834 Supplementi
3693 765 3812 821 Con-

553 837 817 901 ciliorum,
851 838 954 892 col.
988 838 1113 891 8l7.
1143 837 1292 891 Hanc
1314 837 1450 890 haud
1483 837 1842 908 separandam
1871 836 2123 892 duximus
2155 850 2186 890 a
2207 834 2429 893 Statutis
2459 836 2706 908 antiquis,
2733 847 2788 892 ct
2821 851 2851 890 a
2875 834 3156 907 Prwceptis
3189 837 3250 891 S.
3279 835 3447 908 Petri,
3489 853 3617 892 cum
3645 839 3812 907 quibus

554 908 610 964 in
639 909 835 962 Italicis
858 909 1262 964 collectionibus
1289 908 1549 977 jungitur.

637 981 693 1035 5.
719 979 988 1050 Praecepta
1010 981 1172 1033 sancti
1200 978 1345 1033 Petri
1366 984 1428 1032 de
1453 981 1785 1035 sacramentis
1817 981 2196 1050 conservandis,
2231 995 2350 1047 quae
2382 981 2432 1033 in
2467 980 2776 1034 memoratis
2804 979 3213 1036 collectionibus
3242 979 3487 1044 epistolae
3521 979 3739 1034 formam
3760 981 3809 1036 S.

559 1049 823 1106 Clementi
857 1049 1051 1119 [papae
1083 1051 1332 1105 tributam
1363 1051 1676 1120 praeferunt.
1715 1053 1856 1106 edita
1883 1051 2054 1106 videri
2091 1061 2312 1116 possunt
2351 1053 2402 1106 in
2432 1051 2658 1119 vulgatis
2701 1051 3066 1107 Conciliorum
3097 1067 3218 1106 cum
3252 1052 3406 1106 titulo
3441 1051 3718 1118 :Epistola
3751 1070 3814 1106 sco

563 1123 735 1177 cunda
762 1121 1031 1177 Clementis
1066 1122 1249 1193 papael
1281 1122 1350 1174 ad
1373 1120 1624 1177 Iacobum
1654 1123 1865 1190 fratrem
1904 1123 2132 1176 Domini.
2166 1121 2364 1178 Partim
2392 1123 2605 1191 quidem
2651 1123 2836 1178 eadem
2877 1134 3024 1188 sunt,
3057 1124 3150 1177 sed
3182 1123 3375 1192 partim
3406 1125 3574 1177 etiam
3605 1122 3810 1176 diversa.

564 1193 694 1264 Nam
715 1203 770 1247 et
799 1195 1022 1264 epistola
1052 1195 1104 1247 in
1134 1194 1331 1248 nostris
1357 1193 1763 1248 collectionibus
1793 1195 2005 1250 brevior
2034 1202 2135 1260 est,
2169 1203 2223 1248 et
2249 1209 2368 1264 qua:
2401 1195 2682 1264 utrobique
2720 1196 3065 1258 conveniunt,
3100 1196 3204 1247 alio
3235 1209 3456 1264 prorsus
3479 1193 3678 1248 ordine
3713 1210 3814 1260 pro-

557 1262 1039 1336 ferunturﬁNeque
1068 1265 1267 1318 idcirco
1311 1265 1447 1319 hanc
1475 1269 1763 1336 genuinum
1794 1265 2088 1321 Clementis
2127 1262 2610 1331 opus'credimusf
2633 1263 2765 1319 Nam
2811 1266 2947 1320 sicut
2976 1262 3735 1336 Recognitionesrapostolicze
3771 1267 3813 1317 in

559 1335 728 1391 libros
758 1337 944 1391 decem
976 1336 1301 1395 dismbutm.
1343 1347 1396 1391 et
1426 1335 1528 1392 alia
1579 1337 1644 1392 ad
1676 1336 1932 1392 Jacobum
1972 1336 2218 1404 epistola,
2251 1353 2370 1404 quae
2413 1337 2628 1390 brevior
2667 1351 2827 1406 quam
2875 1336 2928 1389 in
2959 1337 3208 1402 vulgatis,
3261 1335 3311 1390 in
3343 1335 3556 1405 aliquot
3582 1342 3814 1396 ivetustas

561 1408 911 1462 collectionee
944 1407 1209 1475 transivit,
1243 1421 1305 1461 ac
1338 1408 1636 1474 praesertim
1668 1408 1724 1462 in
1746 1407 2178 1475 QueSncllianam
2207 1421 2327 1476 cap.
2359 1406 2449 1472 64,
2480 1407 2654 1462 eidem
2679 1405 2735 1460 S.
2769 1407 3032 1462 Clementi
3060 1405 3369 1474 suppositae,
3401 1409 3682 1477 antiquam
3722 1408 3816 1460 ori-

558 1479 737 1548 ginem
769 1478 1025 1542 habuere,
1068 1487 1120 1532 et
1146 1492 1176 1532 a
1219 1478 1409 1532 Ruﬁno
1440 1479 1724 1534 Latinitate
1766 1479 2001 1541 donatas,
2031 1480 2172 1547 apud
2198 1477 2417 1532 Latinos
2448 1480 2826 1548 obtinuerunt;
2869 1478 2939 1532 ita
2967 1478 3200 1546 idipsum
3238 1477 3306 1548 de
3345 1479 3448 1532 hac
3477 1493 3698 1546 quoque
3722 1479 3817 1546 epi-

559 1547 696 1604 stola
719 1549 1049 1604 censendum
1082 1559 1346 1616 putamus.
1377 1550 1430 1603 In
1464 1565 1594 1604 mss.
1624 1551 1840 1618 quidem
1873 1549 2246 1604 vetustissima:
2273 1549 2607 1604 collectioni;
2634 1547 2941 1603 Barberinaa
2969 1550 3112 1605 2888
3134 1549 3203 1618 {et
3233 1547 3354 1604 Vat.
3386 1548 3549 1616 1542,
3584 1549 3701 1603 hac
3724 1548 3817 1614 cpi-

559 1622 694 1674 stola
743 1621 1025 1689 subjicitur
1053 1621 1204 1674 alteri
1239 1620 1404 1688 ipsius
1451 1621 1768 1686 Clementis,
1820 1637 1978 1690 quam
2021 1636 2049 1672 a
2093 1621 2286 1674 Ruﬁno
2314 1620 2502 1676 Latine
2540 1620 2802 1675 redditam
2846 1636 3033 1676 omnes
3061 1622 3325 1690 fatentur.
3360 1619 3504 1674 Idem
3552 1621 3714 1675 etiam
3741 1621 3816 1674 de-

561 1691 942 1760 prehendimus
983 1691 1036 1746 in
1085 1701 1386 1761 pervetusla
1419 1691 1818 1746 abbreviatione
1840 1689 2149 1756 canonum,
2184 1707 2305 1761 qua:
2339 1692 2648 1746 continetur
2698 1692 2748 1744 in
2800 1706 2900 1746 ms.
2934 1691 3003 1748 59
3041 1690 3258 1761 capituli
3288 1689 3642 1756 Veronensis,
3677 1701 3728 1745 ut
3764 1705 3818 1744 ex

564 1762 929 1832 dt-Srriptione
967 1762 1206 1832 ejusdem
1237 1762 1435 1816 codicis
1461 1764 1681 1830 patebit,
1725 1778 1882 1832 quam
1927 1764 1977 1816 in
2013 1772 2237 1816 tractatu
2271 1763 2609 1818 exhibuimus
2642 1771 2779 1832 part.
2814 1777 2890 1816 tn.
2938 1762 2996 1816 1n
3041 1762 3147 1816 alio
3178 1771 3354 1817 autem
3383 1777 3487 1817 ms.
3521 1764 3819 1832 Sangerma-

567 1835 718 1904 rit-usi
755 1833 880 1897 5-H,
914 1836 1099 1888 eadem
1131 1833 1353 1900 epismla
1392 1835 1673 1902 subjicitur
1703 1849 1808 1888 non
1851 1835 2022 1888 solum
2063 1833 2212 1887 alteri
2269 1848 2335 1902 ep
2357 1835 2510 1888 stola:
2555 1832 2621 1885 ad
2661 1833 2941 1904 Jacobum,
2978 1849 3165 1904 verum
3197 1834 3357 1888 etiam
3390 1832 3818 1904 Recognitionum

571 1902 723 1974 libris
751 1905 1012 1958 Clementi
1049 1904 1322 1968 inscriptis
1347 1919 1467 1959 cum
1502 1904 1676 1958 Ruﬁni
1716 1905 2024 1970 interpretis
2053 1904 2215 1974 633
2242 1904 2627 1967 nuncupatoria
2658 1903 2725 1957 ad
2757 1905 2814 1958 S.
2848 1903 3228 1966 Gaudentium,
3272 1913 3330 1958 ut
3357 1902 3562 1959 videre'
3591 1915 3675 1960 est
3703 1904 3819 1973 apud

570 1972 1019 2029 Moutl'attconium
1051 1985 1178 2028 tom.
1220 1974 1262 2028 ll
1292 1975 1637 2031 Bibliotheca:
1667 1972 2144 2040 bibliothecarum,—
2167 1972 2286 2045 pag.
2325 1977 2482 2030 H32.
2527 1975 2777 2029 Omnium
2825 1976 2984 2043 igitttr
3024 1977 3288 2044 interpres
3334 1974 3601 2030 dicendus
3639 1975 3821 2030 videtur

563 2045 704 2100 idem
749 2047 986 2100 Ruﬁnus.
1023 2046 1151 2113 Qua:
1181 2061 1309 2100 vero
1359 2047 1411 2100 in
1443 2048 1672 2116 vulgatis
1720 2047 2078 2101 Conciliorum
2128 2048 2342 2114 utrique
2388 2047 2627 2114 epistolae
2669 2045 2931 2116 leguntur
2961 2047 3184 2110 inserta,
3229 2056 3284 2100 et
3313 2049 3664 2115 perturbatus
3709 2047 3818 2100 ordo

563 2117 803 2182 epistula:
843 2118 1091 2172 secundae
1139 2117 1340 2172 Isidoro
1371 2115 1649 2173 Mercatori
1698 2118 1976 2172 tribuenda
2015 2126 2162 2173 sunt.
2212 2117 2348 2172 llinc
2376 2127 2553 2172 autem
2584 2119 2809 2170 multum
2853 2115 3015 2172 refert
3055 2117 3192 2171 hanc
3231 2118 3524 2172 secundam
3561 2118 3821 2186 epistolam

564 2189 639 2240 uti
677 2202 706 2240 a
732 2187 925 2240 Ruﬁno
955 2197 1038 2243 est
1065 2189 1251 2243 Latine
1281 2188 1506 2255 reddita,
1537 2205 1599 2243 ac
1627 2206 1689 2244 ex
1715 2190 1832 2256 ipso
1854 2191 1907 2242 in
1931 2199 2167 2243 vetustas
2189 2189 2534 2244 collectiones
2568 2187 2840 2254 traducta,
2874 2187 2975 2242 hoc
2999 2187 3118 2243 loco
3146 2187 3402 2243 exhibere
3436 2207 3450 2243 :
3486 2189 3680 2258 prima
3701 2188 3822 2243 enim

561 2261 804 2330 epistolas
826 2258 1109 2312 Ruﬁniana
1135 2262 1315 2314 versio
1345 2275 1408 2314 ex
1442 2275 1561 2329 cap.
1599 2260 1667 2316 64
1699 2261 1991 2330 prmmissa:
2015 2259 2347 2314 collectionis
2378 2259 2545 2328 repeti
2581 2268 2775 2330 potest.

634 2330 697 2402 6.
716 2327 1112 2402 Concludemus
1136 2327 1580 2402 prasstantissimo
1615 2327 1818 2385 inedita
1844 2332 2188 2392 documento.
2211 2331 2353 2399 quod
2385 2327 2453 2384 ex
2482 2327 2594 2402 ms.
2617 2328 2733 2383 Vat.
2768 2329 2984 2402 Regina:
3008 2331 3145 2386 1997
3169 2331 3432 2387 eruimus.
3459 2330 3540 2402 De
3575 2330 3819 2402 Glycerio,

569 2403 657 2467 qui
689 2400 1001 2456 brevissimo
1027 2411 1268 2471 tempore
1289 2401 1342 2456 in
1372 2401 1537 2468 Italia,
1567 2403 1846 2468 imperium
1879 2402 2134 2465 obtinuit,
2161 2402 2249 2454 vix
2285 2405 2490 2456 mentio
2519 2401 2692 2469 aliqua
2724 2401 2864 2470 apud
2891 2401 3183 2469 scriptores
3206 2412 3470 2471 superest.
3496 2400 3658 2457 Nunc
3683 2403 3824 2470 ipsius

569 2472 884 2542 constitutio
912 2471 1165 2538 prodibit,
1199 2489 1318 2542 qua:
1349 2473 1608 2542 adversus
1635 2474 2000 2528 ordinationes
2026 2473 2346 2528 simoniacas
2378 2473 2529 2527 initio
2563 2474 2769 2540 imperii
2801 2471 2915 2540 ejus
2952 2471 3074 2527 data
3104 2472 3221 2528 fuit.
3259 2474 3339 2528 Ad
3371 2473 3660 2542 imperium
3699 2475 3822 2528 enim

569 2543 806 2594 ascendit
831 2536 924 2595 die
944 2542 978 2596 5
1004 2543 1174 2596 Martii
1203 2536 1326 2597 anui
1356 2536 1482 2607 475,
1515 2553 1569 2596 ιιι
1607 2543 1864 2598 discimus
1893 2559 1960 2599 ex
1997 2543 2258 2598 laterculo
2285 2544 2564 2598 consulum
2596 2536 2738 2597 edito
2767 2557 2796 2596 a
2827 2536 3175 2611 Cuspiniano,
3207 2555 3261 2599 et
3283 2560 3312 2599 a
3337 2536 3684 2598 Bollandisﬁs
3713 2556 3822 2598 exa-

568 2613 710 2668 ctius
739 2626 929 2684 recuso
958 2613 1022 2666 ad
1051 2629 1289 2684 normam
1317 2614 1547 2683 exempli
1569 2613 1800 2670 Caesarei
1835 2625 1963 2669 tom.
1999 2615 2082 2676 Vl,
2113 2624 2220 2670 act.
2251 2614 2309 2680 2,
2339 2624 2476 2684 part.
2509 2630 2564 2679 tt,
2596 2629 2716 2684 pag.
2744 2613 2870 2677 188,
2895 2615 2981 2668 ubi
3021 2617 3136 2670 haec
3165 2617 3220 2669 in
3249 2631 3362 2669 rem
3394 2627 3639 2670 neStram
3667 2615 3825 2682 legun-

571 2694 656 2756 t_ur
690 2701 700 2734 :
730 2681 897 2756 Leone
929 2685 1158 2753 Augusto
1187 2683 1229 2756 Υ
1257 2686 1360 2754 (est
1388 2681 1562 2740 annus
1583 2687 1734 2756 475).
1775 2685 1884 2739 Hoc
1905 2687 2112 2741 consule
2150 2681 2442 2740 levatttsest
2464 2681 2741 2752 imperator
2775 2685 3026 2740 Clicerius
3056 2684 3308 2740 Ravenna:
3331 2702 3387 2740 ttt
3414 2702 3580 2740 nonas
3606 2681 3823 2739 Martias.

564 2753 886 2808 Constitutio
915 2765 1093 2810 autem
1116 2753 1322 2826 eadem
1355 2757 1408 2809 in
1439 2757 1572 2811 urbe
1599 2753 1745 2822 data,
1797 2759 2040 2826 signatur
2068 2774 2097 2811 v
2129 2756 2249 2813 idus
2269 2758 2512 2825 ejusdem
2555 2756 2775 2810 mensis.
2810 2756 3019 2812 Directa
3051 2769 3134 2811 est
3163 2756 3230 2812 ad
3272 2757 3664 2822 Himelconem,
3689 2771 3824 2825 quem

570 2827 876 2899 przefectum
913 2825 1163 2899 praetorio
1196 2827 1357 2881 Italiae
1387 2843 1450 2882 ex
1485 2829 1585 2882 hoc
1613 2829 1771 2883 unico
1795 2825 2145 2884 monumento
2165 2829 2580 2899 cognoscimus.
2602 2827 2896 2899 subjicitur
2924 2827 2978 2880 in
3000 2827 3190 2899 eodem
3227 2827 3415 2883 codice
3441 2827 3673 2882 edictum
3699 2826 3824 2899 ejus-

566 2897 687 2949 deut
722 2897 1068 2970 llimelconis,
1097 2913 1203 2966 quo
1234 2899 1422 2952 eadem
1445 2900 1757 2955 constitutio
1791 2903 2123 2970 promulgata
2151 2897 2260 2953 fuit'
2281 2901 2462 2956 Romae
2489 2914 2546 2955 ιιι
2570 2897 2679 2953 kal.
2711 2897 2876 2953 Maias
2896 2898 3021 2953 anni
3051 2899 3313 2968 ejusdem.
3349 2899 3464 2955 Hoc
3493 2914 3700 2969 quoque
3732 2898 3822 2953 edi-

567 2979 710 3021 ctum
754 2969 821 3020 ab
850 2968 963 3031 ipsa
993 2971 1373 3025 constitutione
1395 2984 1503 3024 non
1531 2971 1946 3039 disiungendum
1971 2968 2112 3038 tvpis
2133 2969 2398 3026 dabimus.

1583 3189 2842 3341 DOCUMENTA

1341 3446 1698 3552 JURIS
1776 3440 2034 3549 CAN
2043 3442 2214 3547 ON
2221 3439 2385 3543 ICI
2461 3437 3061 3544 VETEBIS.

1347 3779 1388 3836 ι,
2193 3770 2246 3829 Α
2273 3776 2400 3821 tunc
2427 3765 2642 3821 demum
2675 3764 2812 3820 ordo
2849 3765 3245 3822 ecclesiasticus
3275 3765 3608 3836 singulorum
3631 3779 3692 3821 ex
3717 3779 3822 3818 cons

568 3875 728 3946 635
758 3888 994 3931 canones
1030 3883 1057 3912 ι
1099 3889 1325 3929 conon."
1371 3883 1822 3928 CARTIIAGINENSIS
1863 3879 2158 3922 CELEBBATI
2267 3876 2431 3916 sensu
2465 3858 2704 3914 omnium
2733 3856 2761 3896 ει
2801 3859 3140 3916 astruendus.
3173 3858 3254 3915 Ad
3299 3859 3713 3915 corroborandas
3745 3871 3822 3909 au-

1161 3960 1299 4000 ANNO
1327 3959 1568 4000 ccccxtx.
2270 3961 2375 4007 tem
2435 3951 2657 4006 fratrum
2706 3961 2760 4006 et
2820 3953 3262 4023 coepiscoporum
3323 3962 3629 4008 nostrorum
3681 3962 3822 4019 nuper

570 4038 683 4111 (Uti
719 4039 955 4112 leguntur
994 4040 1046 4094 in
1086 4037 1453 4119 antiquissimis
1483 4051 1604 4090 mss.
1636 4031 2014 4089 collectionibus
2045 4027 2161 4082 lta-
2271 4057 2640 4117 promotorum
2673 4047 2880 4103 memes
2905 4063 2966 4104 ea
3000 4048 3346 4119 proponenda
3375 4056 3533 4115 sum,
3560 4063 3674 4118 qua;
3692 4060 3717 4098 ε
3740 4043 3821 4097 Ρι.

1098 4203 1108 4214 ,
1175 4201 1237 4214 ...
1291 4109 1450 4210 hcfs')
1663 4197 1675 4214 .
2273 4140 2442 4194 tribus
2477 4149 2620 4196 certa
2670 4109 3021 4212 dispositione
3065 4109 3404 4210 accepimus,
3449 4148 3507 4194 ut
3552 4109 3817 4199 'f‘rinitatis,

753 4202 794 4257 Ῐ·
825 4201 905 4257 De
932 4203 1134 4257 mm“
1165 4199 1595 4257 Νίθίτηίίθηείίίί
1625 4196 1968 4253 ⁰¹²³“”³’¹ά¹³’
2271 4250 2430 4305 quam
2475 4236 2527 4289 in
2579 4196 2778 4290 nostris
2822 4234 3069 4290 sensibus
3116 4196 3485 4290 consecratam
3534 4233 3814 4290 retinemus,

643 4337 896 4394 Aurelius
926 4339 1211 4411 episcopus
1241 4338 1375 4394 dixit
1403 4353 1418 4393 :
1454 4335 1481 4375 δ
1513 4335 1639 4391 llaec
1668 4336 1735 4389 ita
1766 4333 1904 4403 apud
1945 4346 2041 4386 nos
2072 4331 2166 4384 ha-
2270 4326 2443 4381 Patris
2475 4336 2530 4381 et
2559 4325 2677 4380 Filii
2705 4335 2760 4380 et
2801 4325 3031 4395 Spiritus
3060 4327 3230 4381 sancti
3263 4326 3555 4392 unitatem,
3582 4337 3692 4394 qua:
3727 4318 3817 4374 nul-

567 4429 762 4485 bentur
788 4431 1118 4501 exemplaria
1158 4439 1504 4495 statutorum,
1535 4444 1654 4499 qua:
1694 4436 1820 4481 tunc
1847 4426 2032 4479 l'atres
2066 4437 2164 4476 no-
2272 4420 2374 4475 lam
2423 4421 2659 4476 noscitur
2714 4419 2912 4475 habere
2964 4418 3355 4483 differentiam,
3404 4419 3545 4472 sicut
3601 4413 3814 4501 dicimus,

571 4522 672 4576 stri
705 4522 772 4577 de
803 4499 1036 4577 conci—lio
1067 4522 1286 4579 Nicazno
1313 4537 1495 4578 secum
1521 4519 1850 4576 detulerunt.
1880 4515 2030 4585 cujus
2061 4514 2169 4568 for-
2275 4522 2298 4550 ε
2330 4513 2399 4567 ita
2431 4522 2483 4568 et
2528 4512 2617 4566 Dei
2653 4511 2904 4582 populum
2945 4512 3293 4567 instruamus.
3324 4509 3456 4565 ltem
3491 4509 3560 4563 ab
3595 4499 3817 4562 universis

571 4625 715 4666 mam
746 4623 1048 4680 servantes,
1077 4614 1190 4670 haec
1209 4631 1328 4685 qua:
1357 4625 1379 4653 ο
1415 4621 1710 4684 sequentur
1735 4610 2046 4675 constituta,
2080 4609 2169 4662 lir-
2272 4607 2538 4677 episcopis
2569 4622 2736 4676 nuper
2773 4605 3036 4676 promotis
3074 4605 3277 4661 dictum
3315 4615 3396 4660 est
3423 4622 3436 4657 :
3472 4604 3634 4659 Plane
3659 4604 3729 4656 sic
3750 4610 3816 4651 ac-

569 4715 711 4762 mata
737 4722 766 4761 a
801 4707 956 4763 nobis
986 4709 1374 4764 custodiantur.
2271 4703 2535 4770 cepimus,
2566 4698 2644 4753 sic
2693 4709 2958 4764 tenentus,
3003 4697 3079 4752 sic
3107 4695 3364 4752 docemus
3402 4696 3563 4752 ﬁdem
3595 4687 3817 4762 evangeli-

930 4802 993 4856 ll.
1027 4802 1105 4857 De
1138 4801 1384 4856 Trinitate
1422 4800 1778 4873 praedicanda.
1962 4867 1970 4876 η
2270 4806 2387 4848 cam
2419 4806 2539 4847 cum
2567 4799 2744 4846 vestra
2773 4789 3017 4846 doctrina
3054 4798 3360 4858 sequentes.

642 4893 964 4950 Universum
1017 4895 1306 4949 concilium
1347 4893 1482 4949 dixit
1516 4911 1529 4948 :
1574 4893 1686 4949 Deo
1734 4891 1999 4963 propitio,
2049 4889 2165 4960 pari
2795 4882 2876 4937 Ill.
2916 4881 2994 4935 De
3023 4882 3358 4974 continentia.
3787 4963 3796 4974 .

565 4985 926 5057 professione,
965 4985 1097 5042 ﬁdes
1133 4985 1496 5042 ecclesiastica
1517 5026 1532 5052 ,
1569 5001 1690 5056 quae
1739 5000 1834 5054 per
1863 4999 1962 5040 nos
1993 4983 2164 5038 tradi-
2340 4977 2590 5035 Aurelius
2617 4976 2902 5046 episcopus
2928 4973 3060 5030 dixit
3088 4973 3261 5048 :Cum
3297 4973 3349 5027 in
3384 4981 3652 5044 praeterito
3673 4973 3816 5024 conci-

566 5087 672 5148 tur,
723 5079 777 5134 in
811 5080 912 5135 hoc
953 5088 1095 5136 coetu
1126 5079 1365 5150 glorioso
1413 5078 1660 5148 primitus
1705 5075 2010 5133 conﬁtenda
2041 5083 2161 5139 est;
2270 5073 2342 5128 lio
2378 5070 2395 5109 ί
2440 5071 2508 5127 de
2543 5067 2906 5137 continentia,
2956 5075 3011 5123 et
3047 5064 3308 5122 castitatis
3347 5064 3702 5156 moderamine
3735 5068 3816 5113 tra-

639 5306 664 5334 ιι
692 5295 873 5350 Codex
910 5296 1026 5350 Vat.
1062 5295 1200 5351 1342
1230 5293 1285 5348 in
1315 5291 1495 5362 tabula
1540 5289 1817 5362 praemissa
1860 5287 2001 5362 hunc
2034 5285 2160 5362 titu-
2191 5285 2237 5346 Β
2267 5281 2778 5362 Cogtqiliorum,pag.
2803 5279 2930 5337 505.
3011 5350 3025 5362 _
3145 5349 3179 5362 ,Δ
3224 5349 3258 5362 Α

565 5367 671 5422 lum
721 5368 940 5433 praefert
980 5350 1130 5423 num.
1177 5366 1246 5420 10
1286 5381 1302 5416 :
1355 5350 1625 5418 Canonitm
1675 5357 2158 5433 Carthaginmsiurn
2265 5427 2279 5433 _
2337 5353 2450 5433 {In
2492 5352 2818 5433 praemissis,
2854 5350 3292 5433 que'brevitatis
3333 5350 3506 5433 gratia
3549 5350 3807 5402 omisimus.

563 5420 1566 5508 iniit-aius.vacuasse1997:
1602 5420 2159 5508 [θαιροιιεα”ςιεοη⁶¹ἔ-
2265 5420 2954 5508 ιθειίεῐθβυιξψιοθηοιίθε
2982 5420 3444 5508 Νίεθθρὶθοθςυὶἓ
3525 5463 3701 5508 .4.-."

1551 5479 1864 5578 {infreni
1897 5479 2158 5578 iniit-olis
2338 5508 2360 5535 ο
2415 5496 2534 5578 Χίεὶι.
2581 5494 2749 5578 1542,
2782 5503 3098 5578 ἐεφηιηιιιν.
3123 5492 3259 5578 Mox
3309 5479 3808 5578 coddkdustell‘i“

563 5558 1148 5635 adhibebimuscitius
1197 5558 1500 5643 variantaes,
1552 5591 1686 5647 quas
1731 5571 2157 5647 Christophorus
2269 5569 2380 5647 lent
2417 5567 2654 5636 ﬁrmata,
2685 5558 2742 5622 et
2781 5558 2982 5621 habent
3022 5565 3404 5620 custodiuntur.
3458 5561 3633 5620 Dion.,
3671 5558 3803 5606 Μεθ’

563 5649 819 5704 Justellus
850 5651 1093 5705 exhibuit
1134 5665 1202 5704 ex
1245 5651 1451 5702 duobus
1499 5643 1627 5702 mss.
1672 5643 2064 5703 Boehardiano,
2103 5650 2159 5695 et
2272 5643 2496 5693 dicntur.

561 5701 1231 5786 diutius},"iiiuiéieiio
1275 5701 1587 5774 Colbertitto
1624 5718 1761 5778 784,
1799 5712 1889 5784 qui
1921 5701 2154 5786 similent
2276 5783 2285 5786 _
2337 5709 2361 5746 (λ
2395 5711 2576 5786 Diom,
2601 5710 2971 5764 adservandtts.
3000 5709 3118 5764 Mox
3147 5709 3285 5764 Just.
3313 5703 3491 5768 codd.,
3514 5701 3589 5755 Ad
3609 5702 3800 5762 cotlll’"‘

562 5790 753 5845 horum
795 5782 1062 5846 canonum
1104 5782 1427 5846 divisionem
1469 5800 1517 5846 et
1562 5789 1788 5843 formam
1819 5782 2154 5853 praeferunt.
2267 5783 2486 5836 bandas.

561 5861 658 5917 Usi
686 5864 846 5917 etiam
889 5877 1076 5917 sumus
1115 5860 1485 5922 variantibus,
1516 5876 1649 5928 quas
1681 5852 2012 5928 ex_L_ucen_si
2046 5867 2160 5928 ms.
2341 5865 2365 5928 ξ
2402 5853 2577 5928 [)io_n_.,
2604 5854 2681 5928 ita
2713 5853 2819 5928 Dei
2838 5852 3071 5928 populor.

564 5931 635 5995 88
669 5932 731 5989 P.
760 5934 1070 5992 Dominicus
1108 5931 1344 5990 Mansius
1386 5923 1554 5990 edidit
1589 5939 1722 5988 tom.
1751 5926 1770 5985 l
1800 5925 2161 5995 Supplementi
2343 5923 2362 5966 ι
2395 5923 2564 5983 Codd.
2593 5924 2757 5990 Just.,
2788 5927 2850 5980 de
2877 5925 3212 5981 continetttt'a‘.
