3998 6346
144 397 252 456 865

1093 401 1506 460 DOCUMENTA
1548 401 1736 461 JURIS
1773 405 2084 464 CANONICI
2129 409 2438 470 VETERIS.

3317 426 3429 489 866

142 523 411 581 ctaretur;
449 515 644 586 gradus
692 516 776 571 isti
807 523 940 581 tres,
970 533 1058 588 qut
1091 519 1470 574 constrictione
1502 517 1727 588 quadam
1757 525 1812 584 Α
1835 521 2049 591 publica
2098 524 2259 578 missa
2293 526 2608 599 presbytero
2647 541 2753 583 non
2802 529 2984 600 licere,
3031 531 3133 590 hoc
3171 539 3420 597 omnibus

143 608 409 664 eaStitatis
447 624 553 679 *per
600 610 1032 664 consecrationes
1083 611 1276 664 adnexi
1323 618 1484 674 sunt,
1539 620 1564 645 ι
1611 613 1724 678 epi-

142 699 326 769 sc0pi,
354 700 603 770 inquam,
639 699 937 771 presbyteri
967 710 1020 755 et
1048 701 1284 769 diaconi,
1316 702 1385 756 ita
1423 701 1643 770 placuit,
1676 710 1732 755 ut

142 794 438 860 condecet,
477 808 664 849 sacros
693 795 960 849 antistites
990 811 1051 850 ac
1087 795 1176 850 Dei
1209 796 1537 860 sacerdotes,
1569 796 1731 866 636

143 899 244 940 nec
275 901 384 938 non
415 894 468 940 et
497 885 704 952 levitas,
735 885 817 941 vel
847 887 934 956 qui
964 886 1314 942 sacramentis
1339 886 1535 942 divinis
1557 887 1729 942 inser-

143 977 328 1042 viunt,
378 977 720 1032 continentes
767 992 888 1032 esse
936 979 988 1032 in
1037 979 1321 1043 omnibus,
1370 995 1476 1049 quo
1525 978 1726 1046 possint

140 1069 462 1138 simpliciter
490 1071 627 1140 quod
669 1085 698 1122 a
745 1071 972 1126 Domino
1013 1073 1280 1141 postulant
1328 1073 1638 1140 impetrare,
1671 1078 1729 1125 ut

143 1161 285 1231 quod
316 1162 546 1232 apostoli
579 1163 906 1230 docuerunt,
932 1172 984 1218 et
1012 1165 1121 1233 ipsa
1155 1165 1390 1219 servavit
1415 1165 1724 1234 antiquitas,

141 1268 240 1308 nos
268 1269 486 1324 quoque
519 1255 906 1310 custodiamus.
932 1253 958 1292 δ
985 1255 1270 1310 FauSIinus
1303 1257 1589 1326 episcopus
1627 1255 1728 1312 Ec-

141 1344 319 1400 clesia:
349 1343 649 1400 Potentina:
678 1348 961 1414 provincia:
997 1347 1206 1413 Piceni,
1238 1350 1440 1419 legatus
1470 1348 1727 1403 Romana:

141 1437 399 1491 Ecclesia:
434 1435 613 1490 dixit:
646 1435 861 1503 Placet,
904 1445 962 1492 ut
1007 1439 1310 1507 episcopus,
1357 1439 1638 1509 presbyter
1675 1446 1728 1492 et

140 1529 424 1596 diaciinus,
458 1530 544 1584 vel
571 1529 657 1600 qui
685 1541 1019 1587 sacramenta
1053 1541 1422 1596 contrectant,
1459 1532 1726 1602 pudicitiae

139 1623 392 1678 custodes
437 1624 505 1678 ab
557 1625 811 1678 uxoribus
856 1641 915 1680 se
960 1625 1280 1681 abstineant.
1334 1627 1417 1682 Ab
1464 1625 1727 1681 universis

135 1715 410 1785 episc0pis
436 1715 635 1770 dictum
667 1725 785 1771 est:
820 1716 1030 1784 Placet,
1057 1726 1113 1773 ut
1153 1720 1202 1772 in
1242 1718 1490 1772 omnibus
1524 1728 1545 1755 ο
1576 1728 1629 1770 et
1657 1715 1725 1770 ab

137 1807 388 1861 omnibus
410 1807 660 1875 pudicitia
692 1809 1023 1864 custodiatur
1051 1811 1140 1880 qui
1167 1811 1320 1865 altari
1349 1813 1664 1866 inserviunt.

329 1923 427 1995 r1V.
467 1921 543 1978 De
569 1924 795 1978 terminis
827 1923 1045 1980 Patrum
1076 1943 1176 1980 non
1203 1927 1525 1980 invadendis.

203 2031 228 2072 δ
266 2019 526 2091 Atirelius
577 2037 859 2108 episcopus
899 2038 1078 2093 dixit:
1123 2040 1375 2095 Avaritia:
1423 2041 1720 2110 cupiditas,

133 2143 291 2200 quam
324 2143 506 2183 rerum
548 2130 787 2184 omnium
839 2131 1096 2186 malarum
1137 2141 1362 2187 matrem
1402 2148 1522 2188 esse
1564 2149 1722 2188 nemo

133 2222 253 2292 quis
279 2222 511 2277 dubitet.
541 2222 776 2279 Proinde
799 2233 821 2260 θ
851 2223 1196 2279 inhibendum
1219 2235 1330 2288 est,
1360 2242 1426 2280 ne
1453 2227 1570 2296 quis
1595 2227 1724 2282 alie-

133 2329 228 2370 nos
258 2313 397 2369 lines
421 2327 668 2384 usurpet,
690 2324 782 2370 aut
804 2332 899 2386 per
921 2317 1197 2387 praemium
1219 2319 1478 2374 terminos
1501 2318 1720 2376 Patrum

132 2417 359 2462 statutos
392 2409 756 2463 transcendat.

505 2522 570 2577 V.
599 2522 668 2578 Ut
695 2524 868 2579 nullus
896 2525 1111 2580 clericus
1147 2531 1358 2598 feneret.

193 2623 312 2680 Nec
340 2624 566 2679 omnino
594 2625 843 2695 cuiquam
883 2626 1203 2682 clericorum
1233 2628 1393 2684 liceat
1434 2627 1503 2685 de
1549 2630 1722 2699 quali-

129 2718 214 2774 bet
245 2732 309 2772 re
340 2715 500 2772 fenus
525 2718 794 2786 accipere.
823 2719 1138 2790 Quanquam
1171 2721 1398 2775 novella:
1424 2723 1724 2792 suggestio-

127 2826 247 2878 nes,
280 2825 407 2881 qua:
453 2811 541 2866 vel
573 2811 816 2866 obscurae
858 2824 981 2867 sunt
1005 2855 1020 2877 ,
1066 2814 1152 2869 vel
1193 2814 1293 2868 sub
1323 2812 1343 2853 ί
1373 2814 1587 2870 diverso
1625 2829 1720 2884 ge-

127 2918 259 2959 nere
307 2902 508 2971 latent,
551 2903 807 2970 inspecta:
854 2919 883 2957 a
933 2904 1109 2971 nobis,
1159 2905 1388 2960 formam
1435 2908 1717 2978 accipient.

126 2997 401 3052 Cmterum
448 2992 515 3048 de
563 2995 755 3063 quibus
816 2998 1152 3064 apertissime
1210 2997 1389 3052 divina
1448 2999 1720 3068 Scriptura

125 3086 340 3153 sanxit,
375 3100 482 3139 non
523 3094 607 3138 est
647 3085 862 3140 ferenda
894 3087 1182 3150 sententia,
1226 3088 1320 3143 sed
1361 3091 1538 3157 potius
1569 3105 1724 3145 exse-

125 3181 364 3251 quenda.
420 3179 650 3235 Proinde
697 3182 836 3251 quod
884 3181 936 3236 in
992 3181 1140 3236 laicis
1188 3183 1622 3252 reprehenditur,
1668 3184 1720 3238 id

1835 614 2031 682 placet.

2145 709 2254 764 Vll.
2299 710 2375 765 De
2411 715 2800 772 reconciliandis
2839 720 3076 788 inﬁrmis.

1908 799 1924 838 ί
1959 802 2208 858 Aurelius
2233 806 2516 876 episcopus
2554 809 2726 864 dixit:
2771 812 2824 867 Si
2856 815 3135 886 quisquam
3184 818 3238 872 in
3278 821 3416 888 peri-

1829 893 1950 948 culo
1978 893 2130 950 fuerit
2163 897 2502 966 constitutus,
2534 910 2588 956 et
2616 917 2675 958 se
2693 907 3044 963 reconciliare
3063 909 3259 967 divinis
3279 913 3416 969 alta-

1830 985 1974 1042 ribus
2003 987 2246 1054 petierit;
2287 989 2332 1042 si
2355 991 2640 1061 episcopus
2668 997 2861 1052 absens
2902 999 3090 1067 fuerit,
3125 1002 3285 1058 debet
3303 991 3418 1060 iuti-

1829 1093 1934 1148 que
1964 1080 2242 1151 presbyter
2267 1081 2546 1137 consulere
2574 1086 2906 1156 episcopum,
2929 1100 2984 1144 et
3010 1093 3087 1148 sic
3110 1096 3419 1163 periclitan-

1829 1177 1934 1225 tem
1965 1171 2081 1239 ejus
2107 1162 2372 1242 prtecepto
2404 1177 2749 1234 reconciliare
2782 1197 2796 1234 :
2831 1197 2989 1249 quam
3020 1162 3133 1239 rem
3155 1187 3414 1245 debemus

1829 1262 2027 1315 salubri
2063 1265 2288 1319 consilio
2318 1267 2595 1324 roborare.
2630 1269 2712 1323 Ab
2742 1271 3008 1329 universis
3034 1277 3302 1346 episcOpis
3327 1281 3413 1334 di-

1829 1363 1973 1407 ctum
2002 1362 2115 1408 est:
2144 1355 2324 1410 Placet
2351 1360 2490 1427 quod
2515 1362 2768 1416 sanctitas
2789 1373 2967 1420 vestra
2997 1372 3299 1427 necessario
3317 1388 3415 1428 nos

1828 1449 2095 1506 instruere
2125 1451 2338 1521 dignata
2382 1464 2484 1508 est.

1883 1560 2010 1616 Vlll.
2067 1563 2080 1614 i
2143 1562 2212 1617 Ut
2252 1563 2275 1601 ¹ί
2320 1567 2494 1622 nullus
2539 1570 2846 1626 criminosus
2888 1571 3034 1628 liceat
3071 1578 3365 1650 episcOpum

2490 1657 2749 1696 accusare.

1901 1749 2176 1806 Numidius
2207 1753 2491 1822 episcopus
2515 1755 2890 1814 Massulitanus
2928 1759 3102 1816 dixit:
3147 1762 3415 1821 Praeterea

1827 1850 1951 1894 sunt
1979 1844 2352 1910 quampluriini
2379 1861 2483 1900 non
2515 1846 2669 1902 bonae
2700 1852 3144 1920 conversationis,
3178 1855 3268 1925 qui
3293 1857 3411 1910 exi-

1756 1924 1805 1984 B
1834 1931 2054 1986 stimant
2101 1935 2333 2003 majores
2365 1949 2489 1991 natu
2527 1939 2608 1993 vel
2638 1941 2921 2008 episcopos
2953 1945 3148 2012 passim
3182 1924 3420 2016 vageque

1830 2022 1883 2076 in
1912 2027 2254 2082 accusatione
2283 2028 2572 2096 pulsandos
2604 2048 2616 2083 :
2647 2031 2847 2086 debent
2876 2041 2985 2087 tam
3013 2033 3168 2091 facile
3201 2037 3416 2092 admitti

1834 2113 1847 2150 ¹
1889 2131 1987 2170 nec
2029 2118 2136 2172 ne?
2167 2121 2416 2175 Aurelius
2467 2123 2752 2192 cpisc0pus
2789 2124 2926 2180 dixit
2962 2142 2978 2178 :
3025 2128 3204 2183 Placet
3259 2131 3419 2198 igitur

1826 2205 2074 2262 cliaritati
2109 2219 2296 2264 vestrm
2330 2223 2385 2265 ut
2428 2213 2470 2266 is
2499 2215 2586 2282 qui
2619 2215 2886 2282 aliquibus
2914 2217 3209 2274 sceleribus
3240 2220 3417 2277 irreti-

1827 2305 1914 2352 tus
1945 2307 2049 2362 est.
2073 2314 2258 2355 vocem
2287 2303 2543 2359 adversus
2575 2306 2808 2376 majores
2834 2316 2958 2363 natu
2983 2325 3088 2364 nou
3112 2311 3305 2366 habeat
3326 2328 3418 2368 ac-

1825 2391 2067 2443 cusandi.
2099 2392 2180 2446 Ab
2207 2394 2470 2450 universis
2502 2398 2770 2468 episcopis
2799 2401 2998 2455 dictum
3033 2413 3117 2458 est
3147 2420 3161 2458 :
3209 2404 3268 2459 Si
3310 2405 3417 2461 cri-

1824 2481 2067 2538 minosus
2097 2494 2181 2539 est
2210 2500 2314 2541 non
2347 2488 2673 2544 admittatur.

2263 2577 2334 2635 IX
2407 2580 2485 2634 De
2523 2587 2991 2642 exeommuuicatis.

1897 2668 2226 2738 Augustinus
2263 2671 2545 2741 episcopus
2580 2676 2784 2744 legatus
2831 2679 3118 2747 provincia:
3147 2679 3408 2738 Numidia:

1823 2759 1959 2817 dixit
1990 2779 2003 2815 :
2039 2763 2150 2818 Hoc
2185 2772 2427 2820 statuere
2455 2767 2780 2838 dignemini,
2811 2781 2866 2825 ut
2896 2773 2942 2827 si
2970 2774 3058 2843 qui
3093 2774 3228 2829 forte
3253 2777 3414 2830 tueri-

1825 2863 1878 2906 to
1901 2854 2192 2910 facinorum
2219 2872 2438 2912 suorum
2467 2859 2533 2913 ab
2576 2860 2814 2916 Ecclesia
2858 2864 2995 2931 pulsi
3028 2875 3181 2932 sunt,
3212 2876 3264 2919 et
3296 2868 3411 2923 sive

1822 2945 1891 2999 ab
1916 2947 2092 3017 aliquo
2115 2948 2369 3018 episcopo
2396 2951 2477 3004 vel
2507 2952 2820 3023 presbytero
2851 2954 3046 3009 fuerint
3085 2958 3136 3010 in
3167 2972 3412 3014 commu-

1824 3038 1985 3093 nione
2014 3041 2277 3109 suscepti,
2311 3041 2470 3097 etiam
2502 3043 2614 3112 ipse
2662 3047 2772 3114 pari
2805 3062 2925 3100 cum
2976 3048 3053 3102 eis
3081 3051 3304 3103 crimine
3339 3063 3412 3105 te-

1827 3139 2016 3186 neatur
2055 3134 2335 3199 obnoxius,
2371 3145 2409 3170 ω
2433 3135 2761 3205 refugientes
2789 3139 2871 3193 sui
2903 3141 3140 3210 episc0pi
3171 3144 3413 3213 regulare

1821 3221 2100 3290 judicium.
2134 3224 2216 3278 Ab
2247 3226 2510 3281 universis
2542 3227 2811 3298 episcopis
2834 3229 3036 3286 dictum
3069 3240 3152 3288 est
3187 3251 3198 3284 :
3228 3235 3413 3290 Ouini-

126 3274 302 3327 multo
330 3273 501 3339 magis
531 3274 690 3328 debet
718 3283 743 3320 ε
773 3284 826 3328 et
855 3275 907 3328 in
937 3273 1148 3329 clericis
1180 3277 1554 3343 praedainnari.
1599 3275 1724 3332 Uni-
1749 3302 1795 3365 ρ

126 3380 344 3422 versum
386 3364 673 3419 concilium
725 3366 903 3420 dixit:
946 3366 1114 3422 Nemo
1159 3377 1345 3421 contra
1406 3368 1718 3438 prophetas,

125 3471 293 3511 nemo
334 3465 523 3511 contra
551 3456 840 3526 Evangelia
871 3457 997 3512 facit
1030 3460 1147 3513 sine
1185 3473 1285 3513 suo
1317 3460 1575 3529 periculo.

163 3572 252 3626 Vl.
305 3569 384 3625 De
413 3571 706 3636 chrismate,
737 3573 813 3625 vel
843 3573 1274 3654 reconciliatione,
1301 3584 1349 3628 et
1395 3573 1687 3644 puellarum

726 3652 1123 3698 consecratione.

192 3758 224 3798 1³
258 3758 589 3813 Fortunatus
619 3759 902 3828 episcopus
931 3759 1100 3814 dixit:
1135 3759 1190 3814 ln
1225 3762 1510 3831 praeteritis
1541 3759 1722 3818 conci-

122 3855 207 3909 liis
252 3859 519 3904 statutum
569 3850 910 3906 meminimus
954 3867 1096 3921 esse,
1133 3861 1190 3906 ut
1231 3853 1485 3918 chrisma,
1518 3855 1603 3909 vel
1639 3871 1720 3907 re-

121 3944 439 4001 conciliatio
469 3942 866 4012 pceuiteutium,
900 3958 999 3998 nec
1027 3959 1132 3998 non
1162 3957 1215 3999 et
1247 3946 1546 4014 puellarum
1591 3962 1722 4001 con-

121 4037 362 4092 secratio
391 4051 419 4088 a
449 4035 773 4106 presbyteris
802 4052 904 4089 non
933 4035 1082 4090 fiant.
1109 4037 1164 4090 Si
1191 4039 1310 4108 quis
1339 4048 1515 4092 autem
1546 4055 1722 4093 emer-

121 4130 253 4185 serit
281 4128 385 4181 lioc
409 4126 629 4192 faciens,
653 4127 777 4196 quid
809 4127 874 4181 de
895 4142 960 4180 eo
982 4131 1319 4182 statuendum
1340 4131 1440 4183 sit?
1473 4132 1720 4187 Aurelius

119 4224 416 4291 episcopus
445 4219 618 4273 dixit:
655 4219 874 4272 Audivit
919 4220 1152 4288 dignatio
1193 4231 1366 4276 vestra
1407 4223 1567 4294 637
1596 4239 1721 4293 sng-

119 4311 431 4380 gestionem
481 4307 657 4362 fratris
705 4317 759 4362 et
806 4311 1110 4379 coepiscopi
1173 4314 1339 4366 nostri
1403 4312 1714 4382 Fortunati,

119 4401 246 4470 quid
281 4400 350 4453 ad
400 4400 515 4453 hinc
552 4399 767 4453 dicitis?
797 4403 879 4455 Ab
921 4403 1186 4456 universis
1213 4405 1479 4474 episcopis
1516 4408 1716 4464 dictum

119 4504 242 4550 est:
278 4493 544 4550 Chrismzc
582 4494 848 4549 confectio
876 4507 930 4549 et
975 4496 1273 4565 puellarum
1313 4504 1647 4556 consecratio
1685 4521 1715 4560 a

122 4589 462 4656 presbyteris
499 4603 605 4642 non
648 4588 768 4652 liat;
799 4588 882 4643 vel
911 4589 1258 4646 reconciliare
1296 4607 1616 4665 quemquam
1660 4601 1714 4655 in

1825 3409 1990 3481 638
2016 3409 2083 3464 X.
2116 3410 2195 3466 De
2221 3411 2302 3466 his
2330 3415 2416 3481 qui
2447 3417 2864 3492 exconimunicati
2889 3419 3076 3473 audent
3112 3420 3302 3492 erigere
3338 3422 3413 3475 al-

2343 3493 2452 3540 tare
2465 3528 2480 3552 ,
2508 3496 2556 3540 et
2585 3488 2894 3555 sacriﬁcare.

1897 3593 2118 3665 Alypius
2172 3598 2456 3668 episcopus
2504 3600 2758 3656 Ecclesiae
2816 3602 3158 3673 Tagastensis
3207 3606 3414 3676 legatus

1826 3689 2120 3754 provincia:
2154 3689 2417 3744 Numidiae
2447 3691 2621 3747 dixit:
2671 3693 2781 3750 Nec
2823 3694 2953 3750 illud
2997 3697 3412 3765 praetermitten-

1825 3778 1950 3833 dum
1982 3791 2095 3847 est,
2123 3789 2180 3834 ut
2220 3783 2264 3836 si
2295 3782 2414 3852 quis
2457 3783 2592 3838 forte
2624 3786 2901 3856 presbyter
2929 3787 2996 3841 ah
3022 3790 3273 3858 episcopo
3312 3804 3412 3845 suo

1825 3882 2131 3942 correptus,
2166 3885 2374 3932 tumore
2397 3878 2478 3933 vel
2505 3880 2758 3947 superbia
2790 3881 3003 3936 inﬂatus
3034 3883 3298 3950 putaverit
3323 3899 3410 3938 se-

1823 3966 2051 4034 paratim
2092 3975 2118 4002 ιι
2166 3968 2423 4024 sacriﬁcia
2455 3970 2566 4023 Deo
2595 3972 2888 4037 oll'erenda,
2922 3973 3003 4029 vel
3029 3974 3170 4030 aliud
3203 3977 3411 4040 erigen-

1824 4057 1950 4112 dum
1967 4059 2137 4114 altarc
2163 4070 2348 4115 contra
2373 4063 2790 4120 ecclesiasticam
2808 4065 2964 4120 lidem
2979 4069 3059 4122 vel
3077 4067 3411 4138 disciplinam

1822 4149 2132 4219 crediderit,
2189 4169 2294 4207 non
2343 4164 2499 4210 exeat
2521 4157 2831 4226 impunitus.
2861 4157 3176 4216 Valentinus
3224 4162 3410 4230 prima:

1822 4243 1965 4298 sedis
1993 4246 2279 4312 provinciae
2309 4246 2570 4301 Numidia:
2597 4249 2738 4304 dixit
2787 4266 2801 4303 :
2834 4251 3147 4306 Necessario
3175 4253 3410 4322 discipli-

1822 4350 1905 4389 na:
1925 4335 2301 4390 ecclesiastica:
2330 4345 2385 4390 et
2413 4337 2532 4392 fidei
2559 4345 2793 4406 congrua
2821 4349 2942 4394 sunt
2973 4357 3091 4409 qure
3115 4342 3281 4396 frater
3305 4359 3405 4396 no-

1822 4437 1932 4482 ster
1961 4428 2185 4498 Alypius
2239 4439 2553 4497 prosecutus
2583 4439 2682 4485 est.
2736 4431 2965 4486 Proinde
3006 4433 3132 4502 quid
3165 4443 3188 4469 ο
3219 4434 3410 4491 exinde

1822 4519 2064 4574 videatur
2109 4530 2300 4575 vestra:
2346 4521 2620 4576 dilectioni
2665 4522 2920 4592 proferte.
2953 4535 2979 4573 P
3019 4526 3100 4580 Ab
3147 4526 3412 4583 universis

1820 4613 2085 4682 episcOpis
2111 4611 2310 4667 dietum
2343 4623 2425 4668 est
2471 4630 2483 4667 :
2510 4614 2565 4670 Si
2589 4614 2708 4684 quis
2740 4616 3022 4688 presbyter
3063 4635 3091 4672 a
3125 4620 3410 4688 praeposito

186 4734 218 4823 ἒ
249 4723 742 4823 Rionnnwiscopos,
768 4724 996 4811 inquam,
1023 4727 1356 4799 presbyteros,
1381 4741 1426 4786 et
1452 4735 1715 4796 diaconos.
1743 4745 1798 4805 D
1826 4745 2085 4823 regulam.
2121 4743 2398 4823 ltaetiam
2423 4749 2634 4823 pra-fert
2665 4749 2952 4823 concilium
2983 4753 3082 4804 sub
3102 4751 3409 4823 Genetlilio,

187 4795 218 4834 δ
255 4795 417 4849 Dion.
441 4811 490 4847 c.
514 4796 569 4848 4.
819 4804 829 4811 ’

190 4878 214 4906 ο
256 4863 435 4920 Voces
461 4866 589 4919 etab
616 4867 846 4920 omnibus
874 4867 1071 4922 omittit
1097 4868 1246 4924 Dion.

186 4935 214 4974 ιι
255 4936 415 4991 Dion.
441 4953 490 4988 c.
519 4939 572 4992 5.

188 5009 332 5090 e_|ta
362 5006 522 5062 codd.
567 5006 705 5063 Just.
736 5009 890 5064 Dion.
923 5026 1080 5076 vero,
1122 5011 1416 5074 inhibenda.
1454 5020 1596 5090 Vat.,
1638 5041 1717 5079 ea-

116 5081 289 5135 venda
299 5119 312 5133 .

192 5150 212 5188 ι
254 5149 421 5204 Dion.
445 5151 646 5204 omittit
673 5151 883 5206 diverso.
928 5152 1046 5210 Mox
1081 5169 1178 5224 pro
1207 5163 1521 5226 exsequenda
1546 5166 1705 5222 codd.

113 5221 262 5277 Just.
299 5225 576 5288 sequenda.

188 5305 217 5341 ε
247 5293 408 5363 Dion.
432 5293 573 5363 delet
593 5301 660 5346 et.
693 5292 825 5349 De‘n
848 5296 1002 5350 codd.
1029 5295 1191 5359 Just.
1217 5296 1447 5358 Universi
1469 5306 1710 5363 dixerunt

114 5361 852 5446 pro_Unic-ersunt'coucilium
888 5369 1038 5421 dixit.
1067 5368 1254 5425 Postea
1297 5389 1388 5428 suo
1416 5361 1712 5446 adiecimus

114 5452 181 5490 ex
214 5435 364 5490 Just.
390 5434 548 5488 codd.

189 5504 219 5542 ιι
258 5505 416 5559 Dion.
439 5521 488 5560 c.
521 5507 570 5562 6.

193 5579 213 5615 ι
264 5575 426 5629 Dion.
472 5591 522 5630 c.
557 5579 608 5630 7.

190 5651 204 5697 i
258 5649 332 5701 Ita
353 5647 485 5722 _cod.
527 5649 640 5700 Vat.
699 5650 850 5705 1542.
894 5651 949 5705 lu
991 5667 1118 5706 mss.
1161 5655 1296 5709 Just.
1326 5699 1339 5722 ,
1391 5658 1454 5710 In
1496 5675 1708 5714 accusa-

113 5722 258 5774 tione
279 5719 634 5789 episcoporum
661 5723 982 5775 criminosum
1013 5741 1110 5778 non
1142 5719 1563 5786 debere—admitti.

189 5790 214 5827 ³*
279 5791 421 5857 Lege
450 5790 581 5842 nulli
618 5793 906 5848 criminosa.

192 5862 207 5898 1
252 5859 425 5916 Codd.
459 5863 596 5918 Just.
631 5873 682 5916 et
715 5863 842 5917 Luc.
899 5866 1096 5920 addunt
1144 5878 1320 5923 contra
1371 5872 1702 5932 apostolicam

1823 4822 1961 4893 c._t5,
1981 4832 2070 4893 _ex_
2090 4816 2647 4893 editioiieﬂolstenii,
2683 4821 2820 4877 unde
2851 4823 2936 4875 hic
2967 4838 3135 4877 canon
3168 4816 3410 4893 sumptus

1826 4889 1942 4942 fuit.
1980 4887 2108 4941 Dein
2145 4903 2240 4955 pro
2270 4889 2524 4958 aliquibus
2545 4890 2816 4946 sceleribus
2850 4893 2967 4947 Vat.
3004 4896 3161 4948 habet
3189 4887 3408 4948 (ali-sce-

1822 4960 1949 5034 lere.
1983 4959 2037 5012 ln
2070 4958 2175 5012 line
2207 4959 2362 5014 Dion.
2395 4960 2542 5034 addit
2576 4960 2751 5016 Placet
2783 4980 2798 5017 :
2828 4968 3182 5034 expunximus
3215 4965 3287 5018 uti
3317 4981 3406 5019 su-

1820 5032 2082 5098 perfluum
2116 5046 2234 5083 cum
2267 5048 2366 5084 ms.
2404 5031 2523 5085 Vat.

1891 5099 2386 5174 n{Burcharduset
2431 5103 2552 5166 lvo,
2604 5106 2992 5174 refugientibus.
3043 5104 3210 5161 Codd.
3265 5106 3404 5162 Just.

1822 5181 1942 5239 post
1962 5172 2220 5242 judicium
2249 5171 2449 5226 addunt
2480 5174 2625 5229 reddi
2657 5171 2852 5230 debere.
2889 5175 3077 5230 Melius
3102 5176 3154 5230 in
3178 5179 3403 5232 concilio

1825 5243 1926 5316 sub
1955 5242 2268 5307 Genethlio,
2304 5260 2352 5298 c.
2387 5245 2441 5310 7,
2487 5261 2552 5299 ex
2606 5263 2710 5316 quo
2761 5250 2844 5300 hic
2892 5263 3060 5302 canon
3123 5259 3405 5314 excerptus

1822 5314 1946 5388 luit,
1987 5322 2104 5383 post
2124 5329 2320 5388 vocem
2353 5317 2575 5388 suscepti
2604 5314 2909 5372 inseruntur
2940 5317 3054 5372 haec
3078 5319 3236 5372 verba
3268 5320 3405 5388 refu-

1819 5385 2012 5461 gientes
2052 5384 2134 5461 sui
2157 5387 2382 5456 episcopi
2428 5387 2658 5457 regulare
2679 5390 2970 5459 judicium,
2994 5402 3047 5445 et
3077 5389 3199 5443 dein
3232 5384 3403 5461 sequi-

1823 5465 1906 5507 tur
1937 5457 2089 5527 etiam
2117 5455 2227 5527 ipse
2252 5500 2264 5522 ,
2293 5465 2399 5512 etc.

1893 5533 1915 5562 η
1951 5525 2075 5597 Mss.
2108 5525 2242 5580 Just.
2266 5569 2278 5590 ,
2311 5545 2363 5581 se
2385 5528 2694 5595 sacriﬁcium
2723 5527 2828 5584 Deo
2852 5531 3053 5597 o/ferre.

1891 5605 1934 5671 ’ξ-
1952 5596 2511 5671 [ξῇοιιλ-ρριθιᾲεπίιιαε,
2542 5598 2666 5671 illex
2700 5596 2922 5670 proferte
2969 5603 3159 5671 legitur
3194 5603 3242 5656 in
3284 5604 3404 5660 Vat.

1815 5674 1869 5719 et
1896 5663 2050 5743 Qolb.
2087 5667 2386 5743 Dionysius,
2423 5668 2620 5722 edicite.
2653 5663 3061 5728 Codeocliard
3084 5675 3220 5743 apud
3240 5674 3402 5741 Just"

1816 5736 2048 5806 proferre
2089 5736 2294 5794 adicite.

1889 5817 1914 5854 ρ
1963 5807 2114 5863 Dion.
2139 5825 2186 5862 c.
2224 5810 2309 5864 ll.
