3998 6346
614 407 726 477 887

1531 415 1621 470 AD
1659 413 1884 470 OPERA
1931 416 1991 471 δ.
2035 412 2281 471 LEONIS
2319 415 2537 473 MAGNI
2576 416 2934 474 APPENDIX.
3732 439 3809 504 εδδ

613 547 711 590 suo
732 538 1008 601 correptus
1055 528 1243 594 fuerit,
1286 527 1656 622 debet‘otique
1681 528 1824 597 apud
1850 529 2058 585 vicinos
2086 531 2203 622 epi-
2230 533 2279 594 Α
2313 542 2476 596 mota,
2505 533 2554 588 si
2591 535 2780 592 relicto
2809 536 3178 596 ecclesiastico
3214 541 3399 604 iudicio
3420 547 3620 618 publicis
3649 552 3810 622 iudiciis

610 633 845 696 ttcoposﬂ
871 621 1158 692 conqueri,
1189 630 1249 675 ut
1276 620 1344 673 ab
1371 619 1500 688 ipsis
1525 619 1642 690 ejus
1660 635 1820 675 causa
1854 621 2022 688 possit
2049 620 2204 676 andi-

610 719 688 783 ri,
728 732 790 771 ac
821 731 916 786 per
947 716 1090 782 ipsos
1112 728 1211 768 suo
1234 713 1488 782 episcopo
1520 714 1884 768 reconciliari.
1921 714 2078 781 Quod
2103 716 2202 770 nisi

608 810 821 873 fecerit,
854 807 950 864 sed
990 808 1238 877 superbia
1262 805 1289 845 δ
1343 806 1513 875 magis
1550 805 1712 878 (quod
1740 805 1902 878 absit)
1950 807 2161 861 inllatus
2184 848 2200 872 ,

609 902 998 959 secernendom
1044 915 1102 955 se
1130 901 1197 954 ab
1226 899 1464 970 episcopi
1495 899 1578 954 sui
1625 900 2008 953 communione
2036 898 2204 953 duxe-

608 996 712 1061 rit,
741 1008 803 1049 ac
842 994 1131 1063 separatim
1165 1007 1286 1045 cum
1318 991 1585 1062 aliquibus
1629 991 1864 1047 scbisma
1892 989 2096 1046 faciens
2123 1003 2205 1046 sa-

606 1088 865 1144 crificium
896 1087 1007 1140 Deo
1048 1085 1337 1155 obtulerit,
1365 1085 1650 1141 anathema
1704 1085 1967 1152 habeatur
2005 1084 2203 1140 nihilo-

606 1183 805 1250 minus,
834 1189 888 1237 et
916 1182 1090 1236 locum
1122 1179 1330 1234 amittat
1357 1194 1372 1233 :
1403 1193 1464 1234 ac
1495 1179 1540 1234 si
1579 1178 1968 1248 querimoniam
2005 1179 2203 1247 justam

604 1277 864 1332 adversus
893 1275 1204 1345 episc0pum
1238 1284 1260 1312 ε
1289 1272 1558 1340 habuerit,
1593 1271 1972 1344 inquirendum
2002 1272 2127 1340 erit.

605 1369 700 1426 XI.
729 1369 760 1406 ά
789 1368 868 1424 De
889 1369 1162 1439 episcOpis,
1207 1368 1532 1439 presbyteris,
1567 1374 1612 1421 et
1645 1367 1874 1422 diaconis
1904 1367 2198 1422 audiendis.

681 1473 704 1502 ε
744 1463 892 1518 Felix
923 1463 1208 1531 episc0pus
1253 1461 1430 1516 dixit:
1477 1461 1719 1531 Suggere
1749 1461 2040 1516 secundum
2090 1469 2200 1517 sta-

606 1564 717 1612 tuta
746 1563 986 1610 veterum
1010 1553 1385 1620 conciliorum,
1415 1553 1541 1607 utsi
1569 1551 1689 1623 quis
1719 1553 2005 1622 episcopus
2033 1550 2198 1623 (quod

604 1664 713 1704 non
737 1647 1004 1719 optamus)
1039 1645 1091 1701 in
1118 1657 1324 1701 reatum
1354 1644 1586 1716 aliquem
1612 1645 1921 1712 incurrerit,
1955 1656 2008 1700 et
2040 1643 2200 1700 fuerit

604 1743 654 1797 ei
679 1740 838 1795 nimia
869 1740 1186 1806 necessitas,
1219 1740 1238 1776 τ
1271 1747 1455 1793 utnon
1477 1740 1686 1808 possint
1716 1739 1934 1809 plurimi
1964 1754 2194 1809 congre-

605 1832 721 1906 gari
748 1850 763 1900 ;
789 1847 856 1888 ne
892 1833 944 1887 in
971 1832 1197 1887 crimine
1239 1840 1536 1896 remaneat,
1569 1847 1596 1884 a
1627 1829 1692 1886 I2
1714 1831 1980 1901 episcOpis
2011 1830 2196 1884 audia-

2313 633 2337 660 ο
2370 641 2599 697 purgare
2628 642 2688 682 se
2719 629 2977 697 voluerit,
3004 631 3216 688 etiamsi
3246 649 3338 705 pro
3365 637 3476 707 ipso
3501 639 3638 698 fuerit
3658 649 3810 714 prolata

2309 719 2593 782 sententia,
2625 719 2800 774 locum
2833 735 2989 777 suum
3027 724 3258 791 amittat,
3289 727 3464 785 ethoc
3489 729 3536 786 in
3564 737 3806 809 criminati;

2309 810 2361 865 in
2392 810 2532 866 civili
2575 826 2726 878 vero,
2761 814 2950 881 perdat
2971 817 3110 885 quod
3138 819 3314 886 evicit,
3344 822 3389 876 si
3419 822 3578 880 locum
3597 843 3720 884 suum
3745 835 3810 886 ull-

2309 902 2482 958 tinere
2510 904 2772 961 maluerit.
2807 905 2920 961 Hoc
2951 908 3114 964 etiam
3153 910 3371 982 placuit,
3417 924 3471 969 ut
3505 930 3532 970 a
3559 919 3810 987 quibusmu-

2307 1012 2412 1067 que
2429 997 2697 1068 judicibos
2729 1000 3106 1057 ecclesiasticis
3146 1003 3211 1057 ad
3245 1004 3380 1060 alios
3402 1005 3596 1076 judices
3617 1016 3809 1067 ecclesia-
3849 997 3861 1026 "

2307 1090 2500 1156 sticos,
2531 1089 2616 1144 ubi
2649 1100 2733 1146 est
2759 1091 2932 1160 major
2964 1094 3280 1164 auctoritas,
3312 1095 3466 1152 fuerit
3503 1113 3808 1171 provocatum;

2306 1200 2412 1241 non
2436 1185 2519 1241 eis
2541 1184 2685 1240 obsit
2713 1201 2940 1255 quorum
2973 1187 3134 1243 fuerit
3160 1189 3330 1244 soluta
3367 1193 3629 1260 sententia,
3661 1195 3696 1248 si
3720 1213 3809 1250 cuu-

2305 1281 2446 1337 vinci
2476 1299 2581 1338 non
2614 1285 2988 1354 potuerintvel
3020 1285 3238 1342 inimico
3272 1290 3448 1342 animo
3483 1289 3726 1359 judicasse,
3748 1295 3807 1348 vel

2305 1374 2477 1445 aliqua
2508 1376 2799 1445 cupiditate
2820 1389 2912 1432 aut
2932 1380 3102 1449 gratia
3122 1380 3416 1449 depravati.
3441 1381 3570 1438 Sane
3591 1386 3626 1438 si
3651 1401 3700 1440 ex
3718 1403 3810 1440 coo-

2303 1481 2464 1523 sensu
2501 1471 2730 1542 partium
2757 1471 2920 1526 electi
2947 1471 3143 1528 fuerint
3160 1472 3392 1543 judices,
3420 1475 3570 1530 etiam
3592 1491 3616 1528 a
3635 1477 3809 1546 pauciori

2305 1577 2530 1616 numero
2558 1578 2716 1634 quam
2757 1565 3108 1620 consumtum
3137 1574 3243 1632 est,
3292 1583 3400 1622 non
3441 1567 3588 1624 liceat
3612 1578 3634 1618 Ρ
3667 1585 3810 1640 proru-

2303 1666 2446 1707 care.

2799 1743 2916 1800 XV.
2964 1746 3041 1802 De
3080 1749 3409 1821 spectaculis.

2375 1856 2577 1914 Placuit
2617 1869 2672 1913 ot
2712 1861 2804 1915 filii
2836 1861 3181 1918 sacerdmum
3217 1863 3517 1942 spectacula
3557 1865 3807 1920 saecularia!

604 1934 710 1993 tur,
735 1935 788 1982 et
818 1925 1096 1996 presbyter
1127 1940 1154 1978 a
1184 1923 1216 1978 6
1266 1934 1290 1972 κ
1320 1924 1405 1980 vel
1446 1924 1478 1977 7
1503 1923 1769 1993 episcopis
1806 1939 1926 1978 cum
1979 1923 2191 1994 proprio

2303 1964 2408 2003 non
2440 1959 2644 2005 tmtum
2674 1968 2780 2006 non
2804 1952 3113 2017 exhibeant,
3157 1955 3253 2010 sed
3283 1940 3400 2009 nec
3427 1965 3679 2024 spectent:
3721 1958 3806 2013 licet

602 2033 702 2076 suo
729 2019 980 2090 episcopo
1007 2017 1272 2083 audiatur,
1305 2026 1360 2072 et
1389 2017 1647 2072 diaconus
1677 2031 1707 2071 a
1735 2016 1924 2072 tribus.

956 2131 1069 2186 XII.
1109 2131 1186 2186 De
1213 2131 1512 2186 ordinandis
1538 2131 1810 2204 episc0pis.

672 2247 698 2287 ιι
738 2246 984 2304 Aurelius
1004 2247 1290 2317 episcopus
1322 2245 1459 2301 dixit
1487 2263 1500 2300 :
1525 2245 1660 2312 Quid
1683 2246 1749 2301 ad
1781 2247 1894 2302 haec
1917 2246 2045 2302 dicit
2065 2261 2194 2302 san—

598 2341 757 2400 ctitas
781 2339 1000 2396 vestra?
1041 2339 1124 2396 Ab
1157 2339 1420 2395 universis
1443 2339 1711 2410 episcopis
1743 2340 1942 2396 dictum
1974 2353 2055 2397 est
2091 2359 2102 2394 :
2149 2341 2200 2397 Δ

517 2461 522 2464 ·
598 2434 756 2490 nobis
779 2442 1018 2489 veterum
1044 2440 1239 2485 statuta
1267 2430 1468 2486 debere
1497 2432 1720 2498 servari,
1750 2431 1910 2490 sicuti
1939 2441 1994 2488 et
2013 2434 2198 2490 incon-

599 2527 741 2584 sulto
771 2522 1180 2595 primate639
1224 2524 1484 2591 cujusque
1538 2523 1828 2590 provincia:
1882 2531 1989 2576 tam
2043 2526 2198 2580 facile

600 2633 709 2674 non
737 2624 1064 2686 praesumant
1090 2615 1238 2668 multi
1264 2614 1572 2683 congregati
1615 2612 1855 2684 episcopi
1882 2615 2196 2686 episc0pum

600 2709 873 2765 ordinare.
912 2704 1014 2762 iSi
1056 2720 1183 2760 vero
1214 2706 1508 2760 necessitas
1545 2703 1729 2772 fuerit,
1779 2714 1889 2760 tres
1920 2708 2192 2777 episc0pi,

601 2801 657 2859 in
679 2813 996 2872 quocunque
1022 2798 1138 2852 loco
1168 2796 1295 2866 sint,
1323 2797 1440 2865 ejus
1462 2806 1730 2868 praecepto
1751 2797 2004 2854 ordinare
2026 2799 2193 2855 debe-

601 2895 1079 2966 buntepiscopom.
1105 2891 1171 2946 Et
1193 2892 1238 2946 si
1255 2893 1374 2962 quis
1388 2899 1576 2947 contra
1601 2907 1753 2947 suam
1779 2892 2194 2962 professionem,

601 2993 681 3048 vel
706 2988 1150 3059 subscriptionem
1179 2987 1387 3042 venerit
1413 2988 1465 3040 in
1509 2986 1723 3058 aliquo;
1754 2987 1868 3057 ipse
1922 2987 1934 3036 i
1975 2987 2043 3042 ab
2093 2986 2196 3042 hoc

601 3093 742 3141 ctetu
770 3081 1128 3154 separabitor.

603 3197 740 3256 Xlil.
787 3199 864 3254 De
906 3199 931 3236 κ
963 3199 1185 3269 legatum
1221 3196 1633 3269 Tripolitanum,
1687 3206 1733 3252 et
1776 3197 1839 3252 de
1867 3195 2193 3268 presbytero,

1101 3299 1148 3344 et
1175 3290 1392 3344 diacono
1422 3288 1700 3347 audiendo.

679 3408 696 3448 1
729 3410 867 3467 Sane
899 3409 1098 3481 placuit
1123 3408 1192 3463 de
1219 3406 1680 3477 Tripoli,propter
1711 3408 1943 3478 inopiam
1971 3407 2188 3476 provin-

602 3502 719 3572 πίω,
754 3512 810 3557 ut
839 3516 975 3557 unus
1000 3500 1282 3570 episcopos
1301 3498 1356 3553 in
1379 3498 1703 3568 legationem
1735 3500 1933 3564 veniat,
1959 3507 2014 3554 et
2037 3508 2096 3553 ut
2119 3500 2189 3555 ibi

601 3598 880 3668 presbyter
903 3611 930 3648 a
961 3597 1196 3665 quinque
1227 3593 1476 3646 audiatur
1503 3591 1804 3662 episcopis,
1849 3601 1905 3646 et
1933 3591 2192 3647 diaconus

600 3706 628 3746 a
664 3692 851 3756 tribus,
883 3699 940 3744 ut
969 3688 1220 3760 superius
1251 3694 1608 3741 memoratum
1633 3694 1738 3754 est,
1760 3691 1800 3721 ω
1825 3685 2045 3754 proprio
2072 3685 2190 3755 epi-

600 3775 762 3852 scopo
792 3783 1086 3838 residente.

638 3877 775 3931 XIV.
821 3875 887 3930 Ut
925 3874 1056 3928 nulli
1090 3873 1388 3928 clericorum
1425 3870 1572 3924 liceat
1605 3869 1656 3922 in
1687 3869 1888 3939 publico
1906 3869 2161 3940 judicari.

670 3968 974 4038 nQuisquis
1002 3981 1132 4022 vero
1178 3965 1579 4036 episcoporum,
1631 3962 2099 4032 presbyterorum,
2143 3970 2198 4017 et

605 4063 973 4128 sliaconorum,
1005 4075 1099 4115 seu
1127 4059 1471 4126 clericorum,
1491 4071 1610 4112 cum
1639 4055 1692 4110 in
1725 4055 1964 4110 Ecclesia
1994 4056 2041 4111 ei
2074 4055 2190 4111 fue-

602 4153 669 4210 rit
697 4153 902 4208 crimen
934 4151 1255 4217 institutum,
1300 4148 1385 4205 vel
1423 4147 1594 4203 civilis
1633 4161 1796 4203 causa
1837 4146 1999 4203 fuerit
2040 4164 2189 4204 eom-

669 4349 694 4378 ἰ
723 4338 860 4396 Cod.
891 4337 1102 4394 Thuan.
1123 4379 1138 4404 ,
1173 4331 1457 4390 convenire.
1500 4334 1759 4388 Bocbard.
1780 4375 1794 4398 ,
1829 4336 2106 4390 conveniri.

669 4411 694 4450 δ
727 4413 882 4466 Dion.
917 4409 1060 4465 delet
1088 4409 1249 4478 magis
1269 4451 1282 4475 ,
1313 4422 1375 4460 ac
1404 4407 1531 4463 dein
1561 4406 1913 4460 nihilominus.

673 4495 693 4539 .°
730 4483 860 4536 Dion
891 4495 1011 4534 cum
1045 4479 1165 4534 Vat.
1213 4479 1400 4533 inserit
1445 4495 1547 4532 non
1581 4494 1597 4532 :
1657 4477 2015 4546 expunximus
2062 4493 2186 4534 cum

599 4553 808 4608 Justelli
840 4551 1142 4614 codicibus,
1175 4564 1241 4604 eo
1262 4549 1402 4620 quod
1430 4547 1545 4604 hanc
1577 4551 1795 4620 negatio,
1818 4561 1942 4620 fnon
1978 4550 2187 4620 legatur

599 4624 652 4679 in
683 4640 729 4705 c.
766 4625 798 4678 8
827 4623 1038 4747 fo'ncilii
1070 4621 1169 4677 sub
1197 4619 1505 4685 Genethlio,
1548 4636 1619 4674 ex
1651 4635 1756 4688 quo
1786 4619 1871 4672 hic
1898 4619 2072 4674 canon
2103 4637 2190 4675 rc.

601 4704 798 4747 uetitos
853 4705 947 4747 utt.

601 4697 798 4766 petitus
830 4697 947 4766 fuit.

2221 3299 2270 3364 C

2301 2041 2405 2095 hoc
2447 2055 2663 2110 semper
2700 2041 3021 2099 Christianis
3062 2043 3226 2117 ϐω
3266 2044 3513 2101 omnibus
3543 2045 3808 2103 interdictum

2300 2134 2390 2200 sit,
2423 2144 2479 2189 ut
2507 2137 2595 2191 ubi
2631 2137 2978 2206 blasphemia:
3005 2148 3130 2193 sunt
3161 2149 3183 2176 τ
3229 2140 3450 2196 omnino
3480 2157 3577 2195 non
3603 2143 3808 2196 accedant.

2539 2247 2679 2303 XVI.
2744 2248 2810 2303 Ut
2840 2247 3013 2303 clerici
3035 2266 3136 2304 non
3161 2251 3263 2305 sint
3285 2250 3617 2306 conductores.

2375 2351 2396 2380 ³
2451 2343 2719 2413 Episcopi,
2755 2343 3054 2415 presbyteri
3096 2353 3151 2400 et
3188 2345 3401 2401 diaconi
3434 2363 3531 2401 non
3557 2344 3649 2402 sint
3667 2346 3810 2401 condu-

2299 2446 2477 2492 ctores
2500 2447 2588 2490 aut
2622 2447 2997 2506 procuratores
3015 2481 3030 2505 ,
3062 2453 3161 2492 nec
3190 2439 3304 2493 ullo
3325 2440 3460 2510 turpi
3489 2440 3673 2510 negatio
3697 2453 3736 2494 et
3756 2442 3810 2493 iu-

2302 2529 2529 2582 honesto
2560 2529 2755 2582 victum
2787 2537 3034 2599 quaerant
3063 2547 3076 2586 :
3106 2530 3230 2601 quia
3250 2533 3523 2601 respicere
3538 2532 3811 2589 debentscii-

2301 2630 2449 2688 ptum
2491 2634 2613 2675 esse
2646 2636 2660 2674 :
2705 2619 2874 2675 Nemo
2903 2623 3133 2676 militans
3173 2621 3286 2678 Deo
3326 2625 3551 2695 implicat
3590 2640 3636 2679 se
3657 2624 3813 2696 negotiis

2299 2713 2652 2768 saecularibus.

2640 2805 2803 2862 XVII.
2853 2806 3111 2862 Jubentur
3137 2807 3356 2865 lectores
3384 2811 3575 2866 nubere.

2372 2921 2648 2988 Lectores,
2673 2935 2792 2976 cum
2813 2919 2877 2975 ad
2909 2935 3078 2976 annos
3098 2920 3402 2994 pubertatis
3425 2922 3734 2994 pervenerint,
3752 2938 3814 2977 ωε

2297 3023 2491 3083 gantur
2516 3022 2608 3068 aut
2639 3027 2836 3069 uxores
2881 3012 3110 3083 ducere,
3155 3025 3248 3070 aut
3305 3017 3660 3073 continentiam
3697 3012 3814 3085 proli-

2299 3107 2422 3164 teri.

2376 3201 2560 3256 XVIII.
2613 3199 2837 3255 Clericus
2873 3203 3009 3270 quod
3044 3199 3409 3286 uel'quantum
3453 3210 3777 3257 commoaavent

2993 3284 3227 3343 recipiat.

2371 3363 2609 3421 Clericus
2638 3365 2682 3421 si
2709 3365 3137 3422 commodaverit
3158 3368 3464 3436 pecuniam,
3497 3366 3731 3438 pecuniam
3754 3376 3816 3417 re-

2299 3458 2492 3529 cipiat;
2538 3463 2581 3512 si
2613 3459 2876 3529 speciem,
2908 3460 3151 3515 eamdem
3198 3461 3469 3530 speciem,
3503 3460 3521 3496 ¹
3563 3449 3819 3530 quantumei

2301 3553 2551 3617 debetur,
2582 3553 2828 3622 accipiat.

2302 3665 2446 3724 XIX.
2497 3666 2624 3719 Ante
2665 3665 2735 3721 25
2777 3684 2939 3722 annos
2967 3667 3140 3722 nullus
3188 3669 3239 3723 in
3285 3671 3468 3725 ordine
3503 3665 3817 3740 promovendis.

2377 3788 2404 3816 ιι
2435 3781 2698 3836 Diaconos
2735 3792 2859 3837 ante
2903 3782 2974 3836 2—3
3011 3798 3181 3838 annos
3233 3785 3444 3852 aetatis,
3482 3783 3563 3839 vel
3603 3779 3816 3854 presbyter

2304 3887 2427 3932 ante
2467 3878 2536 3932 50
2565 3877 2742 3931 nullos
2768 3877 3066 3942 ordinetur,
3097 3894 3269 3949 neque
3307 3881 3536 3949 virgines
3564 3888 3815 3933 consecren-

2302 3977 2409 4033 tor,
2442 3979 2492 4022 et
2518 3978 2572 4021 ot
2596 3968 2825 4024 lectores
2855 3971 3104 4040 pupulum
3136 3986 3242 4024 non
3270 3972 3530 4027 salutent.

2514 4060 2632 4115 XX.
2682 4060 2756 4115 De
2787 4064 3008 4130 primatu
3033 4062 3368 4120 Mauritania
3397 4065 3656 4135 Sitifensis.

2369 4163 2396 4188 ν
2426 4152 2711 4208 Primatem
2746 4169 2872 4208 vero
2913 4155 3188 4225 proprium
3230 4171 3357 4212 cum
3391 4157 3692 4212 Mauritaniae
3726 4150 3813 4208 Sitid

2373 4348 2397 4375 η
2435 4339 2586 4393 Dion.
2612 4355 2660 4395 ρ.
2695 4340 2761 4397 15
2788 4340 2937 4396 addit
2967 4339 3098 4395 Item
3129 4342 3359 4409 placuit,
3393 4354 3467 4400 ut.

2367 4417 2391 4444 ο
2434 4409 2578 4484 Idem
2611 4411 2767 4466 Dion.
2790 4454 2803 4474 ,
2835 4415 3046 4484 purgari
3074 4413 3308 4467 voluerit.
3343 4412 3477 4470 Cod.
3506 4412 3710 4475 Thuanu
3731 4422 3815 4477 1⁷⁸³⁸

2293 4498 2448 4555 gare1
2469 4483 2656 4555 Melius
2684 4499 2808 4538 cum
2837 4483 2952 4540 Vat.
2979 4500 3202 4555 purgare
3221 4500 3295 4539 se.

2365 4563 2391 4601 r
2426 4553 2579 4608 Dion.
2599 4595 2614 4619 ,
2644 4557 2928 4621 provocari.

2364 4633 2391 4699 ft
2429 4627 2580 4678 Dion.
2607 4637 2753 4680 caret
2788 4629 3008 4680 vocibus
3049 4643 3151 4680 non
3181 4635 3404 4682 tantum.
3450 4627 3576 4684 Dein
3604 4625 3708 4681 cod.
3731 4622 3813 4699 Vat,

2295 4696 2457 4750 habet
2483 4699 2570 4749 sed
2613 4714 2702 4751 nec
2731 4708 3023 4764 exspectare
3068 4699 3140 4753 eis
3193 4699 3379 4761 liceat;
3409 4702 3505 4753 hoc
3543 4710 3729 4767 semper,
3752 4695 3815 4744 ubi

668 4762 693 4802 ἀ
738 4765 906 4839 Codd.
939 4763 1101 4831 Just.,
1132 4762 1360 4830 Qualiter
1391 4763 1643 4835 episcopi,
1683 4761 1963 4832 presbyteri
1989 4771 2034 4816 et
2075 4761 2185 4817 αέα·
2212 4754 2267 4816 D
2292 4767 2438 4819 liccat
2470 4784 2746 4834 perperam
2777 4754 2874 4823 fuit
2898 4773 3159 4839 scriptum
3186 4785 3284 4838 pro
3314 4754 3469 4837 licet,
3512 4779 3563 4826 et
3589 4754 3816 4839 exspectare

598 4839 714 4892 coni
739 4836 1042 4890 audiantur.

671 4917 694 4946 ο
747 4909 900 4962 Dion.
935 4923 984 4962 c.
1024 4908 1110 4960 12.

669 4976 689 5017 ί
724 4979 881 5034 Dion.
912 4979 1087 5032 minus
1118 4985 1294 5044 recte,
1339 4992 1442 5030 non
1487 4991 1635 5046 posse
1677 4973 1926 5046 plurimos
1967 4991 2184 5046 congre-

631 5066 729 5104 art.

596 5067 876 5175 gagoDion.
910 5121 1119 5190 ignorat
1165 5120 1243 5174 vel
1283 5119 1314 5173 7
1341 5117 1418 5173 uti
1441 5117 1655 5188 ignorat
1697 5113 1858 5172 etiam
1890 5117 2181 5174 concilium

595 5193 695 5250 sub
717 5192 1029 5256 Genethlio,
1059 5206 1110 5245 c.
1144 5190 1230 5245 10.

671 5263 696 5299 h
735 5263 892 5318 Dion.
926 5278 974 5318 c.
1022 5264 1111 5317 15.

672 5333 686 5371 ί
735 5335 888 5388 Dion.
912 5375 926 5398 ,
965 5333 1062 5387 nisi
1093 5332 1384 5386 necessitas.

669 5408 682 5455 i
726 5405 910 5466 Diou.,
945 5421 998 5457 se
1029 5403 1219 5457 honore
1248 5401 1483 5472 priuabit.
1505 5400 1846 5472 Codeusl.
1869 5444 1883 5468 ,
1915 5420 1968 5458 se
2001 5405 2063 5459 ab
2089 5404 2184 5458 hoc

597 5487 725 5532 coetu
751 5478 1001 5548 separavit
1021 5517 1034 5542 ,
1062 5471 1472 5548 legxseparabit.
1511 5471 1860 5548 Praetulimus
1878 5489 1980 5548 ms.
2015 5477 2145 5530 Luc.
2164 5517 2178 5540 ,

595 5563 751 5615 aquo
792 5544 1058 5602 i'oodicum
1114 5544 1292 5600 differt
1336 5545 1450 5598 Vat.
1484 5545 1574 5615 qui
1624 5545 1796 5598 solum
1849 5544 2011 5600 habet
2034 5564 2180 5616 sepa-

595 5629 753 5672 retur.

669 5689 693 5758 'F
721 5689 859 5756 Lege
889 5689 1052 5758 legato
1080 5687 1422 5758 Tripolitano.

677 5757 692 5795 ι
747 5760 901 5813 Dion.
931 5757 981 5813 c.
1019 5761 1110 5822 H,
1149 5757 1278 5812 Item
1318 5758 1530 5825 placuit.

671 5829 871 5883 m"l‘res
901 5840 1184 5897 sequentes
1230 5843 1388 5881 voces
1438 5831 1689 5882 omittunt
1737 5829 1895 5883 codd.
1955 5828 2094 5885 Just.
2127 5838 2183 5886 et

596 5897 727 5959 Luc.
757 5899 1028 5968 Leguntur
1051 5910 1227 5956 autem
1258 5901 1313 5954 in
1345 5898 1461 5954 Vat.
1488 5909 1544 5954 ut
1569 5901 1623 5954 in
1659 5899 1813 5956 Dion.

2290 4840 2361 4891 eis
2393 4855 2487 4904 pro
2527 4849 2767 4906 spectent.

2366 4903 2399 4946 r'
2448 4903 2602 4963 Dion.
2631 4911 2839 4983 ignorat
2867 4911 3180 4967 adverbium
3209 4914 3453 4980 omnino,
3486 4910 3617 4983 quod
3637 4903 3814 4965 inserui-

2293 4995 2414 5035 mus
2447 4996 2568 5034 cum
2595 4996 2694 5034 ms.
2729 4982 2846 5036 Vat.

2367 5059 2387 5124 ξ
2420 5051 2563 5106 Idem
2597 5053 2750 5106 Dion.
2780 5071 2830 5108 υ.
2864 5053 2949 5107 16.
2982 5063 3037 5108 et
3065 5053 3280 5124 quidam
3312 5056 3482 5110 nostri
3521 5054 3682 5119 codd.,
3729 5047 3817 5101 ΡΜ·

2292 5123 2419 5195 c_uit,
2467 5132 2520 5176 ut
2558 5123 2812 5195 episwpi;
2855 5136 2906 5177 et
2938 5123 3092 5191 dein,
3135 5123 3265 5179 Item
3311 5127 3528 5195 placuit,
3561 5136 3612 5180 ut
3640 5125 3814 5178 lectores.

2297 5193 2365 5246 Et
2393 5205 2596 5261 postea,
2628 5192 2757 5248 Item
2794 5196 3006 5264 placuit,
3052 5207 3104 5248 ut
3134 5192 3372 5252 clericus.

2370 5266 2384 5299 ¹
2424 5264 2628 5340 _Dion._’.
2661 5276 2905 5340 quantum
2931 5268 3162 5332 dederit,
3189 5270 3431 5340 accipiat.
3566 5339 3570 5340 ν
3615 5338 3621 5340 _
3682 5338 3689 5340 _
3767 5331 3774 5340 ι

2364 5343 2388 5370 υ
2424 5335 2498 5389 lla
2524 5337 2642 5391 cod.
2672 5335 2791 5409 Vat.
2828 5337 2980 5392 Dion.
3016 5354 3175 5405 vero,
3199 5339 3266 5394 Et
3293 5335 3349 5394 sit
3376 5350 3496 5395 ante
3531 5338 3690 5409 uiginti
3709 5335 3817 5409 q’flﬂ'

2289 5422 2384 5476 que
2405 5423 2568 5461 annos
2598 5408 2757 5461 (etatis
2798 5424 2887 5461 nec
2917 5410 3123 5464 diaconi
3169 5413 3488 5478 ordinentur,
3531 5405 3615 5464 nec
3653 5405 3819 5474 virgines

2290 5490 2662 5532 consecrentur.

2365 5558 2388 5584 ν
2421 5549 2578 5603 Dion.
2634 5566 2684 5604 c.
2748 5551 2843 5613 I7,
2900 5549 3140 5617 Placuit,
3201 5565 3256 5607 ut
3303 5553 3615 5608 Mauritania
3652 5546 3819 5615 Sitifen-

2287 5620 2375 5679 sis.
2432 5631 2485 5672 ut
2542 5620 2815 5686 postulavit
2853 5625 3119 5690 primatem
3156 5625 3430 5692 provincia:
3488 5623 3741 5680 Numidian
3773 5628 3818 5665 α

2287 5693 2434 5761 cujus
2459 5701 2590 5767 emta
2611 5703 2909 5767 separatur,
2937 5705 2990 5747 ut
3011 5711 3162 5748 suum
3191 5695 3368 5749 habeat
3390 5698 3644 5767 primatem
3669 5707 3684 5746 :
3705 5699 3819 5767 ᾳμςιξι

2286 5757 2711 5837 consentientibus
2741 5765 2973 5818 omnibus
2999 5767 3300 5833 primatibus
3334 5757 3818 5837 provinciarum‘ﬁl’l'

2286 5846 2551 5906 canarum,
2580 5835 2663 5906 uel
2686 5836 2918 5888 omnibus
2949 5832 3196 5896 episcopis
3222 5832 3426 5895 propter
3457 5832 3817 5906 longinquitatem

2287 5898 2471 5956 habere
2509 5905 2756 5971 permissa
2782 5917 2852 5961 est
