3998 6346
1123 477 1532 536 οοουΜΕΝτΑ
1574 473 1768 534 JURlS
1804 471 2117 533 CANONICI
2157 475 2450 535 VETERIS

3354 474 3462 533 870
3481 482 3494 490 ’

165 605 330 666 [cnsis
365 602 603 674 episcopi
635 600 999 672 postularent,
1040 614 1200 655 omne
1229 600 1518 656 concilium
1550 599 1764 670 episco-
1791 598 1842 658 Α
1872 597 2132 668 integram
2189 599 2382 656 habeat
2435 598 2764 656 facultatem.
2841 598 3040 654 Verum
3095 595 3279 653 tandiu
3345 605 3467 664 post

168 713 363 776 porum
389 694 669 759 Numidize,
691 692 1152 748 consentientibus
1172 691 1422 747 omnibus
1448 687 1767 758 primatib’us

169 792 251 848 vel
311 788 577 844 universis
620 785 887 856 episcopis
944 783 1340 855 provinciarum
1386 782 1762 837 Africanarum

169 890 438 954 'propter
483 875 922 950 longinquitatem
975 875 1182 932 itineris
1230 874 1521 929 novitatem
1569 872 1768 929 habere

168 977 437 1049 permissa
467 985 576 1037 est,
607 985 731 1026 cum
750 968 979 1026 consilio
1024 965 1462 1037 Carthaginensis
1514 964 1768 1020 Ecclesia:

169 1068 378 1124 factum
413 1074 516 1121 est.

234 1157 404 1230 651
446 1154 590 1212 XXI.
634 1153 712 1209 De
740 1153 1036 1208 ordinandis
1060 1151 1334 1224 episcOpis,
1362 1151 1441 1206 vel
1471 1151 1693 1205 clericis.

237 1249 264 1288 δ
307 1247 446 1304 Item
489 1246 709 1318 placuit,
745 1256 768 1286 ο
803 1254 861 1300 ιιι
910 1247 964 1299 in
1013 1244 1352 1298 ordinatione
1394 1242 1768 1313 episcoporum

168 1347 249 1403 vel
272 1347 599 1402 clericorum
625 1343 774 1414 prius
794 1342 986 1413 placita
1009 1340 1224 1396 concilii
1248 1339 1341 1394 inti
1351 1349 1562 1394 mentur
1583 1354 1768 1395 eorum

167 1439 395 1494 auribus
440 1438 509 1492 ab
555 1435 955 1491 ordiuatoribus
1000 1432 1134 1497 suis,
1166 1442 1222 1488 ut
1262 1434 1306 1487 si
1343 1431 1542 1503 aliquid
1583 1441 1767 1487 contra

168 1541 370 1586 statuta
403 1529 620 1585 concilii
653 1529 896 1594 fecerint,
927 1527 1242 1597 pmniteant.

169 1644 340 1702 XXII.
383 1642 412 1682 δ
457 1643 523 1700 Ut
565 1643 860 1716 corporibus
892 1645 1264 1767 :efnnctorum
1302 1641 1632 1697 Eucharistia
1669 1660 1771 1698 non

929 1726 1056 1767 etur.

929 1726 1056 1769 etur.

237 1807 460 1861 Dictum
515 1815 599 1862 est
650 1807 793 1861 enim
832 1822 849 1861 :
884 1806 1131 1875 Accipite,
1181 1814 1228 1859 et
1275 1805 1408 1860 edite
1447 1822 1467 1859 :
1509 1805 1770 1861 cadavera

165 1907 353 1955 autem
387 1912 493 1954 nec
518 1899 762 1967 accipere
794 1905 1042 1968 possunt,
1073 1911 1172 1951 nec
1207 1896 1370 1952 edere
1402 1914 1415 1951 :
1449 1908 1500 1952 et
1533 1912 1632 1952 nec
1659 1897 1771 1966 jam

1873 705 2114 746 mensem
2136 693 2430 748 secundum
2455 705 2561 748 non
2582 692 2964 756 communicet,
2989 690 3162 746 donec
3186 699 3460 760 purgetur.

1872 781 1927 838 Si
1974 789 2151 837 autem
2205 782 2273 837 ad
2329 783 2622 839 concilium
2680 781 2982 838 universale
3035 782 3461 836 anniversarium

1871 889 2156 930 occurrere
2184 874 2438 940 noluerit,
2473 885 2531 930 ut
2559 874 2642 931 vel
2675 875 2746 930 ibi
2779 889 2936 930 causa
2969 875 3086 944 ejus
3117 873 3460 938 terminatur;

1873 967 1988 1036 ipse
2023 969 2074 1022 in
2103 982 2162 1022 se
2192 967 2552 1023 damnationis
2581 969 2903 1024 sententiam
2935 967 3136 1023 dixisse
3162 967 3459 1038 jUditCllIl‘:

1875 1067 2116 1126 tempore
2143 1072 2274 1114 sane
2297 1072 2406 1130 quo
2443 1072 2552 1112 non
2579 1061 2963 1126 communicat,
2993 1073 3094 1114 nec
3133 1059 3184 1113 iu
3227 1073 3320 1112 sua
3354 1058 3459 1112 Ec-

1873 1151 2064 1218 clesia,
2114 1149 2131 1188 Ι
2177 1166 2278 1206 nec
2324 1151 2378 1205 in
2425 1150 2678 1220 parocliia
2729 1153 3109 1205 communicet.
3169 1152 3466 1203 Accusatur

1873 1253 2051 1299 autem
2112 1245 2260 1314 ejus,
2312 1243 2358 1299 si
2415 1258 2688 1314 nunquam
2741 1243 2932 1298 diebus
2993 1257 3167 1298 causa;
3219 1225 3462 1297 dicenda:

1873 1337 2136 1402 defuerit,
2172 1349 2204 1390 a
2241 1334 2622 1390 communione
2665 1351 2772 1389 non
2809 1342 3166 1390 removeatur.
3231 1335 3283 1388 Si
3335 1348 3464 1388 vero

1875 1427 2162 1499 aliquando
2202 1425 2432 1483 defuerit
2471 1423 2797 1482 subtrahens
2825 1441 2903 1491 se,
2942 1426 3188 1481 restituto
3231 1424 3282 1478 in
3313 1440 3464 1479 com-

1875 1524 2128 1577 munione
2174 1520 2428 1591 episcopo
2478 1520 2592 1591 ipse
2638 1527 2976 1575 removeatur
3013 1535 3042 1573 a
3082 1521 3462 1575 communione

1874 1628 2185 1682 accusator;
2227 1617 2296 1670 ita
2335 1626 2512 1671 tamen
2553 1622 2608 1670 ut
2651 1629 2750 1671 nec
2789 1613 2890 1684 ipsi
2931 1612 3199 1668 adimatur
3237 1612 3464 1666 facultas

1873 1725 2051 1767 causa:
2094 1709 2434 1781 peragendae,
2479 1709 2523 1764 si
2568 1724 2628 1764 se
2665 1707 2731 1763 ad
2781 1707 2924 1762 diem
2972 1721 3259 1762 occurrere
3285 1715 3323 1742 ιη
3357 1720 3464 1760 non

1876 1803 2136 1873 noluisse,
2167 1801 2265 1857 sed
2295 1817 2404 1858 non
2435 1803 2676 1872 potuisse
2705 1799 3033 1870 probaverit.
3067 1799 3201 1854 Illud
3231 1814 3379 1866 vero,
3410 1807 3466 1854 ut

1876 1911 2000 1953 cum
2031 1911 2190 1968 agere
2212 1895 2437 1966 coeperit
2465 1896 2516 1950 in
2547 1895 2924 1966 episcoporum
2956 1891 3182 1963 judicio,
3217 1893 3262 1948 si
3303 1891 3468 1946 fuerit

164 2003 420 2050 mortuos
475 1991 724 2048 homines
781 1991 1054 2062 baptizare
1115 1990 1273 2047 faciat
1331 1993 1768 2064 presbyterorum
1800 1991 1849 2053 B
1875 1998 1903 2026 ¹¹
1928 1989 2259 2045 accusatoris
2295 2003 2525 2058 persona
2556 1987 2861 2058 culpabilis,
2893 1987 2959 2042 ad
2991 1985 3319 2057 urguendum
3356 2001 3466 2042 non

165 2087 410 2160 ignavia.

437 2177 624 2234 XXIII.
671 2177 740 2234 Ut
767 2177 842 2232 bis
870 2177 923 2232 in
951 2193 1088 2231 anno
1119 2178 1338 2232 concilia
1371 2178 1518 2247 ﬁant.

251 2269 364 2325 Pro
418 2285 520 2340 qua
583 2285 642 2325 re
704 2269 1129 2324 confirmandum
1185 2277 1269 2324 est
1322 2269 1377 2323 in
1433 2269 1533 2324 bac
1587 2280 1770 2325 sancta

163 2363 408 2436 synodo,
441 2369 498 2416 ut
526 2359 819 2417 secundum
849 2359 1066 2415 Nicaeus
1107 2369 1301 2415 statuta
1335 2371 1554 2430 propter
1583 2375 1772 2416 causas

168 2453 605 2518 ecclesiasticas,
638 2467 757 2520 quae
798 2452 865 2505 ad
896 2451 1188 2521 perniciem
1221 2451 1452 2521 plebium
1495 2469 1638 2522 saepe
1681 2469 1772 2509 ve-

165 2556 474 2612 terascunt,
504 2545 732 2617 singulis
780 2545 1079 2616 quibusque
1124 2545 1278 2599 annis
1308 2554 1332 2582 ⁶
1360 2546 1586 2601 concilia
1621 2546 1770 2615 fiant,

162 2638 231 2694 ad
264 2653 409 2708 quos
443 2635 598 2708 [Lege
622 2636 687 2690 ad
715 2634 856 2707 quae]
887 2651 1074 2691 omnes
1107 2634 1396 2706 provincia:
1425 2653 1543 2706 quae
1572 2639 1771 2707 primas

163 2733 334 2787 sedes
385 2729 606 2794 habent,
654 2731 719 2785 de
764 2730 1007 2784 conciliis
1057 2731 1168 2784 suis
1215 2731 1370 2785 binus
1408 2743 1499 2786 aut
1543 2743 1771 2801 quantos

159 2821 433 2892 elegerint
477 2821 758 2890 episcopos
808 2823 1018 2892 legatos
1066 2821 1302 2889 mittant,
1349 2833 1407 2877 ut
1449 2836 1772 2895 congregato

160 2923 444 2970 conventu
479 2911 499 2952 ί
530 2913 740 2982 integro
770 2913 928 2983 plena
961 2915 1131 2983 possit
1161 2928 1283 2969 esse
1312 2915 1622 2971 auctoritas.

483 3003 672 3060 XXIV.
719 3015 743 3052 ε
775 3003 850 3058 De
875 3005 1200 3059 accusatione
1223 3006 1467 3076 episcopi.

234 3093 270 3134 ³³
297 3095 554 3152 Aurelius
580 3097 864 3165 episcopus
893 3096 1028 3151 dixit
1055 3113 1068 3149 :
1108 3095 1123 3133 ί
1159 3097 1217 3153 Si
1248 3098 1368 3166 quis
1394 3097 1769 3169 episcoporum

161 3199 493 3256 accusatur,
551 3189 619 3244 ad
670 3191 950 3258 primatem
1002 3190 1292 3258 provincia:
1341 3192 1508 3258 ipsius
1553 3206 1772 3249 causam

161 3282 382 3338 deferat
408 3290 710 3344 accusator,
737 3295 910 3350 neque
939 3294 966 3332 a
997 3281 1378 3337 communione
1409 3283 1773 3351 suspendatur

160 3378 250 3431 cui
278 3374 492 3429 crimen
517 3373 835 3440 intenditur,
865 3373 966 3428 nisi
987 3373 1052 3428 ad
1077 3387 1290 3428 oausam
1317 3390 1467 3430 suam
1489 3376 1770 3433 dicendam
1797 3378 1846 3442 Ο

161 3464 522 3524 eiectorumi
581 3464 820 3534 judicum
875 3464 964 3519 die
1017 3473 1213 3519 statuta
1271 3465 1463 3520 litteris
1517 3479 1770 3525 evocatus

161 3560 400 3614 minime
454 3557 776 3620 occurrerit,
820 3557 922 3611 ltoc
969 3566 1054 3612 est
1100 3558 1235 3613 infra
1283 3562 1515 3628 spatium
1568 3564 1771 3620 mensis

161 3646 286 3704 kes
340 3664 404 3703 ea
449 3649 538 3704 die
578 3663 684 3717 qua
729 3662 850 3702 eum
898 3648 1099 3703 litteras
1133 3654 1404 3719 acccp‘sse
1444 3654 1768 3709 COttSlilOI'II.

158 3742 326 3811 Quod
351 3744 402 3798 si
433 3744 643 3812 aliquas
668 3759 825 3798 veras
853 3745 1193 3801 necessitatis
1218 3759 1410 3800 causas
1437 3747 1764 3816 probaverit,

159 3838 369 3908 quibus
401 3852 522 3891 eum
554 3850 840 3890 occurrere
881 3852 987 3890 non
1020 3837 1257 3904 potuisse
1297 3839 1640 3895 manifestum
1672 3843 1764 3913 sit,

157 3941 348 3983 causa:
407 3941 518 3981 sua:
565 3927 803 3982 dicendae
849 3927 988 3982 intra
1037 3928 1266 3983 altermn
1319 3946 1561 3987 mensem
1600 3934 1764 4006 642

236 4128 266 4156 ι
306 4116 388 4190 Ita
411 4114 533 4190 cod.
565 4115 704 4190 Vat._
735 4114 839 4168 Alii
888 4113 1044 4190 codd.
1100 4113 1279 4168 minus
1327 4126 1504 4190 recte,
1560 4129 1771 4190 propter

157 4189 313 4259 longi
358 4189 556 4259 itineris
589 4186 879 4240 novitatem.
905 4185 1036 4259 illo;
1082 4201 1178 4256 pro
1217 4188 1466 4259 permissa
1493 4198 1567 4242 est
1596 4185 1768 4246 corri-

154 4256 404 4334 geridum
435 4258 667 4334 videtur,
691 4264 744 4310 et
765 4256 1115 4325 supplendum
1146 4258 1411 4328 permisit,
1451 4260 1620 4331 idque.

234 4329 266 4370 δ
318 4330 478 4383 Dion.
511 4343 558 4382 c.
594 4330 681 4382 I8.

236 4414 262 4442 ε
313 4401 496 4473 Diom,
528 4410 584 4452 ut
615 4398 866 4473 ordinatis
891 4399 1161 4473 episcOpis,
1195 4399 1274 4452 vel
1303 4401 1500 4454 clericis
1525 4403 1672 4473 prius
1699 4405 1765 4457 ab

153 4472 551 4530 ordinatoribus
591 4471 695 4523 suis
731 4471 922 4540 placita
961 4472 1293 4523 conciliorum
1336 4471 1547 4525 auribus
1587 4490 1762 4529 eorum

155 4543 603 4615 inculcentnr,_ne
630 4558 687 4615 se
711 4541 906 4608 aliquid
931 4554 1110 4615 contra
1136 4550 1338 4615 statuta
1351 4543 1560 4596 concilii
1583 4546 1762 4615 fecisse

156 4617 469 4685 paniteant.
499 4612 692 4685 Nostri
719 4627 852 4685 vero
879 4611 1095 4685 codices
1123 4627 1243 4666 cum
1276 4613 1421 4668 edito
1455 4611 1597 4668 textu
1629 4631 1760 4671 con-

151 4682 376 4751 cilium,
406 4683 508 4737 nisi
540 4684 680 4752 quod
719 4682 832 4736 Vat.
867 4683 1040 4752 primo
1080 4685 1195 4737 loco
1234 4699 1327 4751 pro
1356 4686 1562 4738 concilii
1601 4685 1763 4742 habet

152 4774 287 4812 conc
314 4758 613 4828 liorumpat
640 4754 875 4808 secundo
913 4755 1028 4807 loco
1071 4755 1268 4809 retinet
1297 4754 1500 4809 concilii
1535 4772 1552 4809 :
1580 4769 1634 4811 et
1662 4773 1761 4828 pro

151 4831 445 4901 paniteont
469 4825 914 4901 habetpwniteat.

228 4901 258 4936 ά
307 4899 491 4966 Dion.,
521 4897 608 4965 qui
635 4899 786 4971 _liu_nc_
828 4907 882 4949 et
925 4901 1252 4971 sequentem
1279 4911 1540 4952 canonem
1584 4900 1762 4971 jungit

1873 2081 2207 2148 admittatur,
2251 2080 2354 2136 nisi
2395 2080 2639 2151 proprias
2682 2093 2897 2147 causas,
2935 2093 3043 2134 non
3077 2087 3258 2134 tamen
3293 2079 3467 2134 cocle-

1873 2173 2136 2242 siasticas,
2161 2187 2404 2228 asserere
2432 2172 2682 2227 voluerit.

2020 2266 2184 2322 XXV.
2228 2265 2304 2321 De
2332 2266 2661 2337 presbyteris,
2687 2265 2764 2320 vel
2790 2265 3020 2320 diaconis
3048 2265 3320 2319 accusatis.

1948 2370 1972 2396 ο
2016 2360 2352 2431 Presbyteri,
2391 2360 2473 2415 vel
2503 2359 2738 2426 diaconi,
2781 2359 2826 2414 si
2858 2357 3055 2414 fuerint
3082 2357 3334 2424 accusati,
3368 2356 3466 2412 tul-

1867 2451 2057 2524 juncto
2100 2453 2202 2507 sibi
2245 2467 2314 2507 ex
2358 2451 2550 2507 vicinis
2598 2452 2731 2507 locis
2783 2465 2904 2506 cum
2955 2452 3172 2521 proprio
3209 2449 3466 2520 episcopo

1874 2546 2112 2617 legitimo
2137 2559 2362 2600 numero
2389 2544 2746 2614 collegarum,
2764 2558 2898 2615 quos
2921 2543 2989 2598 ab
3012 2543 3201 2598 eodem
3226 2542 3463 2598 accusati

1877 2638 2150 2709 petierint,
2183 2637 2234 2691 id
2256 2643 2360 2702 est,
2389 2652 2494 2691 una
2523 2650 2706 2692 secum
2735 2646 2761 2685 ρ
2781 2635 2836 2690 in
2863 2635 3178 2707 presbytero
3206 2636 3462 2706 quinque.

1874 2731 1930 2787 in
1971 2730 2197 2787 diacono
2243 2730 2352 2786 duo
2387 2730 2623 2799 epiScopi
2665 2743 2883 2785 causam
2923 2730 3234 2795 discutiant,
3275 2728 3463 2783 eadem

1875 2822 2084 2879 dierum
2108 2831 2161 2876 et
2180 2821 2517 2888 dilationum,
2544 2830 2601 2876 et
2621 2835 2651 2874 a
2675 2823 3056 2876 communione
3083 2835 3212 2875 remi
3235 2822 3461 2884 tionum,

1875 2925 1930 2972 et
1965 2917 2303 2972 discussione
2340 2929 2694 2987 personarum
2739 2915 2880 2970 inter
2916 2921 3259 2969 accusatores
3285 2923 3338 2967 et
3369 2927 3463 2968 eos

1873 3009 1964 3080 qui
2002 3019 2343 3073 accusantur,
2383 3007 2552 3061 forma
2603 3013 2834 3061 servata.
2890 3004 3238 3074 Reliquorum
3286 3016 3464 3060 autem

1876 3101 2197 3158 clericorum
2233 3113 2426 3156 causas
2453 3101 2613 3154 etiam
2651 3098 2798 3154 solus
2826 3097 3112 3169 episcopus
3141 3095 3239 3152 loci
3265 3112 3464 3167 cogno-

1876 3204 1991 3250 scat
2021 3204 2073 3248 et
2103 3193 2270 3249 finiat.

1950 3285 2142 3340 XXVI.
2187 3284 2264 3340 De
2299 3284 2542 3356 conjugia
2582 3282 2740 3356 [Lege
2758 3279 3042 3353 conjugiis]
3069 3282 3388 3336 clericorum.

1948 3389 1976 3428 ει
2016 3379 2080 3432 Ει
2120 3387 2176 3432 ιιι
2209 3377 2303 3431 ﬁlii
2348 3375 2666 3432 clericorum
2701 3377 3008 3447 gentilibus,
3049 3383 3141 3430 aut
3173 3374 3463 3444 haereticis,

1878 3482 1968 3528 aut
1996 3457 2352 3528 sebisinaticis
2379 3471 2727 3525 matrimonio
2756 3485 2864 3524 non
2892 3470 3204 3540 junguntur.

2077 3563 2238 3636 643
2280 3561 2491 3618 XXVII.
2538 3561 2614 3616 De
2643 3561 2930 3616 heredibus
2953 3563 3273 3614 clericorum.

1951 3667 1972 3694 τ
2016 3656 2085 3713 Ut
2127 3659 2430 3726 episcopus,
2482 3653 2563 3709 vel
2593 3655 2898 3724 quicunque
2926 3652 3106 3708 clerici
3141 3653 3194 3706 in
3237 3651 3462 3721 eos'qui

1876 3751 2125 3806 catholici
2148 3747 2441 3804 Christiani
2489 3761 2597 3802 non
2634 3755 2780 3815 sunt,
2815 3747 3028 3803 etiamsi
3075 3747 3463 3816 consanguinei

1875 3852 2020 3910 sunt,
2046 3859 2140 3914 per
2165 3844 2509 3896 donationem
2541 3853 2721 3897 rerum
2751 3841 2988 3912 episcopi
3012 3841 3096 3896 vel
3124 3839 3304 3896 clerici
3331 3838 3463 3899 nihil

1873 3940 2074 3998 aliquid
2104 3936 2407 3993 conferant.

1882 4125 2070 4181 Melius
2101 4125 2240 4180 idem
2273 4122 2529 4178 Justellu's
2561 4122 2612 4176 in
2645 4120 2882 4178 editione
2909 4118 3112 4175 codicis
3139 4117 3372 4178 Africani
3394 4137 3462 4179 ex

1877 4213 1978 4251 ms.
2008 4197 2208 4252 Nicolai
2261 4193 2443 4259 Fabri,
2493 4211 2594 4249 non
2643 4194 2864 4247 noluisse
2909 4208 2928 4246 :
2967 4207 3126 4263 quam
3179 4194 3462 4250 lectionem

1875 4268 2148 4323 contexlui
2180 4265 2536 4321 necessariam
2571 4266 2889 4332 recepimus.

1946 4347 1972 4376 η
2007 4339 2176 4403 Codd.
2209 4338 2374 4402 .Iust.,
2403 4345 2672 4390 accusator
2699 4336 2787 4389 ille
2815 4332 3103 4402 culpabilis.

1946 4417 1971 4445 ο
2012 4408 2168 4463 Dion.
2205 4425 2253 4463 c.
2285 4408 2376 4464 9.0.

1942 4491 1972 4529 P
2011 4479 2189 4545 Dion.,
2234 4480 2286 4532 in
2327 4477 2608 4548 presbyteri
2638 4477 2840 4548 nomine
2881 4492 2988 4541 sex,
3021 4475 3072 4548 in
3112 4474 3316 4544 diaconi
3359 4488 3462 4535 tres

1870 4550 2098 4621 ipsorum
2125 4545 2336 4605 causam
2364 4545 2658 4621 discutiant.
2690 4547 2829 4610 Vat.,
2856 4548 2905 4600 in
2932 4545 3225 4621 presbytero
3251 4567 3460 4607 numero

1871 4619 1900 4675 v
1930 4634 2017 4675 aut
2048 4637 2096 4674 vt
2128 4623 2344 4675 diacono
2376 4621 2478 4673 duo
2509 4620 2582 4674 rel
2616 4631 2715 4692 tres
2746 4635 2976 4692 causam,
3005 4627 3111 4692 etc.
3146 4619 3307 4689 Magis
3340 4623 3458 4692 pla-

1869 4694 1978 4747 cuit
2003 4693 2173 4748 codes
2203 4693 2331 4746 Lur.
2364 4706 2484 4745 cum
2518 4707 2621 4758 quo
2653 4691 2702 4743 in
2735 4691 2967 4744 numeris
2992 4691 3238 4761 quinque,
3272 4691 3457 4748 et’duo

1869 4767 2092 4836 episcOpi
2117 4765 2458 4836 conveniunt
2474 4777 2602 4816 mss.
2625 4761 2831 4817 Justeili
2855 4763 3061 4836 ’I‘ltuau.
3085 4763 3451 4836 et_Bochard.,

1867 4849 1987 4889 cum
2019 4833 2311 4904 praesertim
2335 4834 2552 4888 eosdem
2583 4847 2835 4887 numeros
2857 4833 3107 4903 praeferat
3130 4833 3457 4892 Breviarium

1873 4906 2212 4976 Ilipponense
2250 4921 2369 4961 can.
2401 4906 2457 4969 8,
2488 4921 2553 4959 ex
2583 4921 2689 4976 quo
2721 4904 2806 4958 hic
2833 4921 3002 4959 canon
3043 4906 3299 4974 repetitus
3335 4905 3456 4962 fuit.

149 4989 279 5026 cum
320 4965 670 5046 [tragoedi-nti,
706 4967 884 5033 habet,
928 4965 1051 5046 ltern
1085 4967 1296 5046 placuit,
1331 4976 1392 5046 ut
1418 4965 1714 5040 corporibus
1739 4991 1758 5028 :
1786 4982 1842 5044 1)
1867 4965 2016 5046 Quod
2057 4979 2100 5033 si
2144 4977 2233 5031 alii
2267 4965 2476 5032 numeri
2513 4965 2761 5045 superius
2802 4977 3046 5045 leguntur
3073 4965 3193 5029 can.
3229 4977 3313 5046 II,
3344 4979 3460 5031 ani-

149 5053 205 5094 ct
244 5054 348 5107 pro
379 5042 568 5091 dictum
597 5049 784 5092 est.....
810 5049 858 5091 et
889 5054 978 5092 nec
996 5041 1226 5110 jam.....
1254 5039 1514 5109 bap'izore
1544 5049 1760 5109 praefert

148 5117 418 5178 scriptum
446 5123 608 5165 esu...
637 5119 681 5161 et
712 5127 771 5163 ne
789 5107 1009 5181 jant....'
1031 5107 1300 5175 baptizari.
1320 5107 1465 5181 Cod.
1496 5107 1758 5170 Bochard.

152 5176 272 5253 prof
293 5185 407 5252 iam
439 5182 598 5234 habet
626 5176 804 5253 etiam:
1349 5176 1358 5185 ’

228 5263 255 5291 ο
307 5253 488 5315 l)ion.,
522 5251 796 5304 concilium
825 5262 1142 5314 convocetur,
1168 5259 1233 5304 ad
1259 5251 1414 5321 quod.

233 5324 252 5362 ί
304 5323 477 5377 Idem.
514 5323 666 5377 Dion.
702 5323 901 5375 omittit
929 5322 1146 5392 integro.

229 5407 256 5442 ις
304 5393 480 5447 Codd.
511 5393 670 5458 Just.,
714 5393 792 5446 De
814 5395 1063 5446 accusatis
1093 5394 1362 5463 episc0pis.

225 5464 255 5503 ¹³
303 5465 460 5519 Dion.
492 5480 542 5520 c.
571 5465 658 5521 19.

233 5537 250 5574 ί
305 5537 469 5590 Iidem
503 5537 684 5605 codd.,
734 5535 974 5602 Quisquis
1018 5552 1132 5590 vero
1175 5538 1550 5609 episcoporum.
1597 5539 1754 5595 Dion.

152 5609 411 5676 Quisquis
440 5609 813 5678 episcOporunt.

229 5681 244 5730 i
308 5683 378 5754 Ita
411 5679 610 5754 melius
627 5695 746 5754 cum
766 5680 922 5754 Dion.
953 5695 1110 5749 quam
1125 5681 1346 5754 judicio,
1373 5682 1451 5737 vel
1465 5682 1752 5754 judicium,

148 5763 213 5806 ut
253 5753 460 5805 habent
492 5751 689 5806 laudati
721 5751 878 5806 codd.
912 5760 967 5806 et
997 5762 1177 5807 llOSleI‘
1210 5752 1324 5808 Vat.

230 5822 258 5860 ι
306 5823 436 5878 Mss.
467 5821 606 5875 Just.
631 5822 832 5875 addunt
862 5825 1034 5876 unius.

236 5892 251 5930 ῐ
311 5893 458 5946 Dion.
479 5933 494 5957 ,
522 5895 599 5946 vel
628 5894 888 5962 parocltia.

227 5975 273 6033 tu
290 5963 474 6019 Nostri
495 5965 679 6026 codd.,
703 5966 943 6022 noluisse.
967 5965 1122 6022 Dion.
1141 5966 1368 6032 Justclli.
1391 5984 1490 6022 non
1516 5968 1752 6025 voluisse.

1869 5041 2310 5105 madvertendum
2355 5061 2435 5103 est
2489 5041 2610 5102 eum
2656 5041 2917 5101 canonem
2963 5046 3248 5118 repetitum
3290 5041 3456 5104 fuisse

1868 5137 1930 5174 ex
1971 5122 2075 5175 alio
2117 5120 2346 5174 concilio
2385 5119 2484 5174 sub
2509 5118 2815 5181 chetlilio,
2843 5118 2986 5187 quod
3021 5133 3143 5171 can.
3175 5117 3260 5181 10,
3290 5119 3456 5174 colle-

1865 5207 2049 5261 garum
2077 5192 2318 5262 judicum
2344 5205 2627 5262 mimorum
2660 5199 2837 5262 auget.

1938 5273 1965 5312 (ι
2007 5258 2167 5316 Dion.
2219 5277 2269 5317 c.
2328 5261 2438 5328 “22,
2506 5259 2698 5315 Iterum
2737 5258 2991 5328 placuit,
3048 5268 3103 5311 ut
3133 5274 3151 5312 :
3182 5269 3234 5314 et
3295 5261 3454 5330 paulo

1867 5342 1987 5399 post
2016 5333 2215 5388 omittit
2243 5348 2402 5390 voces
2434 5341 2522 5386 out
2553 5330 2907 5393 schismuticis,
2940 5345 3058 5399 quas
3090 5341 3282 5398 praeter
3308 5332 3456 5386 codi-

1867 5397 1958 5461 ces
1989 5416 2187 5461 nostra:
2213 5405 2462 5460 editionis
2498 5405 2744 5475 leguntur
2765 5401 2926 5456 etiam
2958 5397 3016 5456 in
3039 5397 3310 5458 Breviario
3329 5403 3455 5473 Hip-

1871 5477 2115 5543 ponensi,
2139 5491 2188 5531 c.
2212 5475 2300 5529 I2.

1943 5556 1964 5583 τ
2011 5548 2164 5602 Dion.
2221 5563 2269 5602 c.
2313 5549 2406 5615 22,
2453 5546 2520 5601 Et
2560 5556 2614 5600 ut
2658 5546 2712 5600 in
2741 5559 2858 5610 eos,
2905 5545 2990 5615 qui
3033 5544 3269 5600 catholici
3305 5544 3454 5601 Chri-

1863 5619 2017 5673 stiani
2065 5636 2167 5674 non
2213 5630 2366 5686 sunt,
2425 5619 2618 5674 etiamsi
2679 5617 3052 5690 consanguinei
3089 5617 3315 5690 fuerint,
3364 5633 3454 5690 per

1864 5691 2380 5770 donationes-rerum
2428 5706 2638 5744 suarum
2680 5687 2928 5770 episcopi,
2977 5689 3055 5742 vel
3105 5687 3277 5742 clerici
3321 5687 3451 5769 nilnil

1865 5761 2146 5830 conferant.
2173 5761 2387 5819 Initium
2421 5768 2618 5815 nostra:
2647 5757 2920 5827 editionis,
2956 5775 3114 5830 quam
3152 5760 3453 5828 praesertim

1864 5834 2229 5914 eXpressimus
2271 5850 2337 5889 ex
2394 5847 2495 5887 ms.
2559 5831 2702 5896 Vat.,
2744 5846 2865 5886 cum
2919 5829 3176 5888 Breviarii
3213 5845 3333 5886 can.
3387 5829 3454 5886 I5

1863 5913 2116 5960 concinit.
