3998 6346
590 389 686 448 87I

1517 375 1606 429 AD
1646 370 1872 426 OPEBA
1911 367 1972 424 S.
2011 362 2254 420 LEOle
2294 359 2499 416 MAGNI
2540 357 2872 416 APPENDIX

3731 359 3821 418 872

624 499 860 558 XXVIII.
905 497 971 553 Ut
999 491 1220 566 episcopi
1246 489 1385 545 trans
1412 501 1549 540 mare
1577 499 1678 539 non
1707 481 2112 554 proﬁciscantur.
2177 482 2225 536 Α
2252 471 2479 530 concilio
2521 473 2719 528 dictum
2761 482 2844 528 est
2875 491 2885 524 :
2917 471 3046 537 Qua:
3087 477 3263 525 vestra
3301 469 3558 526 sanctitas
3588 479 3613 506 η
3639 473 3818 541 sanxit,

661 606 687 632 ιι
725 593 854 648 Item
880 600 941 644 ut
973 562 1209 658 episcopi
1240 594 1386 638 trans
1414 591 1562 634 mare
1591 591 1698 629 non
1730 573 2154 644 proﬁciscantur,
2252 567 2418 635 justa,
2459 574 2515 620 et
2561 565 2855 629 moderata,
2897 573 2953 619 ct
2995 573 3201 630 sancta,
3246 570 3302 618 ct
3333 563 3442 617 Deo
3474 562 3664 632 placita
3691 572 3817 632 sunt,

589 687 689 742 nisi
734 681 976 740 consulto
1021 679 1206 749 primae
1251 673 1390 730 sedis
1442 672 1694 740 episeopo
1744 680 1856 720 sua:
1902 663 2158 732 cujusque

589 776 899 850 provinciae;
935 783 992 828 ut
1017 773 1083 828 ab
1109 785 1176 826 eo
1209 765 1472 838 praecipue
1501 763 1706 834 possint
1729 771 1941 815 sumere
1963 755 2159 810 forma-

587 883 714 940 tam,
750 868 775 908 δ
803 869 889 924 vel
915 861 1374 923 commendatitias
1404 855 1680 926 epistolas.

905 957 1098 1014 XXIX.
1141 954 1220 1010 De
1245 951 1525 1021 Scripturis
1563 946 1839 1001 canonicis.

723 1055 793 1112 Ut
816 1061 1009 1125 praeter
1035 1049 1319 1106 canonicas
1345 1045 1648 1113 Scripturas
1676 1037 1808 1092 nihil
1837 1037 1893 1091 in
1921 1031 2157 1089 Ecclesia

585 1139 786 1221 legatur
831 1148 932 1203 sub
974 1145 1188 1199 nomine
1225 1138 1522 1194 divinarum
1553 1132 1971 1202 Scripturarum.
2021 1127 2158 1182 Sunt

585 1217 762 1299 autem
801 1238 1074 1294 canonica:
1109 1233 1420 1299 Scripturae,
1464 1225 1515 1280 id
1556 1233 1659 1290 est,
1687 1220 1715 1259 ά
1745 1220 1942 1276 veteris
1970 1217 2157 1272 Testa-

584 1332 749 1390 menti
783 1349 796 1384 :
828 1327 1074 1393 Genesis,
1115 1321 1351 1385 Exodus,
1383 1315 1666 1380 Leviticus,
1697 1309 1933 1377 Numeri,
1968 1309 2158 1363 Deute-

584 1424 918 1486 ronomium,
951 1421 1076 1475 Jesu
1106 1417 1282 1482 Nave,
1314 1412 1578 1477 Judicum,
1607 1406 1771 1473 Ruth,
1801 1417 1825 1444 ο
1852 1405 2155 1475 Regnorum

586 1518 706 1575 libri
736 1525 984 1588 quatuor,
1016 1509 1459 1578 Paralipomenon
1490 1502 1614 1558 libri
1642 1501 1769 1567 duo,
1802 1498 1924 1566 Job,
1954 1496 2158 1552 Psalte-

583 1612 751 1676 rium,
818 1605 1118 1664 Salomonis
1183 1602 1302 1657 libri
1373 1599 1623 1671 quinque.
1692 1593 1711 1633 ί
1769 1593 2154 1663 PrOphetarum

586 1703 790 1771 Esaias,
819 1697 1141 1763 Hieremias,
1171 1693 1435 1761 Ezechiel,
1468 1689 1679 1754 Daniel;
1712 1686 1848 1742 liber
1873 1684 2154 1741 duodecim

585 1791 993 1864 Prophetarum;
1009 1788 1222 1852 Tobias,
1239 1785 1443 1850 Juditli,
1458 1783 1669 1848 Esther,
1688 1779 1871 1835 Esdrte
1888 1775 2007 1833 libri
2025 1777 2152 1831 duo.

585 1854 1006 1938 Macbabaaorum
1028 1877 1144 1933 libri
1167 1877 1291 1932 duo.
1318 1874 1449 1930 Novi
1465 1871 1788 1928 Testamenti
1811 1885 1826 1922 :
1846 1867 2151 1938 Evangelio—
2179 1854 2229 1916 B

584 1989 703 2030 rum
735 1973 858 2028 libri
880 1980 1125 2043 quatuor,
1149 1968 1375 2024 Actuum
1413 1964 1786 2035 Apostolorum
1827 1960 1963 2015 liber
1991 1973 2156 2025 unus,

582 2065 836 2138 Epistolas
852 2064 1001 2119 Pauli
1032 2073 1055 2111 ϐ
1079 2060 1302 2132 apostoli
1324 2072 1548 2114 numero
1569 2053 1987 2126 quatuordecim,
2013 2049 2157 2107 Petri

582 2156 810 2228 apostoli
840 2154 982 2220 dum,
1012 2152 1230 2208 Joannis
1269 2148 1496 2221 apostoli
1538 2157 1669 2212 tres,
1708 2143 1891 2201 Jacobi
1931 2141 2156 2212 apostoli

582 2262 719 2316 una,
761 2249 913 2305 Juda:
940 2247 1170 2316 apostoli
1215 2258 1338 2311 una,
1385 2240 1731 2312 Apocalypsis
1763 2238 1982 2293 Joannis
2021 2233 2156 2289 liber

577 2355 738 2397 unus.
761 2341 871 2395 Hoc
893 2340 1051 2394 etiam
1073 2337 1223 2392 fratri
1251 2345 1307 2391 et
1335 2332 1703 2390 consacerdoti
1733 2340 1917 2385 nostro
1938 2327 2158 2384 Bonifa-

580 2434 666 2490 cio
688 2431 714 2470 δ
742 2431 886 2488 urbis
909 2431 1092 2486 Romae
1113 2430 1399 2498 episcopo,
1432 2425 1519 2480 vel
1569 2424 1689 2479 aliis
1717 2437 1899 2479 earttm
1927 2421 2157 2491 partium

579 2526 845 2594 episcopis
892 2538 989 2592 pro
1037 2519 1400 2578 conﬁrmando
1441 2518 1544 2574 isto
1569 2531 1776 2573 canone
1809 2516 2107 2570 iunotescat
2138 2530 2152 2567 :

579 2620 700 2686 quia
728 2630 755 2668 a
781 2614 1022 2669 Patribus
1048 2612 1065 2650 ί
1090 2613 1161 2666 ita
1190 2611 1491 2680 accepimus
1511 2610 1563 2663 in
1590 2606 1822 2663 Ecclesia
1852 2605 2153 2677 legendum.

677 2725 843 2782 XXX.
887 2725 964 2779 De
1003 2725 1326 2788 continentia,
1360 2734 1405 2777 et
1434 2722 1495 2778 de
1523 2720 1603 2776 Itis
1631 2721 1718 2791 qui
1745 2729 2058 2774 sacramenta

1205 2803 1536 2848 contrectant.

653 2891 666 2940 i
717 2890 1002 2955 Addimus,
1036 2889 1230 2944 fratres
1267 2886 1595 2953 cIiarissimi,
1627 2894 1905 2956 praeterea,
1935 2899 2058 2940 cum
2087 2885 2156 2940 de

576 2982 926 3051 quorumdam
977 2981 1333 3050 clericorum,
1382 2980 1625 3050 quamvis
1673 2979 1933 3034 lectorum
1961 3019 1977 3044 ,
2029 2992 2152 3046 erga

574 3087 775 3129 uxores
832 3074 1077 3144 proprias
1133 3071 1518 3128 incontinentis
1568 3070 1898 3136 referretur,
1955 3067 2154 3138 placuit

579 3167 717 3236 quod
744 3167 874 3222 etin
904 3165 1133 3220 diversis
1169 3164 1334 3236 644
1377 3162 1622 3219 conciliis
1653 3165 1920 3217 lirmatum
1959 3172 2063 3227 est,
2094 3170 2151 3215 ut

2256 660 2637 714 confirmentur
2664 659 2716 712 in
2743 657 3009 713 omnibus.

2435 751 2628 806 XXXI.
2672 750 2740 806 Ut
2777 751 2949 805 nullus
2987 765 3092 805 rem
3113 748 3357 804 Ecclesia:
3384 749 3659 803 distrahat.

2329 874 2354 902 ο
2394 865 2528 922 Item
2554 863 2829 935 placuitaut
2855 877 2967 918 rem
2995 861 3246 918 Ecclesiae
3269 875 3427 915 nemo
3449 860 3663 916 vendat.
3686 861 3816 929 Quod

2257 957 2302 1013 si
2325 955 2564 1012 redditus
2614 969 2720 1010 non
2768 953 2951 1018 habet,
3003 961 3059 1008 et
3111 952 3287 1022 aliqua
3336 951 3500 1006 nimia
3549 954 3816 1010 necessitas

2257 1053 2430 1122 cogit;
2473 1049 2610 1105 hanc
2657 1046 3030 1104 insinuandam
3061 1059 3186 1101 esse
3227 1055 3254 1094 P
3291 1045 3511 1114 primati
3554 1046 3819 1115 provincia:

2258 1146 2446 1216 ipsius,
2478 1154 2537 1199 ut
2572 1158 2695 1198 cum
2729 1150 2927 1196 statuto
2971 1153 3194 1195 numero
3240 1139 3616 1208 episcoporum
3663 1147 3818 1195 utrum

2258 1238 2556 1295 faciendum
2590 1237 2659 1292 sit
2686 1236 2996 1291 arbitretur.
3026 1233 3181 1302 Quod
3209 1232 3253 1287 si
3287 1240 3430 1285 tanta
3458 1239 3614 1301 urget
3651 1246 3820 1286 neres-

2256 1331 2388 1386 sitas
2417 1329 2674 1384 Ecclesiae
2701 1337 2758 1381 ut
2792 1342 2901 1380 non
2939 1324 3111 1395 possit
3148 1331 3272 1378 ante
3307 1323 3615 1386 consulere,
3651 1322 3820 1376 saltem

2256 1423 2458 1477 viciuos
2495 1429 2663 1476 testes
2703 1428 2963 1474 convocet
2991 1419 3296 1487 episcopos,
3329 1429 3528 1469 curans
3557 1413 3627 1468 ad
3655 1414 3820 1468 conci-

2256 1514 2384 1570 lium
2414 1527 2599 1569 omnes
2628 1511 2829 1568 referre
2858 1525 2968 1566 sua:
2991 1508 3244 1564 Ecclesiae
3274 1507 3628 1562 necessitates
3658 1524 3670 1559 :
3697 1505 3820 1575 quod

2255 1607 2302 1663 si
2333 1622 2436 1663 non
2469 1606 2679 1669 fecerit,
2714 1619 2838 1660 reus
2870 1605 2979 1659 Deo
3017 1612 3073 1658 et
3111 1609 3296 1658 sancto
3324 1599 3558 1656 concilio
3587 1599 3820 1654 venditor

2255 1698 2460 1754 honore
2489 1697 2690 1752 amisso
2721 1704 2985 1751 teneatur.

2611 1788 2831 1844 XXXII.
2873 1787 2950 1841 De
2977 1786 3282 1858 presbyteris
3309 1785 3491 1855 lapsis.

2334 1915 2362 1954 ιι
2400 1905 2532 1960 Item
2561 1902 2934 1959 confirmatum
2964 1909 3078 1965 est,
3112 1907 3169 1953 ut
3209 1900 3252 1952 si
3283 1897 3499 1968 quando
3547 1897 3821 1968 presbyteri

2261 1995 2343 2050 vel
2369 1995 2579 2050 diaconi
2601 1995 2652 2048 in
2675 1993 2852 2062 aliqua
2884 2003 2905 2029 τ
2931 1990 3162 2062 graviori
3189 1991 3344 2059 culpa
3372 1990 3606 2044 convicti
3631 1990 3821 2055 fuerint,

2259 2103 2363 2160 qua
2393 2103 2485 2143 eos
2514 2103 2542 2140 a
2573 2086 2873 2142 ministerio
2917 2098 3140 2140 necesse
3184 2084 3254 2137 sit
3293 2082 3589 2150 removeri,
3620 2099 3718 2138 non
3755 2084 3820 2138 eis

2259 2193 2450 2235 manus
2497 2187 2518 2214 ⁸
2568 2177 2653 2233 vel
2701 2186 2951 2248 tanquam
3007 2173 3412 2245 paenitentibus,
3465 2173 3548 2228 vcl
3600 2183 3818 2244 tanquam

2261 2269 2510 2326 ﬁdelibus
2540 2268 2695 2324 laicis
2737 2269 3056 2338 imponatur.

2684 2359 2923 2416 XXXIII.
2965 2357 3043 2413 De
3068 2358 3415 2428 rebaptizatis.

2267 2461 2270 2464 ’
2329 2479 2510 2549 Neque
2539 2475 2954 2548 permittendum
2987 2483 3072 2530 est
3099 2482 3160 2529 ut
3184 2472 3498 2543 rebaptizati
3529 2472 3596 2529 ad
3625 2474 3815 2530 clerica-

2259 2577 2345 2626 tus
2374 2570 2593 2641 gradum
2626 2576 3064 2639 promoveantur.

2257 2680 2496 2737 XXXIV.
2540 2677 2616 2734 De
2652 2679 2849 2734 clericis
2884 2677 3173 2745 audiendis,
3203 2686 3250 2732 et
3289 2677 3351 2730 de
3389 2677 3816 2748 appellationibus.

2336 2798 2350 2832 ι
2395 2795 2524 2851 Item
2556 2795 2749 2866 placuit
2787 2803 2846 2849 ut
2875 2789 3198 2864 presbyteri,
3247 2793 3498 2857 diaconi,
3536 2792 3622 2847 vel
3661 2792 3816 2848 caeteri

2257 2892 2536 2948 inferiores
2576 2890 2758 2946 clerici
2787 2889 2841 2944 in
2871 2888 3048 2945 causis
3094 2901 3224 2958 quas
3255 2887 3563 2952 habuerint,
3597 2886 3640 2941 si
3667 2886 3728 2941 de
3749 2885 3818 2955 ju-

2255 2985 2394 3040 dicio
2425 2985 2794 3055 episcoporum
2826 2997 3042 3037 suorum
3071 2981 3232 3053 645
3263 2983 3439 3052 questi
3493 2981 3704 3047 fuerint,
3751 2980 3817 3034 vi-

2255 3077 2359 3133 cini
2391 3078 2625 3146 episcopi
2654 3091 2746 3131 eos
2774 3090 2895 3130 cum
2922 3088 3190 3130 consensu
3219 3075 3298 3128 sui
3327 3073 3569 3142 episcOpi
3596 3074 3814 3136 audiant,

2255 3177 2311 3225 et
2350 3168 2492 3222 inter
2519 3182 2614 3223 eos
2644 3176 2670 3203 ιι
2700 3165 2955 3237 quidquid
2985 3180 3163 3219 causa:
3192 3163 3373 3229 fuerit,
3405 3163 3660 3218 definiant
3685 3163 3819 3218 adhi-

579 3258 889 3314 subdiacoui
918 3259 1006 3328 qui
1035 3272 1187 3313 sacra
1220 3255 1245 3295 ¹ί
1285 3256 1540 3328 mysteria
1564 3263 1916 3321 contrectant,
1957 3264 2014 3310 et
2037 3253 2152 3309 dia-
2179 3240 2224 3304 C
2255 3261 2349 3318 biii
2378 3267 2445 3316 ab
2473 3261 2551 3314 eis
2577 3261 2836 3329 episcopi,
2884 3256 3037 3324 Quod
3069 3259 3112 3310 si
3153 3264 3205 3311 ei
3229 3255 3296 3311 ab
3326 3256 3404 3310 eis
3436 3255 3815 3325 provOcandum

579 3351 733 3417 coni,
777 3349 1094 3422 presbyteri,
1123 3348 1215 3405 sed
1250 3357 1305 3404 et
1333 3347 1568 3419 episcopi
1599 3347 1890 3403 secundum
1926 3345 1944 3384 1
1979 3347 2154 3416 priora

579 3449 768 3496 statuta
801 3442 960 3496 etiam
987 3442 1055 3495 ab
1084 3439 1339 3503 uxoribus
1365 3455 1424 3495 se
1444 3440 1778 3504 contineant,
1809 3427 2148 3508 ut'tauquatn
2196 3508 2199 3511 _

579 3549 682 3590 non
712 3534 968 3589 habentes
1006 3532 1286 3589 videantur
1313 3547 1453 3588 esse.
1499 3532 1650 3600 Quod
1681 3532 1783 3587 nisi
1812 3531 2055 3597 fecerint,
2082 3531 2150 3586 ab

578 3625 944 3681 ecclesiastico
988 3634 1365 3680 removeantur
1417 3622 1617 3679 officio.
1691 3624 1926 3680 Caeteros
1972 3631 2150 3680 autem

579 3721 801 3776 clericos
828 3718 896 3774 ad
928 3718 1028 3774 hoc
1059 3732 1170 3773 non
1199 3718 1316 3788 cogi
1351 3717 1453 3772 nisi
1500 3716 1778 3773 maturiori
1820 3726 1999 3783 aetate,
2028 3728 2068 3755 ω
2092 3727 2151 3773 ut

579 3811 822 3881 superius
882 3808 1078 3865 dictum
1137 3817 1250 3876 est,
1297 3822 1562 3864 annorum
1611 3809 1700 3864 30.
1752 3807 1834 3863 Ab
1899 3811 2151 3868 universo

650 4005 678 4034 ιι
717 3997 872 4050 Dion.
901 4008 952 4048 c.
979 3993 1068 4048 25.

651 4065 679 4105 ιι
721 4066 897 4130 οἰοη.,
927 4064 1002 4118 uel
1032 4062 1544 4117 commendationem.

656 4147 680 4175 ο
718 4135 875 4190 Dion.
905 4149 954 4188 c.
977 4134 1067 4188 24.

650 4204 678 4244 d
719 4172 1114 4277 ii‘é'éélveiéin
1148 4202 1452 4257 Teslantenti
1479 4203 1676 4261 omittit
1714 4206 1870 4264 Dion.

653 4288 675 4359 ιε
716 4276 1144 4359 non-imam
1270 4345 1281 4356 .

656 4348 674 4386 τ
717 4348 871 4403 Dion.
903 4343 1144 4401 hoc’loco
1164 4343 1281 4398 libri
1307 4345 1372 4399 12
1398 4347 1786 4416 prophetarum,
1815 4357 1869 4404 et
1889 4349 2032 4406 delet
2056 4350 2154 4408 llas

578 4433 740 4478 voces
769 4429 972 4487 postea.

650 4501 674 4538 s
715 4489 860 4543 Idem
883 4489 1035 4542 Dion.
1061 4487 1298 4558 praeterit
1319 4486 1541 4557 apostoli
1563 4505 1796 4544 numera.

648 4558 677 4596 h
718 4559 864 4650 Ideni
897 4567 1048 4650 caret
1085 4561 1300 4650 regibus
1339 4558 1683 4650 ανὺὶδιξίοιμω
1703 4561 1988 4650 Jepiscopo,
2035 4577 2154 4632 qum

580 4637 868 4714 suggerunt
914 4629 1067 4710 codd.
1125 4629 1336 4683 Thuan.
1385 4639 1439 4711 et
1487 4629 1764 4685 Bucliard.‘
1800 4631 1859 4686 In
1900 4629 2022 4688 'Vat.
2052 4629 2154 4704 pro

577 4703 712 4755 urbis
743 4699 918 4752 Roma:
946 4700 1139 4767 legitur
1167 4699 1457 4754 uenerabili.

655 4769 670 4854 ξ
711 4771 894 4857 Diom,
923 4771 1137 4857 “id...”
1171 4769 1401 4840 legenda.

649 4844 666 4892 i
711 4841 865 4896 Dion.
891 4855 939 4893 c.
966 4838 1056 4895 25.
1221 4838 1232 4840 ἡ

649 4911 676 4950 ¹ί
705 4911 874 4967 Codd.
904 4909 1067 4974 Just.,
1101 4906 1398 4964 ministeria.

651 4983 668 5020 ι
715 4983 885 5062 Dion._
913 4979 1074 5062 Just.,
1103 4981 1331 5062 prapria.
1373 4980 1532 5062 At.in
1574 4980 1980 5062 cod..Ecclesiae
2011 4985 2148 5040 Afri-

573 5068 722 5178 cana:
749 5051 890 5136 apud
919 5050 1164 5106 eumdem
1193 5050 1356 5120 Just.,
1392 5052 1586 5120 priora,
1621 5064 1677 5106 ut
1706 5052 1758 5106 in
1791 5069 1919 5108 mss.
1952 5067 2150 5112 nostra:

574 5140 604 5179 e
647 5135 844 5179 ttionis.

645 5204 684 5230 ω
726 5194 900 5248 Verba
928 5201 981 5246 ut
1011 5192 1244 5259 superius
1276 5192 1467 5245 dictum
1493 5202 1565 5245 est
1595 5192 1786 5250 desunt
1809 5195 1858 5248 in
1895 5195 2043 5252 Dion.

645 5272 670 5299 η
711 5263 893 5330 Dion.,
921 5272 994 5317 est
1017 5267 1156 5331 juste
1179 5263 1466 5330 moderata,
1502 5265 1880 5331 conﬁrmamus.

647 5342 671 5369 ο
712 5334 868 5388 Dion.
895 5349 945 5388 c.
975 5334 1068 5388 ‘26.

646 5415 672 5454 ι)
712 5404 853 5466 Vat.,
899 5405 1075 5473 prima:
1115 5404 1404 5474 provinciis.
1450 5403 1609 5461 Forte
1652 5406 1931 5477 legendum
1972 5409 2149 5478 prima:

573 5476 683 5529 sedi
706 5475 1000 5529 provinciae.

647 5494 681 5596 Ill
705 5494 1045 5599 govtnctwé.’

647 5559 658 5583 ⁴
762 5561 870 5600 1οη.
899 5560 949 5599 ο.
1053 5583 1066 5597 .

646 5626 668 5653 τ
709 5615 873 5670 Codd.
899 5615 1058 5680 Just.,
1091 5618 1254 5686 gravi.

576 5694 677 5808 Va;
717 5686 886 5741 Voces
922 5686 999 5740 vel
1035 5693 1274 5755 tanquam
1304 5687 1672 5758 pcenitentibus,
1705 5689 1778 5745 vc!
1813 5689 1953 5746 delet
1981 5691 2146 5750 codex

653 5794 695 5859 Γ
714 5824 866 5880 Dion.
899 5841 950 5882 c.
982 5825 1072 5882 es.

2177 4819 2230 4878 D

2256 3353 2586 3425 putaverint,
2619 3363 2643 3390 ν
2675 3367 2779 3406 non
2814 3357 3102 3420 provocent
3137 3349 3203 3402 ad
3233 3349 3591 3404 transmarina
3616 3347 3814 3418 judicia,

2256 3446 2350 3501 sed
2381 3445 2449 3500 ad
2482 3445 2740 3514 primates
2769 3457 2987 3497 suarum
3034 3441 3450 3512 provinciarum,
3499 3450 3589 3494 aut
3615 3440 3675 3493 ad
3714 3440 3818 3493 uui-

2256 3539 2461 3593 versale
2491 3538 2800 3602 concilium,
2844 3536 2984 3590 sicut
3010 3543 3066 3590 et
3095 3535 3161 3590 de
3189 3535 3458 3604 episcopis
3487 3543 3515 3570 ι
3544 3549 3679 3602 saepe
3703 3546 3819 3588 cou-

2257 3633 2497 3686 stitutum
2529 3640 2633 3685 est.
2680 3629 2761 3684 Ad
2811 3628 3172 3682 transmarina
3218 3635 3398 3682 autem
3438 3626 3528 3696 qui
3575 3625 3816 3695 putaverit

2257 3721 2655 3794 appellandum,
2686 3735 2714 3773 a
2748 3719 2896 3774 nullo
2916 3729 2946 3768 γ
2970 3719 3110 3774 intra
3138 3719 3385 3774 eamdem
3415 3717 3725 3788 provinciam
3756 3714 3817 3771 ad

2257 3815 2690 3874 communionem
2721 3812 3063 3883 suscipiatur.

2334 4011 2358 4038 υ
2387 4001 2518 4056 Tres
2544 4014 2703 4055 voces
2725 3999 2974 4070 quidquid
3000 4011 3167 4070 causa:
3197 3996 3353 4070 fuerit
3381 3993 3522 4062 apud
3564 3993 3704 4070 Dion.
3726 3989 3812 4043 de-

2259 4073 2584 4127 siderantur.
2641 4067 2762 4125 Mox
2814 4067 2946 4125 mss.
2998 4068 3137 4124 Just.
3165 4109 3180 4133 ,
3238 4067 3420 4134 ﬁniant
3474 4067 3812 4117 consentientes

2260 4159 2436 4207 eorum
2465 4143 2709 4213 episcOpi.
2794 4211 2810 4213 _
2854 4159 2858 4163 ’

2333 4225 2358 4251 ν
2384 4205 2460 4266 Ita
2489 4205 2610 4267 cod.
2636 4205 2762 4266 'Vat.
2792 4209 2954 4266 Paulo
2999 4207 3329 4264 dissimiliter
3355 4220 3488 4261 mss.
3529 4205 3681 4268 Just.,
3723 4219 3810 4254 non

2261 4287 2331 4337 eis
2363 4285 2683 4352 permittatur
2711 4283 2809 4336 nisi
2839 4283 2905 4334 ad
2931 4282 3407 4352 primatesisuarum
3441 4276 3810 4352 prouinciarum,

2260 4347 2453 4406 aut'ad
2500 4355 2780 4407 universale
2821 4347 3112 4406 concilium.
3171 4351 3324 4404 Dion.
3381 4347 3580 4401 omittit
3633 4352 3809 4398 tantum

2259 4424 2422 4478 verba
2452 4433 2540 4478 aut
2567 4427 2630 4478 ad
2654 4425 2936 4477 universale
2963 4422 3256 4484 concilium,
3288 4434 3408 4487 qua:
3440 4428 3613 4472 tamen
3646 4429 3809 4469 neces-

2257 4497 2396 4550 saria
2439 4495 2812 4549 demonstrant
2862 4497 3056 4547 litterae
3110 4491 3484 4546 Africanorum
3532 4490 3627 4542 hac
3659 4489 3718 4540 de
3759 4498 3810 4538 re

2256 4566 2471 4634 scriptae
2503 4566 2566 4619 ad
2611 4564 2959 4620 leestinum
3001 4561 3328 4634 pontificem,
3365 4560 3454 4634 ubi
3486 4558 3599 4634 lianc
3628 4555 3809 4634 haben.-

2260 4646 2344 4690 tur
2368 4625 2389 4689 ἐ
2427 4635 2710 4706 Unicuique
2730 4625 3022 4688 concessum
3042 4642 3139 4699 est,
3160 4633 3206 4686 si
3223 4631 3418 4706 judicio
3442 4629 3657 4706 oﬂfensps
3677 4625 3810 4704 fuerit

2257 4708 2598 4778 cognitorum,
2627 4697 2697 4759 ad
2739 4707 2956 4778 concilia
2981 4720 3090 4758 sua:
3117 4697 3405 4778 prouinciaz,
3441 4701 3679 4778 ueletiam
3703 4697 3808 4778 ani-

2258 4766 2450 4831 verale
2491 4766 2778 4845 prouocare.
2834 4775 2943 4830 Hac
2982 4766 3298 4845 auctoritate
3346 4771 3601 4825 Justcllus
3635 4766 3808 4845 eadem

2257 4849 2418 4902 verba
2447 4839 2667 4902 inseruit
2697 4849 2746 4900 in
2781 4847 2990 4901 edendo
3018 4845 3204 4899 codice
3227 4843 3513 4906 Africano;
3556 4850 3608 4892 at
3633 4839 3806 4906 fatetur

2256 4933 2317 4972 ea
2343 4933 2402 4972 se
2424 4933 2527 4972 non
2556 4918 2826 4973 invenisse
2851 4920 2898 4970 in
2931 4917 3055 4970 cod.
3081 4915 3278 4968 Nicolai
3313 4913 3495 4975 Fabri,
3526 4924 3622 4964 nec
3649 4905 3810 4962 iuaIio

2259 4989 2520 5060 Dionysii,
2551 4992 2691 5060 sicut
2718 5003 2817 5042 nec
2847 4987 3103 5060 leguntur
3121 4987 3172 5040 in
3203 4984 3389 5060 Grmca
3424 4981 3661 5036 versione
3683 4978 3810 5046 ejus-

2257 5055 2611 5135 dcm_'codicis
2633 5059 2893 5135 africani,
2908 5055 3303 5135 ’seu‘Dionysii.

2330 5138 2353 5164 κ
2386 5129 2496 5184 Hoc
2520 5130 2659 5198 quod
2680 5145 2814 5199 stepe
2835 5118 2902 5182 de
2927 5118 3203 5196 episcopis
3217 5125 3564 5179 constitutum
3589 5118 3808 5199 traditur.

2262 5214 2366 5253 non
2398 5195 2613 5270 respicit
2640 5195 2866 5268 primam
2895 5195 3121 5268 partem,
3146 5213 3206 5270 ne
3248 5203 3518 5265 provocent
3559 5195 3812 5270 adimus-

2260 5271 2463 5323 marina
2558 5262 2670 5324 lianc
2716 5272 2857 5323 enim
2896 5262 3211 5337 provocatio
3249 5262 3522 5337 "nunquam
3568 5262 3810 5331 episcopis

2255 5340 2542 5396 interdicta
2588 5341 2875 5404 invenitur,
2909 5336 3079 5393 itan
3127 5341 3302 5407 potius
3347 5336 3546 5390 eisdem
3578 5341 3809 5387 concessa

2259 5411 2393 5476 fuit;
2428 5413 2521 5466 sed
2567 5412 2782 5479 respicit
2817 5411 3105 5465 secundam
3150 5416 3376 5477 partem,
3427 5421 3544 5479 qua,
3571 5411 3811 5479 concessa

2257 5481 2356 5534 fuit
2387 5476 2697 5550 provocatio
2722 5482 2790 5533 ad
2818 5481 3061 5551 primates
3090 5476 3297 5551 suarum
3323 5476 3700 5551 provinciarum,
3730 5476 3810 5518 aut

2151 5595 2155 5599 .
2255 5555 2324 5605 ad
2347 5546 2626 5606 universale
2646 5546 2938 5616 concilium,
2971 5553 3044 5604 uti
3084 5550 3320 5617 pluribus
3339 5546 3652 5617 ostendimus
3673 5550 3811 5592 tonio

2257 5623 2294 5676 ll
2409 5623 2883 5747 Obée’rvationibus
2912 5614 2981 5674 ad
3005 5614 3219 5676 dissert.
3259 5619 3292 5672 5
3319 5614 3582 5684 Qucsuelli
3609 5619 3738 5679 part.
3771 5621 3806 5671 t,

2257 5708 2303 5746 c.
2379 5736 2390 5747 .
2418 5710 2470 5746 η.
2571 5732 2584 5745 .

2255 5708 2303 5746 c.
2336 5708 2390 5752 υ.
2418 5710 2470 5746 n.
2493 5708 2584 5747 τι.

2325 5774 2352 5811 .V
2383 5764 2560 5825 Dion..
2584 5765 2717 5819 intra
2743 5763 2967 5818 Africam
2995 5762 3064 5816 ad
3090 5759 3509 5817 communionem.
