3998 6346
153 393 270 450 873

459 511 641 572 XXV.
674 511 749 568 De
774 508 1221 569 excommunicatis
1246 505 1465 562 clericis.

196 640 231 674 ι
261 629 481 689 Placuit
496 630 626 686 item
645 625 895 683 universo
929 622 1160 679 concilio
1187 629 1245 676 nt
1278 619 1370 690 qui
1412 627 1731 673 excommu-

1102 386 1521 448 DOCUMENTA
1558 382 1751 443 εἰυῆιὸ
1786 379 2104 441 σΑΝοιιιοι
2140 378 2456 439 VENERIS.

1750 500 1805 561 Α
1899 495 2017 551 χι.
2049 495 2070 534 ι
2110 502 2305 551 Utnon
2349 496 2502 550 liceat
2527 484 2768 565 episcopo
2810 506 2892 547 res
2917 489 3058 547 tituli
3085 491 3344 551 invadere.

3310 378 3422 440 871

1903 632 2021 689 Non
2064 633 2220 687 liceat
2266 631 2520 702 episcopo
2566 628 2775 685 matricl
2818 627 3077 685 Ecclesia
3116 643 3230 685 rem
3276 631 3420 689 tituli

130 727 355 783 nicatus
377 724 536 782 fuerit
562 737 660 793 pro
677 734 778 777 suo
807 718 1076 790 neglectu,
1105 715 1220 772 sive
1256 713 1566 784 episcopus,
1615 707 1732 764 sive
1834 723 2139 799 presbyteri
2159 725 2243 780 ,ιιι
2272 736 2554 793 usurpata

133 820 370 892 quilibet
403 816 652 884 clericus,
675 823 732 871 et
759 822 1002 883 tempore
1020 802 1598 866 excommunicationis
1619 813 1734 855 sua

1905 828 1946 858 ω
1974 816 2224 876 Aurelius
2240 817 2537 887 episcopus
2561 814 2703 871 dixit
2744 831 2762 871 :
2806 814 2964 871 Juxta
3015 821 3213 871 statuta
3262 814 3426 888 647

131 922 263 971 ante
300 910 632 970 audientiam
664 906 1099 965 communionem
1139 898 1573 973 praesumpserit,
1620 895 1734 963 ipse

1895 913 1999 970 tius
2036 910 2252 968 concilii
2296 907 2604 980 congregati
2647 919 2700 964 et
2722 922 2860 964 mea
2882 906 3270 963 mediocritatis
3300 924 3428 963 sen-

134 1005 180 1063 ἂι
209 1021 283 1064 se
313 1002 677 1063 damnationis
698 998 968 1071 iudicetur
992 996 1287 1069 protulisse
1317 993 1668 1051 sententiam.

602 1111 866 1171 XXXVI.
903 1112 979 1169 De
1006 1111 1276 1167 accusatis.

201 1232 237 1275 δ
266 1233 407 1290 Item
430 1232 630 1304 placuit
655 1237 715 1286 ut
741 1236 1022 1286 accusatus
1046 1225 1129 1283 vel
1156 1232 1438 1284 accusator
1464 1226 1515 1280 in
1535 1236 1601 1281 eo
1617 1223 1737 1280 loco

134 1325 286 1383 unde
316 1332 405 1381 est
444 1323 535 1380 ille
581 1322 670 1393 qui
707 1330 1009 1387 accusatur,
1041 1319 1087 1376 si
1131 1319 1321 1375 metuit
1353 1316 1584 1388 aliquam
1625 1316 1737 1375 vim

138 1416 464 1475 temeraria
479 1411 856 1482 multitudinis,
889 1412 1064 1468 locum
1091 1410 1195 1468 sibi
1221 1410 1385 1481 eligat
1407 1409 1732 1478 proximum,

136 1526 249 1585 quo
309 1525 426 1566 non
470 1509 542 1564 sit
587 1504 807 1562 difﬁcile
862 1513 1029 1562 testes
1079 1503 1395 1576 perducere,
1451 1513 1474 1542 ι
1511 1501 1740 1573 qualiter

136 1615 310 1659 causa
333 1600 455 1671 ejus
485 1598 714 1654 finiatur.

258 1757 275 1770 .
334 1664 498 1767 ἑΧΧ
512 1708 643 1765 VII.
670 1709 750 1764 De
776 1709 855 1764 Itis
882 1707 967 1780 qui
998 1707 1200 1764 ordines
1224 1664 1569 1764 contemnunt.

208 1823 240 1864 δ
275 1826 421 1882 liem
451 1824 651 1897 placuit
672 1831 734 1879 ut
758 1824 1063 1894 quicunque
1090 1819 1275 1878 clerici
1292 1821 1379 1877 vel
1408 1820 1617 1879 diaconi
1642 1834 1741 1891 pro

1839 1005 2062 1061 tentiam
2091 1004 2269 1075 placet
2290 1002 2465 1058 facere
2493 1016 2671 1057 rerum
2702 1001 2940 1055 omnium
2979 1002 3384 1058 conclusionem
3413 1020 3426 1056 :

1838 1096 2077 1155 universi
2109 1096 2248 1152 tituli
2275 1093 2540 1167 designati
2563 1102 2617 1149 et
2651 1093 2841 1164 digesti
2876 1093 3036 1165 hujus
3061 1094 3166 1151 diei
3196 1103 3427 1159 tractatu

1839 1191 2202 1249 ecclesiastica
2228 1200 2375 1262 gesta
2407 1189 2722 1259 suscipiant.
2753 1199 2781 1226 ιι
2810 1192 2885 1246 Ea
2927 1206 3056 1246 vero
3093 1206 3215 1261 qua
3253 1191 3431 1247 adhuc

1841 1298 2095 1357 expressa
2124 1299 2229 1339 non
2259 1288 2405 1349 sunt,
2440 1295 2563 1336 cum
2593 1283 3030 1351 cognoverimus,
3061 1283 3148 1338 die
3179 1285 3431 1354 sequenti

1840 1392 1936 1449 per
1964 1376 2157 1432 fratres
2185 1385 2399 1431 nostros
2430 1372 2747 1429 Faustinum
2770 1375 3102 1445 episcopum,
3129 1375 3430 1447 Philippum

1849 1469 2152 1527 etAsellum
2176 1468 2524 1541 presbyteros
2536 1466 2831 1524 venerabili
2854 1467 3005 1523 fratri
3027 1481 3077 1524 et
3097 1470 3422 1542 coepiscopo

1845 1571 2030 1637 nostro
2070 1560 2346 1617 Bonifacio
2386 1559 2767 1616 rescribemus.
2819 1559 2886 1613 Et
2931 1559 3381 1631 subscripserunt.

1916 1658 2166 1714 Aurelius
2210 1656 2497 1728 episcopus
2523 1663 2548 1691 ο
2580 1654 2705 1710 huic
2730 1654 3003 1711 scbcdula
3034 1656 3247 1711 relecta
3273 1673 3302 1712 a
3332 1672 3435 1713 no-

1844 1748 1929 1806 bis
1950 1748 2268 1819 subscripsi.

1922 1841 2234 1898 Valentinus
2263 1840 2549 1912 episcopus
2586 1840 2774 1912 prima
2802 1840 2946 1897 sedis
2995 1840 3286 1910 provincia
3333 1839 3440 1897 Nu-
3545 1910 3557 1917 ‘

137 1892 576 1975 necessitatibus
598 1892 962 1972 Ecclesiarum
977 1892 1088 1969 non
1114 1914 1609 1984 obtemperaverint
1630 1912 1743 1983 epi-
1773 1892 1825 1955 Β
1851 1892 2047 1991 mm;

138 2013 335 2085 scopis
367 2011 507 2076 suis,
530 2009 832 2066 volentibus
859 2022 955 2065 eos
974 2007 1041 2063 ad
1070 2007 1328 2063 honorem
1351 2008 1665 2076 ampliorem
1689 2006 1745 2062 in

138 2120 241 2160 sua
297 2104 543 2161 Ecclesia
582 2102 759 2175 me
793 2117 1128 2172 promovere,
1172 2117 1273 2157 nec
1296 2111 1320 2138 ο
1353 2100 1661 2157 ministrent
1692 2103 1747 2156 in

141 2196 321 2268 gradu
350 2211 477 2260 suo,
512 2195 654 2251 unde
685 2196 946 2252 recedere
971 2195 1276 2253 noluerunt.

146 2312 311 2369 XXX
326 2309 441 2393 νῃ
451 2310 498 2367 1.
537 2310 605 2367 Ut
628 2310 999 2367 ecclesiasticas
1024 2328 1109 2367 res
1133 2312 1307 2367 nullus
1350 2313 1446 2367 sibi
1471 2313 1744 2384 maneipet.

220 2426 241 2466 τ
282 2428 422 2484 Item
450 2427 649 2498 placuit
672 2435 733 2483 ut
756 2427 1019 2499 episcopi,
1044 2429 1367 2501 presbyteri,
1396 2427 1629 2495 diaconi,
1663 2429 1749 2485 vel

141 2521 465 2592 quicunque
484 2520 688 2585 clerici,
718 2521 811 2591 qui
851 2520 983 2576 nihil
1024 2520 1282 2578 habentes
1322 2523 1661 2593 ordinantur,
1696 2531 1752 2582 et

143 2624 407 2687 tempore
427 2614 767 2684 episcopatus
795 2613 883 2669 vel
902 2613 1188 2670 clericatus
1211 2614 1293 2670 sui
1314 2630 1476 2686 agros
1498 2616 1581 2673 vel
1604 2632 1751 2687 qua-

142 2722 374 2779 cunque
403 2705 603 2775 praedia
629 2706 848 2761 nomine
876 2720 999 2775 suo,
1034 2716 1060 2755 ε
1082 2706 1166 2764 vel
1190 2721 1285 2777 per
1304 2707 1467 2763 alium
1488 2723 1754 2765 excusan-

143 2797 280 2854 dum
306 2805 650 2867 comparant,
683 2803 933 2868 tanquam
959 2812 1141 2852 rerum
1165 2797 1564 2854 Dominicarum
1601 2799 1751 2855 inva-

142 2890 327 2947 sionis
346 2889 577 2955 crimine
598 2894 900 2957 teneantur,
919 2888 1022 2945 nisi
1043 2888 1299 2945 admoniti
1323 2885 1352 2926 ιι
1373 2890 1429 2945 in
1455 2890 1750 2947 Ecclesiam

142 2983 353 3040 eadem
383 2980 505 3053 ipsa
527 2980 875 3037 contulerint.
908 2980 964 3036 Si
994 2966 1191 3036 autem
1237 2982 1369 3054 ipsis
1402 2984 1616 3055 proprie
1650 2984 1751 3038 ali-

145 3077 284 3149 quid
321 3074 655 3132 liberalitate
674 3073 921 3144 alicujus,
947 3075 1032 3130 vel
1054 3076 1398 3131 successione
1417 3076 1752 3148 cognationis

144 3168 468 3233 obvenerit,
497 3165 691 3222 faciant
718 3164 846 3221 inde
890 3165 1034 3236 quod
1065 3179 1251 3222 eorum
1298 3169 1572 3239 proposito
1616 3183 1753 3225 con-

146 3263 325 3336 gruit.
352 3261 513 3329 Quod
546 3260 648 3316 sia
675 3273 775 3316 suo
804 3260 1080 3329 pr0posito
1107 3258 1125 3298 ί
1155 3269 1452 3318 retrorsum
1480 3262 1754 3320 exorbita-
1777 3270 1828 3335 ο

143 3355 381 3420 verint,
431 3352 637 3409 honore
678 3350 1046 3408 ecclesiastico
1083 3350 1319 3423 indigni,
1367 3364 1617 3425 tanquam
1665 3371 1753 3412 re-

148 3447 320 3516 probi
341 3445 677 3517 iudicentur.

150 3556 441 3616 XXXIX.
497 3556 621 3613 Non
649 3557 799 3619 liceat
824 3557 1116 3631 presbytero
1140 3574 1223 3615 res
1264 3558 1401 3615 tituli
1442 3561 1753 3617 venundare.

231 3678 249 3731 i
294 3676 323 3717 Ιι
358 3678 494 3733 Item
520 3677 716 3748 placuit
737 3677 898 3734 etiam
922 3688 979 3735 ιιι
1000 3679 1278 3751 presbyter
1300 3695 1404 3736 non
1427 3681 1619 3737 vendat
1641 3695 1756 3738 rem

151 3771 433 3829 Ecclesia
459 3770 552 3826 ubi
582 3780 665 3826 est
683 3770 1032 3850 constitutus,
1061 3774 1333 3830 nesciente
1347 3772 1599 3846 episcopo
1620 3790 1755 3833 suo:

153 3864 450 3936 quomodo
474 3875 529 3921 et
553 3866 807 3935 episcopo
832 3880 939 3920 non
978 3866 1106 3921 licet
1146 3867 1379 3923 vendere
1419 3869 1617 3939 praedia
1650 3870 1755 3925 Ec-

149 3960 353 4017 clesia
382 3956 694 4013 inconsulto
728 3957 982 4028 concilio,
1020 3959 1107 4015 vel
1148 3971 1345 4017 cuncto
1393 3962 1749 4034 presbyterio,

151 4052 284 4110 sine
309 4050 419 4107 ulla
447 4050 790 4107 necessitate.
864 4052 865 4055 “

238 4262 263 4289 ι
299 4252 460 4306 Dion.
494 4266 542 4305 c.
574 4249 667 4307 29.

238 4322 267 4361 δ
299 4325 458 4379 Dion.
495 4341 542 4378 c.
569 4325 659 4379 30.

242 4406 263 4432 ι
296 4393 447 4451 Idem
478 4393 776 4464 Dion.,iubi
803 4407 957 4446 causa
1002 4390 1231 4464 finiatur.
1268 4390 1323 4464 Ιιι
1353 4392 1582 4450 concilio
1613 4394 1755 4464 quod

154 4477 354 4534 poetea
383 4465 635 4521 dabimus
672 4463 900 4518 habetur
922 4470 965 4515 et
998 4461 1065 4513 ibi
1089 4477 1243 4515 causa
1267 4463 1494 4531 ﬁniatur.

233 4536 263 4576 ά
293 4537 451 4586 Dion.
480 4551 530 4586 c.
559 4533 648 4586 5L

238 4536 263 4576 ⁸
292 4537 451 4592 Dion.
480 4551 530 4592 c.
559 4535 648 4591 51.

238 4618 264 4647 ο
298 4609 461 4665 Dion.
490 4606 682 4663 inserit
700 4605 826 4663 illic.

240 4678 261 4718 τ
298 4679 459 4735 Dion.
485 4684 536 4734 c.
568 4678 656 4733 32.

236 4760 264 4797 ιι
292 4751 474 4805 Voces
498 4750 575 4804 uel
614 4764 704 4819 per
730 4749 892 4819 alium
916 4748 1266 4803 excusandum
1293 4748 1492 4807 desunt
1516 4750 1569 4807 in
1598 4749 1757 4811 Dion.

234 4820 452 4888 h_.Vat.,
481 4820 537 4875 in
557 4818 992 4874 eadeancclesia
1020 4819 1155 4888 ipsa.

240 4882 449 4947 i'ldem'
470 4891 616 4959 \'at.,
643 4907 871 4946 rursum.

234 4963 253 5014 l
291 4962 452 5018 Dion.
478 4976 528 5017 c.
551 4960 638 5016 53.

230 5032 261 5069 ιι
298 5034 484 5124 Iliam,
516 5032 787 5124 qgib‘unc
812 5039 1514 5124 et'sequentem.‘canonet‘n
1544 5041 1764 5124 c0pula-

157 5117 275 5172 tur,
313 5105 471 5158 aliter
516 5101 687 5179 ὀρβιιῂ
710 5106 791 5179 sic
821 5120 834 5156 :
868 5101 1002 5179 Item
1045 5104 1237 5174 placuit
1262 5116 1316 5179 ut
1346 5101 1628 5179 presbyteri
1658 5129 1765 5168 non

160 5181 396 5256 tendant
425 5188 533 5257 rein
560 5172 808 5230 Ecclesia:
825 5176 921 5260 ,ιιὺὶ
960 5172 1078 5257 sunt
1107 5172 1756 5260 constituti,_ttcicientibus

157 5246 422 5330 episcopis
434 5245 550 5330 guis.
566 5262 586 5311 ;
612 5245 868 5328 quomodo
894 5247 1213 5330 et‘episcopils
1252 5264 1353 5302 non
1395 5249 1511 5330 licet
1538 5252 1758 5330 uendere

158 5314 386 5402 grauari,
426 5314 670 5402 Ecclesiae
718 5314 1002 5387 ignorante
1027 5314 1244 5402 concilio
1267 5359 1282 5386 ,
1328 5319 1406 5373 vel
1419 5391 1430 5402 ν
1455 5323 1758 5402 presbyteris

158 5386 297 5443 suis.
313 5386 697 5475 .lYorLItabente
721 5386 841 5458 ergo
859 5388 1210 5475 necessitatem
1235 5405 1337 5473 nec.
1348 5386 1585 5475 episcopo
1602 5386 1758 5450 liceat

160 5459 405 5515 metricis
429 5455 695 5524 Ecclesia,
718 5455 808 5514 nec
848 5458 1137 5529 presbytero
1164 5476 1269 5514 rem
1300 5455 1447 5516 tituli
1481 5455 1560 5519 sui
1600 5468 1755 5520 usur-

162 5547 374 5660 Ραῖείιιι
404 5599 527 5658 cod.
566 5598 681 5655 Vat.
704 5599 870 5655 Paulo
892 5599 1226 5657 dissimiliter
1249 5618 1301 5657 ιιι
1323 5604 1442 5659 aliis
1465 5621 1479 5657 :
1509 5602 1588 5659 De
1609 5607 1757 5665 rebus

163 5674 312 5728 tituli
331 5687 439 5727 non
464 5671 779 5726 invadendis.
810 5670 992 5726 Canon
1019 5688 1145 5727 vero
1178 5675 1360 5728 incinit
1384 5693 1397 5728 :
1420 5673 1511 5728 Et.
1532 5678 1617 5728 vel
1646 5678 1756 5728 Sed

163 5678 312 5728 tituli
331 5687 439 5727 non
464 5678 779 5726 invadendis.
810 5678 992 5726 Canon
1019 5688 1145 5727 vero
1178 5678 1360 5745 incipit
1384 5693 1397 5729 :
1420 5678 1513 5744 Et,
1532 5678 1617 5734 vel
1646 5678 1756 5735 Sed

164 5755 222 5799 ut
257 5745 505 5816 episcopo
536 5758 640 5796 non
667 5742 813 5816 liceat
834 5744 1054 5816 metrici,
1079 5751 1183 5800 etc.
1590 5772 1599 5778 -

239 5813 373 5899 ΙΙειίιι
404 5813 507 5869 hoc
537 5813 766 5899 concilio
794 5815 948 5899 apud
968 5815 1275 5899 Dionysium
1297 5817 1643 5899 subjiciuntur
1657 5835 1754 5899 cx-

165 5897 361 5959 cerpta
405 5899 470 5941 ex
515 5886 637 5938 aliis
681 5884 1034 5943 anteriocibus
1089 5884 1307 5956 synodis
1351 5884 1449 5945 sub
1506 5891 1749 5962 Aurelio,

341 6000 351 6009 ·
461 5976 735 6043 Panos.
784 5977 942 6041 LVI.

1924 2026 2206 2082 Faustinus
2237 2028 2521 2097 episcopus
2572 2025 2828 2083 Ecclesia
2879 2026 3175 2084 Potentina
3228 2028 3442 2097 provin-

1851 2120 1949 2176 cia
1992 2117 2196 2185 Piceni,
2246 2121 2449 2190 legatus
2495 2130 2695 2175 sancta
2742 2119 2996 2175 Ecclesia
3043 2119 3320 2186 Romana,
3363 2121 3444 2176 his

1847 2211 2014 2284 gestis
2042 2213 2359 2280 subscripsi.

1922 2304 2141 2374 Alypius
2189 2306 2474 2374 episcopus
2526 2305 2783 2361 Ecclesia
2832 2306 3197 2377 Tagastensis,
3236 2307 3444 2375 legatus

1851 2395 2140 2468 provincia
2162 2394 2445 2463 Numidia,
2473 2396 2595 2452 huic
2616 2392 2872 2453 chartula:
2904 2414 3000 2466 pro
3026 2414 3111 2453 me
3136 2406 3190 2453 et
3210 2398 3443 2454 concilio

1852 2487 2148 2557 subscripsi

1928 2580 2255 2648 Augustinus
2280 2579 2568 2650 episcopus
2599 2578 2866 2635 Ecclesia:
2903 2580 3134 2651 Ilipponi
3159 2579 3329 2652 Regii,
3362 2580 3443 2636 le-

1852 2682 2007 2746 gatus
2029 2673 2244 2728 concilii
2271 2671 2557 2740 Numidia,
2599 2687 2697 2742 pro
2742 2688 2828 2729 me
2876 2683 2931 2730 et
2975 2673 3166 2729 eodem
3214 2658 3446 2728 Concilio

1853 2767 2164 2836 subscripsi.
3316 2774 3325 2777 -

1927 2852 1953 2909 ιδ
1987 2857 2334 2913 Possidonius
2360 2872 2646 2929 episcopus
2683 2857 3038 2926 Palamensis,
3076 2858 3283 2930 legatus
3320 2872 3449 2928 pro-

1856 2950 2044 3006 vincia
2071 2949 2334 3004 Numidia
2362 2949 2656 3015 inferioris,
2685 2952 3003 3021 subscripsi.

1927 3041 2242 3098 Vincentius
2299 3041 2581 3113 episcopus
2623 3052 2651 3093 ει
2685 3040 2974 3098 Culsitana:
3023 3043 3283 3100 Ecclesia
3320 3045 3447 3101 sub-

1857 3134 2070 3205 scripsi.
2572 3190 2583 3199 ,

1933 3236 1952 3264 τ
1986 3226 2306 3282 Fortunatus
2331 3228 2616 3298 episcopus
2646 3226 3007 3301 Neapolitana
3044 3227 3299 3284 Ecclesia
3318 3227 3446 3285 sub-

1860 3320 2072 3392 scripsi.

1908 3411 2224 3467 Pentadius
2269 3411 2557 3482 episcopus
2588 3419 2610 3446 ³
2656 3410 2959 3482 Carpitana
3017 3412 3273 3469 Ecclesia
3322 3413 3447 3469 sub-

1862 3503 2073 3573 scripsi.

1940 3595 1958 3629 ί
1988 3593 2306 3650 Rufinianus
2349 3595 2634 3665 cpiscopus
2673 3593 2929 3652 Ecclesia
2970 3586 3275 3653 Muzucnsis
3320 3598 3445 3652 sub.

1866 3688 2082 3756 scripsi.

1938 3780 2289 3836 Pratextatus
2346 3763 2629 3851 episcopus
2671 3787 2700 3817 ι
2753 3778 3123 3837 Sicilibbensis
3187 3779 3451 3838 Ecclesia

1862 3872 2199 3942 subscripsi..

1930 3962 2097 4036 648
2124 3963 2530 4033 Quodvultdeus
2553 3962 2840 4037 episcOpus
2860 3972 2889 4003 ν
2923 3963 3175 4021 Verensis
3196 3964 3451 4022 Ecclesia

1862 4059 2177 4129 subscripsi.

1867 4271 2091 4333 quarum
2141 4268 2293 4333 gesta
2341 4259 2538 4315 relecto
2590 4260 2765 4327 fuere,
2807 4261 2943 4317 etin
2974 4262 3215 4319 codicem
3244 4265 3450 4333 relata;

1868 4346 1932 4383 ac
1961 4328 2085 4384 dein
2116 4331 2202 4384 alii
2235 4345 2327 4384 sex
2355 4346 2585 4386 canones
2618 4336 2668 4386 in
2701 4333 2803 4386 hnc
2830 4333 3018 4388 eodem
3061 4334 3291 4390 concilio
3326 4328 3453 4391 san;

1867 4399 1955 4465 citi
1992 4411 2107 4480 post
2137 4402 2514 4483 quimluedics
2544 4406 2754 4487 actione
2775 4406 3029 4467 secunda.
3064 4405 3149 4485 cui
3169 4406 3451 4487 peculiare

1802 4500 1803 4503 η
1867 4471 2186 4538 proremimn
2213 4473 2570 4541 pramiuitur.
2604 4473 2726 4529 Ilac
2762 4488 2939 4527 autem
2964 4475 3142 4531 ninnia
3168 4471 3220 4529 in
3253 4481 3451 4533 nostris

1864 4541 2139 4597 codicibus
2166 4544 2323 4613 hujus
2349 4544 2599 4600 editionis
2630 4544 2966 4600 omittuntur.

1935 4620 1964 4649 ιι
1995 4613 2174 4689 Dion"
2202 4613 2332 4681 Quce
2359 4631 2475 4670 vero
2494 4614 2660 4670 adhuc
2687 4631 2928 4687 expressa
2960 4634 3063 4673 non
3088 4628 3226 4689 sunt,
3264 4622 3347 4678 die
3371 4639 3452 4679 se-

1785 4694 1843 4757 Ῑ)
1863 4685 2058 4757 attenti,
2079 4693 2183 4741 etc.

1943 4766 1967 4790 υ
1991 4755 2147 4836 Dion.
2176 4756 2315 4836 Just.
2358 4757 2930 4836 hasusubscriptiones
2966 4761 3105 4836 aliis
3124 4763 3445 4836 quandoque

1870 4825 2116 4909 formulis
2142 4830 2414 4899 exprimit.
2451 4825 2766 4885 Ncstrorum
2804 4830 3048 4887 codicum
3084 4825 3338 4890 loiunulas
3356 4825 3449 4893 sc-

1868 4910 1977 4954 cutt
2006 4912 2211 4955 sumus.

1942 4979 1971 5019 Ρ
1990 4968 2073 5024 ΔΙ.
2100 4968 2388 5026 Possidius.

1941 5050 1967 5090 σι
1993 5040 2145 5095 Dion.
2168 5041 2381 5109 melius,
2414 5040 2746 5096 Culusitanaa.
2780 5043 2836 5097 ln
2868 5043 3155 5101 collatione
3192 5046 3319 5102 anni
3341 5047 3443 5104 411

1877 5109 2177 5167 Vincentius
2202 5111 2530 5168 Colusitanus
2553 5124 2884 5169 recensetur.

1932 5192 1966 5309 Ir]
1994 5181 2141 5308 l‘dem
2165 5182 2322 5240 Dion.
2364 5186 2556 5242 melius
2602 5183 3032 5252 Fortunatianus,
3079 5194 3137 5240 ut
3176 5187 3230 5242 in
3256 5188 3446 5247 eadem

1971 5267 1998 5305 a
2030 5268 2170 5309 none.
3132 5297 3140 5303 ·

1864 5261 2170 5310 collatione.
3132 5297 3140 5303 .

1939 5333 1960 5361 ³
1993 5322 2125 5402 ρῳ.
2159 5326 2447 5402 Bochard.,
2481 5326 3073 5402 Carpidanw;1‘huan.,
3097 5328 3448 5402 (Sarpedona;

1867 5393 2015 5464 Vat.,
2044 5395 2328 5465 Capi:anw,
2360 5393 2446 5454 ubi
2478 5415 2505 5451 r
2530 5393 2884 5453 desideratur.

1942 5467 2104 5539 ιὲΑιη
2135 5469 2728 5539 Ruﬁnus...Mazensis.
2764 5475 2833 5523 At
2853 5467 3164 5536 Ruﬁnianus
3196 5469 3447 5530 Mazuca-

1864 5537 1935 5592 sis
1964 5537 2021 5611 in,
2038 5537 2326 5611 collatione
2352 5543 2562 5611 legitur.

1938 5617 1964 5644 ἰ
1994 5610 2129 5665 Cod.
2160 5611 2311 5675 Luc.,
2360 5610 2739 5666 Sicilenbensis.
2785 5611 3127 5670 Prmtutlmus
3177 5628 3307 5672 mss.
3356 5616 3448 5674 Ju‘

1863 5680 2003 5734 stelli
2033 5690 2087 5736 et
2118 5681 2263 5747 Vah,
2294 5698 2324 5736 a
2355 5682 2621 5747 Sicilibba,
2657 5684 2786 5738 alias
2812 5684 3058 5739 Sicilibra
3084 5685 3299 5741 Africus.

1934 5760 1960 5789 ν
1997 5750 2137 5818 Vat.,
2172 5752 2423 5807 (Ierensis.
2450 5755 2505 5807 In
2534 5754 2730 5809 Notitia
2760 5755 2956 5810 Africa
2979 5768 3289 5813 recensetur
3318 5757 3448 5819 Exi.

1861 5822 2023 5878 tiosus
2057 5821 2288 5878 Verensis
2328 5825 2380 5879 in
2410 5827 2797 5894 proconsulari.

2940 5985 3021 6051 28
