3998 6346
151 508 261 563 877

1120 448 1544 559 ὀοευΜΕΝΤΑ
1579 494 1767 554 JURIS
1804 495 2120 555 CANONICI
2159 498 2474 559 VETERIS.

3309 506 3414 565 878

156 630 290 688 pore
314 614 884 672 cxcommunicationis
919 626 1030 668 sua:
1050 619 1077 649 ι
1102 611 1538 666 communionem
1586 624 1730 678 βοιω-
1756 611 1811 671 A
1836 608 2009 682 liberi]
2042 610 2276 667 libertini
2316 615 2382 669 ad
2411 616 2808 673 accusationem
2836 618 3152 675 clericorum
3184 636 3287 677 non
3317 625 3414 680 ad-

153 710 479 779 sumpserit,
523 706 713 777 ipsein
740 720 803 762 se
847 703 1209 761 damnationis
1243 701 1513 772 iudicetur
1556 707 1741 770 protua
1774 713 1792 726 κ

154 800 286 855 lisse
313 798 640 854 sententiam

226 889 295 943 11.
320 888 450 943 Item
504 885 709 957 placuit
743 893 799 939 ut
831 892 1147 951 accusatus,
1180 882 1261 940 vel
1288 891 1567 951 accusator
1598 882 1655 936 in
1674 893 1739 936 eo

153 981 282 1036 loco
304 979 445 1035 unde
487 989 570 1034 est
610 979 703 1033 ille
728 976 819 1049 qui
844 988 1151 1040 accusatur,
1194 976 1241 1032 si
1283 977 1470 1033 metuit
1505 975 1743 1045 aliquam

153 1075 266 1129 vim
287 1074 589 1128 temerariae
622 1070 998 1137 multitudinis,
1033 1068 1210 1125 locum
1238 1068 1340 1123 sibi
1367 1068 1530 1137 eligat
1558 1067 1738 1136 proxi-

152 1180 333 1234 mum,
366 1163 528 1237 [Lege
554 1160 693 1234 quo]
717 1162 858 1232 quod
885 1174 992 1215 non
1031 1161 1105 1215 sit
1128 1159 1345 1216 dillicile
1388 1168 1551 1214 testes
1574 1156 1742 1214 addu-

150 1270 316 1322 cere,
348 1253 377 1292 ι’
400 1262 455 1309 et
480 1254 551 1310 ibi
582 1267 743 1308 causa
772 1252 1003 1307 ﬁniatur.

224 1346 322 1402 111.
356 1354 377 1385 ε
410 1345 539 1401 Item
561 1343 757 1414 placuit
788 1352 849 1397 ut
871 1341 1178 1412 quicunque
1206 1340 1437 1397 clericus
1456 1337 1483 1376 ἀ
1509 1353 1616 1393 non
1644 1341 1741 1393 oh-

154 1439 546 1511 temperaverit
564 1438 831 1508 episcopis
849 1438 963 1492 suis
984 1434 1285 1491 volentibus
1304 1432 1460 1506 [Lege
1480 1429 1625 1501 eum]
1646 1444 1741 1487 eos

156 1545 180 1573 ο
211 1535 427 1590 honore
472 1532 737 1602 ampliore
777 1531 833 1585 in
873 1544 971 1583 sua
1007 1528 1227 1585 ditecesi
1264 1525 1589 1596 provehere,
1642 1538 1742 1580 nec

153 1626 320 1698 {Lege
343 1626 455 1681 illic
479 1620 766 1694 ministret]
792 1622 865 1677 illi
888 1621 1194 1677 ministrent
1211 1620 1267 1676 in
1283 1618 1448 1690 gradu
1474 1632 1575 1674 suo
1599 1617 1742 1673 unde

157 1718 419 1774 recedere
448 1715 698 1773 noluerit.

228 1811 321 1866 IV.
372 1808 395 1849 ί
427 1810 562 1866 Item
592 1810 793 1879 placuit
820 1816 877 1863 ut
903 1805 1141 1877 episcopi
1170 1805 1283 1862 sive
1333 1804 1632 1876 presbyteri
1676 1818 1740 1861 ea

148 1914 279 1973 qua
303 1910 435 1958 sunt
461 1903 513 1957 in
536 1902 665 1958 locis
694 1901 784 1957 ubi
822 1900 1165 1965 ordinantur,
1211 1899 1258 1954 si
1281 1898 1348 1953 ad
1375 1898 1480 1953 alia
1509 1899 1621 1954 loca
1647 1896 1741 1954 de-

1845 702 2146 772 mittantur,
2178 706 2261 759 vel
2295 720 2481 762 omnes
2506 722 2641 777 quos
2661 709 2727 764 ad
2751 710 3051 766 accusanda
3072 712 3279 781 publica
3305 716 3415 772 cri-

1842 796 1986 851 mina
2010 796 2154 867 leges
2181 797 2402 867 publica:
2448 815 2553 855 non
2580 802 2899 869 admittunt;
2942 805 2959 841 ί
2998 806 3343 879 neque[Lege
3370 811 3413 865 is

1842 886 2001 955 qui...
2035 888 2525 944 excommunicatus
2574 890 2694 963 fuit]
2737 893 2773 948 ii
2801 894 2888 963 qui
2926 904 3267 965 posteaquam
3323 916 3417 955 ex-

1842 979 2217 1033 communicati
2245 978 2481 1049 fuerunt,
2522 984 2567 1037 si
2598 985 2651 1040 in
2682 985 2794 1054 ipsa
2839 987 3013 1041 adhuc
3053 995 3419 1048 excommuni-

1844 1068 2054 1125 catione
2078 1072 2421 1140 constitutus,
2448 1075 2561 1130 sive
2594 1076 2663 1131 sit
2681 1077 2928 1149 clericus,
2952 1081 3063 1137 sive
3110 1084 3295 1151 laicus,
3329 1102 3419 1141 ac-

1843 1177 2037 1218 cusare
2065 1163 2327 1230 voluerit;
2350 1180 2525 1236 neque
2554 1182 2739 1223 omnes
2757 1169 2985 1225 infamiae
3011 1171 3168 1246 [Lege
3189 1178 3416 1249 macula]

1843 1248 2019 1305 l‘acula
2066 1250 2289 1321 aspersi,
2325 1250 2378 1304 id
2424 1258 2534 1317 est,
2567 1251 2875 1320 histriones,
2906 1265 2961 1311 et
3002 1260 3417 1328 turpitudinibus

1843 1341 2097 1409 subjecta:
2126 1355 2371 1411 persona:
2389 1380 2406 1408 ,
2430 1342 2668 1399 haeretici
2697 1345 2879 1410 etiam,
2910 1347 3024 1403 sive
3066 1352 3278 1420 pagani,
3303 1352 3418 1409 sive

1843 1432 2031 1488 Judaei.
2060 1432 2166 1488 Sed
2197 1444 2374 1489 tamen
2396 1434 2643 1491 omnibus
2672 1436 2868 1506 quibus
2892 1442 3160 1497 accusatio
3188 1444 3416 1517 denega-

1845 1533 1952 1593 tur,
1983 1526 2036 1580 in
2078 1525 2257 1581 causis
2286 1525 2514 1596 propriis
2562 1529 2845 1585 accusandi
2875 1529 3090 1587 licentia
3122 1549 3226 1589 non
3256 1536 3417 1593 dene—

1843 1615 2035 1685 ganda.

1913 1709 2077 1782 652
2101 1708 2215 1765 γη.
2244 1710 2258 1761 i
2289 1711 2421 1767 ltem
2446 1712 2665 1782 placuit,
2684 1714 3104 1788 quotiescunque
3122 1720 3332 1777 clericis
3352 1724 3419 1782 ab

1844 1804 2249 1859 accusatoribus
2280 1804 2446 1859 multa
2462 1804 2686 1861 crimina
2714 1806 3059 1877 objiciuntur,
3093 1820 3147 1866 et
3167 1827 3328 1868 unum
3350 1830 3417 1871 ex

1843 1893 1994 1964 ipsis,
2017 1893 2086 1950 de
2114 1909 2219 1963 quo
2242 1896 2389 1964 prius
2408 1897 2635 1966 egerint,
2660 1898 2890 1968 probare
2911 1916 3019 1956 non
3042 1902 3329 1975 valuerint,
3352 1907 3420 1965 ad

149 1995 358 2061 derint,
381 2007 573 2049 causas
591 2001 916 2063 praesentem
934 1992 1095 2064 εει
1113 1990 1195 2046 vel
1218 1990 1452 2059 episcopi
1472 1990 1585 2045 suis
1604 2004 1736 2044 con—
1766 1992 1816 2054 Β
1842 1995 2037 2041 caetera
2061 1986 2172 2057 jam
2206 2001 2309 2042 non
2343 1986 2709 2044 admittantur.
2738 1989 2929 2046 Testes
2956 2001 3133 2049 autem
3174 1996 3240 2050 ad
3272 1998 3416 2052 testi-

148 2085 316 2151 ciliis,
349 2084 437 2140 vel
461 2084 641 2139 clerici
664 2082 927 2152 episcOpis
952 2083 1098 2145 suis;
1121 2089 1173 2135 et
1193 2080 1239 2134 si
1261 2078 1434 2134 nullas
1454 2079 1624 2148 justas
1652 2081 1738 2134 lia-

152 2174 383 2229 buerint
407 2188 619 2238 causas,
648 2174 725 2228 sic
746 2172 800 2228 in
821 2186 914 2229 eos
933 2170 1231 2228 vindicetur
1253 2179 1499 2240 tanquam
1520 2170 1575 2226 in
1596 2169 1739 2227 furto

152 2265 361 2322 iuerint
388 2265 726 2337 deprehensi.

224 2356 294 2413 V.
322 2358 456 2413 Item
485 2358 681 2427 placuit
702 2364 761 2411 ut
778 2356 1084 2426 quicunque
1100 2356 1401 2425 cpiscopus,
1437 2355 1737 2425 presbyter,

153 2450 440 2517 diaconus,
473 2450 555 2507 vel
584 2448 806 2521 quilibet
831 2446 1170 2515 clericorum,
1213 2445 1303 2519 qui
1327 2446 1458 2502 nihil
1482 2446 1742 2503 habentes

152 2543 499 2606 ordinantur,
525 2551 581 2597 et
602 2552 842 2610 tempore
869 2541 1207 2611 episcopatus
1236 2542 1321 2594 vel
1341 2540 1628 2595 clericatus
1656 2540 1739 2594 sui

151 2649 319 2704 agros
345 2634 433 2689 vel
458 2648 790 2703 quaecunque
832 2632 1030 2702 praedia
1074 2631 1276 2687 nomini
1319 2646 1417 2687 suo
1454 2639 1478 2677 ε
1520 2645 1741 2700 compa-

150 2737 299 2793 rant,
334 2734 587 2795 tanquam
629 2740 805 2781 rerum
852 2725 1248 2780 Dominicarum
1289 2723 1590 2779 invasionis
1636 2724 1742 2779 cri-

146 2821 306 2875 mine
350 2827 651 2874 teneantur.
674 2817 702 2854 ³³
729 2817 819 2873 Sic
847 2817 1127 2885 admoniti,
1174 2816 1227 2870 in
1276 2815 1515 2871 Ecclesia
1550 2814 1740 2872 eadem

151 2913 510 2980 contulerint,
536 2913 706 2977 bene;
737 2912 819 2967 sin
841 2920 1018 2966 autem
1045 2909 1144 2979 ipsi
1164 2910 1393 2979 propria:
1423 2908 1741 2977 consangui-

150 3007 315 3064 nitati
355 3020 421 3063 ea
465 3006 550 3061 vel
593 3016 785 3061 extero
821 3004 1041 3059 cuilibet
1082 3002 1345 3057 voluerint
1399 3002 1737 3071 relinquere,

154 3114 265 3155 non
292 3098 690 3167 permittantur.
715 3097 770 3152 Si
792 3085 969 3151 autem
999 3093 1147 3169 [Dele
1174 3093 1250 3165 in]
1280 3096 1329 3148 in
1370 3094 1499 3164 ipsis
1524 3094 1742 3164 proprie

146 3191 367 3261 aliquid
395 3205 461 3245 ex
491 3188 831 3245 successione
861 3198 1161 3258 parentum,
1186 3187 1269 3241 vel
1294 3188 1625 3257 cognationis
1645 3187 1742 3242 ob-

155 3282 403 3350 venerit,
431 3281 625 3337 l‘aciant
648 3280 773 3337 inde
797 3280 937 3351 quod
964 3294 1148 3335 eorum
1176 3280 1451 3349 proposito
1472 3281 1738 3350 congruit.

1844 2076 2083 2131 monium
2115 2092 2223 2132 non
2262 2076 2644 2146 admittendos,
2677 2081 2766 2149 qui
2798 2096 2896 2136 nec
2924 2082 2992 2137 ad
3020 2089 3415 2144 accusationem

1841 2168 2049 2223 admitti
2082 2170 2335 2239 praecepti
2364 2178 2509 2236 sunt,
2535 2171 2616 2226 vel
2647 2171 2807 2226 etiam
2836 2188 2970 2242 quos
3000 2174 3115 2244 ipse
3141 2189 3413 2235 accusator

1842 2260 1911 2315 de
1938 2274 2033 2317 sua
2080 2261 2238 2316 domo
2273 2262 2293 2299 ι
2326 2263 2661 2332 produxerit.
2698 2264 2783 2318 Ad
2834 2266 3198 2325 testimonium
3237 2280 3415 2327 autem

1844 2354 1981 2410 intra
2011 2371 2180 2411 annos
2210 2354 2274 2410 14
2298 2356 2470 2411 relatis
2493 2371 2604 2411 sua:
2632 2372 2738 2411 non
2766 2357 3132 2416 admittantur.

1918 2446 2049 2501 Vlll.
2082 2448 2211 2502 Item
2239 2447 2438 2517 placuit
2467 2448 2591 2502 utsi
2622 2449 2833 2518 quando
2857 2452 3139 2521 episcopus
3165 2454 3293 2510 dicit
3320 2456 3415 2512 ali.

1846 2554 2005 2610 quem
2035 2538 2137 2594 sibi
2160 2539 2259 2593 soli
2280 2540 2484 2594 crimen
2516 2539 2679 2595 fuisse
2699 2540 3025 2608 confessum,
3056 2543 3072 2581 ι
3098 2544 3297 2602 sedille
3318 2561 3414 2603 ne-

1844 2639 1934 2701 get
1959 2644 2016 2685 se
2039 2628 2343 2685 confessum
2370 2630 2554 2697 tuisse,
2593 2646 2699 2684 non
2732 2640 2878 2701 putet
2904 2633 2970 2686 ad
2994 2634 3237 2703 injuriam
3266 2650 3415 2694 suam

1844 2723 2127 2793 episcopus
2158 2723 2428 2792 pertinere
2465 2722 2605 2790 quod
2636 2722 2710 2777 illi
2737 2723 2835 2778 soli
2866 2739 2969 2779 non
2991 2726 3257 2793 creditur;
3288 2738 3343 2784 et
3371 2731 3417 2786 si

1844 2816 2099 2885 scrupulo
2138 2817 2367 2885 propriae
2398 2815 2742 2871 conscientia:
2780 2832 2838 2871 se
2881 2817 3009 2873 dicit
3040 2822 3251 2889 neganti
3278 2823 3421 2878 nolle

1844 2910 2266 2974 communicare;
2293 2910 2527 2978 quandiu
2564 2913 3026 2968 excommunicato
3052 2929 3159 2969 non
3178 2931 3417 2972 commu-

1845 3000 2123 3065 nicaverit,
2161 3014 2257 3054 nec
2288 2999 2387 3067 ipsi
2417 2999 2485 3054 ab
2514 2998 2631 3054 aliis
2675 3002 2941 3072 episcopis
2970 3009 3415 3073 communicetur,

1846 3102 1904 3150 ut
1929 3092 2096 3163 magis
2118 3101 2304 3147 caveat
2321 3093 2603 3163 episcopus
2623 3108 2688 3148 ne
2709 3094 2851 3149 dicat
2867 3097 2926 3152 in.
2942 3112 3255 3170 quemquam
3274 3104 3419 3172 quod

1846 3196 1885 3223 ιιι
1912 3187 2107 3241 abillis
2130 3185 2465 3241 documentis
2496 3186 2815 3242 convincere
2836 3204 2940 3244 non
2974 3199 3165 3259 potest.

1919 3280 2009 3335 IX.
2041 3280 2170 3336 ltem
2214 3279 2409 3348 placuit
2430 3287 2487 3334 ut
2514 3294 2581 3334 eo
2601 3279 2759 3335 modo
2789 3296 2893 3337 non
2918 3284 3153 3338 vendant
3174 3300 3288 3341 rem
3320 3288 3416 3344 Ec-

150 3374 313 3442 Quod
359 3375 405 3429 si
454 3390 483 3427 a
522 3388 620 3430 suo
646 3372 915 3443 proposito
953 3382 1245 3427 retrorsum
1289 3373 1739 3441 cxorbitaverint,
1767 3371 1815 3436 C
1846 3373 2030 3430 etesia:
2060 3371 2355 3442 presbyteri
2409 3370 2499 3425 ubi
2547 3381 2669 3426 sunt
2716 3374 3021 3440 constituti,
3055 3378 3419 3438 nescientibus

152 3465 369 3523 honore
426 3467 679 3522 Ecclesiae
731 3465 966 3537 indigni,
1030 3475 1280 3536 tanquam
1341 3465 1552 3535 reprobi
1596 3464 1740 3534 judi-

153 3576 254 3617 ten
262 3570 375 3617 ιυΐ.

228 3652 324 3708 Vl.
349 3653 482 3709 ltem
503 3651 701 3723 placuit
728 3660 785 3707 ut
810 3665 999 3708 omnes
1038 3651 1205 3719 servi,
1237 3649 1323 3707 vel
1354 3651 1561 3722 proprii
1589 3650 1744 3725 [Lege

231 3795 260 3825 ³
291 3786 349 3840 In
383 3784 622 3855 margine
647 3783 882 3853 ejusdem
910 3783 1112 3840 codicis
1132 3781 1345 3838 additur
1373 3794 1491 3837 ante
1529 3785 1744 3841 audien-

154 3859 314 3920 tiam,
355 3866 414 3910 ut
443 3857 501 3909 in
529 3859 734 3925 synodo
762 3855 1102 3923 praecedenti.

224 3926 259 3967 δ
292 3927 392 3983 llic
411 3924 580 3995 canon
608 3930 866 3995 repetitus
898 3936 979 3979 est
1011 3940 1078 3978 ex
1108 3924 1429 3995 praecedenti
1454 3927 1660 3994 synodo
1690 3943 1740 3983 c.

153 3999 248 4063 56,
301 3997 441 4066 apud
471 3990 782 4068 Dionysium
814 3998 901 4068 '50,
942 3990 1244 4068 [innovatus
1274 3994 1325 4048 in
1355 3990 1581 4068 concilio
1616 3999 1744 4068 Hip-

151 4064 531 4142 puniregiensi
552 4064 676 4142 anni
700 4065 830 4142 4‘27,
859 4066 937 4121 tit.
969 4068 1033 4129 5;
1059 4064 1301 4142 laudatur
1326 4081 1357 4142 _a
1387 4066 1660 4142 Ferrando
1685 4064 1739 4125 ὴ.

152 4136 287 4197 198.
322 4136 383 4194 lu
406 4139 644 4207 margine
668 4138 834 4191 nostri
860 4152 959 4191 ms.
986 4152 1080 4207 pro
1102 4146 1147 4189 et
1173 4136 1240 4189 ibi
1257 4137 1597 4193 substituitur
1618 4158 1743 4207 qua-

151 4213 277 4267 liter
301 4226 369 4266 ex
394 4206 620 4265 lectione
650 4207 834 4277 synodi
863 4206 1244 4277 pra'ccdentis,
1274 4222 1433 4278 quam
1464 4207 1515 4261 in
1544 4206 1743 4265 codici-

151 4281 261 4341 bus
296 4279 497 4337 nostris
535 4279 855 4333 invenimus.

235 4363 259 4391 ε
300 4352 356 4406 1η
393 4351 579 4406 eodem
611 4350 849 4419 margine
877 4348 1158 4418 apponitur
1187 4348 1370 4403 titulus
1401 4348 1556 4418 hujus
1584 4364 1743 4405 cano-

158 4422 246 4477 nis
267 4420 414 4501 ,_q“u.i
446 4421 703 4501 repetitus
732 4430 923 4501 estncx
971 4419 1528 4501 synodoprzecedenti
1559 4436 1607 4474 c.
1638 4421 1739 4501 57-,

151 4494 310 4563 apud
334 4492 492 4563 Dion.
524 4492 613 4555 51,
646 4491 709 4546 Ut
740 4490 911 4545 nullus
942 4489 1264 4543 ecclesiastici
1306 4489 1500 4543 ordinis
1527 4506 1579 4544 se
1602 4494 1742 4547 ordi-

153 4562 291 4617 nare
323 4562 645 4633 adiepiswpi
669 4572 837 4614 votum
860 4570 1071 4633 recuset.
1384 4628 1396 4633 Α
1484 4606 1487 4609 .

227 4633 257 4670 ά
293 4628 523 4687 Additur
545 4628 603 4686 in’
621 4633 857 4702 margine
880 4631 1088 4703 codicis
1102 4646 1166 4686 ex
1192 4628 1513 4700 praecedenti
1536 4632 1741 4703 synodo

153 4705 239 4760 vel
271 4704 527 4757 diaconus
550 4703 612 4756 de
639 4700 1013 4757 necessitatibus
1045 4700 1409 4756 Ecclesiarum.

232 4785 258 4813 ο
295 4773 431 4828 Cum
459 4774 513 4827 in
538 4774 742 4844 synodo
769 4773 892 4826 anni
918 4772 1021 4826 M9
1051 4772 1257 4844 legatur
1276 4774 1344 4825 ad
1363 4772 1615 4844 honorem
1634 4790 1743 4826 am-

154 4845 385 4915 pliorem
408 4844 459 4896 in
482 4841 580 4915 stiti
600 4841 831 4897 Ecclcsia
860 4841 1177 4915 promovere;
1200 4843 1337 4898 hunc
1358 4843 1531 4915 iocum
1558 4842 1743 4901 Patres

153 4912 325 4985 hujus
354 4912 565 4970 concilii
594 4915 659 4969 de
686 4914 904 4969 ὀίωοθεί
926 4913 1277 4983 explicantes,
1300 4914 1457 4968 aliter
1486 4928 1744 4983 exposue-

152 4996 310 5043 runt.

155 5129 491 5193 inveniatur,
522 5126 767 5196 proprius
785 5126 991 5197 videtur
1008 5125 1163 5197 hujus
1180 5124 1369 5197 synodi
1401 5140 1466 5197 ex
1484 5141 1586 5197 qua
1602 5124 1745 5197 eum

155 5200 455 5270 repetitum
484 5194 537 5251 in
566 5194 1276 5270 conciliojiipponi‘regiensi
1306 5194 1557 5270 anniﬂ?
1580 5197 1742 5270 disci-3

155 5261 281 5325 mus
312 5283 378 5325 ex
399 5264 675 5323 Ferrando
714 5280 767 5321 n.
799 5261 898 5327 54,
920 5261 1005 5321 ubi
1037 5261 1157 5338 haec
1183 5266 1374 5338 habet:
1410 5264 1476 5322 Ut
1520 5268 1743 5338 episcopi

154 5343 265 5396 sive
306 5338 585 5410 presbyteri
625 5355 683 5392 ea
708 5352 821 5409 qua
848 5338 1035 5410 suntin
1062 5337 1188 5391 locis
1213 5337 1297 5390 ubi
1318 5338 1641 5410 ordinantur,
1674 5337 1742 5393 ad

154 5413 262 5465 alia
288 5408 535 5479 loca‘non
561 5408 890 5479 transferant,
922 5408 1019 5479 nisi
1049 5424 1231 5463 causa:
1257 5418 1373 5462 ante
1400 5408 1737 5463 reddiderint.

155 5481 363 5537 Cuncil.
399 5477 841 5549 Hipponiregiens.
875 5479 951 5533 tit.
976 5477 1031 5533 5.

231 5562 256 5599 s
280 5548 771 5631 Repetitus‘est’er
794 5552 996 5631 synodo
1035 5548 1355 5631 praicedenti
1391 5548 1743 5631 c:__38_,__apud

156 5616 483 5692 Diciiysium
513 5620 616 5686 δὶς
639 5635 714 5692 ρο
742 5616 865 5675 dein
887 5616 1174 5692 renovatus
1202 5622 1251 5673 in
1283 5616 1742 5692 conciiiogﬂip‘po-

156 5687 456 5764 nireg'iensi
477 5706 568 5764 an.
590 5691 719 5764 427,
743 5692 894 5764 titur,
928 5704 993 5746 ex
1022 5687 1293 5764 Ferrando
1319 5707 1373 5744 n.
1403 5688 1577 5764 3511::
1602 5687 1745 5743 mar-

150 5761 486 5837 gine'inostri
528 5763 725 5837 codicis
752 5762 966 5837 additur
987 5763 1304 5837 ex_lectinne
1332 5761 1520 5837 synodi
1546 5775 1747 5837 praecef

154 5830 365 5900 aeutis,
392 5845 552 5901 quam
574 5833 628 5886 in
657 5833 851 5887 nostris
881 5846 1009 5887 mss.
1052 5831 1373 5896 invenimus,
1396 5832 1575 5901 velper
1604 5830 1746 5884 aliud

154 5919 536 5965 excusandum.

238 5976 264 6017 ιι
297 5978 439 6034 Lege
468 5972 796 6029 Siadmoniti
826 5975 877 6027 in
899 5971 1205 6030 Ecclesium.
1238 5975 1334 6029 Hic
1358 5974 1505 6029 locus
1528 5974 1580 6030 in
1608 5988 1747 6036 pra:-

1850 3463 2113 3537 episcopis
2140 3465 2279 3527 suis;
2310 3461 2577 3533 quomodo
2605 3464 2855 3532 episcopo
2884 3480 2988 3520 non
3030 3466 3154 3523 licet
3186 3470 3421 3528 vendere

1848 3558 2047 3630 praedia
2081 3557 2353 3620 Ecclesiae,
2382 3556 2659 3625 ignorante
2688 3556 2915 3611 concilio
2943 3566 2970 3593 ιι
2995 3560 3082 3613 vel
3105 3560 3421 3629 primatibus

1846 3650 1976 3710 suis.

1850 3785 1987 3843 senti
2016 3782 2220 3858 synodo
2251 3781 2450 3837 clarius
2476 3783 2771 3858 explicatur
2795 3798 2953 3858 quam
2992 3786 3042 3840 in
3069 3788 3421 3858 praecedenti,

1848 3867 1904 3909 et
1933 3852 2059 3909 cum'
2096 3852 2481 3917 additamenta,
2515 3864 2571 3909 ut
2600 3852 2898 3909 conferenti
2945 3852 3161 3922 patebit.
3195 3859 3308 3915 Mox
3355 3852 3423 3919 ad

1852 3941 2039 3979 vocem
2066 3926 2239 3999 eadem
2278 3932 2490 3999 notatur
2515 3924 2567 3978 in
2593 3926 2827 3999 margine
2844 3926 3155 3999 addendum
3176 3930 3313 3999 ipsa,
3348 3934 3425 3991 uti

1850 4000 1904 4053 in
1934 3997 2140 4067 synodo
2169 3994 2487 4064 przrredenti
2509 4003 2703 4050 nostra:
2730 3996 2981 4051 editionis
3010 3994 3258 4065 adjicitur

1929 4067 1942 4141 ξ
1980 4068 2271 4141 Hiccanon
2297 4067 2551 4133 repetitus
2577 4081 2642 4121 ex
2664 4080 2782 4141 can.
2804 4067 3061 4141 1297apud
3090 4068 3421 4141 Dionysium,

1929 4085 1942 4104 ¹
1980 4085 2077 4121 HIC
2099 4085 2271 4119 canon
2297 4085 2551 4133 repetitus
2577 4085 2642 4121 ex
2664 4085 2782 4120 can.
2804 4085 2904 4122 17.3
2923 4085 3061 4136 apud
3090 4085 3219 4123 won
3260 4085 3421 4141 stum,

1848 4139 2188 4208 anpertinet
2206 4135 2270 4189 ad
2292 4151 2523 4208 canones
2545 4140 2792 4192 secundm
2819 4139 3043 4193 actionis
3068 4085 3277 4195 concirii
3301 4144 3423 4197 Car.

1852 4207 2181 4283 thaginensis
2207 4208 2329 4259 anni
2362 4207 2494 4283 M9;
2526 4210 2617 4283 sed
2652 4208 2764 4261 haec
2812 4210 2975 4263 verba
3018 4224 3176 4283 neque
3196 4212 3260 4277 ii,
3289 4222 3421 4283 etc.,

1850 4278 2104 4361 usquead
2126 4293 2363 4361 accusare
2387 4281 2855 4361 voluerit,.sumpta
2886 4289 3008 4361 sunt
3029 4294 3095 4361 es
3128 4278 3421 4361 ﬂnencano;

1848 4348 2065 4423 nisi28
2113 4348 2250 4417 apud
2284 4348 2531 4423 eumdem
2578 4348 2905 4423 l=ionysium.
2950 4349 3029 4423 Ex
3066 4348 3423 4423 hocaliisque

1847 4420 2091 4488 pluribus
2122 4418 2381 4484 exemplis
2401 4418 2657 4472 discimus
2678 4418 2819 4485 quod
2849 4422 2903 4474 in
2926 4421 3290 4476 admonitione
3316 4418 3424 4478 ti.2

1848 4487 2518 4564 indicavimus,'Airicanos
2542 4490 2592 4542 in
2615 4489 3261 4564 repetendisanteriorum
3286 4507 3420 4564 syn-

1834 4561 2072 4627 odorum
2117 4560 2411 4613 canonihus
2470 4560 2723 4614 nonnulla
2764 4558 3055 4616 identidem
3107 4558 3422 4621 immutasse

1850 4633 1933 4686 vel
1953 4632 2110 4685 etiam
2142 4629 2429 4693 addidisse,
2462 4638 2618 4698 prout
2653 4629 2906 4699 expedire
2938 4631 3239 4687 videbatur.

1926 4704 1939 4751 i
1979 4704 2111 4776 Sunt
2142 4700 2249 4755 duo
2280 4713 2512 4776 canones
2558 4705 2812 4776 in__unum_
2841 4702 3071 4776 copulati
3117 4718 3179 4759 ac
3210 4708 3422 4776 repetiti

1850 4773 2162 4845 exactione
2181 4770 2417 4845 secunda
2458 4772 2645 4845 synodi
2668 4769 3104 4842 Carthaginensls
3133 4769 3415 4845 anui'M9,

1851 4844 1939 4915 qui
1973 4843 2109 4911 apud
2132 4841 2439 4912 Dionysium
2472 4842 2719 4912 leguntur
2744 4857 2794 4896 c.
2823 4844 2924 4898 150
2944 4855 2996 4898 et
3030 4846 3145 4898 151.

1922 4912 1949 4984 ξ
1976 4912 2348 4984 Supplevimus
2376 4913 2669 4982 produxerit
2695 4927 2761 4968 es
2791 4913 3062 4984 Dionysio.

1768 5020 1826 5083 ι)
1851 4978 2323 5083 n.f-'li?..1“3‘i3f.
2332 4978 2607 5083 $292533:
2617 4978 3148 5083 naturaomn}:
3161 4994 3267 5083 33:.
3286 4999 3422 5083 «22*
3516 4978 3529 5007 ’

231 5057 255 5097 ί
296 5056 396 5113 Hic
421 5070 590 5112 canon
615 5068 732 5110 cum
759 5056 808 5110 in
841 5052 1198 5109 anterioribus
1228 5054 1467 5125 conciliis
1498 5055 1743 5125 nuspiam
1768 5052 1826 5083 εν
1849 5052 2137 5125 Dionysius
2164 5054 2390 5125 ri-gfertin
2405 5054 2608 5125 synodo
2628 5056 2750 5109 anni
2777 5055 2903 5119 419,
2927 5058 3136 5109 actio‘ne
3160 5052 3419 5120 secunda,

1847 5140 1898 5183 c.
1929 5123 2031 5181 132
2055 5132 2111 5180 et
2142 5123 2262 5180 l53.
2304 5124 2561 5179 Similiter
2581 5124 2631 5179 hi
2656 5125 2761 5179 duo
2786 5139 3020 5179 canones
3054 5140 3214 5178 unum
3256 5125 3422 5179 conti-

1848 5198 1992 5252 cinnt
2022 5195 2161 5262 apud
2185 5194 2441 5266 Isidorum
2458 5195 2557 5266 sub
2580 5196 2736 5249 titulo
2755 5196 2965 5250 concilii
2986 5194 3423 5266 Carthaginensis

1844 5282 1941 5334 vn,
1970 5281 2017 5321 c.
2046 5266 2100 5319 5.
2124 5264 2272 5334 Apud
2297 5265 2435 5319 hunc
2461 5262 2649 5335 legitur
2670 5276 2819 5333 atque
2839 5267 2925 5319 ille
2946 5275 3108 5336 neget,
3136 5262 3236 5318 no'n
3260 5273 3420 5333 putet.

1847 5338 2002 5406 Apud
2037 5336 2344 5407 Dionysium
2379 5352 2504 5390 vero
2534 5347 2683 5403 atque
2704 5336 2794 5389 ille
2812 5344 2977 5404 neget,
3008 5344 3054 5388 et
3073 5336 3317 5406 panitere
3338 5350 3421 5390 no-

1848 5408 2020 5472 luerit,
2048 5422 2147 5460 nan
2175 5415 2338 5477 putet.

1920 5487 1958 5515 ιιι
1982 5478 2123 5548 Lege
2147 5476 2263 5531 aliis
2292 5478 2408 5533 sine
2437 5476 2499 5531 ab
2526 5491 2591 5531 ex
2614 5476 2766 5529 Βίοηο
2841 5545 2870 5548 ,ν
2929 5547 2933 5548 ν
3080 5536 3085 5541 -

1922 5558 1949 5586 ιι
1979 5545 2081 5603 me
2098 5555 2267 5602 canon
2296 5557 2352 5603 et
2372 5562 2599 5615 sequens
2623 5561 2783 5600 unum
2800 5545 3040 5619 efﬁciunt
3058 5548 3200 5615 apud
3222 5547 3404 5619 Dion

1848 5620 1984 5674 sium
2009 5635 2057 5673 c.
2083 5620 2171 5686 53,
2203 5630 2389 5687 estque
2411 5612 2546 5672 inter
2564 5630 2797 5671 canones
2824 5612 3009 5686 primae
3038 5612 3264 5673 actionis
3292 5612 3422 5673 con-

1847 5691 1959 5772 cilii
1982 5688 2576 5772 Carthaginensisanni
2619 5688 2743 5772 sui.
2775 5688 2831 5772 In
2860 5688 2994 5772 duos
3030 5702 3423 5772 verohcanones

1851 5762 2048 5829 pariter
2097 5758 2402 5813 dividuntur
2430 5759 2480 5811 in
2514 5758 2832 5829 przecedenti
2874 5767 3050 5813 nostra
3083 5759 3320 5815 editione
3367 5776 3419 5817 ε.

1847 5832 1915 5886 39
1946 5841 1999 5885 et
2026 5829 2114 5883 40.
2141 5832 2193 5883 1η
2229 5829 2466 5898 margine
2490 5828 2655 5882 nosrri
2686 5829 2883 5884 codicis
2907 5844 3002 5896 pro
3024 5831 3099 5882 vel
3122 5832 3422 5895 primatibus

1848 5902 2100 5955 scribitur
2126 5900 2201 5952 vel
2245 5899 2439 5951 cunctis
2491 5899 2834 5968 presbyteris;
2868 5916 2917 5953 m
2950 5901 3271 5968 pra'ccdenti
3307 5902 3423 5956 edi.

1849 5975 1993 6027 tione
2013 5972 2087 6023 vel
2108 5979 2284 6023 cuncto
2311 5970 2637 6031 presbyterio,
2668 5972 2804 6031 apud
2843 5971 2992 6025 Dion.
3020 5972 3094 6026 vel
3121 5972 3420 6029 presbyteris
