3998 6346
661 361 767 422 879

1582 366 1673 424 AD
1709 366 1939 426 OPERA
1977 368 2037 427 S.
2083 360 2328 429 [.80le
2363 368 2584 432 MAGNI
2621 364 2991 436 APPENDIX:
3741 375 3817 439 880

729 481 890 558 653
918 481 988 586 xi.
1015 481 1192 586 a-ﬂegn
1210 482 1410 586 placuit
1430 489 1483 538 ut
1507 485 1617 586 agri
1647 486 1731 540 vel
1745 501 2086 586 Aquarcunque
2111 501 2246 554 prae-
2269 487 2326 548 Δ
2348 490 2526 546 carnis
2548 493 2819 563 passione,
2843 483 3087 552 mortuus
3105 507 3233 552 vera
3251 499 3474 570 corporis
3495 503 3567 559 sui
3587 519 3741 576 morte,
3764 525 3830 586 rei

657 581 744 635 dia
777 579 1027 634 Ecclesia;
1053 579 1108 632 in
1132 577 1352 633 dimcesi
1386 578 1706 649 constituta,
1739 579 1935 637 fuerint
1965 582 2243 648 derelicta,

656 688 763 727 non
785 686 846 726 ea
878 670 1082 726 matrici
1115 669 1371 726 Ecclesia:
1399 670 1656 742 applicari
1687 685 1907 744 usurpet
1937 675 2242 743 episcopus.

727 763 852 818 Haec
891 769 1086 817 statuta
1137 762 1328 832 singuli
1371 763 1580 832 propria
1626 765 2022 836 subscriptione
2063 767 2244 823 ﬁrma-

652 865 777 911 runt
810 872 825 914 ;
862 854 1140 919 Aurelius,
1186 855 1521 926 Simplicius,
1575 857 1906 928 Augustinus
1943 870 1998 916 et
2037 861 2240 916 exteri.

995 1041 1024 1082 ι’
1064 1059 1302 1101 surum
1342 1061 1613 1102 nccnssm
1657 1064 1907 1114 ANTIQUA.

773 1136 880 1208 (Ex
905 1139 1334 1207 prastantissimis
1365 1155 1488 1192 mss.
1525 1141 1905 1197 collectionibus
1931 1143 2112 1213 edita.)

719 1231 772 1284 1.
800 1241 822 1271 ε
846 1230 945 1297 Qui
977 1232 1262 1302 episcopus
1289 1232 1616 1288 ordinandus
1645 1245 1748 1299 est,
1774 1246 1932 1292 antea
1958 1237 2239 1293 examine-

650 1329 740 1377 tur
773 1324 818 1377 si
859 1333 1044 1376 natura
1088 1323 1326 1392 prudens
1355 1333 1436 1379 est
1460 1364 1476 1390 ,
1515 1324 1560 1378 si
1589 1325 1834 1381 dociliilis
1857 1369 1874 1394 ,
1911 1328 1957 1382 si
2000 1330 2238 1384 moribus

647 1426 996 1486 temperatus,
1021 1418 1064 1472 si
1087 1418 1192 1471 vita
1217 1428 1418 1484 castus,
1443 1419 1486 1473 si
1509 1419 1743 1486 sobrius,
1770 1421 1812 1474 si
1841 1435 2054 1489 semper
2073 1418 2100 1459 ά
2123 1423 2236 1478 suis

644 1510 873 1580 negotiis
901 1524 1117 1576 vacans,
1147 1509 1191 1564 si
1221 1510 1525 1565 hominibus
1551 1510 1802 1578 aﬁ‘abilis,
1825 1513 1868 1566 si
1901 1515 2233 1582 misericors,

641 1604 690 1660 si
711 1603 997 1670 litteratus,
1026 1605 1072 1659 si
1101 1607 1152 1660 in
1183 1605 1298 1674 lege
1337 1605 1546 1660 Domini
1579 1608 1892 1673 instructus,
1927 1608 1970 1661 si
2002 1610 2056 1663 in
2085 1608 2233 1663 Scri-

641 1706 922 1768 pturarum
953 1696 1201 1752 sensibus
1244 1705 1432 1752 cautus
1455 1737 1470 1759 ,
1514 1698 1558 1752 si
1592 1698 1644 1753 in
1683 1698 2028 1767 dogmatibus
2059 1698 2236 1754 eccle-

640 1789 876 1846 siasticis
897 1791 1244 1852 exercitatus.
1270 1801 1320 1844 et
1344 1799 1470 1846 ante
1495 1793 1675 1848 omnia
1697 1793 1742 1848 si
1767 1793 1889 1848 ﬁdei
1911 1793 2232 1849 documenta

2350 585 2581 640 surrexit
2602 600 2730 642 vera
2750 587 2930 643 carnis
2951 603 3063 645 suae
3085 593 3475 658 resurrectione.
3497 607 3546 653 et
3561 613 3665 654 vera
3686 585 3829 668 anima

2349 676 2752 746 resumptione,
2802 678 2859 735 in
2904 695 3007 751 qua
3046 681 3223 738 veniet
3245 683 3472 753 judicare
3509 689 3638 745 vivos
3662 703 3706 748 et
3725 711 3829 756 ωοε.

2349 776 2487 825 tuos.
2528 771 2886 840 Quaerendum
2914 783 2998 830 est
3027 775 3189 831 etiam
3226 776 3292 831 ab
3318 791 3381 832 eo
3408 779 3452 834 si
3481 783 3590 836 novi
3615 793 3660 839 et
3686 793 3829 847 veteris

2345 863 2706 933 Testamenti,
2735 866 2790 922 id
2815 877 2919 933 est,
2946 867 3104 938 Legis
3127 877 3182 924 et
3207 868 3588 940 Prophetarum,
3611 886 3654 930 et
3673 892 3828 944 aposio-

2346 955 2518 1013 lorum
2546 975 2710 1014 unum
2743 958 3098 1031 eamdemque
3132 961 3315 1016 credat
3337 973 3589 1020 auctorem
3615 977 3659 1022 et
3681 970 3825 1040 Deum;

2342 1048 2390 1104 si
2419 1048 2664 1106 diabolus
2693 1065 2802 1104 non
2846 1064 2944 1120 per
2970 1050 3330 1108 conditionem
3354 1093 3369 1119 ,
3404 1055 3490 1109 sed
3519 1073 3602 1124 per
3622 1059 3826 1120 arbitrium

2344 1141 2517 1198 factus
2547 1143 2618 1198 sit
2653 1143 2847 1209 malus.
2887 1144 3248 1209 Quaerendum
3280 1145 3436 1202 etiam
3475 1146 3536 1204 ab
3560 1164 3617 1204 eo
3638 1151 3675 1205 si
3700 1154 3828 1210 credat

2344 1233 2503 1306 hujus
2531 1249 2687 1306 quam
2717 1244 3010 1306 gestamus,
3055 1246 3112 1293 et
3137 1252 3244 1292 non
3272 1238 3500 1304 alterius,
3528 1243 3678 1298 carnis
3699 1259 3825 1300 resut-

2342 1328 2670 1396 nectionem;
2707 1328 2752 1384 si
2780 1328 2965 1386 credat
3010 1328 3271 1400 judicium
3301 1330 3552 1404 futurum.
3581 1343 3629 1388 et
3655 1349 3828 1406 receptu-

2341 1435 2434 1474 ros
2461 1421 2704 1492 singulos
2731 1437 2828 1492 pro
2856 1420 2942 1478 his
2967 1437 3089 1493 qua
3119 1424 3170 1478 in
3201 1421 3303 1477 hac
3329 1439 3485 1479 carne
3508 1427 3752 1494 gesserunt,
3773 1432 3825 1485 vel

2340 1528 2528 1583 poenas
2551 1553 2569 1582 ,
2599 1515 2685 1572 sel
2713 1515 2732 1554 ι
2760 1515 3024 1586 gloriam;
3076 1515 3123 1572 si
3177 1516 3387 1584 nuptias
3415 1532 3514 1573 non
3541 1519 3823 1589 iniprobet,si

2339 1605 2572 1660 secunda
2611 1607 2955 1662 matrimonia
2986 1621 3092 1662 non
3125 1606 3374 1672 damnet,
3403 1608 3446 1662 si
3468 1608 3674 1664 carnium
3699 1627 3824 1680 perce-

2339 1698 2577 1766 ptionem
2624 1713 2732 1754 non
2780 1698 2999 1770 culpet,
3050 1700 3094 1754 si
3145 1699 3520 1770 penitentibus
3560 1705 3823 1761 reconciliatis

2338 1791 2738 1859 communicet,
2779 1791 2824 1846 si
2875 1792 2928 1846 in
2976 1793 3245 1862 baptismo
3273 1794 3446 1848 omnia
3476 1796 3753 1863 peccata,id
3770 1806 3822 1852 est

639 1882 820 1938 verbis
849 1880 1180 1953 simplicibus
1206 1890 1450 1948 asserat,
1485 1883 1535 1937 id
1567 1892 1648 1939 est
1667 1924 1683 1951 ,
1716 1883 1928 1940 Panem
1958 1891 2010 1940 et
2039 1885 2230 1942 Filium
2263 1879 2311 1940 Β
2340 1890 2446 1937 tam
2481 1882 2612 1938 illud
2637 1882 2898 1955 originale
2926 1894 3264 1941 contractum
3293 1900 3452 1954 quam
3476 1885 3554 1940 illa
3579 1901 3678 1957 quat
3695 1887 3821 1942 voluit-

637 1987 693 2033 et
724 1975 979 2048 Spiritum
1018 1987 1261 2034 sanctum
1299 1993 1462 2032 unum
1516 1979 1680 2034 Deum
1731 1995 1854 2034 esse
1882 1980 2228 2044 conﬁrmans,

613 2079 908 2140 totamque
938 2079 960 2106 ο
992 2071 1043 2124 in
1070 2070 1332 2125 Trinitate
1369 2070 1636 2127 Deitatem
1682 2073 2094 2128 coessentialein
2119 2117 2132 2138 ,
2177 2089 2232 2134 et

633 2159 1176 2223 consubstantialem,
1209 2171 1260 2215 et
1294 2163 1669 2218 coznternalem
1689 2202 1707 2229 ,
1737 2170 1791 2217 et
1819 2163 2230 2233 eoomnipoten-

633 2263 741 2310 teni
784 2253 1110 2324 praedicans;
1158 2255 1201 2308 si
1249 2253 1514 2324 singulam
1557 2270 1825 2325 quamque
1872 2257 1924 2311 in
1967 2257 2228 2313 'l'riuitate

632 2363 916 2418 personam
943 2348 1154 2417 plenum
1185 2347 1374 2417 Deum,
1399 2359 1451 2403 et
1477 2356 1616 2405 tutas
1645 2359 1755 2405 tres
1778 2365 2036 2420 personas
2061 2368 2224 2409 unum

630 2438 797 2495 Deum
825 2457 840 2506 ;
886 2443 929 2495 si
969 2443 1393 2495 incarnationem
1423 2443 1660 2496 divinam
1694 2459 1798 2498 non
1829 2444 1878 2497 in
1916 2447 2101 2505 Patre.
2131 2463 2228 2502 ne-

629 2549 734 2604 que
781 2533 832 2587 in
882 2533 1083 2601 Spiritu
1125 2543 1312 2587 sancto
1343 2533 1534 2588 factam
1565 2575 1580 2599 ,
1621 2535 1715 2590 sed
1759 2537 1809 2590 in
1843 2535 1979 2590 Filio
2021 2549 2224 2596 tantum

627 2625 834 2692 credat,
865 2624 1030 2696 65h.
1057 2635 1116 2679 ut
1143 2625 1370 2696 quierat
1405 2625 1455 2679 in
1488 2627 1775 2682 Divinitate
1815 2627 1906 2682 Dei
1939 2628 2109 2683 Patris
2141 2631 2227 2686 Fi-

629 2719 764 2783 lius,
799 2719 912 2788 ipse
941 2722 1094 2775 lieret
1132 2716 1152 2756 ί
1202 2721 1254 2775 in
1295 2723 1512 2775 homine
1559 2721 1791 2779 hominis
1830 2726 2016 2779 matris
2057 2725 2219 2795 ﬁlius,

628 2809 771 2866 Deus
799 2827 958 2866 verus
983 2827 1048 2866 ex
1086 2811 1262 2879 Patre,
1297 2823 1351 2868 et
1383 2813 1544 2868 homo
1570 2830 1730 2869 verus
1759 2831 1822 2869 ex
1868 2829 2038 2873 matre
2061 2858 2076 2882 ,
2103 2829 2224 2872 car-

627 2920 748 2960 nem
776 2921 840 2959 ex
874 2906 1060 2960 matris
1087 2905 1382 2961 visceribus
1415 2889 1648 2972 habens,
1684 2918 1736 2963 et
1765 2909 1998 2965 animam
2028 2911 2223 2966 huma-

624 3013 748 3052 nam
789 2998 1200 3066 rationabilem,
1241 2999 1398 3054 simul
1443 2999 1495 3053 iii
1540 3015 1605 3054 eo
1635 3008 1661 3047 ε
1691 3002 1864 3056 amba:
1891 3013 2125 3069 naturae,
2169 3004 2222 3060 id

623 3103 707 3147 est
731 3133 744 3154 ,
777 3091 937 3146 hoino
966 3101 1021 3147 et
1053 3093 1188 3148 Deus
1209 3133 1223 3157 ,
1256 3107 1360 3146 una
1402 3107 1629 3163 persona
1660 3135 1675 3160 ,
1707 3110 1842 3149 unus
1871 3095 2013 3151 ﬁlius
2038 3137 2054 3163 ,
2084 3112 2222 3153 unus

623 3182 892 3248 Chrisms,
915 3199 1050 3238 unus
1079 3182 1338 3237 Dominus
1366 3179 1395 3219 h
1422 3179 1633 3239 creator
1653 3189 1892 3240 Omnium
1924 3204 2042 3258 quae
2071 3199 2220 3254 sunt,

2336 1975 2472 2029 tarie
2495 1975 2729 2031 admissa
2755 1985 2913 2043 sunt,
2947 1975 3320 2044 dimittantur;
3362 1978 3406 2032 si
3438 1986 3576 2034 extra
3608 1979 3820 2034 Ecclesiatn

2333 2068 2652 2124 catholicam
2687 2071 2861 2125 nullus
2887 2072 3142 2126 salvetur.
3172 2069 3308 2126 Cum
3343 2071 3396 2124 in
3422 2071 3501 2126 his
3522 2071 3822 2126 omnibusut-

2331 2163 2588 2228 niinatus,
2623 2162 2872 2217 inventus
2910 2163 3070 2218 fuerit
3101 2163 3258 2232 plene
3288 2163 3567 2220 instructus
3587 2205 3601 2230 ,
3626 2173 3716 2218 tunc
3733 2179 3820 2218 cum

2331 2269 2597 2311 consensu
2624 2255 2942 2309 clericorum
2988 2263 3044 2310 et
3085 2255 3344 2310 laicorum
3383 2265 3438 2310 et
3463 2264 3691 2311 conventu
3708 2255 3821 2309 totius

2328 2348 2618 2418 provincia:
2667 2349 3043 2418 episcoporum
3075 2387 3093 2414 ,
3145 2350 3482 2418 maximeque
3523 2345 3818 2416 metropolitani

2329 2441 2410 2496 vel
2465 2443 2786 2498 auctoritate
2831 2442 2912 2497 vel
2955 2443 3244 2512 praesentia
3289 2441 3558 2498 ordinetur
3599 2443 3817 2509 episcopus.

2328 2541 2588 2609 Suscepto
2619 2541 2670 2594 in
2714 2542 2934 2596 nomine
2977 2539 3176 2595 Christi
3225 2539 3527 2610 episcOpatu
3551 2580 3564 2605 ,
3598 2538 3723 2610 655
3750 2552 3818 2590 non

2327 2647 2440 2685 sum
2474 2634 2489 2682 i
2525 2633 2890 2703 delectationi,
2921 2648 3021 2687 nec
3049 2631 3161 2687 suis
3192 2631 3447 2696 mutihns,
3468 2631 3553 2686 sed
3581 2631 3651 2684 his
3673 2629 3818 2683 Patrum

2327 2721 2725 2790 deﬁnitionibus
2747 2723 3072 2791 acquiescat.
3099 2719 3126 2758 ¹ι
3151 2717 3207 2776 In
3232 2723 3386 2790 cuius
3405 2720 3698 2776 ordinatione
3713 2718 3818 2772 etiam

2327 2823 2459 2870 tetas
2491 2815 2782 2886 requiritur
2827 2829 2988 2885 quam
3032 2814 3204 2870 saucii
3247 2813 3434 2870 Patres
3459 2811 3675 2881 exemplo
3697 2809 3817 2866 Salia

2328 2907 2458 2964 toris
2488 2907 2542 2962 in
2573 2905 2947 2979 praeeligendis
2969 2907 3238 2977 episcopis
3264 2907 3644 2962 constituerunt.

2403 3002 2498 3058 14.
2529 3002 2570 3055 l.
2614 3000 2684 3057 Ut
2719 3001 3005 3070 episcOpus
3029 3013 3139 3055 non
3174 2999 3339 3070 longe
3371 2998 3437 3054 ab
3474 2996 3676 3054 Ecclesia
3699 2992 3816 3063 hospi

2326 3095 2514 3175 tioium
2546 3094 2763 3150 habeat.
3150 3133 3159 3142 .

2399 3190 2487 3244 35.
2528 3187 2594 3245 ll.
2631 3187 2698 3244 Ut
2725 3186 3012 3258 episcopus
3041 3185 3094 3241 in
3123 3185 3370 3243 Ecclesia
3397 3186 3451 3242 in
3477 3196 3694 3241 consessu
3719 3191 3816 3251 pres

623 3283 679 3329 et
704 3284 925 3345 auctor,
958 3285 1012 3331 et
1043 3275 1300 3330 Dominus
1324 3284 1424 3346 ,_et
1460 3287 1638 3333 rector
1667 3293 1788 3334 cum
1821 3279 1978 3336 Patre
2018 3289 2073 3336 et
2099 3281 2222 3349 Spi-
2248 3263 2295 3328 Ο
2326 3283 2637 3354 hyterorum
2669 3280 2950 3335 sublimior
2977 3279 3181 3336 sedeat.
3227 3281 3371 3336 Intra
3398 3281 3596 3335 domum
3629 3291 3728 3333 vero
3747 3271 3816 3328 col-

623 3365 731 3424 ritu
759 3377 946 3424 sancto
971 3369 1207 3424 omnium
1230 3377 1628 3439 creaturarum;
1659 3373 1746 3444 qui
1770 3388 1962 3444 passus
1984 3385 2068 3430 est
2093 3392 2221 3432 vera

621 3585 748 3641 suis.
777 3585 832 3641 In
858 3586 1107 3654 praesenti
1133 3594 1312 3642 autem
1342 3585 1574 3641 concilio
1605 3585 1719 3640 haec
1747 3583 1972 3640 mutatio
1999 3582 2077 3637 vel
2107 3582 2215 3654 pri-

621 3658 838 3712 motibus
863 3651 1078 3714 inducta
1110 3657 1240 3712 fuit:
1269 3657 1406 3712 unde
1442 3656 1528 3712 hic
1554 3670 1726 3712 canon
1753 3670 1938 3721 pos'ea
1954 3669 2074 3709 cum
2109 3651 2210 3710 hac

621 3727 851 3799 lectione
880 3739 1167 3784 renovatus
1194 3729 1346 3783 estin
1369 3728 1579 3799 synodo
1611 3725 2080 3799 l'lippmiiregiensi
2113 3741 2234 3799 an-_

619 3798 676 3854 ni
693 3797 823 3864 427,
850 3808 986 3855 teste
1009 3799 1284 3855 Ferrando
1306 3816 1360 3856 η.
1380 3795 1574 3866 ηυδε
1604 3795 1860 3868 legimus:
1893 3795 1958 3850 Ut
1986 3797 2210 3868 ερὶδςορὶ

617 3886 724 3924 rem
747 3869 991 3940 Ecclesia:
1016 3873 1125 3924 sine
1153 3870 1630 3940 primatisiconsilio
1668 3867 1773 3921 non
1801 3869 2040 3922 vendant.
2075 3867 2211 3922 Con-

619 3941 708 3994 cil.
735 3939 1162 4010 Hipponiregien.
1196 3943 1276 3995 tit.
1301 3941 1354 3998 9.
1385 3939 1626 4010 Priorem
1645 3953 1776 3993 vero
1802 3940 1958 4010 hujus
1983 3940 2208 4010 canonis

657 4008 824 4080 artem
849 4008 916 4064 ex
941 4008 1132 4064 eodem
1154 4011 1382 4066 concilio
1406 4008 1856 4080 Hipponiregiensi
1881 4009 1962 4063 tit.
1987 4009 2042 4076 9,
2065 4008 2205 4064 idem

667 4081 926 4135 errandus
948 4079 1128 4136 laudat
1150 4092 1329 4146 postea
1365 4079 1519 4135 num.
1534 4079 1624 4136 95.

695 4159 719 4188 ι
762 4151 856 4207 Hic
879 4166 1050 4206 canon
1081 4151 1133 4206 in
1160 4151 1261 4207 hoc
1287 4151 1514 4206 concilio
1538 4151 1729 4208 eodem
1759 4166 1941 4219 sensu,
1969 4150 2063 4204 sed
2089 4151 2205 4206 aliis

618 4222 826 4294 verbis,
858 4223 1054 4277 clarius
1079 4222 1552 4294 exponitnrquam
1590 4223 1642 4278 iti
1673 4221 1879 4294 synodo
1919 4223 2043 4276 anni
2079 4221 2199 4286 “9,

614 4293 754 4364 apud
787 4294 1094 4365 Dionysium
1136 4310 1186 4348 c.
1227 4293 1313 4348 55.
1367 4292 1675 4350 Ferrandus
1705 4292 1892 4364 palam
1943 4293 2206 4365 signiﬁcat

614 4365 757 4420 hunc
789 4364 1051 4422 eanonem
1087 4367 1374 4434 repetitum
1403 4365 1456 4420 in
1494 4365 1700 4434 synodo
1735 4364 2207 4434 tiipponiregicnsi

613 4451 702 4490 an.
733 4436 836 4492 427
861 4477 879 4503 ,
929 4453 983 4490 η.
1025 4437 1095 4492 58
1121 4479 1135 4503 ,
1191 4434 1258 4492 Ut
1285 4437 1554 4508 episcopus
1592 4437 1816 4491 metricis
1854 4451 1958 4508 non
1995 4445 2204 4505 usurpet

611 4508 860 4576 quidquid
891 4509 1042 4578 fuerit
1076 4505 1323 4578 donatunt
1353 4505 1596 4562 Ecclesiis
1621 4524 1734 4577 quae
1759 4506 2048 4578 in‘ditecesi
2075 4522 2203 4578 con-

611 4579 801 4631 stituta:
830 4576 970 4632 sunt.
1003 4577 1200 4633 Concil.
1236 4576 1662 4649 Hipponircgien.
1702 4580 1783 4632 tit.
1818 4576 1873 4631 9.
1929 4577 2041 4631 Vox
2075 4576 2202 4649 diie-

611 4649 741 4702 cesis
767 4664 833 4702 ex
867 4657 1048 4704 nostro
1077 4663 1285 4704 canone
1313 4647 1542 4713 sumpta
1580 4649 1696 4715 fuit,
1733 4665 1854 4704 cum
1894 4649 1948 4702 in
1974 4647 2200 4702 concilio

612 4721 736 4773 anni
761 4719 868 4774 419
895 4719 1028 4772 tituli
1058 4735 1255 4774 nomen
1283 4720 1504 4790 legatur.
1537 4720 1670 4776 Cum
1703 4734 1865 4790 porro
1896 4719 2200 4774 Ferrandus

611 4791 750 4844 hunc
781 4797 837 4844 et
867 4791 1256 4857 praecedentem
1288 4805 1551 4846 canonem
1577 4792 1767 4846 eodem
1811 4790 1955 4844 titulo
1997 4790 2029 4845 9
2056 4790 2200 4845 desi-

2329 3378 2500 3446 legam
2527 3389 2586 3430 se
2615 3373 3049 3444 presbyterorum
3078 3385 3200 3427 esse
3228 3382 3530 3442 cognoscat.

2319 3583 2470 3637 sticd.
2503 3582 2631 3637 Mss.
2683 3578 2871 3635 Vallic.
2912 3589 2967 3637 et
3009 3568 3112 3653 alia
3152 3549 3486 3653 additiouum
3529 3572 3718 3653 Dionysii
3748 3571 3818 3653 lict

2321 3655 2647 3723 prooemium
2681 3666 2886 3706 canone
2919 3653 2941 3706 1
2975 3651 3187 3722 signant
3208 3692 3222 3715 .
3267 3659 3323 3706 et
3363 3651 3412 3704 in
3444 3647 3725 3719 sequentibus
3747 3645 3818 3696 ali-

2362 3735 2453 3780 uot
2483 3738 2716 3779 canones
2749 3724 2817 3776 ita
2845 3723 3209 3794 conjungunt,
3261 3731 3323 3794 ut
3343 3735 3524 3794 omnes
3555 3726 3706 3794 continu
3725 3728 3816 3794 eva-
3910 3723 3911 3778 ξ

2362 3741 2453 3780 υοι
2483 3741 2716 3779 canones
2749 3741 2817 3776 ita
2845 3741 3209 3794 coniungunt,
3261 3741 3317 3775 ut
3343 3741 3524 3775 omnes
3555 3741 3706 3773 centum
3725 3741 3815 3769 cva-

2319 3741 2469 3863 3ant,
2507 3794 2955 3862 quemadmodum
2986 3809 3050 3849 es
3081 3809 3177 3848 suo
3204 3793 3394 3848 codice
3431 3785 3706 3863 Vercelicnsi
3729 3788 3815 3838 Atto

2316 3859 2538 3921 notavit.
2574 3864 2900 3920 Divisionem
2932 3874 3112 3920 autem
3143 3863 3496 3919 vetustiorum
3525 3859 3813 3916 collectionem

2315 3937 2437 3992 Vat.
2483 3935 2620 3991 1549.
2649 3943 2702 3990 ct
2745 3936 2931 3989 similis
2973 3936 3132 3991 Bari).
3183 3934 3330 3988 2888
3357 3977 3372 4001 ,
3418 3933 3697 3998 alteriusque
3732 3924 3810 3978 Vat.

2314 4007 2484 4064 Palat.
2521 4007 2653 4071 574,
2683 4007 3008 4073 sequendam
3041 4006 3374 4062 censuimus.
3772 4064 3779 4073 ο

2386 4080 2414 4116 ά
2464 4079 2686 4148 Quidam
2720 4072 2890 4132 nustri
2919 4077 3075 4132 codd.
3109 4077 3307 4148 habent
3329 4076 3409 4131 sui
3434 4072 3622 4144 negotii,
3643 4078 3687 4126 et
3707 4072 3810 4148 ogui-

2315 4157 2433 4204 tunt
2472 4134 2680 4204 cacanti.
2743 4148 2895 4219 Vulg.
2930 4163 3023 4215 pro
3040 4164 3238 4220 parans
3293 4134 3810 4220 Ita‘beutchttens-LMM'

2313 4222 2434 4275 cod.
2475 4221 2588 4274 Vat.
2622 4265 2632 4284 ,
2679 4213 2953 4271 humilibus
2992 4217 3252 4284 affabilis;
3288 4218 3428 4288 vulg.
3455 4259 3468 4281 ,
3500 4217 3540 4268 si
3567 4213 3758 4272 humilis,
3785 4222 3810 4254 α

2315 4292 2559 4358 αθάὸὶιὶδ.

2388 4373 2407 4400 ε
2457 4362 2608 4432 Vulg.
2646 4361 2812 4418 Cone.
2835 4406 2848 4428 ,
2893 4361 3161 4416 Trinitatis
3194 4357 3475 4424 Brit/item;
3517 4367 3565 4413 et
3602 4360 3697 4423 post
3724 4363 3809 4404 tton-

2313 4435 2794 4505 utilla‘singularem
2822 4446 2927 4505 pro
2942 4433 3220 4505 singularis.
3444 4499 3473 4505 __
3743 4504 3750 4505 ί
3783 4488 3792 4505 ,

2385 4502 2404 4541 ί
2448 4499 2583 4562 Cod:
2612 4499 2887 4566 Heroval.,
2911 4503 2964 4555 in
2983 4499 3321 4565 humanitate,
3355 4499 3558 4562 melius.
3579 4509 3678 4552 cum
3695 4501 3809 4568 magis

2307 4577 2633 4643 respondeat
2661 4573 3102 4630 antecedentibus
3133 4574 3185 4628 in
3207 4572 3505 4627 Divinitate.
3537 4569 3640 4624 Mox
3660 4572 3809 4643 triatria

2306 4635 2412 4717 (lue.
2443 4649 2748 4717 praeierunt
2777 4646 2992 4715 quidam
3034 4644 3190 4700 codd.
3241 4644 3373 4698 Dein
3413 4644 3458 4696 si
3495 4657 3623 4696 verus
3651 4635 3810 4690 Deum

2307 4713 2465 4771 Patre
2497 4719 2549 4773 in
2579 4732 2682 4772 ms.
2712 4713 2830 4771 Vat.
2862 4717 3024 4773 5845.

2379 4798 2403 4835 ε
2446 4787 2634 4843 Vallic.
2682 4790 2842 4856 cod.,
2890 4796 3116 4858 utrmque
3160 4795 3379 4841 natura.
3431 4783 3543 4840 Mox
3583 4789 3709 4835 voces
3740 4783 3807 4824 ulla

607 4873 773 4950 εειοξιξ,
791 4861 1537 4950 neetiamJuventius
1560 4863 1613 4950 in
1645 4861 1851 4933 synodo
1879 4861 2199 4931 "iwonire-
2221 4889 2277 4950 n
2302 4859 2954 4950 Pe:'°."2ﬂea'9‘.ic.as-
2984 4858 3106 4950 Yet;

604 4933 776 5003 ginnsi
808 4947 971 4986 unum
1000 4947 1258 5003 eanonem
1281 4932 1597 5003 coniecisse.

678 5003 705 5042 δ
743 5003 972 5058 Codices
996 5019 1131 5071 quos
1162 5003 1211 5057 in
1240 5002 1324 5057 his
1351 5006 1562 5058 statutis
1583 5003 1805 5060 edendis
1833 5001 2194 5069 adhibuimus,

604 5085 731 5130 sunt
760 5077 921 5128 trium
953 5074 1354 5137 collectionum,
1385 5073 1636 5130 nimirum
1668 5075 1787 5130 Vat.
1817 5074 1954 5130 1512
1977 5086 2026 5129 et
2062 5073 2196 5127 Bar-

607 5145 825 5200 herinus
843 5144 1006 5207 2888.
1041 5145 1417 5201 Vatllicellanus
1448 5148 1493 5201 A
1522 5147 1577 5210 5,
1618 5157 1672 5201 et
1700 5146 1815 5200 Vat.
1842 5145 2005 5200 5845.
2029 5144 2198 5200 Addi-

606 5217 809 5272 tionuiu
843 5217 1100 5286 Dionysii,
1132 5231 1195 5270 ac
1231 5218 1347 5271 Vat.
1380 5215 1548 5272 Palat.
1579 5217 1718 5283 574,
1762 5215 2194 5272 Herovalliannm

602 5289 785 5354 etiam,
810 5302 878 5343 ex
905 5302 1012 5357 quo
1037 5287 1269 5343 Jacobus
1291 5287 1430 5342 Petit
1456 5288 1654 5355 aliquot
1676 5303 1910 5343 canones
1939 5302 2049 5342 sua:
2076 5287 2193 5343 col-

603 5358 821 5415 lectioni
853 5359 1108 5429 inst-ruit,
1141 5358 1427 5428 aliquando
1456 5358 1800 5429 allegabimus
1830 5375 1842 5413 :
1885 5359 1937 5413 in
1967 5373 2074 5429 quo
2105 5367 2187 5412 ta-

601 5445 726 5487 men
756 5430 931 5498 aliqua
963 5427 1184 5483 liberius
1206 5427 1404 5484 mutata
1427 5427 1729 5485 collectoris
1753 5429 1974 5484 arbitrio
1990 5427 2192 5498 depre-

603 5499 908 5558 hendimus.
933 5499 1153 5555 Numeri
1177 5501 1385 5556 Arahiei
1405 5500 1735 5568 singulorum
1753 5515 2018 5555 canonum
2038 5501 2192 5555 initio

603 5577 770 5629 notati
787 5571 1032 5628 ordinem
1049 5571 1275 5626 innuunt
1290 5588 1395 5641 quo
1411 5571 1512 5626 sub
1527 5573 1740 5626 nomine
1753 5571 2190 5640 Carthaginensis

603 5647 746 5714 tviin
773 5645 1000 5714 vulgatis
1037 5641 1167 5698 editi
1192 5651 1317 5698 sunt
1337 5652 1376 5698 t.
1404 5643 1445 5698 ll
1469 5641 1827 5699 Conciliorqu
1869 5642 2000 5698 Ven.
2033 5643 2187 5709 edit.,
2231 5695 2240 5706 ,

604 5713 709 5769 col.
733 5715 870 5786 Q56
896 5727 946 5771 et
973 5729 1125 5786 seqq.

681 5791 704 5822 ο
743 5783 855 5859 Hoc
882 5783 1202 5859 tirocinium
1237 5784 1502 5859 integrum
1539 5785 1732 5859 legitur
1761 5786 1813 5842 in
1854 5783 2072 5859 vulgato
2098 5798 2189 5859 or-

603 5847 732 5914 tllus
761 5847 1002 5924 Romano
1033 5853 1282 5927 illttorpil
1311 5847 1410 5915 stili
1440 5847 1643 5914 tltttlo't
1682 5851 1889 5916 Statius
1927 5847 2186 5912 Ecclesia-

2378 4928 2406 4967 ιι
2443 4931 2584 5004 Idem
2617 4945 2716 5004 ms.
2750 4930 2963 5004 Vallie.,
2989 4928 3358 5004 creaturortim,
3379 4935 3435 4982 et
3457 4923 3584 5004 deiu_
3596 4933 3678 5004 pri}

2301 5013 2426 5057 cum
2453 5001 2772 5071 quibusdam
2801 5001 2919 5056 aliis
2943 4987 3102 5056 codd.
3132 5001 3292 5055 habet
3316 4987 3527 5071 creator.
3549 4987 3805 5071 Praetulimgs

2303 5085 2426 5127 cuin
2450 5061 2678 5142 vulgatis
2710 5082 2892 5139 rector,
2921 5086 2986 5127 eo
3015 5071 3157 5140 quod
3185 5071 3300 5126 hare
3329 5085 3429 5124 vox
3459 5069 3647 5123 inanem
3669 5061 3806 5126 repeti-

2303 5143 2505 5199 tionem
2534 5145 2716 5200 evitet.
3760 5193 3769 5204 .

2381 5213 2395 5252 ί
2446 5213 2520 5269 Ita
2545 5216 2667 5270 cod.
2694 5213 2812 5268 Vat.
2844 5211 2982 5269 1542
3004 5227 3126 5269 cum
3149 5212 3297 5284 vulg,
3312 5210 3382 5284 in
3409 5207 3803 5284 γῳῃωηῃηζῖινξε·

2375 5288 2390 5336 i
2440 5286 2511 5342 Ita
2534 5286 2658 5342 cod.
2679 5285 2868 5341 Vallic.
2893 5301 3014 5339 cum
3037 5285 3181 5355 vulg.
3205 5272 3266 5339 lii
3281 5283 3400 5338 Vat.
3426 5277 3574 5355 l3_l_2.
3591 5272 3802 5355 άίιιρτξίῖξξ

2374 5356 2400 5394 ιι
2440 5357 2725 5428 Sequentia
2773 5356 3058 5428 desuntgin
3099 5346 3309 5411 laudato
3344 5368 3443 5408 ms.
3487 5349 3618 5410 Vat.,
3643 5346 3805 5428 etgg‘f

2302 5428 2494 5484 melius
2508 5416 2731 5503 {inepte
2751 5428 2891 5483 enim
2905 5426 3162 5503 videntur
3187 5429 3406 5503 inserta,
3428 5416 3804 5503 etfﬁngflffnﬂ'ff

2299 5478 2492 5554 tias};
2506 5478 3344 5572 f'iigaaaafc’aaisafi';.'.;..¢a.ie
3382 5478 3699 5572 subiiciuntur
3717 5478 3804 5572 of}

2299 5571 2459 5644 verba
2491 5571 2568 5624 his
2600 5569 2820 5624 Patrum
2862 5569 3262 5644 deﬁnitionibus
3281 5557 3576 5644 acquiesch
3595 5557 3803 5644 ,ἐξῃξεῇ

2297 5621 2633 5697 insesso}.
2652 5621 3038 5710 "exstinguitis
3056 5621 3081 5704 ,7
3099 5621 3235 5710 qui.
3250 5621 3493 5710 leguntur
3520 5633 3566 5685 in
3595 5621 3802 5710 vallionfi
3898 5675 3899 5690 χ

2299 5687 2507 5769 ἕξιὲἰὲῖᾗ
2528 5687 3069 5768 Ennianistam
3100 5687 3379 5780 bionysi’i,
3411 5717 3505 5780 nec
3529 5712 3622 5780 noti
3649 5687 3801 5780 imi;

2294 5765 2635 5855 inuenisti
2647 5765 2686 5855 ,
2711 5765 2764 5838 in
2778 5765 3122 5855 ﬁdibusne“
3143 5765 3307 5853 pauca
3327 5765 3673 5834 desiderantur
3689 5765 3803 5814 νοω

2295 5848 2528 5926 Exemplo
2559 5848 2866 5912 Saluatoris.
