3998 6346
169 431 259 486 Bell

1129 427 1543 484 DOCUMENTA
1581 425 1768 485 JURIS
1802 427 2117 488 CANONICI
2148 431 2461 490 VETERIS.

3330 421 3439 502 δὴ

233 548 306 602 20
343 545 431 601 III.
485 545 553 600 Ut
594 548 878 615 episcopus
909 546 1104 600 nullam
1141 548 1216 600 rei
1267 547 1541 603 familiaris
1565 563 1750 604 curam
1778 552 1830 612 Α
1855 549 1959 604 erit
2003 550 2270 604 sententia
2319 547 2592 619 episcopi,
2640 546 2741 603 nisi
2789 552 3074 618 prasentta
3123 546 3442 604 clericorum

163 641 230 697 ad
255 655 316 695 se
348 648 597 700 revocet,
630 637 720 692 sed
751 637 1002 702 lectioni,
1033 646 1088 692 et
1113 639 1362 706 orationi,
1392 649 1448 695 et
1473 640 1622 696 verbi
1653 639 1748 695 Dei

161 732 532 805 praedicationi
562 730 928 786 tantummodo
961 740 1130 787 vacet.

229 827 301 882 15
337 825 428 881 IV.
471 825 538 881 Ut
565 826 849 895 episcopus
875 827 1031 882 vilem
1060 827 1443 896 supellectilem
1470 837 1496 866 ⁸
1518 839 1572 884 et
1599 844 1751 884 men-

157 933 275 977 sam
306 935 370 976 ac
394 919 592 975 victum
639 935 929 990 pauperem
963 920 1193 991 trahent,
1233 930 1289 977 et
1329 923 1603 994 dignitatis
1639 938 1750 979 suae

155 1017 534 1071 auctoritatem
566 1012 672 1068 ﬁde
697 1023 752 1068 et
780 1014 905 1069 vita:
933 1016 1139 1070 meritis
1164 1025 1388 1086 quaerat.

227 1107 298 1162 16
337 1106 402 1162 ν.
450 1105 517 1161 Ut
553 1106 838 1176 episcopus
876 1107 1153 1178 gentilium
1201 1107 1364 1164 libros
1411 1124 1519 1165 non
1567 1109 1746 1180 legat;

153 1201 536 1256 haereticorum
568 1210 746 1255 autem
779 1216 873 1270 pro
917 1201 1236 1258 necessitate
1265 1200 1294 1241 ιι
1324 1204 1602 1272 temporis.

225 1297 301 1352 18
343 1295 430 1351 VI.
456 1295 524 1352 Ut
550 1295 836 1368 episcopus
862 1296 1143 1352 tuitionem
1176 1305 1614 1354 testamentorum
1642 1313 1748 1354 non

151 1389 436 1461 suscipiat.

233 1482 303 1536 17
345 1481 457 1538 VII.
503 1483 575 1539 Ut
603 1485 886 1554 episcopus
913 1485 1354 1556 gubernationem
1386 1486 1663 1543 viduarum
1697 1497 1752 1542 et

152 1576 487 1647 pupillorum
528 1592 590 1631 ac
618 1577 1036 1646 peregrinorum
1057 1595 1162 1633 non
1206 1594 1300 1649 per
1329 1580 1561 1649 seipsum
1591 1623 1605 1642 ,
1655 1580 1750 1637 sed

149 1682 254 1738 per
286 1667 832 1740 archipresbyternm,
865 1669 949 1724 vel
979 1670 1412 1726 archidiaconum
1446 1682 1468 1710 ο
1500 1681 1642 1738 agat.

221 1760 394 1832 656
433 1760 500 1816 I9
537 1760 672 1815 VIII.
717 1759 783 1816 Ut
826 1765 1110 1832 episcopus
1154 1780 1254 1819 nec
1289 1774 1608 1836 provocatus
1654 1780 1752 1835 pro

147 1852 315 1909 [Clitis
349 1853 674 1909 transitoriis
713 1853 740 1891 ά
773 1855 965 1925 litiget.

1851 640 2216 697 conﬁrmetur.

1923 734 1984 789 3t
2026 734 2187 806 657
2215 732 2347 788 'XV.
2396 733 2469 790 Ut
2495 735 2780 806 episcopus
2831 735 2993 791 rebus
3038 734 3291 792 Ecclesia:
3319 743 3440 792 tan-

1852 844 2009 900 quam
2058 827 2491 893 commendatis,
2535 843 2643 884 non
2687 837 2940 898 tanquam
2983 828 3214 896 prapriis
3237 838 3440 886 utatur.

1852 919 1881 960 ι
1915 921 2176 976 Diaconos
2224 929 2280 976 et
2329 921 2630 992 presbyteri
2661 921 2713 975 in
2753 920 3008 990 parochia
3055 923 3334 978 constituti
3371 923 3442 980 de

1852 1013 2013 1070 rebus
2036 1013 2291 1069 Ecclesia:
2312 1013 2412 1068 sibi
2440 1012 2658 1068 creditis
2676 1013 2806 1069 nihil
2830 1015 3063 1071 audeant
3081 1025 3440 1084 commutare,
3505 1056 3514 1066 .

1851 1112 1975 1182 quia
2016 1123 2105 1166 res
2133 1119 2359 1166 sacratze
2401 1109 2512 1165 Deo
2563 1124 2684 1166 esse
2727 1119 3040 1166 noscuntur.
3087 1109 3351 1166 Similiter
3385 1117 3443 1166 et

1853 1204 2158 1261 sacerdotes
2197 1204 2328 1260 nihil
2373 1204 2440 1258 de
2464 1202 2626 1258 rebus
2665 1202 2924 1259 Ecclesia
2961 1203 3063 1258 sibi
3110 1201 3439 1270 commissis,

1854 1307 1914 1352 ut
1942 1297 2190 1368 superius
2211 1297 2412 1352 dictum
2436 1306 2539 1362 est,
2569 1294 2587 1335 ι
2615 1296 2896 1351 immutare
2919 1305 3263 1362 przesumant.
3287 1295 3443 1364 Quod

1852 1393 1898 1449 si
1927 1393 2105 1449 facere
2129 1393 2419 1458 voluerint,
2449 1391 2681 1446 convicti
2716 1389 2767 1444 in
2797 1391 3027 1446 concilio
3045 1431 3061 1456 ,
3089 1391 3158 1446 de
3197 1405 3295 1446 suo
3319 1405 3444 1460 pro-

1854 1485 1973 1556 prio
1997 1484 2140 1540 aliud
2188 1494 2392 1538 tantum
2425 1485 2710 1539 restituant
2736 1494 2991 1552 quantum
3021 1483 3118 1537 visi
3150 1491 3276 1536 sunt
3305 1497 3444 1551 prte-

1855 1578 2170 1645 sumpsisse.
2225 1575 2367 1630 Sane
2395 1575 2440 1629 si
2471 1576 2592 1644 quis
2622 1589 2721 1643 pro
2766 1574 3004 1641 qualibet
3045 1576 3352 1629 conditione
3374 1575 3444 1630 de

1855 1673 2016 1728 rebus
2046 1672 2300 1727 Ecclesiae
2349 1669 2549 1736 aliquid
2582 1668 2816 1723 alienare
2858 1668 3083 1724 voluerit
3111 1709 3126 1731 ,
3161 1669 3205 1724 si
3235 1669 3304 1723 de
3345 1683 3446 1725 Stto

1856 1765 2074 1835 proprio
2121 1772 2324 1816 tantum
2378 1760 2632 1816 Ecclesiae
2681 1761 2971 1815 contulerit
3016 1770 3271 1818 quantum
3300 1762 3446 1815 visus

1856 1866 1938 1911 est
1985 1856 2273 1911 abstulisse
2298 1895 2315 1920 ,
2366 1865 2489 1908 tunc
2529 1853 2745 1908 demum
2793 1853 2920 1909 illud
2951 1864 3096 1908 stire
3137 1853 3336 1910 licebit.
3372 1854 3445 1907 Ita

223 1946 295 2000 21
341 1945 431 2001 IX.
475 1947 544 2001 Ut
577 1949 860 2016 episcopus
888 1949 955 2003 ad
992 1950 1254 2021 synodum
1285 1953 1362 2008 ire
1393 1962 1416 1990 ε
1447 1953 1576 2007 satis
1605 1954 1753 2022 gravi
1783 1945 1832 2006 B
1861 1958 2038 2004 tamen
2069 1947 2293 2002 libertos
2323 1947 2464 2017 quod
2495 1946 2827 2008 sacerdotes,
2860 1945 3193 2016 presbyteri,
3223 1945 3304 1998 vel
3332 1943 3451 1998 dia-

146 2037 486 2093 necessitate
519 2038 846 2109 inhibeatur,
874 2041 951 2096 sic
980 2050 1160 2099 tamen
1191 2053 1247 2098 ut
1278 2060 1375 2112 pro
1401 2060 1494 2099 sua
1524 2060 1752 2114 persona

147 2130 394 2201 legatum
427 2131 624 2195 mittat,
646 2141 993 2203 suscepturus
1021 2136 1169 2190 salva
1198 2136 1319 2192 ﬁdei
1348 2138 1572 2193 veritate
1599 2139 1756 2209 quid«

146 2222 280 2284 quid
311 2223 552 2294 synodus
581 2226 848 2280 statuerit.

221 2313 300 2368 2‘2
339 2313 407 2370 X.
455 2316 520 2372 L't
558 2318 841 2386 episcopus
874 2319 1075 2390 absque
1112 2320 1337 2375 consilio
1366 2319 1387 2366 ι
1413 2324 1754 2396 comprcsby-

148 2417 398 2462 terorum
439 2423 660 2463 suorum
691 2408 916 2465 clericos
949 2427 1054 2465 non
1082 2412 1332 2480 ordinet,
1375 2413 1444 2468 ita
1470 2424 1529 2469 ut
1554 2415 1752 2471 civium

144 2503 554 2559 conniventiam
596 2514 643 2560 et
680 2504 1044 2560 testimonium
1075 2519 1299 2575 qua‘rat.

216 2596 293 2646 27
337 2595 428 2650 XI.
478 2594 546 2651 Ut
571 2596 857 2667 episcopus
905 2599 971 2653 de
1011 2599 1130 2653 loco
1174 2598 1396 2670 ignobili
1424 2601 1488 2656 ad
1519 2601 1752 2659 nobilem

147 2698 250 2759 per
280 2688 637 2744 ambitionem
668 2707 771 2744 non
801 2698 1068 2757 transeat,
1098 2705 1197 2746 nec
1226 2693 1507 2767 quisquam
1538 2695 1754 2749 inferio~

146 2782 224 2837 ris
252 2781 467 2836 ordinis
499 2782 744 2838 clericus.
775 2783 917 2839 Sane
946 2786 990 2840 si
1027 2784 1076 2840 id
1106 2786 1306 2840 utilitas
1333 2787 1587 2842 Ecclesia:
1621 2787 1753 2842 ﬁen-

142 2875 280 2929 dum
317 2875 658 2944 poposcerit,
694 2876 912 2932 decreto
942 2892 1038 2948 pro
1065 2893 1130 2933 eo
1160 2879 1476 2934 clericorum
1508 2888 1562 2935 et
1591 2881 1755 2936 laico-

143 2980 271 3021 rum
323 2967 591 3037 episcopis
637 2979 886 3039 porrecto
914 3013 929 3037 ,
984 2977 1009 3017 8
1052 2985 1146 3038 per
1191 2974 1510 3027 sententiam
1560 2976 1751 3046 synodi

142 3059 511 3115 transferatur
534 3103 549 3125 ,
591 3060 937 3116 nihilominus
983 3061 1089 3117 alio
1120 3064 1172 3117 in
1203 3063 1321 3118 loco
1348 3064 1464 3134 ejus
1493 3065 1750 3137 episcopo

143 3153 469 3222 subrogato.
513 3151 786 3208 Inferioris
815 3169 944 3210 vero
969 3155 1167 3225 gradus
1212 3157 1522 3213 sacerdotes
1551 3159 1631 3214 vel
1661 3159 1749 3214 alii

144 3247 336 3302 clerici
379 3249 730 3303 concessione
769 3264 986 3303 suorum
1028 3249 1397 3322 episcoporum
1431 3257 1654 3322 possunt
1683 3253 1748 3309 ad

144 3340 291 3396 alias
321 3341 589 3396 Ecclesias
617 3342 1017 3411 transmigrare.

216 3434 300 3487 54
340 3431 456 3487 XII.
505 3433 573 3487 Ut
610 3435 893 3504 episcopus
930 3436 1172 3506 quolibet
1210 3437 1329 3492 loco
1369 3437 1568 3496 sedens
1609 3448 1753 3497 stare

145 3521 172 3564 ³
203 3525 309 3580 diu
351 3527 700 3598 presbyteros
732 3543 836 3582 non
870 3530 1120 3598 patiatur.

215 3616 368 3672 XIII.
393 3614 408 3653 ί
437 3616 500 3692 Ut
525 3617 578 3672 in
603 3619 970 3676 sacerdotibus
998 3621 1310 3678 ordinandis
1332 3623 1490 3678 etiam
1515 3632 1646 3681 tetas
1668 3639 1758 3682 re-

144 3714 424 3784 quiratur.

215 3803 303 3860 25
353 3805 492 3861 XIV.
542 3806 612 3863 Ut
659 3809 943 3879 episcOpus
994 3810 1008 3859 ι
1063 3809 1261 3864 nullam
1311 3824 1524 3864 causam
1575 3812 1756 3868 audiat

142 3901 364 3972 absque
397 3901 676 3957 praesentia
708 3901 1024 3958 clericorurn
1056 3917 1309 3969 suorum;
1341 3903 1578 3973 alioquin
1605 3903 1754 3960 irrita

217 4164 246 4192 ι
306 4149 522 4216 Vallic.,
554 4150 610 4203 in
634 4164 830 4204 mensa.

213 4220 246 4264 δ
311 4221 466 4292 Vulg.
495 4237 614 4277 cum
639 4236 743 4275 ms.
773 4219 1050 4288 Ileroval.,
1083 4231 1128 4274 et
1158 4229 1395 4292 tempore.

219 4236 246 4264 ο
316 4236 408 4275 vuI
454 4261 466 4274 .
495 4237 614 4277 cum
639 4236 743 4275 ms.
775 4236 992 4276 tterovar

219 4308 242 4334 c
299 4236 526 4360 Quigam
559 4292 716 4347 codd.
738 4333 754 4353 .
792 4292 992 4347 habeat.

213 4364 242 4404 ἀ
301 4364 423 4419 Vat.
451 4364 610 4418 Barb.
641 4372 696 4418 et
723 4363 918 4430 Palat.,
946 4379 1044 4416 non
1070 4362 1252 4432 litiget.

218 4446 244 4476 ο
293 4435 452 4503 Vulg.
494 4436 661 4490 Cone.
685 4436 888 4490 addunt
910 4449 1010 4488 non
1033 4434 1159 4486 sine.
1188 4434 1253 4487 At
1279 4432 1577 4487 Harduinus
1607 4441 1756 4488 notat

142 4512 244 4565 has
283 4522 451 4562 voces
491 4507 680 4561 abesse
726 4522 753 4560 a
793 4508 906 4560 suis
944 4505 1237 4559 codicibus.
1284 4504 1339 4558 In
1386 4507 1584 4559 nostris
1613 4521 1749 4574 quo-

141 4596 251 4649 que
308 4594 416 4632 non
446 4579 710 4646 leguntur.
754 4577 908 4648 Apud
955 4576 1422 4649 Gratianumdist.
1465 4577 1562 4642 I8,
1603 4592 1651 4629 c.
1687 4577 1748 4649 _9,

142 4647 374 4706 additur
405 4666 508 4703 non
539 4650 725 4714 tardet,
752 4647 871 4703 nisi.
906 4649 1024 4704 Mox
1057 4647 1106 4700 in
1147 4663 1245 4702 ms.
1275 4647 1460 4703 Vallic.
1493 4663 1590 4717 pro
1617 4647 1755 4700 inhi-

144 4725 338 4777 beatur
362 4721 634 4776 contrario
662 4734 847 4784 sensu,
881 4735 1037 4790 quem
1063 4727 1346 4775 contextus
1374 4718 1627 4783 excludit,
1663 4719 1756 4773 ha-

141 4793 232 4850 bet
245 4809 340 4854 ur,
377 4791 696 4845 cohibeatur.

225 4865 245 4903 τ
301 4862 488 4930 Vulg.,
521 4859 854 4925 Clericorum,
883 4863 1046 4918 nullis
1072 4862 1269 4917 nostris
1308 4877 1435 4916 mss.
1462 4860 1756 4929 suffragan-

141 4937 323 4992 tibus.
382 4934 513 4988 Dein
561 4949 656 5002 pro
685 4935 1060 4988 cottnit'entiam
1105 4933 1319 4999 quidam
1358 4933 1516 4990 codd.
1559 4933 1758 4987 habent

139 4977 812 5072 ἓὲἱιυέὶιίεηῖὲἇηινζῖηίῆιὶε
858 4977 1319 5062 ἕεέἱὲξἏὶἶίῖἱὶϊ
1336 4977 1522 5075 ρῖῖῖἱι
1559 4977 1758 5074 ᾖὲεὲίέῖ
1783 4977 1840 5039 Ι)

138 5089 392 5201 rmgalla
435 5146 602 5201 nostri
653 5145 812 5214 codd.
841 5189 856 5210 ,
899 5149 1002 5203 nisi
1045 5147 1186 5218 quod
1232 5146 1426 5204 Vallic.
1466 5145 1625 5202 habet
1662 5163 1756 5218 pro

139 5221 449 5283 umentia;
482 5218 676 5284 vulgati
708 5219 763 5272 in
792 5221 1083 5287 praesentia.

219 5290 249 5330 ιι
306 5289 466 5358 Vulg.
499 5289 746 5359 ignorant
774 5291 884 5344 diu.

227 5362 245 5400 ι
299 5361 457 5416 IIunc
488 5358 747 5416 canonem
788 5362 1153 5431 expressimus
1198 5360 1270 5416 uti
1319 5359 1510 5429 legitur
1545 5359 1596 5413 in
1627 5358 1749 5413 cod.

141 5434 280 5490 Vat.
313 5432 592 5497 Palatino;
621 5433 811 5487 melior
836 5435 979 5488 enim
1013 5435 1122 5487 visa
1152 5444 1234 5486 est
1266 5433 1377 5500 haec
1409 5432 1563 5484 lectio
1591 5445 1748 5501 quam

142 5520 275 5575 quae
304 5504 536 5567 habetur
565 5506 616 5557 in
646 5504 804 5575 Barb.
836 5513 891 5560 et
911 5505 1070 5560 simili
1099 5504 1246 5568 Vat.,
1273 5501 1753 5575 Sacerdotabusor-

142 5573 405 5631 dirimatis
444 5575 598 5628 etiam
636 5574 727 5628 alii
771 5578 1122 5645 requirantur;
1172 5576 1256 5629 vel
1290 5591 1407 5644 quae
1461 5577 1510 5626 in
1546 5573 1757 5639 Vallic.,

144 5647 532 5702 Sacerdotibus
559 5646 714 5699 etiam
743 5647 1047 5702 ordinandis
1068 5648 1130 5701 ab
1151 5647 1266 5701 aliis
1288 5647 1578 5714 requiratur
1601 5662 1617 5708 ;
1641 5660 1760 5713 quae

143 5719 204 5774 in
233 5735 365 5773 can.
398 5717 466 5772 I0
498 5717 630 5770 satis
657 5732 910 5786 expressa
944 5719 1178 5773 fuerunt.
1229 5719 1361 5773 llinc
1391 5718 1527 5772 forte
1558 5717 1644 5772 hic
1669 5733 1759 5770 ca-

142 5804 266 5848 non
300 5787 534 5859 omissus
569 5787 747 5859 fuitin
781 5794 994 5859 vu'gato
1021 5788 1430 5859 Carthaginensi
1462 5805 1532 5843 tv.

231 5857 456 5932 iUVng.
474 5873 606 5932 cum
638 5856 760 5932 Vat.
789 5856 960 5917 Palat.
981 5903 996 5929 ,
1019 5856 1244 5918 nulliusf
1261 5860 1394 5919 Dein
1417 5876 1516 5932 pro
1535 5859 1759 5932 βρίδοοοὶ

146 5929 360 5989 Vallic.
403 5928 563 5986 habet
591 5928 970 6006 (piscatorum.

1856 2055 2020 2096 cones
2051 2040 2116 2093 de
2152 2039 2391 2094 Ecclesia
2427 2037 2527 2092 sibi
2579 2037 2865 2091 commissa
2913 2038 3090 2092 facere
3142 2037 3444 2105 voluerint,

1857 2142 1896 2170 ιη
1925 2143 2076 2188 actus
2105 2132 2362 2186 Ecclesiae
2399 2130 2650 2200 prosequi
2679 2129 2951 2198 jubemus.
2993 2127 3146 2196 Quod
3178 2129 3220 2182 si
3271 2127 3449 2183 facere

1860 2225 2312 2296 contempserint,
2351 2223 2548 2295 placuit
2573 2237 2668 2278 eos
2697 2223 2764 2278 ad
2795 2221 3072 2293 proprium
3104 2220 3304 2277 reverti
3331 2235 3450 2276 ser-

1859 2323 2070 2376 vitium.

1929 2414 1996 2468 84
2039 2412 2178 2469 XVI.
2226 2413 2298 2471 Ut
2329 2415 2617 2484 episcopus
2672 2412 2878 2468 nullum
2926 2412 3209 2482 prohibeat
3237 2411 3448 2482 ingredi

1859 2507 2155 2562 Eccleslam
2177 2550 2191 2571 ,
2241 2508 2429 2562 audire
2460 2508 2681 2562 verbum
2732 2505 2860 2572 Dei,
2891 2505 3005 2560 sive
3029 2505 3303 2576 gentilem,
3333 2504 3450 2560 sive

1860 2601 2195 2667 hmreticum,
2225 2599 2339 2656 sive
2366 2599 2610 2657 Judaeum
2642 2613 2812 2671 usque
2852 2597 2920 2654 ad
2955 2598 3175 2654 missam
3201 2595 3452 2654 catechu-

1858 2709 2165 2748 menornm.

1930 2785 2091 2841 XVII.
2128 2787 2192 2843 Ut
2239 2787 2526 2857 episcopus
2568 2796 2910 2842 accusatores
2956 2786 3182 2842 fratrmn
3225 2799 3451 2841 excom-

1857 2882 2126 2946 municet;
2159 2888 2213 2934 et
2234 2879 2280 2934 si
2307 2879 2716 2935 emendaverint
2736 2878 2948 2944 vitium,
2979 2887 3003 2916 ¹³
3028 2879 3360 2950 recipiantur
3381 2877 3450 2934 ad

1857 2973 2310 3038 communionem,
2345 2987 2452 3026 non
2483 2972 2548 3025 ad
2579 2971 2804 3027 clerum.

1929 3065 1997 3118 74
2049 3065 2233 3120 XVIII.
2291 3062 2360 3120 Ut
2412 3062 2668 3120 sacerdos
2724 3062 3092 3132 paenitentiam
3145 3060 3452 3130 imploranti

1857 3160 2059 3229 absque
2084 3173 2326 3226 persona:
2338 3156 2649 3226 acceptione
2667 3155 3000 3224 paenitentia:
3023 3157 3168 3225 leges
3187 3152 3454 3225 injungat.

1929 3254 2096 3326 658
2115 3250 2183 3304 75
2222 3249 2369 3306 XIX.
2402 3249 2472 3306 Ut
2500 3257 2525 3286 ο
2550 3248 2881 3320 negligentes
2919 3247 3314 3319 paenitentiam,
3346 3256 3456 3301 tar-

1781 3325 1828 3390 C
1859 3346 1979 3402 diu's
2002 3325 2348 3412 recipiantur.

1935 3439 2004 3494 76
2041 3437 2161 3494 XX.
2191 3447 2217 3486 ιι
2249 3436 2298 3492 Is
2327 3436 2415 3505 qui
2443 3435 2812 3506 pmnitcnliam
2860 3435 2914 3490 in
2958 3433 3270 3490 inﬁrmitate
3299 3412 3455 3504 petit,

1862 3531 1906 3586 si
1929 3545 2086 3594 casu,
2129 3529 2255 3584 dum
2300 3527 2368 3583 ad
2398 3543 2521 3584 eum
2558 3527 2814 3583 sacerdos
2843 3527 3100 3582 invitatus
3131 3524 3310 3592 venit,
3351 3540 3455 3590 op-

1863 3636 2081 3694 pressus
2134 3620 2440 3676 inﬁrmitate
2486 3619 2848 3686 obmutuerit,
2902 3617 2990 3674 v‘el
3037 3617 3092 3674 in
3141 3617 3456 3686 pbrenesint

1863 3730 2048 3770 versus
2073 3712 2266 3776 fuerit,
2297 3713 2426 3767 dent
2457 3711 2824 3766 testimonium
2856 3711 2944 3782 qui
2975 3725 3098 3766 eum
3143 3709 3455 3777 audierunt,

1862 3817 1919 3864 et
1939 3806 2165 3876 accipiat
2195 3805 2585 3874 paenitentiam.
2628 3804 2692 3860 Et
2719 3805 2762 3858 si
2792 3803 3046 3859 continuo
3074 3801 3314 3858 creditur
3339 3815 3458 3857 mo-

1863 3903 2104 3969 riturus,
2139 3897 2518 3956 reconcilietur
2561 3913 2659 3969 per
2701 3911 2894 3952 manus
2936 3896 3369 3966 impositionem,
3399 3902 3458 3952 et

1934 4145 1960 4186 ¹ι
1991 4147 2280 4218 Sequentia
2310 4147 2468 4218 hujus
2498 4145 2742 4216 canonis,
2776 4161 2894 4218 qua:
2915 4143 3111 4218 desunt
3135 4143 3195 4218 in
3235 4142 3457 4218 vulgato

1863 4229 2021 4288 atque
2054 4214 2106 4274 in
2137 4235 2267 4274 mss.
2294 4214 2414 4274 Vat.
2437 4217 2705 4285 Palatino,
2729 4214 2785 4272 et
2825 4217 3098 4288 Heroval.,
3134 4216 3380 4288 leguntur
3400 4214 3455 4271 itt

1863 4285 1982 4345 aliis
2014 4292 2213 4345 nostris
2240 4291 2516 4345 codicibus
2548 4291 2705 4343 Barb.
2747 4297 2800 4341 ct
2826 4287 2986 4341 simili
3017 4286 3135 4340 Vat.
3162 4285 3322 4348 1512,
3355 4301 3456 4342 nec

1862 4377 1969 4415 non
2004 4363 2055 4416 in
2090 4362 2207 4416 Vat.
2237 4363 2380 4417 5845
2409 4377 2470 4414 ac
2511 4359 2672 4415 simili
2704 4358 2889 4412 Vallic.
2915 4399 2930 4422 ,
2965 4358 3192 4426 aliisque
3222 4356 3456 4410 additio-

1862 4448 1988 4488 num
2018 4433 2276 4503 Dionysii.
2325 4433 2520 4487 Eadem
2551 4446 2678 4484 vero
2709 4439 2918 4503 tantum
2951 4431 3068 4482 sine
3096 4427 3453 4503 pratcedenti-

1863 4503 1964 4558 bus
2011 4499 2272 4558 habentur
2304 4505 2442 4558 inter
2480 4515 2715 4555 canones
2756 4499 3031 4554 addititios
3068 4499 3257 4570 synodi
3307 4504 3453 4568 Aga-

1865 4575 2070 4631 thensis
2095 4574 2223 4628 anui
2250 4575 2373 4631 506.
2402 4589 2522 4628 can.
2549 4575 2640 4634 49,
2672 4573 2758 4640 qui
2793 4572 2928 4626 forte
2949 4585 3120 4625 canon
3154 4585 3220 4625 ex
3251 4572 3453 4626 nostris

1863 4649 2075 4702 statutis
2100 4648 2262 4714 (sicut
2313 4646 2416 4700 alia
2447 4645 2703 4700 nonnulla
2745 4642 2912 4714 ipsius
2943 4643 3330 4715 additamenta)
3359 4657 3455 4700 ex-

1863 4727 2077 4774 Cerntus
2109 4720 2225 4771 fuit.

1941 4737 2077 4844 ivli];
2285 4787 2473 4843 Vallic.
2501 4795 2557 4843 et
2586 4786 2704 4841 Vat.
2739 4785 3070 4842 additionum
3099 4784 3361 4857 Dionysii.
3392 4783 3452 4857 In

1865 4861 2024 4917 Barb.
2053 4870 2107 4915 et
2131 4862 2291 4914 simili
2316 4859 2433 4914 Vat.
2466 4859 2796 4913 immutilare.
2821 4857 2878 4912 In
2907 4858 3121 4913 laudato
3149 4856 3358 4912 canone
3383 4856 3454 4913 49

1867 4933 2263 5004 Agathensib‘us
2292 4930 2475 5004 addito
2499 4930 2693 5000 legitur
2717 4931 2965 5004 alienare.
3034 4999 3044 5004 Δ
3107 4931 3110 4934 ’

1940 5015 1978 5041 ιιι
2006 5005 2231 5070 Quidam
2262 5002 2418 5058 codd.
2451 4996 2628 5056 minus
2653 5011 2802 5057 recte
2838 5002 2987 5056 actis.
3018 4999 3088 5055 At
3115 5007 3260 5070 actus
3284 4996 3456 5054 habe-

1869 5085 1956 5130 tur
2003 5068 2164 5155 etiam
2201 5077 2256 5155 in_
2291 5083 2590 5155 memorato
2640 5087 2878 5141 canone,
2926 5072 3016 5143 qui
3055 5068 3330 5140 subjectus
3365 5075 3452 5124 est

1867 5148 2074 5220 synodo
2105 5148 2416 5216 Agatbensi.

1935 5227 1962 5255 ιι
1995 5218 2147 5294 Vulg.
2180 5232 2300 5272 cum
2332 5215 2545 5294 Vallic.,
2573 5215 2785 5294 recipiat
2813 5231 2917 5271 eos.
2958 5284 2988 5294 η
3096 5283 3126 5294 Α.
3415 5281 3428 5294 .

1936 5300 1960 5327 ο
1996 5283 2151 5358 Vulg.
2178 5304 2298 5344 cum
2329 5305 2432 5343 ms.
2466 5286 2584 5343 Vat.
2613 5283 2784 5342 Palat.
2805 5328 2821 5353 ,
2853 5283 3241 5356 negligentiam:
3291 5283 3453 5353 paeni-

1859 5369 2035 5416 tentes.

1933 5443 1960 5482 ρ
1985 5434 2081 5487 llic
2109 5441 2164 5488 et
2194 5445 2427 5502 sequens
2452 5442 2691 5502 canones
2709 5427 3007 5502 Ancyranis
3033 5425 3201 5502 additi
3226 5433 3369 5502 _sun_t_
3383 5423 3452 5480 ad

1864 5507 2157 5574 marginem
2203 5494 2400 5557 in'ms.
2461 5499 2792 5574 55__capituli
2827 5494 3186 5574 Veronensis;
3226 5497 3276 5550 itt
3324 5494 3451 5551 Vat.

1864 5571 2041 5629 autem
2087 5574 2208 5630 cod.
2249 5574 2418 5637 1542,
2459 5572 2512 5626 in
2543 5571 2647 5625 line
2686 5571 2997 5625 eorumdem
3046 5572 3453 5637 Ancyranorum

1863 5645 2241 5715 subjiciuntur.
2291 5645 2418 5698 Post
2457 5642 2597 5696 hunc
2642 5656 2771 5715 vero
2820 5641 3187 5715 canonemuin
3237 5638 3455 5706 vulgato

1864 5710 2096 5772 concilio
2124 5715 2528 5785 Carthaginiensi
2561 5728 2613 5766 tv
2635 5712 2770 5785 alius
2795 5728 2966 5767 canon
2990 5710 3274 5779 subjicitur
3301 5725 3451 5764 num.

1865 5788 1955 5852 77,
1989 5787 2252 5857 quihujus
2290 5783 2509 5857 canonis
2539 5783 2722 5838 titulus
2760 5785 2934 5857 potius
2961 5799 3120 5857 quam
3165 5797 3456 5857 novus_ca_-

1864 5876 1974 5914 non
2001 5852 2214 5913 videtur
2246 5875 2260 5909 :
2291 5855 2605 5912 Panitentes
2630 5857 2716 5926 qui
2742 5857 2794 5910 in
2823 5852 3120 5926 inﬁrtnitate
3150 5863 3271 5912 sunt
3304 5852 3458 5910 viati-

1863 5947 1979 5988 cum
2003 5929 2278 6003 accipiant.
