3998 6346
477 346 690 408 ,885

1507 339 1596 395 AD
1635 337 1864 394 OPERA
1904 337 1964 393 S.
2007 334 2254 393 LEONIS
2293 333 2509 391 MAGNI
2549 331 2912 389 APPENDIX.
3724 332 3816 393 884

584 455 894 514 infundatur
929 454 1044 525 ejus
1089 452 1168 506 ori
1197 447 1552 505 Eucharistia.
1583 448 1647 502 At
1693 448 1738 502 si
1769 446 2154 516 supervixerit,
2182 450 2236 510 Α
2329 449 2490 520 660
2526 449 2594 504 48
2616 449 2856 504 XXXIV.
2875 447 3112 504 Clericus
3135 448 3223 519 qui
3248 463 3354 502 non
3380 445 3404 484 κ
3427 456 3637 518 propter
3656 465 3822 508 emen-

585 527 937 606 adtttoiteatur
961 561 992 600 a
1017 557 1178 612 supra
1212 541 1372 598 dictis
1403 541 1625 596 testibus
1662 539 1904 608 petitioni
1935 554 2045 594 sua:
2073 553 2164 594 sa-
2264 543 2389 596 dum
2427 541 2626 612 aliquid
2675 543 2728 596 in
2776 541 3027 596 nundinis
3060 548 3154 596 aut
3181 539 3234 594 iu
3276 539 3392 595 foro
3420 539 3737 609 deambulat,
3759 540 3821 602 ab

584 641 853 698 tisfactum
874 682 888 705 ,
915 645 971 692 et
994 634 1252 691 subdatur
1275 642 1300 671 α
1322 633 1534 687 statutis
1557 630 1902 701 ptenitentite,
1926 629 2161 702 quandiu
2263 635 2440 690 officio
2467 650 2565 688 suo
2593 633 2912 704 degradetur
2958 707 2963 716 ‘

582 732 833 790 sacerdos
856 729 948 799 qui
974 727 1343 799 penitentiam
1371 724 1518 780 dedit
1543 723 1878 794 probaverit.
2332 727 2402 781 49
2441 725 2657 782 XXXV.
2685 724 2922 782 Clericus
2943 725 3035 796 qui
3058 726 3260 796 absque
3279 725 3583 797 corpusculi
3608 727 3689 782 sui
3706 726 3821 786 ina-

651 823 720 879 78
756 821 898 878 XXI.
950 819 1277 877 Ptenitentes
1316 816 1409 888 qui
1457 815 1510 870 in
1557 815 1866 871 infirmitate
1905 815 2159 871 viaticum
2262 819 2515 890 qualitate
2534 819 2732 889 vigiliis
2758 819 2932 888 deest,
2961 819 3244 888 stipendiis
3273 821 3520 890 privetur

582 912 609 954 ιι
643 912 992 970 Eucharistiae
1018 910 1322 980 acceperint
1341 951 1356 974 ,
1385 923 1492 964 non
1530 922 1590 978 se
1635 907 1857 966 credant
1887 907 2161 964 absolutos
2335 911 2430 967 Idl
2475 911 2714 967 XXXVI.
2746 911 2933 966 Vidua:
2955 911 3327 968 adolescentes
3351 927 3472 983 qua:
3497 925 3720 984 corpore
3742 909 3822 970 do-

582 1005 699 1060 sine
726 1019 915 1059 manus
941 1001 1305 1072 impositione,
1337 1000 1382 1054 si
1412 998 1825 1069 supervixerint.
2261 1001 2394 1056 biles
2418 1011 2562 1068 sunt,
2595 1009 2807 1070 sumptu
2840 1000 3094 1058 Ecclesia
3123 999 3141 1039 ι
3177 1009 3574 1059 sustentantur.

652 1100 722 1154 79
762 1097 926 1153 XXII.
960 1097 1286 1152 Pmnitentes
1317 1093 1405 1164 qui
1431 1100 1632 1148 attente
1659 1093 1801 1162 leges
1833 1092 2160 1162 poenitentia:
2333 1090 2400 1148 99
2439 1091 2700 1147 XXXVII.
2731 1091 2920 1148 Mulier
2947 1093 3193 1163 quamvis
3221 1092 3381 1150 docta
3407 1101 3466 1150 et
3489 1102 3673 1150 sancta
3697 1093 3818 1152 viros

581 1200 952 1262 exsequuntur
972 1230 987 1256 ,
1033 1191 1079 1244 si
1108 1204 1233 1244 casu
1266 1190 1317 1243 in
1348 1187 1558 1250 itinere,
1604 1187 1687 1241 vel
1717 1186 1771 1240 in
1802 1186 1935 1240 mari
1965 1186 2158 1241 mortui
2265 1183 2318 1238 in
2349 1195 2614 1240 conventu
2634 1185 2831 1241 docere
2862 1201 2966 1242 non
2997 1197 3306 1256 praesumat.

581 1286 801 1350 fuerint,
829 1283 918 1339 ubi
947 1283 1025 1337 eis
1051 1292 1073 1320 ο
1102 1281 1374 1336 subveniri
1421 1295 1525 1334 non
1559 1279 1744 1348 potuit,
1776 1279 2034 1333 memoria
2061 1293 2156 1334 eo-
2333 1276 2403 1332 98
2421 1276 2703 1332 XXXVIII.
2728 1275 2940 1345 Laicus,
2957 1271 3310 1346 praesentibus
3329 1279 3565 1348 doricis,
3588 1281 3685 1338 nisi
3709 1281 3819 1351 ipsis

580 1391 698 1430 rum
720 1385 774 1430 et
795 1372 1151 1438 orationibus,
1183 1380 1239 1426 et
1267 1370 1626 1433 oblationibus
1659 1370 2082 1426 commendetur.
2263 1376 2301 1403 ιη
2333 1367 2695 1436 probantibus,
2730 1369 2922 1423 docere
2951 1385 3054 1425 non
3083 1371 3298 1426 audeat.

652 1467 722 1521 85
761 1463 950 1520 XXIII.
1000 1463 1312 1532 Baptiaandi
1368 1477 1565 1518 nomen
1607 1477 1762 1517 suum
1793 1462 1960 1528 dent,
1989 1469 2044 1516 et
2067 1461 2158 1518 diu
2333 1460 2401 1516 97
2443 1459 2677 1515 XXXIX.
2715 1461 2804 1515 Vir
2853 1463 2942 1531 qui
2966 1463 3234 1533 religiosis
3262 1463 3480 1536 feminis
3523 1479 3815 1536 prteponeu-

579 1559 683 1614 sub
706 1558 1027 1614 abstinentia
1060 1556 1170 1611 vini
1200 1565 1253 1610 et
1273 1556 1512 1610 carnium
1540 1564 1800 1610 etmanus
1821 1553 2160 1624 impositione
2263 1550 2362 1606 dus
2389 1561 2491 1618 est,
2515 1552 2582 1610 ab
2610 1552 2862 1622 episcopo
2887 1561 2912 1587 η
2941 1552 3041 1607 1οεί
3066 1553 3340 1623 probetur.

582 1648 607 1696 tt
637 1652 827 1708 crebra
863 1649 1172 1716 examinati,
1207 1647 1528 1717 baptismum
1553 1647 1865 1717 percipiant.
2335 1643 2402 1697 75
2443 1643 2555 1698 XL.
2588 1644 2688 1710 Qui
2719 1645 3194 1701 communicaverit
3224 1646 3310 1702 vel
3347 1648 3586 1705 oraverit
3608 1663 3817 1705 cumex-

651 1742 724 1799 86
758 1742 950 1798 XXIV.
997 1741 1259 1812 Neophyti
1305 1750 1327 1777 ε
1371 1739 1678 1810 aliquandiu
1735 1749 1791 1795 et
1843 1739 2159 1796 lautioribus
2263 1737 2686 1801 communicato,
2741 1738 3263 1804 excommunicetur,
3292 1739 3409 1796 sive
3449 1739 3818 1807 clericus,sivs

581 1833 774 1902 epulis,
807 1842 862 1890 et
889 1832 1234 1902 spectaculis,
1261 1839 1315 1886 et
1337 1831 1654 1901 coniugibus
1690 1831 2010 1886 abstineant.
2190 1827 2239 1888 Β
2266 1825 2452 1882 laicus.

649 1923 814 1996 659
846 1923 1008 1978 XXV.
1055 1921 1296 1979 Clericus
1345 1937 1444 1978 nec
1490 1937 1698 1978 comam
1754 1922 1954 1978 nutriat
1988 1922 2005 1959 ῐ
2058 1937 2157 1979 nec
2341 1919 2443 1977 100
2480 1921 2612 1977 XLI.
2639 1922 2828 1978 Mulier
2863 1922 3132 1992 baptizare
3152 1938 3256 1980 non
3289 1935 3602 1994 praesumat.

581 2013 819 2073 barbam.
2332 2014 2400 2068 59
2441 2013 2594 2069 XLII.
2637 2013 2877 2072 Clericus
2923 2015 3167 2072 invidens
3213 2017 3438 2076 fratrum
3481 2018 3815 2088 profectibus,

648 2109 720 2166 45
759 2109 949 2164 XXVI.
999 2108 1240 2166 Clericus
1295 2109 1681 2179 professionem
1727 2123 1878 2164 suam
1932 2120 1957 2157 ε
1995 2109 2156 2166 etiam
2262 2105 2434 2163 donec
2463 2106 2516 2162 in
2544 2107 2674 2162 vitio
2701 2117 2802 2172 est,
2829 2123 2932 2164 non
2966 2121 3362 2179 promoveatur.
3491 2143 3496 2148 -

579 2198 764 2258 habitu
805 2209 860 2258 et
888 2201 1098 2256 incessu
1130 2200 1359 2270 probet;
1414 2209 1470 2256 et.
1513 2199 1631 2256 ideo
1662 2215 1764 2256 nec
1794 2201 2030 2258 vestibus
2060 2217 2159 2258 nec
2334 2197 2401 2252 56
2441 2197 2625 2253 XLIII.
2669 2198 2904 2254 Clericus
2944 2201 3033 2269 qui
3072 2201 3467 2257 adulationibus
3499 2210 3525 2238 °
3557 2212 3610 2258 et
3651 2202 3810 2273 prodi-

579 2292 955 2348 calceamentis
984 2292 1234 2347 decorem
1263 2303 1489 2362 quterat.
2265 2292 2496 2347 tionibus
2518 2306 2708 2347 vacare
2731 2292 3175 2360 deprehenditur.
3208 2293 3534 2363 degradetur
3555 2295 3620 2348 ab
3643 2294 3811 2352 (vilicis.

647 2385 716 2440 27
756 2383 970 2441 XXVII.
1001 2384 1240 2441 Clericus
1268 2401 1387 2440 cum
1420 2385 1691 2441 extraneis
1713 2386 2025 2443 mulieribus
2051 2403 2154 2444 non
2317 2379 2491 2454 '66],
2533 2383 2599 2439 57
2641 2383 2824 2439 XLIV.
2875 2381 3110 2440 Clericus
3153 2385 3477 2451 maledicus,
3527 2388 3744 2441 maxime
3769 2389 3812 2444 in

578 2475 799 2532 habitet.
2263 2476 2666 2541 sacerdotibus,
2710 2486 2930 2547 cogatur
2980 2477 3044 2531 ad
3085 2478 3455 2546 postulandam
3501 2480 3723 2534 veniam.
3765 2480 3812 2533 Si

655 2567 726 2623 ‘28
765 2567 1002 2624 XXVIII.
1058 2567 1294 2622 Clericus
1361 2582 1456 2636 per
1518 2570 1722 2637 plateas
1783 2579 1838 2624 et
1889 2568 2159 2626 andronas
2266 2566 2516 2631 noluerit,
2543 2567 3021 2638 degradetur;nec
3041 2584 3269 2639 unquam
3291 2569 3356 2622 ad
3383 2568 3617 2624 officium
3640 2569 3814 2639 absque

579 2653 606 2698 ¹ι
627 2669 768 2716 certa
799 2669 852 2716 et
880 2663 1107 2716 maxime
1129 2661 1289 2715 officii
1313 2663 1391 2714 sui
1424 2663 1741 2717 necessitate
1763 2663 2022 2718 ambulet.
2266 2658 2630 2715 satisfactione
2659 2671 2956 2716 revocetur.

649 2750 840 2806 XXIX.
873 2750 1112 2808 Clericus
1142 2752 1338 2806 victum
1370 2760 1423 2806 et
1451 2751 1819 2807 vestimentum
1866 2751 1968 2808 sibi
1995 2754 2160 2810 artili-
2337 2752 2405 2804 εδδ
2451 2749 2610 2806 XLV.
2643 2751 2842 2806 Omnes
2867 2751 3050 2807 clerici
3078 2752 3166 2822 qui
3193 2751 3259 2807 ad
3287 2753 3614 2821 operandam
3639 2752 3811 2807 Pvalidi

575 2845 751 2912 tiolo,
793 2845 874 2900 vel
921 2845 1242 2913 agricultura
1274 2844 1477 2912 absque
1523 2844 1685 2902 officii
1725 2845 1738 2880 ί
1772 2845 2030 2902 duntaxat
2077 2848 2157 2904 sui
2265 2853 2409 2910 sunt,
2443 2853 2496 2896 et
2526 2842 3169 2900 artiﬁciolumellilteras
3187 2842 3409 2899 discant.

577 2937 900 2992 detrimento
932 2947 1212 3006 praeparet.
2337 2936 2404 2990 58
2447 2933 2628 2988 XLVI.
2666 2935 2797 2989 Eum
2829 2935 2918 3003 qui
2949 2934 3255 3003 frequenter
3285 2933 3476 3002 litigat,
3507 2944 3561 2990 et
3589 2945 3613 2982 ει
3644 2933 3704 2988 ad
3737 2948 3808 2986 ae-

646 3028 714 3083 87
753 3028 921 3084 XXX.
945 3027 1252 3086 Catholicus
1276 3027 1364 3099 qui
1392 3043 1610 3092 causam
1636 3044 1785 3088 suam
1808 3030 1921 3086 sive
1935 3028 2153 3100 justam,
2185 3097 2190 3102 .
2265 3027 2560 3082 cusandum
2595 3026 2763 3082 facilis
2801 3035 2902 3092 est,
2937 3027 2986 3080 in
3017 3024 3381 3080 testimonium
3431 3037 3597 3081 nemo
3639 3026 3811 3095 absque

575 3120 686 3176 sive
714 3119 964 3190 injuStatn
1009 3120 1076 3176 ad
1113 3120 1370 3189 judicium
1405 3119 1417 3168 i
1462 3121 1680 3178 alterius
1712 3123 1832 3177 fidei
1879 3133 2154 3192 provocat,
2263 3120 2447 3188 grandi
2481 3118 2873 3174 examinatione
2902 3117 3144 3187 recipiat.

579 3213 1095 3274 exeonnnunicetur.
2187 3211 2234 3275 ε
2335 3211 2404 3266 ‘25
2445 3209 2651 3265 XLVII.
2687 3209 3015 3265 Dissidentes
3034 3209 3396 3288 episcopos,si
3419 3224 3530 3265 non
3545 3209 3698 3264 timor
3720 3208 3812 3270 Dei,

645 3303 716 3358 24
759 3302 945 3358 XXXI.
971 3304 1258 3360 Sacerdote
1285 3307 1504 3362 verbum
1535 3307 1586 3361 in
1621 3307 1865 3366 Ecclesia
1907 3309 2152 3376 faciente.

2269 3304 2505 3374 synodus
2526 3302 2854 3357 reconciliet.

579 3393 665 3465 qui
693 3409 938 3463 egressus
966 3395 1033 3456 de
1059 3395 1322 3456 auditorio
1351 3396 1533 3466 fuerit,
1569 3400 2086 3460 excommunicetur.
2339 3394 2407 3450 59
2452 3393 2681 3450 XLVIII.
2737 3393 3106 3449 Discordantes
3149 3393 3374 3450 clericos
3423 3395 3700 3464 cpiscopus
3747 3388 3816 3445 vel

647 3486 716 3540 85
756 3484 970 3542 XXXII.
1001 3486 1267 3564 Pauperes
1288 3495 1343 3544 et
1365 3503 1521 3544 senes
1536 3489 1790 3548 Ecclesia:
1816 3491 1932 3561 plus
1953 3491 2160 3562 caeteris
2265 3489 2474 3543 ratione
2503 3487 2584 3541 vel
2620 3493 2886 3556 potesmte
2915 3485 2979 3559 aq
3021 3484 3362 3570 concordiam
3397 3485 3590 3538 trahat.
3649 3485 3816 3537 Inoos-

578 3573 871 3656 Iionorandi
902 3588 1042 3632 sunt.
2268 3579 2474 3654 dientes
2496 3577 2732 3649 synodus
2753 3587 2774 3614 τ
2799 3591 2894 3646 per
2919 3574 3240 3632 audientiam
3271 3576 3509 3631 damnet.

645 3671 715 3726 88
754 3669 990 3727 XXXIII.
1016 3672 1116 3740 Qui
1145 3671 1232 3736 die
1256 3673 1483 3730 solemni
1515 3674 1878 3744 praetermisso
1906 3673 2161 3731 Ecclesia:
2339 3671 2408 3725 93
2463 3668 2644 3724 XLIX.
2700 3667 3008 3722 Oblationes
3072 3676 3090 3700 ³
3147 3665 3569 3720 discordantium
3617 3666 3812 3720 fratrum

578 3775 839 3820 conventu
872 3763 936 3818 ad
967 3765 1267 3834 spectacula
1298 3765 1463 3831 vadit,
1491 3768 2007 3826 excommunicetur.
2268 3779 2442 3834 neque
2465 3765 2514 3817 in
2542 3763 2793 3827 sacrario,
2821 3775 2995 3830 neque
3017 3761 3068 3814 in
3096 3759 3476 3830 gazophylacio
3502 3759 3813 3823 recipiantur.

2257 3902 2330 3955 At
2352 3911 2492 3967 vutg.
2521 3913 2780 3953 cummss.
2815 3895 2963 3966 Hisp.
2987 3906 3038 3950 et
3052 3897 3142 3959 Is.,
3171 3897 3271 3949 nisi
3285 3903 3423 3948 certa
3441 3905 3488 3967 et
3513 3896 3722 3948 maxime
3749 3894 3814 3962 of-

2257 3971 2365 4038 ficii
2385 3966 2464 4023 sui
2489 3971 2782 4023 necessitate
2810 3983 2908 4021 non
2938 3967 3152 4021 ambulet
3183 3982 3201 4018 :
3223 3967 3363 4035 quod
3392 3966 3606 4020 videtur
3627 3967 3806 4038 melius.

2259 4035 2505 4096 Concinit
2528 4041 2648 4094 cod.
2683 4040 2925 4093 Heroval.
2947 4081 2960 4104 ,
2989 4039 3094 4091 sine
3116 4047 3253 4090 certa
3275 4038 3572 4090 necessitate
3591 4039 3668 4090 sui
3689 4035 3809 4104 inﬁcit

2261 4128 2362 4165 non
2395 4110 2639 4164 ambulet.

649 3907 676 3936 ι
699 3898 829 3973 Cod.
865 3897 1139 3973 Heroval.,
1170 3910 1356 3973 statuto
1388 3907 1695 3966 paenitentia:
1717 3903 1946 3971 tempori.
1973 3901 2146 3973 Vulg.,
2188 3888 2204 3899 ’

577 3970 778 4038 statutis
803 3969 1101 4033 ptettitentia:
1121 3970 1310 4038 legibus

649 4039 675 4076 δ
704 4037 915 4102 Vallic.,
942 4055 1052 4090 cum
1081 4038 1425 4094 Eucharistia.

653 4120 674 4146 ε
729 4107 914 4181 V_ulg.,
953 4108 1208 4181 subveniri
1259 4126 1363 4165 non
1410 4112 1598 4178 possit;
1647 4112 1782 4181 apud
1841 4111 2148 4168 Gratianum

577 4193 724 4251 caus.
757 4177 920 4248 26,1].
951 4178 1002 4239 7,
1027 4195 1074 4234 c.
1107 4181 1160 4245 6,
1191 4196 1289 4251 non
1311 4177 1490 4251 potest.
1520 4177 1703 4235 Melius
1731 4184 1896 4237 nosnri
1916 4183 2147 4238 codices.

576 4248 758 4308 SOIum
787 4263 906 4304 cum
943 4251 1156 4319 quidam
1206 4248 1433 4304 habeant
1456 4254 1736 4314 subvenire.
1767 4271 1863 4307 ms.
1903 4254 2148 4310 Heroval.

577 4319 724 4376 addit
748 4322 1015 4384 sacerdos;
1047 4336 1411 4390 t-anonemquo
1449 4324 1601 4378 aliter
1631 4323 1782 4377 effert
1824 4325 1900 4377 sic
1934 4341 1946 4378 :
1981 4321 2150 4377 Poeni-

579 4399 736 4446 tentes
780 4392 868 4458 qui
919 4400 1034 4446 ante
1073 4392 1347 4462 legitimam
1394 4394 1737 4462 paenitentiam
1775 4393 2019 4448 excedunt
2047 4437 2059 4460 ,
2107 4396 2152 4448 si

579 4478 700 4516 casu
726 4461 792 4514 ibi
824 4461 1134 4528 moriantur,
1167 4463 1251 4516 ub'i
1281 4463 1352 4517 eis
1379 4466 1613 4518 sacerdos
1643 4465 1902 4520 subvenire
1933 4482 2029 4518 non
2061 4482 2150 4532 po-

581 4533 673 4596 tuit
693 4573 707 4595 ,
753 4534 994 4586 memoria
1022 4550 1194 4587 eorum
1233 4534 1545 4589 orationibus
1576 4545 1619 4588 et
1649 4535 1983 4591 oblationibus
2015 4552 2150 4588 com-

582 4603 860 4656 mendetur.
1818 4606 1824 4614 '

651 4668 676 4708 ἀ
704 4659 834 4725 Cod.
865 4672 1112 4728 Ileroval.
1145 4683 1200 4728 et
1219 4674 1354 4727 alius
1385 4673 1662 4739 Ilardnini,
1691 4675 1884 4728 crebra.

655 4742 799 4812 9M5.
833 4743 1039 4809 Vallic.,
1071 4745 1367 4812 aliquando.

655 4811 674 4848 τ
699 4811 886 4867 Vallic.
935 4814 1120 4878 plurali
1156 4811 1383 4870 numero
1441 4823 1596 4869 utens
1635 4814 1836 4880 Clerici,
1871 4815 2028 4870 habet
2059 4833 2149 4871 nec

579 4883 785 4936 barbam
805 4884 1008 4936 radunt.
1039 4885 1113 4940 Ex
1145 4887 1260 4943 hac.
1287 4894 1339 4939 ut
1365 4885 1593 4949 videtur,
1624 4885 1850 4940 lectione
1872 4886 1921 4938 in
1944 4887 2148 4948 synodo

582 4952 1155 5018 Barcinonensiszeculi
1181 4971 1250 5019 vt,
1284 4970 1490 5010 canone
1511 4957 1562 5020 3,
1619 4958 1879 5010 sancitum
1912 4957 2007 5010 fuit
2035 4974 2051 5010 :
2081 4957 2149 5012 Ut

578 5024 750 5078 nullus
774 5025 1072 5078 clericorum
1116 5040 1310 5078 comam
1348 5029 1574 5088 nutriat,
1624 5035 1711 5078 aut
1740 5027 1948 5079 barbam
1976 5031 2146 5084 radat.

579 5093 684 5147 Alii
709 5109 939 5149 canones
960 5095 1198 5164 ejusdem
1226 5095 1411 5165 synodi
1431 5111 1492 5150 ex
1518 5097 1715 5150 nostris
1736 5098 1947 5151 statutis
1965 5113 2151 5153 excer-

580 5165 654 5231 pti
684 5165 968 5237 videntur._
994 5166 1233 5220 Crabbus
1259 5173 1378 5234 post
1420 5181 1511 5237 nec
1544 5165 1856 5237 asteriscum
1889 5167 2072 5237 affigit,
2098 5182 2150 5223 (ιι.

580 5241 730 5288 notat
757 5253 772 5288 ι
797 5235 937 5290 Alias
960 5235 1175 5289 barbam
1204 5232 1438 5290 tondeat.
1467 5236 1553 5289 Ita
1573 5237 1626 5288 in
1650 5237 1737 5289 lib.
1761 5232 2108 5294 Cemblacensi
2132 5257 2150 5296 :

578 5305 723 5358 Alias
779 5306 994 5360 barbam
1043 5307 1192 5360 radat
1217 5307 1426 5359 additur
1463 5307 1516 5359 in
1543 5307 1672 5358 libro
1701 5305 2052 5362 Grandavensi
2085 5310 2146 5363 8.

584 5371 799 5429 Bacenis
855 5377 1001 5450 titulo
1042 5377 1248 5450 Statuta
1292 5376 1555 5450 Ecclesiae
1587 5377 1837 5450 antiqua.
1896 5379 2151 5450 Pleraque

574 5454 748 5498 autem
789 5447 1094 5504 exemplaria
1141 5463 1241 5500 non
1283 5445 1466 5500 habent
1509 5446 1662 5500 radat
1705 5449 2021 5503 veltondeat
2052 5445 2151 5504 {ut

580 5516 646 5568 sit
665 5531 862 5581 sensus,
890 5515 1072 5570 clerico
1102 5533 1190 5570 nec
1233 5533 1427 5570 comam
1453 5532 1542 5572 nec
1572 5515 1779 5570 barbam
1801 5520 2150 5577 nutriendum.

652 5594 677 5658 ξς
708 5584 882 5658 νυιεη
913 5597 962 5640 et
1007 5589 1057 5640 in
1102 5588 1272 5641 habitu
1299 5599 1344 5640 et
1370 5589 1422 5640 in
1446 5591 1638 5640 incessu
1663 5588 1855 5658 probet,
1887 5599 1933 5642 et
1959 5606 2047 5644 nec
2069 5607 2152 5644 ve-

581 5653 758 5775 ἕξιππα.
787 5653 918 5712 Cod.
937 5658 1204 5719 Heroval.,
1231 5675 1317 5710 nec
1350 5660 1580 5725 vestium,
1600 5653 1686 5710 nec
1698 5653 2152 5714 calceamentorum

619 5737 831 5775 ecorem.

619 5737 672 5775 εε
675 5739 831 5779 orem.

653 5788 682 5832 ⁸³
702 5793 782 5853 Ita
806 5795 973 5854 nostri
997 5795 1178 5856 codd..
1202 5808 1268 5850 ex
1286 5793 1478 5857 quibus
1505 5797 1744 5854 nonnulli
1765 5799 2016 5857 omittunt
2043 5803 2145 5860 sui.

2339 4181 2353 4218 ί
2385 4181 2534 4251 Vulg.
2583 4181 2835 4236 omittunt
2854 4180 3133 4242 duntaxat;
3162 4186 3214 4234 et
3239 4191 3333 4246 pro
3363 4187 3619 4249 praeparet
3642 4177 3808 4231 habent

2259 4262 2422 4324 Ραῗείτ

2335 4322 2348 4371 i
2387 4321 2562 4390 Vulg..
2609 4322 2924 4375 concinente
2965 4334 3066 4374 ms.
3117 4318 3216 4373 Vat
3264 4314 3806 4390 I’alal.,'altcrittsﬁdei

2254 4388 2621 4464 jpdicisfbls.
2665 4392 2911 4446 Heroval.
2958 4392 3097 4444 hunc
3155 4404 3411 4464 Catiline")
3463 4391 3540 4443 sic
3571 4388 3803 4464 explicat:

2259 4459 2551 4516 Catholicae
2598 4466 2681 4530 qui
2731 4477 2939 4516 causam
2976 4477 3122 4514 suam
3152 4460 3218 4511 ad
3237 4459 3492 4530 judicium
3519 4459 3706 4531 judicia
3725 4471 3805 4508 non

2261 4533 2497 4604 ratholici
2519 4543 2777 4604 provocat,
2807 4533 3280 4604 estcommunicetur.

2333 4603 2355 4674 If
2387 4601 2539 4674 Vulg.
2573 4619 2691 4657 cum
2719 4618 2820 4657 ms.
2858 4602 2974 4674 Vat.
3008 4601 3214 4674 Palat._,_
3235 4617 3324 4666 pro
3351 4601 3584 4674 emendo.

2335 4671 2531 4728 ‘Iidem
2553 4674 2707 4742 Vulg.
2723 4689 2840 4727 cum
2867 4673 2985 4729 eod.
3003 4687 3102 4724 ms.
3120 4671 3498 4742 addunt,cujm
3513 4671 3801 4724 viduas-unt.

2175 4723 2233 4784 1)
2334 4723 2531 4798 aliud:
2568 4723 2964 4799 ii'e'a;v'ai‘.".~.1;.;
2974 4723 3138 4812 ita;
3158 4723 3471 4808 manubiis.

2335 4825 2361 4850 υ
2385 4816 2478 4870 Ms.
2521 4814 2634 4868 Vat.
2672 4814 2840 4868 Palat.
2870 4811 3081 4867 omittit
3118 4814 3236 4866 loci.
3272 4813 3392 4882 Mog
3437 4821 3556 4878 post
3605 4811 3806 4882 probetur

2265 4885 2421 4942 codd.
2456 4884 2648 4941 Vallic.
2679 4893 2731 4938 ct
2771 4884 2949 4940 caeteri
2995 4883 3322 4938 additionum
3367 4881 3613 4954 Dionysii
3637 4882 3807 4956 addunt

2262 4958 2338 5011 vel
2372 4966 2588 5011 vrwstet.

2333 4975 2630 5081 opiﬁci}:
2661 5025 3034 5088 proditionibus
3054 5023 3246 5078 desunt
3270 5024 3319 5075 in
3357 5023 3547 5076 Vallic.
3574 5038 3672 5077 ms.

2337 5098 2566 5168 qulg.,
2618 5097 2941 5168 validiores.“
2968 5097 3064 5168 bis.
3107 5096 3228 5147 cod.
3277 5094 3489 5168 Sorien.
3536 5105 3589 5148 et
3634 5095 3713 5146 alii
3753 5089 3806 5141 ah

2266 5164 2535 5222 Ilnrduin'o
2564 5167 2755 5220 laudati
2788 5166 3018 5229 invalidi,
3042 5164 3178 5219 forte
3210 5164 3418 5220 melius.

2335 5249 2359 5287 It
2392 5239 2510 5291 Vat.
2541 5237 2682 5292 5855
2708 5250 2826 5291 cum
2855 5236 3100 5304 vulgatis,
3133 5235 3202 5287 ad
3217 5234 3556 5288 causandum.

2336 5319 2356 5345 τ
2389 5308 2522 5362 Cod.
2557 5308 2802 5361 Ileroval.
2836 5316 2890 5361 et
2939 5307 2991 5360 in
3034 5307 3272 5372 margine
3309 5304 3685 5366 Conciliorum,
3735 5314 3805 5368 per

2261 5379 2553 5440 audaciam,
2588 5376 2724 5431 forte
2761 5385 2968 5446 propter
2991 5377 3283 5431 audaciam.

2336 5459 2358 5485 ³
2391 5449 2576 5516 Vulg.,
2617 5443 2991 5501 dissidentium.
3025 5446 3182 5501 Notat
3219 5446 3525 5502 Harduinus
3562 5463 3576 5501 :
3623 5443 3709 5516 Est
3737 5454 3802 5516 tu:

2263 5537 2426 5574 canon
2457 5511 2670 5590 quartus
2690 5518 2925 5590 Toletani
2952 5533 3003 5590 xi
3032 5517 3232 5570 concilii
3253 5517 3532 5590 Aanni_67_§.
3558 5515 3689 5590 AAliis
3707 5511 3801 5580 qni-

2267 5593 2387 5645 dem
2418 5586 2593 5644 verbis
2619 5590 2793 5644 simile
2819 5588 3089 5656 quippiam
3121 5588 3358 5641 sancitur
3386 5588 3440 5640 in
3473 5586 3720 5641 'I‘oletam)
3737 5594 3796 5642 XI.

2266 5679 2316 5716 c.
2345 5664 2397 5716 4.
2429 5661 2500 5716 At
2524 5661 2607 5714 hic
2635 5668 2816 5732 noster
2840 5673 3010 5732 canon
3054 5657 3254 5732 iamdiu
3293 5667 3418 5732 ante
3447 5658 3667 5732 insertus
3706 5659 3797 5732 erat

2264 5733 2542 5786 vetustiori
2572 5730 2877 5785 collectioni
2912 5721 3208 5800 Hispanicae
3227 5727 3331 5782 sub
3370 5728 3586 5783 nomine
3617 5721 3795 5780 concilii

2267 5802 2704 5872 Carthaginensis
2723 5799 2914 5871 quarti.
