3998 6346
100 399 206 457 885

1068 394 1483 452 DOCUMENTA
1523 389 1715 448 JURIS
1753 387 2068 447 CANONICI
2111 390 2420 450 VETERIS.

3265 389 3377 456 808

168 513 239 568 32
293 511 349 564 l..
395 511 545 567 Irrita
566 511 670 566 erit
713 523 947 580 episcopi
980 508 1063 564 vel
1091 509 1334 575 donatio,
1375 509 1458 564 vel
1496 505 1682 563 vendi-
1710 509 1765 580 Α
1862 506 1930 560 80
1971 504 2129 562 LXV.
2167 508 2329 565 Omni
2351 518 2594 590 tempore
2613 508 2809 584 jejunii
2831 519 3025 580 manu
3059 510 3376 580 paenitenti-

101 605 194 669 tio,
229 603 318 657 vel
343 603 695 658 commutatio
729 603 805 657 rei
837 602 1220 658 ecclesiasticae
1252 611 1277 640 ι
1325 601 1530 673 absque
1558 615 1686 657 con-
1793 598 1890 654 bus
1911 613 1940 652 a
1969 599 2340 657 sacerdotibus
2368 603 2696 680 imponatur.

101 696 336 751 uirentia
354 705 410 750 et
430 695 821 766 subscriptione
843 694 1186 750 clericorum.

169 790 241 844 ες
283 790 366 846 LI.
412 789 620 845 Irritam
649 805 770 845 esse
793 789 1043 859 injustam
1070 789 1445 859 episcoporum
1469 785 1690 844 damna-

102 885 330 954 tionem,
363 891 417 938 et
447 882 647 937 idcirco
677 898 706 937 a
741 881 951 955 synodo
975 879 1393 937 retractandam.

171 979 246 1035 96
284 977 390 1034 LII.
431 977 790 1046 Quaerendum
821 977 875 1032 in
896 976 1099 1047 judicio
1127 975 1279 1044 cujus
1307 974 1375 1029 sit
1399 987 1688 1029 conversa-

102 1071 268 1126 tionis
295 1080 350 1126 et
379 1071 498 1125 lidei
527 1071 572 1123 is
595 1068 686 1138 qui
716 1079 931 1124 accusat
971 1078 1024 1124 et
1055 1067 1100 1122 is
1131 1069 1219 1137 qui
1249 1075 1534 1121 accusatur
1568 1063 1616 1119 δ.

169 1164 341 1235 662
377 1163 448 1219 50
478 1161 608 1218 LIll.
649 1160 888 1217 Caveant
932 1161 1141 1230 judices
1182 1161 1437 1216 Ecclesiae
1482 1174 1549 1214 ne
1595 1159 1693 1212 ab-

100 1266 263 1310 sente
276 1270 346 1310 eo
359 1255 513 1324 cujus
536 1269 694 1310 causa
713 1254 1024 1320 ventilatur,
1047 1254 1368 1308 sententiam
1388 1251 1691 1321 proferant;

1863 690 1927 747 81
1972 689 2156 748 LXVI.
2198 693 2432 752 Mortuos
2455 695 2716 768 Ecclesig
2747 697 3073 760 paenitenter!
3103 696 3117 748 ἱ
3154 696 3381 756 eﬂ’erant

1794 793 1851 842 et
1879 786 2168 857 sepeliant.

1865 879 1936 934 82
1972 877 2181 934 LXVII.
2221 879 2552 942 Pcenitentes
2603 881 2764 960 etiam
2817 880 3011 955 diebus
3045 881 3382 952 remissionis

1795 986 1965 1044 genua
1996 972 2230 1031 ﬂectant.

1871 1067 1974 1124 I02
2015 1066 2247 1124 LXVIII.
2293 1066 2374 1128 Ad
2429 1076 2638 1124 reatum
2681 1067 2922 1140 episcopi
2977 1069 3249 1139 pertinet,
3299 1069 3383 1122 vel

1799 1161 2097 1233 presbyteri
2127 1161 2219 1234 qui
2250 1161 2504 1231 parmcite
2534 1171 2752 1231 praeest,
2783 1164 2828 1218 si
2865 1161 3234 1220 sustentandae
3262 1162 3386 1216 vit-.n

1801 1252 2084 1325 prmaentis
2128 1269 2323 1321 causa,
2371 1253 2829 1309 adolescentiores
2866 1253 3075 1319 viduas,
3128 1253 3212 1309 vel
3264 1267 3386 1308 san-

102 1351 227 1418 quia
257 1349 406 1402 irrita
429 1351 567 1407 erit;
604 1347 766 1402 immo
793 1357 814 1386 ι·
841 1360 1058 1401 causam
1089 1347 1142 1400 in
1194 1347 1400 1417 synodo
1429 1361 1527 1415 pro
1558 1344 1696 1398 Iacto
1801 1345 2137 1402 ctimoniales
2165 1346 2484 1402 clericorum
2529 1345 2976 1402 familiaritatibus
3011 1345 3383 1414 subjiclantur.

102 1438 329 1493 dabunt.

1873 1436 1943 1491 91
2018 1436 2204 1492 LXIX.
2234 1435 2256 1474 ιι
2289 1437 2489 1492 Eorum
2519 1437 2610 1508 qui
2645 1452 2906 1508 pauperes
2936 1437 3270 1508 opprimunt,
3294 1435 3388 1492 do-

173 1528 250 1588 26
288 1529 425 1585 LIV.
465 1528 492 1565 ἀ
524 1529 857 1585 Studendum
889 1530 1144 1600 episcopo
1171 1539 1256 1586 est
1285 1539 1343 1585 ut
1372 1530 1699 1585 dissidentes
1804 1531 1950 1585 naria
1983 1546 2011 1584 a
2042 1529 2414 1587 sacerdotibus
2442 1530 2743 1587 refutanda.

103 1621 326 1687 fratres,
352 1620 466 1677 sive
493 1621 744 1688 clericos,
794 1622 907 1676 sive
957 1622 1141 1687 laicos,
1187 1621 1252 1675 ad
1296 1636 1481 1692 pacem
1533 1623 1700 1693 magis

103 1731 268 1786 quam
295 1716 365 1770 ad
401 1715 656 1785 judicium
687 1716 1020 1772 cohortetur.

171 1807 249 1862 67
290 1807 402 1862 LV.
448 1807 838 1864 Seditionarios
871 1823 1140 1878 nunquam
1181 1807 1509 1864 ordinandas
1539 1808 1698 1864 cleri-

1877 1624 1945 1678 45
1986 1619 2145 1678 LXX.
2187 1623 2552 1678 Christianum
2583 1623 2914 1680 catholicum
2944 1623 3035 1695 qui
3069 1637 3167 1693 pro
3210 1623 3391 1680 callui-

1809 1717 1907 1772 Iica
1941 1713 2096 1788 Iide_1
2131 1715 2506 1770 tribulationes
2537 1717 2758 1785 patitur,
2791 1717 2938 1770 omni
2973 1717 3177 1770 honore
3229 1729 3258 1770 a
3311 1727 3396 1768 sa-

1807 1809 2119 1864 cerdotibus
2148 1808 2548 1878 honorandum,
2594 1807 2758 1866 etiam
2791 1809 2845 1864 in
2888 1805 3188 1880 quotidiani
3225 1805 3398 1862 victus

103 1913 222 1965 cas,
247 1900 393 1954 sicut
413 1913 513 1955 nec
541 1900 838 1966 usurarios,
871 1914 971 1955 nec
1010 1899 1323 1970 injuriarum
1374 1913 1592 1955 suarum
1624 1899 1704 1954 ul-
1734 1897 1784 1958 B
1811 1901 2129 1955 ministerio.

104 1999 282 2046 tores.

209 2084 250 2139 ὅ
292 2082 431 2138 LVI.
474 2082 726 2154 Episcopi
758 2083 842 2140 vel
875 2085 1182 2156 presbyteri
1227 2091 1252 2121 ε
1303 2085 1346 2139 si
1374 2096 1534 2139 causa
1576 2083 1705 2138 visi-

109 2175 294 2231 tando:
322 2175 588 2232 Ecclesia:
633 2176 700 2232 ad
746 2177 967 2232 alterius
1011 2175 1306 2232 Ecclesiam
1358 2177 1601 2238 veniant,
1653 2176 1708 2228 in

104 2268 282 2339 gradu
307 2282 410 2324 suo
436 2269 824 2339 suscipiantur,
851 2277 906 2324 et
934 2278 1043 2324 tarn
1065 2269 1134 2323 ad
1161 2269 1379 2324 verbum
1407 2267 1706 2323 faciendum

104 2375 276 2431 quam
313 2361 383 2416 ad
413 2361 745 2418 oblationem
769 2362 1193 2417 consecrandam
1219 2362 1536 2418 invitentur.

171 2455 249 2511 57
290 2452 454 2508 LVII.
496 2453 760 2510 Diaconos
807 2454 877 2509 ita
907 2467 969 2509 se
1009 2453 1302 2526 presbyteri
1334 2498 1348 2521 ,
1376 2462 1433 2507 ut
1472 2451 1710 2523 episcopi

106 2545 424 2606 ministrum
456 2549 688 2605 noverit.

176 2642 250 2698 38
292 2639 482 2696 LVIII.
527 2638 546 2677 ί
583 2639 653 2697 Ut
678 2639 938 2696 diaconus
969 2653 1234 2710 praesente
1259 2639 1577 2711 presbytero
1605 2637 1713 2692 Eu-

104 2735 432 2792 charistiam
484 2735 731 2804 corporis
773 2732 974 2790 Christi
1023 2734 1259 2805 pupulo,
1308 2735 1352 2789 si
1415 2732 1714 2790 necessitas

108 2830 283 2899 cogit,
308 2827 496 2898 jussus
523 2837 730 2899 eroget.

175 2922 251 2978 39
295 2919 437 2976 LIX.
482 2919 552 2976 Ut
591 2919 852 2975 diaconus
878 2919 1120 2991 quolibet
1149 2919 1270 2975 loco
1293 2917 1520 2987 jubente
1564 2930 1716 2972 ures-

109 3015 309 3087 bytero
327 3013 540 3069 sedeat.

176 3109 245 3165 41
297 3106 416 3164 LX.
457 3107 530 3164 Ut
573 3108 834 3164 diaconus
883 3116 1127 3178 tempore
1173 3114 1382 3161 tantum
1429 3103 1717 3160 oblationis

108 3214 134 3249 8
163 3213 220 3260 et
252 3202 518 3258 lectionis
551 3201 732 3258 orario
760 3211 961 3257 utatur.

1885 1991 1954 2046 ὁὶ).
1995 1990 2182 2047 LXXI.
2214 1990 2482 2048 Clericum
2515 2001 2553 2028 ιιι
2578 1995 2719 2048 inter
2747 1993 3076 2054 tentationes
3099 1991 3278 2064 oilloio
3301 2005 3402 2048 suo

1816 2085 2178 2152 incubantem,
2211 2085 2464 2154 gradibus
2495 2084 2924 2144 sublimandum.

1883 2175 2049 2250 664
2087 2177 2156 2232 50
2198 2175 2406 2232 LXXII.
2450 2174 2722 2232 Clericum
2769 2176 2912 2232 inter
2963 2175 3287 2242 tentationes
3334 2173 3403 2238 ab

1815 2271 1996 2326 ofﬁcio
2026 2285 2122 2324 suo
2151 2269 2536 2334 declinantem,
2569 2269 2651 2324 vel
2675 2266 3034 2350 negligentios
3059 2277 3306 2340 agentem
3336 2265 3404 2322 ab

1813 2363 1933 2434 ipso
1959 2362 2140 2417 officio
2171 2371 2196 2397 υ
2228 2360 2630 2416 retrahendum.

1887 2455 1957 2510 60
1998 2443 2232 2510 LXXIII.
2272 2454 2540 2510 Clericum
2572 2455 2852 2511 scurrilem
2885 2462 2940 2510 et
2961 2453 3140 2514 verbis
3161 2451 3406 2523 turpibus

1819 2559 1845 2585 υ
1870 2547 2168 2618 Ῑονυίεπεηι
2196 2546 2264 2602 ab
2285 2545 2466 2601 olﬁcio
2502 2545 2911 2604 retrahendum.

1889 2641 1952 2697 61
1999 2639 2232 2696 LXXIV.
2259 2639 2526 2696 Clericum
2553 2656 2646 2711 per
2671 2649 2945 2696 creaturas
2963 2639 3232 2708 jurantem
3263 2651 3406 2692 acer-

1816 2735 1952 2792 rime
1997 2732 2410 2802 objurgandum.
2459 2732 2516 2786 Si
2561 2730 2857 2802 perstiterit
2901 2729 2955 2784 in
2997 2729 3150 2796 vitio,
3193 2743 3408 2783 escom-

1818 2825 2221 2884 municandum.

1891 2921 1961 2978 62
1999 2919 2208 2976 LXXV.
2251 2915 2517 2974 Clericum
2556 2917 2697 2973 inter
2735 2915 2926 2987 epulas
2971 2921 3280 2970 cantantem
3321 2927 3406 2968 su-

1818 3015 2077 3087 pradicta:
2105 3012 2391 3069 sententia:
2424 3022 2450 3061 P
2481 3011 2774 3068 severitate
2804 3007 3185 3065 coercendum.
3366 3005 3369 3011 ’

1894 3109 1964 3165 65
2005 3105 2241 3162 LXXVI.
2273 3101 2550 3160 'Clericum
2572 3103 2664 3174 qni
2694 3103 2746 3159 in
2779 3113 3024 3174 tempore
3063 3112 3092 3151 ιι
3113 3099 3295 3156 indicti
3320 3098 3408 3169 je-

1818 3203 1955 3275 junii
1987 3200 2190 3271 absque
2221 3197 2518 3254 inevitabili
2543 3195 3155 3266 necessitatejejunium
3190 3191 3409 3262 rumpit,

178 3298 256 3354 40
299 3295 441 3353 LXI.
489 3296 555 3354 Ut
591 3297 852 3353 diaconus
889 3298 940 3353 in
969 3309 1239 3354 conventu
1272 3301 1715 3375 presbyterorum
1741 3279 1788 3342 C
1826 3307 1848 3336 τ
1883 3297 2146 3352 minorem
2181 3294 2510 3350 habendum.

109 3391 488 3460 interrogatus
517 3389 788 3460 loquatur.

175 3482 354 3556 363
395 3481 466 3538 90
506 3479 666 3537 LXII.
709 3482 868 3538 Omni
899 3482 986 3538 die
1013 3484 1298 3541 exorcistaa
1338 3488 1716 3556 energumenis

109 3589 314 3630 manus
343 3575 641 3642 imponant.

176 3668 242 3723 91
295 3666 490 3722 LXIII.
532 3667 842 3724 Pavimenta
871 3666 1154 3723 domorum
1187 3665 1215 3704 ιι
1247 3665 1341 3724 Dei
1368 3672 1718 3740 energutneni

106 3767 396 3816 evertant.

178 3854 250 3910 92
297 3851 490 3908 LXIV.
533 3851 928 3923 Energumenis
957 3852 1010 3907 in
1039 3852 1201 3909 domo
1233 3854 1327 3910 Dei
1357 3855 1730 3912 assidentibus.

109 3947 288 4002 victus
321 3943 672 4014 quotidianus
709 3943 722 3980 ί
768 3959 862 4014 per
881 3946 1206 4000 exoreistam
1249 3958 1557 4016 opportuno
1586 3958 1720 4005 tem-

110 4052 240 4109 pore
265 4037 638 4093 ministretur.

177 4184 206 4256 ἦ
421 4170 636 4240 Vallie.,
660 4173 846 4242 absque
874 4173 1248 4226 conniventium
1273 4175 1575 4230 clericorum
1603 4177 1722 4231 sub-

107 4261 204 4300 scri
249 4257 420 4300 tione.

177 4264 388 4371 hplied.
431 4313 687 4370 Ilcroval.
735 4325 790 4371 et
840 4315 976 4370 alius
1023 4326 1264 4372 vetustus
1303 4318 1362 4372 S.
1411 4319 1640 4374 Bavonis
1693 4338 1721 4374 a

108 4385 338 4461 Grabe
366 4385 636 4461 laudatus,
667 4389 752 4442 cui
775 4387 1193 4461 titulusStatuta
1215 4387 1464 4461 Ecclesire
1480 4393 1716 4461 antiqua,

106 4458 326 4514 addunt
318 4473 362 4530 _:
393 4455 580 4530 Falsus
597 4468 870 4514 accusator
891 4458 911 4526 (
935 4456 1097 4513 Crah.
1153 4459 1301 4512 addit
1331 4455 1679 4528 deprehensus
1704 4455 1719 4530 )

107 4539 258 4584 cura
303 4527 604 4583 Ecclesium
654 4530 745 4597 ﬁat
771 4571 786 4594 ,
831 4531 990 4582 donec
1041 4532 1330 4594 panitendo
1375 4527 1428 4585 se
1469 4527 1714 4588 emendet.

1784 3381 1804 3401 ⁸
1896 3389 1965 3444 64
2007 3386 2261 3446 LXXVII.
2295 3386 2396 3454 Qui
2421 3385 2475 3442 in
2506 3385 2787 3442 Dominico
2807 3382 2894 3440 die
2922 3382 3164 3440 studiose
3186 3381 3412 3452 jejunat.

1825 3499 1932 3540 non
1972 3481 2221 3539 credatur
2251 3481 2573 3537 catholicus.

1899 3575 1969 3632 65
2006 3573 2289 3629 LXXVIII.
2348 3571 2567 3627 Pascha:
2627 3572 3022 3629 solemnitatem
3063 3587 3172 3628 uno
3220 3568 3310 3630 die
3361 3583 3414 3633 οι

1824 3683 2070 3742 tempore
2095 3666 2494 3724 celebrandam.

1899 3763 1960 3819 51
2009 3759 2245 3817 LXXIX.
2287 3758 2530 3814 Clericus
2551 3757 2946 3829 quantumlibet
2975 3758 3144 3814 verbo
3173 3756 3270 3812 Dei
3291 3771 3417 3813 eru-

1826 3858 1970 3912 ditus
1996 3855 2224 3910 artiﬁcio
2257 3852 2455 3907 victum
2480 3859 2708 3921 quaerat.

1898 3947 1967 4002 70
1983 3944 2201 4002 LXXX.
2219 3944 2459 4000 Clericus
2484 3941 2854 3998 haereticorum
2878 3952 2928 3996 et
2953 3941 3417 3997 schismaticorum

1831 4049 1939 4095 tam
1993 4037 2240 4095 convivia
2285 4050 2447 4104 quam
2495 4035 2805 4091 sodalitates
2835 4043 2855 4068 ³
2909 4033 3218 4104 specialiter
3267 4034 3418 4089 vitet.

1831 4178 2045 4251 peliant.
2080 4177 2414 4251 ferobscune
2445 4177 2700 4251 in__vul¢.,
2736 4175 2972 4231 Moram
3000 4175 3298 4245 praenitentes
3331 4170 3420 4224 Ec-

1833 4247 2005 4319 clesia;
2027 4247 2272 4318 a/Ierant,
2302 4259 2347 4304 et
2379 4249 2643 4319 sepeliant.

1857 4319 1929 4404 ..ι
1961 4315 2256 4376 Ιιίδὸτιηοιι
2285 4319 2344 4373 in
2376 4315 2564 4375 Vallie.
2601 4319 2939 4389 postponitur
2959 4315 3168 4392 duobus
3192 4327 3420 4384 sequen-

1831 4392 2119 4533 “blusVulg.
2150 4460 2364 4533 concilii
2393 4458 2835 4533 Carthaginonsis
2855 4474 2950 4533 tv,
2977 4465 3030 4533 et
3057 4473 3152 4529 pro
3179 4453 3424 4533 ecclesia-

1829 4535 1959 4588 stica
1993 4549 2050 4587 re
2071 4529 2122 4588 ct
2171 4529 2470 4587 Christiana
2507 4532 2756 4603 religione
2797 4530 3152 4603 (titillationes
3203 4530 3419 4597 patitur,

110 4596 715 4688 Apinius-abnuesque
735 4599 974 4688 Ege-(esid
991 4601 1109 4688 lini,
1139 4603 1370 4688 donec...
1401 4606 1717 4688 emendetur.
1754 4596 2018 4688 D/ronore
2049 4605 2186 4686 omni
2213 4622 2255 4683 α.
2273 4596 2635 4688 sacerdotibus
2650 4603 3030 4688 honorandum.
3065 4596 3239 4688 Etiam
3256 4608 3423 4688 etper

183 4684 207 4711 ε
242 4672 418 4746 Vulg.
451 4665 573 4746 cum
600 4665 732 4726 mss.
759 4665 1167 4746 Vat._Pa|'at.et
1192 4671 1471 4746 (lemval.,
1520 4684 1566 4727 et
1595 4691 1720 4728 cau-

107 4761 221 4799 sam
242 4745 301 4798 in
328 4743 536 4812 synodo
559 4746 788 4813 profecto
810 4741 1027 4796 dabunt.

1829 4677 2104 4729 diaconum
2135 4676 2177 4729 ei
2210 4675 2368 4730 victus
2394 4674 2807 4730 administretur.
2827 4673 3146 4729 Nostrorum
3177 4671 3424 4726 codicum

1831 4747 2116 4802 lectionem
2142 4746 2476 4811 retinuimus,
2501 4760 2661 4815 quam
2691 4743 2852 4802 etiam
2879 4744 3124 4800 Crabbus
3149 4741 3424 4815 niinutjori

60 4801 68 4870 l
181 4813 209 4853 ά
241 4801 414 4881 νυιᾷ.
450 4801 630 4869 minus
655 4801 834 4876 'bene,
862 4814 1193 4868 statuendum
1225 4826 1297 4869 est
1343 4817 1614 4888 episcopis,
1670 4827 1724 4872 et
1829 4801 2144 4874 charactere
2183 4801 2420 4886 rsnbjecit
2442 4801 2652 4874 tis-suis
2679 4815 3103 4886 exemplaribus,
3127 4827 3248 4884 qua
3301 4809 3424 4865 Sta-

64 4889 68 4941 i
105 4887 234 4941 dein
261 4884 630 4940 cohortentur.
1831 4900 1940 4941 tum
1967 4890 2208 4941 Ecclesia:
2223 4889 2438 4941 autiaua
2463 4889 2777 4941 onerarunt.
3387 4885 3396 4896 ’

64 4900 68 4954 ι
105 4900 234 4942 dem
261 4900 630 4940 cohortentur.

185 4969 208 4995 ε
239 4957 476 5020 Vallie.,
510 4956 555 5008 si
603 4972 784 5009 causa:
820 4956 884 5008 de
927 4954 1161 5011 Ecclesia
1204 4959 1272 5011 ad
1315 4960 1546 5018 alterius.
1574 4969 1681 5015 etc.
1713 4976 1725 5012 :

1831 4900 1940 4943 tuta
1967 4890 2208 4944 Ecclesia
2223 4889 2438 4957 antiqua
2463 4889 2777 4958 pmlerunt.

1903 4969 1941 4996 ¹¹¹
1974 4961 2200 5028 Quidum
2234 4952 2394 5014 codd.
2425 4952 2481 5015 ei
2510 4958 2620 5028 hic,
2664 4971 2717 5017 et
2752 4961 2806 5016 in
2840 4957 3086 5030 sequenti
3110 4967 3340 5023 canone,
3370 4952 3425 5006 in

69 5053 74 5062 -
109 5028 253 5083 forte
280 5030 334 5082 si
362 5026 424 5081 ob
448 5042 634 5081 causas
661 5030 724 5083 de
738 5025 990 5082 Ecclesia.
1014 5027 1150 5083 Cod.
1173 5029 1295 5083 Vat.
1313 5029 1476 5095 5815,
1501 5031 1543 5084 si
1567 5047 1724 5084 causa
1832 5025 2136 5087 tentatione.

70 5099 78 5162 ξ
105 5099 372 5154 uisitandi
404 5100 468 5150 de
498 5096 752 5162 Ecclesia,
785 5101 891 5153 et‘c.
921 5099 1038 5152 Vat.
1076 5098 1236 5163 1542,
1258 5103 1302 5153 si
1331 5117 1486 5154 causa
1515 5103 1727 5155 visitan-

110 5172 190 5224 da:
217 5169 490 5224 Ecclesia:
517 5169 730 5223 alterius
750 5171 972 5224 ueniant.
1001 5169 1118 5225 Vat.
1152 5171 1346 5228 Palat..
1375 5173 1472 5225 hac
1496 5173 1726 5229 lectione

105 5253 374 5310 recepta,
408 5253 530 5310 post
552 5253 766 5295 auersus
785 5253 931 5295 addit
954 5253 1178 5313 episcopi
1219 5253 1287 5294 ad
1319 5253 1622 5298 Ecclesium.

185 5314 206 5351 τ
242 5313 305 5367 In
363 5327 465 5366 ms.
519 5311 734 5378 Vallie.,
764 5311 851 5367 hic
879 5327 1054 5368 canon
1109 5323 1230 5383 post
1278 5323 1588 5384 sequentem
1640 5315 1731 5370 de-

408 5247 532 5313 post
547 5241 931 5313 alteriusaddit
954 5243 1178 5313 episcopi
1219 5244 1287 5294 ad
1319 5242 1622 5298 Ecclesium.

105 5385 413 5442 scribitur.

180 5467 207 5504 ις
242 5457 408 5510 Idem
438 5469 542 5514 ms.
575 5453 768 5510 Vallie.
801 5455 1015 5522 ignorat
1063 5465 1111 5509 et
1159 5455 1412 5511 lectionis.
1451 5457 1578 5512 Dein
1610 5472 1729 5512 cum

103 5527 236 5600 Vat.
272 5526 430 5582 I3i2
474 5525 792 5596 scripsimus
821 5528 1017 5581 orario.
1073 5526 1268 5582 Ceteri
1315 5543 1438 5582 cum
1465 5530 1607 5600 vulg.
1638 5530 1734 5583 ha-

88 5599 243 5658 {bent
275 5601 432 5652 alba.

181 5670 210 5706 ιι
245 5668 462 5724 Vallie.
488 5668 613 5725 cod.

90 5727 416 5810 liierosal.,
439 5741 612 5810 scopis
641 5727 886 5794 intmdent
925 5755 1023 5810 pro
1047 5752 1300 5794 evenant.

98 5991 108 6261 ἴ

92 5819 102 5882 ζ
187 5813 204 5852 ί
248 5811 439 5882 Vulg.
460 5827 583 5867 cum
607 5810 732 5867 cod.
764 5810 1044 5882 ﬂeroval.,
1077 5827 1168 5879 per
1196 5813 1500 5867 σπου-εἰσίω.

96 5880 102 5934 ξ
181 5897 198 5940 ι
251 5880 394 5942 Vat.
423 5881 618 5947 Palat..
649 5891 696 5938 et
719 5880 953 5946 ederunt.
983 5881 1106 5938 Vat.
1167 5882 1326 5949 1542,
1355 5883 1621 5951 cﬂ'ercnm
1648 5901 1733 5943 sc-

643 5683 740 5738 pro
791 5667 885 5723 Dei
916 5668 1075 5724 habet
1120 5670 1259 5722 omni
1300 5671 1401 5724 die.
1452 5671 1572 5727 Mox
1631 5685 1731 5726 ms.

1904 5111 1930 5138 η
1967 5103 2123 5173 Vulg.
2157 5101 2340 5158 delent
2367 5102 2501 5171 ipsa,
2521 5113 2579 5159 et
2597 5102 2802 5158 addunt
2820 5117 2935 5173 suo.
2967 5099 3089 5173 1on
3119 5095 3281 5152 iidem
3304 5109 3424 5152 cum

1835 5173 1955 5228 Vat.
1995 5171 2192 5238 Pal—at"
2223 5174 2585 5228 removendum
2614 5188 2710 5243 pro
2727 5171 3112 5228 retrahendum.

1911 5255 1934 5282 ο
1961 5245 2016 5301 In
2047 5247 2179 5316 Syn.
2211 5243 2430 5315 Agath.,
2453 5259 2504 5300 c.
2532 5245 2622 5311 70,
2637 5245 2995 5316 jocstlotarem.

1912 5328 1936 5366 ρ
1967 5309 2162 5372 Vocem
2194 5309 2475 5382 seueritate,
2501 5309 2661 5385 quam
2686 5315 2954 5385 Vallic.et
2979 5311 3068 5385 alii
3093 5309 3402 5385 codd._i_¢no
3427 5339 3431 5344 -

1837 5398 1980 5454 rant,
2009 5387 2374 5458 supplevimns
2403 5380 2469 5443 es
2508 5380 2613 5443 ms.
2648 5386 2767 5441 Vat.
2798 5384 2968 5458 Palat.
2999 5383 3070 5458 In
3093 5381 3217 5438 eod.
3261 5380 3426 5458 Hero-
3532 5380 3537 5389 '

1839 5462 1948 5541 val.
1968 5451 2215 5541 'oboliujus
2238 5458 2388 5513 vocis
2416 5458 2686 5514 delectum
2709 5456 2969 5525 scriptum
2999 5453 3099 5510 fuit
3131 5451 3429 5529 supradicta

1839 5540 2112 5585 sententia.

1915 5613 1942 5652 ς
1974 5601 2128 5672 Vulg.
2159 5611 2347 5672 carent
2376 5615 2507 5672 voce
2531 5599 2731 5672 indicti.

1915 5683 1937 5711 τ
1973 5665 2098 5726 Vni:
2123 5671 2260 5726 1512
2289 5683 2345 5726 et
2372 5671 2492 5725 Vat.
2531 5671 2724 5733 Palat"
2757 5669 2954 5724 minore
2973 5684 2995 5734 ;
3031 5675 3090 5724 es
3115 5681 3238 5723 mox
3269 5665 3433 5722 iidem

1841 5743 2002 5799 codd.
2034 5760 2154 5797 cum
2187 5742 2400 5797 caeteris
2429 5740 2764 5796 additionum
2792 5739 2976 5805 Dion.,
3007 5739 3296 5808 habentem,
3325 5737 3432 5793 nti-

1843 5829 1944 5896 nus
1975 5813 2506 5896 beti_e._i’rmtpli_mus
2535 5827 2657 5868 cum
2690 5812 2918 5896 vulgatis
2945 5811 3259 5896 habendum.

1919 5895 1940 5925 ⁸
1974 5887 2105 5947 Cod.
2141 5885 2256 5950 Vat.
2299 5883 2466 5948 Palat.
2499 5899 2628 5946 cum
2653 5883 2904 5966 vulgatis,
2927 5883 3210 5982 qualitas
