3998 6346
576 452 674 508 887

1513 440 1603 499 ΔΙ)
1639 441 1868 499 OPERA
1909 444 1966 500 S.
2011 438 2252 497 LEONIS
2293 434 2504 494 MAGNI
2543 379 2906 492 APP‘ENDIX.

3729 433 3823 495 888

641 569 802 640 665
840 566 905 620 71
947 562 1182 619 LXXXI.
1210 560 1593 618 Conventieula
1617 560 2018 632 haereticorum,
2042 577 2152 619 non
2183 563 2241 624 Α
2263 557 2545 614 nedieente
2573 565 2628 612 et
2672 570 2861 610 manus
2889 566 3049 623 super
3077 562 3238 624 caput
3265 551 3382 622 ejus
3423 558 3659 613 tenente.
3684 550 3825 610 etiam

577 659 865 722 Ecclesias,
901 656 995 711 sed
1027 664 1053 692 ⁸
1074 653 1300 710 concilia
1325 652 1527 709 diaboli
1554 653 1894 724 appellanda.

2261 666 2450 707 omnes
2483 649 2783 721 presbyteri
2823 647 2915 719 qui
2963 654 3259 716 praesentes
3305 654 3454 713 sunt,
3498 659 3683 699 manus
3720 659 3828 704 suas

744 713 1012 805 LXXXII.
1029 746 1162 804 Cum
1184 745 1452 804 hereticis
1478 713 1653 817 neque
1672 747 1956 817 orandum,
1980 713 2155 819 neque
2257 745 2405 818 juxta
2433 713 2623 800 manus
2643 713 2882 814 episcopi
2915 713 3079 810 super
3098 750 3259 810 caput
3280 739 3422 795 illius
3452 747 3686 794 teneant.

573 843 930 917 psallendum.

641 941 710 996 89
753 935 1030 993 LXXXIII.
1054 934 1356 1007 'Auguriis,
1404 934 1489 990 vel
1541 934 1993 990 incantationibus
2044 948 2160 989 ser-

573 1034 804 1086 vientem
837 1047 863 1083 a
893 1037 1158 1086 conventu
1192 1027 1220 1067 b
1262 1027 1652 1097 separandum;
1685 1028 1936 1084 similiter
1975 1036 2030 1084 et
2071 1041 2163 1083 su-

573 1124 976 1192 I'Iel'SllllﬂnlbllS
1002 1121 1241 1178 Judaicis
1268 1122 1353 1177 vel
1382 1120 1532 1177 feriis
1554 1120 1930 1179 inhaerentem.

642 1217 709 1269 68
751 1213 1035 1270 LXXXIV.
1083 1213 1163 1268 Ex
1218 1213 1622 1282 paenitentibus,
1667 1211 1917 1281 quamvis
1964 1213 2161 1279 bonus,

576 1311 798 1363 "lericus
841 1325 945 1362 non
992 1309 1297 1373 ordinetur;
1336 1320 1392 1364 et
1433 1309 1476 1362 si
1521 1324 1615 1378 per
1645 1308 2002 1378 ignorantiam
2050 1307 2164 1377 epi-

638 1403 721 1472 ιψί
759 1402 929 1457 ἱειριιιε
961 1402 1140 1465 fuerit,
1173 1403 1476 1470 deponatur
1501 1417 1530 1456 a
1569 1403 1740 1468 clero,
1771 1402 1892 1471 quia
1923 1417 1983 1456 se
2012 1401 2159 1456 ordi-

577 1496 806 1551 nationis
831 1504 1072 1565 tmnpore
1106 1511 1211 1549 non
1245 1495 1476 1563 prodidit
1503 1496 1669 1551 fuisse
1702 1495 2070 1562 pmnitentem.
2105 1496 2161 1551 Si

576 1601 753 1644 autem
782 1589 958 1644 sciens
984 1589 1270 1658 episcopus
1291 1587 1620 1643 ordinaverit
1649 1588 1832 1652 talem,
1866 1589 2026 1643 etiam
2049 1587 2164 1657 ipse

580 1692 604 1720 ο
645 1682 711 1735 ab
753 1681 1091 1752 episcopatus
1138 1682 1219 1736 sui
1265 1680 1547 1737 ordinandi
1592 1679 1856 1736 duntaxat
1901 1689 2164 1751 potestate

577 1777 836 1845 privetur.

649 1867 718 1922 69
757 1865 1018 1922 LXXXV.
1050 1867 1224 1924 Simili
1255 1868 1538 1924 sententiae
1573 1866 1874 1936 subjacebit
1902 1863 1929 1903 ά
1953 1866 2163 1936 cpisco-

2333 839 2367 893 4
2406 838 2562 893 XCII.
2596 836 2863 892 Diaconus
2892 850 3014 891 cum
3053 832 3354 896 ordinatur,
3392 831 3545 886 solus
3573 829 3827 900 episcopus

2262 933 2352 1004 qui
2384 947 2505 988 eum
2545 929 2836 994 benedicit,
2875 926 2903 965 δ
2935 941 3125 982 manus
3165 939 3292 981 suas
3330 938 3496 994 super
3537 931 3693 993 caput
3731 922 3827 992 ejus

2263 1037 2461 1098 ponat:
2484 1027 2606 1096 quia
2631 1040 2738 1081 non
2765 1024 2832 1079 ad
2855 1021 3239 1087 sacerdotium,
3269 1019 3364 1076 sed
3398 1019 3468 1074 ad
3498 1016 3826 1074 ministerium

2262 1129 2628 1179 COHSBCI‘BIIII'.

2337 1216 2370 1270 5
2408 1212 2589 1269 XCIII.
2632 1211 3008 1268 Subdiaconus
3035 1225 3154 1266 cum
3186 1207 3491 1272 ordinatur,
3516 1205 3637 1276 quia
3665 1219 3828 1260 manus

2265 1307 2666 1385 impositionem
2695 1319 2801 1358 non
2831 1303 3044 1371 accipit,
3074 1311 3320 1372 patenam
3349 1298 3418 1354 de
3446 1313 3606 1354 manu
3622 1295 3829 1362 episcopi

2267 1398 2494 1467 accipiat
2522 1411 2766 1461 vacuam,
2799 1403 2855 1450 et
2879 1409 3104 1448 vacuum
3146 1393 3387 1446 calicem.
3434 1390 3510 1444 De
3538 1403 3692 1443 manu
3717 1402 3828 1442 vero

2267 1490 2626 1546 archidiaconi
2677 1489 2900 1558 accipiat
2955 1487 3114 1558 667
3158 1486 3436 1540 urceolum
3477 1482 3494 1521 ί
3529 1499 3648 1539 cum
3691 1497 3828 1553 aqua,

2267 1584 2487 1644 monile.
2508 1590 2563 1637 ct
2586 1581 2996 1648 manutergium.
3234 1624 3239 1627 _

2339 1675 2372 1730 6
2411 1673 2592 1730 XCIV.
2647 1672 2942 1744 Acolythus
2983 1686 3103 1725 cum
3156 1670 3456 1736 ordinatur,
3501 1667 3572 1723 ab
3607 1667 3834 1738 episeopo

2268 1769 2484 1851 quidem
2515 1767 2772 1822 doceatur
2798 1766 3029 1836 qualiter
3051 1779 3110 1820 se
3137 1763 3191 1818 in
3221 1763 3401 1818 olﬁcio
3428 1776 3530 1816 suo
3573 1774 3723 1830 agere
3745 1759 3830 1815 tle-

2267 1861 2427 1916 beat:
2455 1861 2468 1912 i
2507 1860 2573 1914 ab
2603 1859 2982 1915 arohidiacono
3010 1855 3239 1924 accipiat
3269 1853 3692 1910 cereoloraleum
3725 1867 3831 1910 cum

577 1973 701 2028 pus,
733 1959 775 2011 ci
805 1961 982 2014 sciens
1016 1960 1346 2015 ordinaverit
1387 1957 1642 2015 clericum
1673 1975 1795 2015 eum
1832 1959 1921 2028 qui
1953 1959 2164 2014 viduam
2196 1957 2246 2019 B
2271 1954 2464 2017 cereis,
2496 1962 2556 2008 ut
2581 1952 2708 2008 sciat
2739 1967 2799 2007 se
2827 1951 2894 2006 ad
2915 1948 3258 2006 accendenda
3289 1947 3554 2004 Ecclesia:
3577 1945 3831 2002 luminaria

578 2061 669 2105 aut
689 2051 1019 2122 repudiatam
1048 2068 1276 2108 uxorem
1307 2052 1514 2122 habuit,
1539 2053 1623 2107 vel
1651 2053 1961 2109 secundam.

650 2143 719 2198 95
756 2143 1036 2199 LXXXVI.
1068 2144 1170 2212 Qui
1208 2145 1512 2200 oblationes
1541 2144 1914 2200 defunctorum
1945 2155 2037 2200 aut
2072 2159 2167 2200 ne-

575 2245 706 2308 gant
732 2237 1007 2306 Ecclesiis,
1031 2247 1124 2293 aut
1144 2253 1266 2293 cum
1296 2238 1608 2294 difﬁcultate
1635 2238 1883 2304 reddunt,
1912 2247 2165 2310 tanquam

576 2330 843 2402 egentium
875 2339 1159 2387 necatores
1190 2332 1746 2388 excommunicentur.

649 2425 719 2478 56
758 2422 1068 2479 LXXXVII.
1097 2424 1404 2496 Presbyteri
1438 2427 1527 2496 qui
1564 2441 1661 2496 per
1692 2427 1956 2484 dimceses
1984 2429 2168 2485 Eccle-

578 2529 688 2569 stas
715 2525 926 2585 regunt,
957 2531 1062 2570 non
1091 2531 1121 2570 a
1150 2517 1476 2586 quibuslibet
1512 2517 1801 2589 episcopis,
1832 2519 1926 2575 sed
1956 2534 1986 2574 a
2017 2520 2168 2585 suis;

578 2620 681 2662 nec
706 2621 802 2677 per
823 2606 1092 2676 juniorem
1120 2607 1396 2675 clericum,
1432 2609 1527 2663 sed
1557 2619 1651 2664 aut
1689 2625 1784 2680 per
1821 2603 2048 2680 seipsos,
2078 2619 2170 2666 aut

578 2713 677 2769 per
726 2699 875 2753 illum
915 2701 1005 2770 qui
1039 2701 1331 2756 sacrarium
1366 2701 1530 2774 666
1571 2711 1740 2773 tenet,
1783 2713 1908 2760 ante
1949 2703 2171 2761 Pascha:

579 2792 975 2848 solemnitatem
995 2793 1224 2849 chrisma
1247 2805 1451 2863 petant.

656 2884 725 2939 66
763 2884 1095 2941 LXXXVIII.
1126 2886 1367 2942 Clericus
1396 2888 1486 2959 qui
1525 2889 1759 2960 episcopi
1800 2891 1942 2946 circa
1993 2907 2053 2947 se
2089 2891 2172 2947 di-

581 2977 917 3033 strictionem
956 2978 1208 3047 injustam
1236 2989 1408 3049 putat,
1437 2992 1680 3037 recurrat
1705 2981 1770 3037 ad
1811 2983 2096 3054 synodum.

651 3070 721 3124 29
759 3070 1048 3127 LXXXIX.
1072 3072 1369 3142 Episcopus
1397 3075 1442 3129 si
1474 3075 1672 3132 clerico
1697 3078 1780 3132 vel
1810 3077 1947 3134 laico
1967 3080 2171 3137 crimen

583 3162 887 3235 impegerit,
912 3165 1210 3223 deducatur
1236 3167 1303 3223 ad
1333 3167 1702 3237 probationem
1727 3169 1780 3224 in
1811 3171 2036 3242 synodo.

658 3311 681 3338 °
715 3302 1094 3375 Recapitulatio
1117 3305 1455 3360 ordinationis
1487 3307 1782 3376 o/ﬁcialium
1819 3306 2084 3365 Ecclesiae.

653 3441 692 3496 2
727 3440 838 3498 XC.
862 3441 1158 3513 Episcopus
1182 3458 1303 3498 cum
1326 3443 1625 3508 ordinatur,
1653 3447 1761 3500 duo
1777 3445 2016 3516 episcopi
2043 3443 2065 3484 ί
2081 3462 2175 3504 ex-

2269 2048 2714 2116 mancipandum;
2746 2045 2974 2117 accipiat
3001 2053 3056 2101 et
3080 2043 3354 2100 urceolum
3383 2056 3615 2098 vacuum
3643 2040 3704 2095 ad
3729 2055 3833 2111 sug-

2268 2143 2563 2214 gerendum
2585 2142 2766 2197 vinum
2801 2140 2854 2196 in
2886 2138 3221 2196 Eucharistia
3256 2136 3533 2209 sanguinis
3570 2133 3768 2191 Christi.

2344 2236 2374 2288 7
2414 2232 2576 2290 XCV.
2600 2233 2880 2289 Exoreista
2899 2247 3023 2288 cum
3045 2230 3346 2298 ordinatur,
3368 2227 3676 2299 accipiatde
3692 2239 3838 2281 manu

2269 2328 2511 2399 episcopi
2544 2326 2784 2383 libellum
2831 2327 2882 2381 in
2919 2339 3026 2395 quo
3053 2323 3239 2394 scripti
3267 2333 3394 2378 sunt
3431 2319 3735 2382 exorcismi,
3772 2316 3838 2370 di-

2271 2431 2429 2480 cente
2457 2421 2558 2478 sibi
2589 2421 2880 2491 episcOpo:
2906 2418 3110 2489 Accipe,
3139 2427 3187 2472 et
3215 2416 3518 2474 commenda
3545 2412 3575 2453 κ
3603 2421 3650 2468 et
3680 2410 3838 2465 habeto

2272 2525 2573 2587 potestatem
2628 2511 2930 2584 imponendi
2971 2526 3181 2566 man-unt
3222 2507 3242 2547 ι
3285 2524 3442 2581 super
3473 2517 3840 2578 energutneuos,

2273 2611 2377 2666 sive
2397 2609 2746 2680 baptisandos.

2344 2705 2378 2759 8
2418 2702 2599 2760 XCVI.
2629 2702 2822 2758 Lector
2849 2713 2971 2756 cum
3001 2697 3301 2763 ordinatur,
3329 2693 3496 2750 faciat
3521 2692 3594 2749 de
3621 2689 3710 2748 illo
3735 2703 3844 2746 ver-

2275 2799 2401 2854 bum
2441 2797 2724 2868 episcopus
2765 2792 2831 2848 ad
2881 2791 3114 2862 plebem,
3147 2788 3390 2846 indicans
3431 2785 3552 2857 ejus
3589 2784 3763 2849 ﬁdem,
3789 2795 3845 2836 ac

2273 2894 2459 2958 vitam,
2491 2900 2652 2962 atque
2681 2888 2974 2960 ingenium.
3008 2887 3137 2942 Post
3174 2886 3290 2940 haec
3326 2889 3674 2952 exspectante
3707 2877 3846 2948 plebe

2277 2987 2454 3043 tradat
2488 2985 2539 3041 ei
2568 2983 2810 3040 codicem
2840 2982 2907 3037 de
2937 2995 3045 3052 quo
3072 2987 3114 3017 ω
3145 2979 3380 3034 lecturus
3409 2983 3516 3040 est,
3568 2973 3749 3028 dicens
3791 2969 3848 3024 ad

2275 3094 2428 3134 eum:
2461 3077 2664 3146 Accipe,
2695 3084 2743 3131 et
2769 3083 2876 3130 esto
2903 3073 3040 3128 uerbi
3061 3071 3159 3126 Dei
3188 3078 3216 3107 υ
3244 3070 3457 3135 relator,
3493 3067 3776 3131 habiturus,
3797 3063 3849 3130 ﬁ-

2276 3171 2458 3224 deliter
2489 3179 2535 3224 et
2578 3169 2772 3222 utiliter
2804 3167 2852 3220 si
2896 3164 3182 3236 impleveris
3209 3161 3451 3232 ofﬁcium,
3506 3167 3703 3230 partem
3747 3170 3850 3210 cum

2278 3264 2357 3318 his
2386 3263 2474 3334 qui
2505 3260 2705 3316 verbum
2729 3258 2828 3314 Dei
2848 3258 3260 3312 ministraverunt

2197 3346 2246 3410 C
2349 3359 2382 3412 9
2407 3352 2614 3411 XCVII.
2637 3351 2899 3409 Ostiarius
2920 3365 3043 3406 cum
3063 3349 3360 3414 ordinatur,
3385 3352 3670 3416 postquam
3694 3341 3764 3396 ab
3781 3353 3854 3393 aro

2268 3449 2596 3505 .chidiacono
2639 3445 2933 3502 instructus
2979 3443 3158 3507 fuerit,
3205 3440 3434 3510 qualiter
3472 3436 3526 3491 in
3568 3435 3728 3490 domo
3767 3428 3854 3485 Dei

585 3549 784 3609 ponant
808 3549 860 3595 et
888 3549 1108 3597 teneant
1131 3541 1542 3614 Evangeliorum
1569 3543 1813 3600 codicem
1839 3553 2178 3615 supercaput
2282 3543 2477 3600 debeat
2540 3539 2888 3603 conversari,
2944 3536 3011 3591 ad
3058 3532 3452 3604 suggestionem
3505 3521 3856 3584 archidiaconi

584 3631 733 3702 ejus;
767 3643 822 3689 ct
844 3649 950 3690 uno
979 3649 1142 3705 super
1169 3651 1291 3692 eum
1325 3635 1582 3692 fundente
1610 3636 2061 3701 benedictionem,
2091 3653 2178 3692 re-

2283 3637 2458 3692 tradet
2485 3636 2533 3690 ei
2551 3634 2832 3704 episcopus
2857 3631 3036 3686 claves
3061 3627 3316 3685 Ecclesiae
3340 3625 3412 3681 de
3431 3621 3622 3679 altario
3641 3619 3856 3675 dicens:

585 3725 714 3795 liqui
747 3742 934 3782 omnes
962 3728 1202 3799 episcopi
1227 3729 1315 3800 qui
1351 3727 1570 3798 adsunt,
1604 3729 1852 3786 manibus
1881 3731 1995 3786 suis
2018 3739 2178 3802 caput
2281 3731 2374 3787 Sic
2398 3747 2491 3802 age
2523 3729 2671 3800 quasi
2700 3727 2995 3783 redditurus
3038 3721 3148 3778 Deo
3177 3721 3427 3778 rationem
3473 3735 3562 3790 pro
3604 3715 3684 3770 his
3711 3712 3861 3767 rebus

586 3816 701 3886 ejus
729 3827 962 3887 tangant.

656 3909 691 3963 5
729 3907 864 3966 XCI.
896 3910 1184 3984 Presbyter
1223 3927 1346 3970 cum
1379 3913 1678 3983 ordinatur,
1717 3915 1972 3986 episcopo
2018 3927 2044 3965 ε
2079 3916 2173 3975 be-

661 4154 686 4181 η
720 4143 897 4212 Vulg.,
928 4141 1265 4213 conciliabula
1286 4143 1632 4213 appellantur.

658 4215 686 4253 δ
711 4213 844 4269 Cod.
879 4213 1011 4286 Vat.
1030 4212 1196 4286 Palat.
1229 4212 1348 4286 cum
1380 4216 1520 4286 vnlg.
1549 4216 1698 4274 addit
1739 4218 2003 4275 Ecclesiae.

661 4298 683 4326 ο
716 4286 790 4340 Ita
819 4285 976 4341 codd.
1001 4285 1191 4340 Vallic.
1214 4295 1268 4341 et
1297 4285 1414 4342 Vat.
1445 4285 1615 4343 Palat.
1651 4289 1704 4344 In
1727 4305 1829 4344 ms.
1856 4291 1975 4346 Vat.
2008 4288 2168 4351 58l5,
2231 4326 2239 4337 .

588 4359 652 4413 ab
673 4359 991 4433 episcopatus
1021 4358 1101 4411 sui
1129 4358 1341 4433 ordine;
1367 4359 1417 4412 in
1449 4358 1570 4433 Vat.
1603 4359 1763 4430 1542,
1787 4363 1848 4416 ab
1877 4362 2173 4433 episeOpatu

587 4447 679 4484 suo
703 4428 1001 4493 ordinandi,
1037 4437 1141 4483 etc.
1169 4446 1182 4482 :
1209 4428 1343 4483 forte
1372 4429 1584 4484 melius.

659 4499 686 4538 ἀ
715 4499 946 4571 Quidam
986 4499 1426 4571 codd.romittunt
1455 4502 1739 4571 episcopus,
1782 4513 1837 4558 et
1878 4502 2001 4559 dein
2033 4519 2167 4558 eum.

588 4573 777 4640 Postea
808 4582 902 4640 pro
928 4569 1102 4623 habuit
1129 4570 1250 4624 Vat.
1284 4570 1424 4626 5845
1451 4569 1666 4640 praefert
1687 4575 1937 4628 habuerit.

662 4652 685 4678 ο
714 4639 810 4714 H_i_c
836 4641 1040 4714 titulus,
1057 4642 1295 4714 omisLsus
1317 4643 1377 4714 in
1392 4639 1628 4714 vulgatis
1659 4657 1710 4700 et
1736 4661 1865 4701 mss.
1892 4645 2171 4700 collectio-

532 4752 535 4754 -
586 4730 713 4767 num
745 4709 975 4782 Hisp.iet
1006 4711 1154 4780 lsid.,
1182 4729 1302 4782 quae
1335 4709 1766 4771 alium'ordinem
1793 4731 2055 4771 canonum
2080 4732 2174 4770 ex-

585 4784 792 4847 hibent,
817 4781 1007 4851 legitur
1036 4784 1087 4857 in
1116 4781 1363 4839 omnibus
1383 4787 1584 4857 nostris
1605 4788 2026 4857 exemplaribus,
2053 4803 2171 4857 qute

585 4803 792 4847 niuem,
818 4803 1007 4851 tegitur
1036 4803 1087 4837 Ill
1116 4803 1363 4839 OIIIIIIDUS
1383 4803 1584 4840 IIOSII'IS
1605 4803 2026 4857 exemplaribus,
2091 4803 2171 4842 nte

585 4863 904 4908 statutorum
929 4854 1144 4910 nomine
1168 4869 1401 4911 canones
1423 4855 1524 4912 hoc
1547 4857 1735 4912 ordine
1760 4858 2033 4914 exhibent.
2053 4803 2171 4914 (ὲο-

584 4925 696 4979 lunt
729 4941 825 4994 pro
856 4924 1189 4994 ordinationis
1218 4926 1336 4980 cod.
1383 4927 1492 4981 Vat.
1529 4927 1667 4984 5845
1699 4929 1860 4984 habet
1891 4931 2175 4984 ordinatio-

585 4971 1358 5061 52.1.3:v.11ia.".;'a;.;ao;.;:.;.
1389 4971 1666 5053 iii'erBiE
1699 4971 1863 5056 351:;
1871 4971 2171 5056 astitit}:
2198 4971 2254 5033 Ι)

587 5074 736 5119 tum:
773 5064 1236 5136 Recapitulationes
1267 5068 1559 5136 oﬁicialium
1591 5067 1852 5126 Ecclesiae.
1898 5071 2031 5127 Cod.
2064 5072 2169 5128 He-

584 5137 757 5191 ruval.
802 5130 1045 5207 inscribit
1085 5139 1164 5192 sic
1191 5153 1205 5191 :
1233 5130 1398 5207 caput
1447 5141 1789 5196 ordinationis
1821 5144 2170 5198 ministrorum
2218 5130 2233 5146 ⁸

587 5207 880 5279 ofﬁcialiurn
904 5203 1168 5263 Ecclesiae.
1198 5203 1330 5263 Sunt
1356 5210 1750 5266 ordinationum
1781 5214 2046 5279 formulae,
2074 5231 2171 5270 seu

584 5279 766 5347 potius
803 5278 1028 5333 rubricae
1057 5293 1123 5333 ex
1153 5281 1526 5352 antiquissimo
1555 5283 1734 5352 aliquo
1762 5286 1952 5341 ordine
1981 5278 2171 5341 excer-

583 5359 714 5417 pttP,
745 5365 864 5422 quae
893 5363 1023 5422 sane
1053 5365 1221 5422 usque
1244 5351 1310 5405 ad
1335 5366 1381 5405 c.
1412 5352 1482 5407 99
1504 5351 1747 5422 leguntur
1768 5357 1819 5410 in
1847 5357 2169 5412 Sacramen-

585 5423 723 5498 tario
754 5420 1228 5498 Gelasianodib._t,
1261 5423 1429 5498 n.695,
1453 5420 1579 5498 cum
1611 5426 1791 5482 titulo:
1821 5425 2013 5498 Incipit
2043 5429 2169 5482 ordo

587 5492 652 5546 de
679 5492 840 5546 sacris
865 5491 1128 5546 ordinibus
1159 5494 1528 5551 benedicendis.

665 5560 684 5639 ξ
719 5563 792 5639 Ita
841 5564 1008 5639 nostri
1047 5564 1238 5639 codd.1
1263 5575 1490 5639 excepto
1521 5566 1639 5639 Vat.
1685 5568 1878 5639 Palat.,
1912 5571 2002 5639 qui
2047 5586 2167 5625 cum

585 5633 730 5711 vulg.
774 5635 934 5688 habet
963 5646 1173 5711 ponant.
1209 5635 1340 5711 Dein
1373 5633 1512 5711 idem
1552 5637 1675 5692 Vat.
1709 5654 1804 5706 pro
1833 5633 1986 5711 super
2013 5651 2172 5709 caput

586 5704 806 5826 prere?
833 5721 984 5770 super
1004 5709 1263 5762 cervicem.
1293 5707 1503 5777 Vulgati
1530 5704 1815 5780 utrumque
1838 5704 1992 5780 super
2013 5704 2171 5782 caput

589 5788 618 5826 ε
667 5788 736 5825 εει
779 5789 923 5826 Item.

589 5788 638 5826 ει
667 5788 736 5825 σοι
749 5788 923 5832 essem.

662 5849 688 5888 ε
718 5843 812 5898 Ms.
845 5845 964 5900 Vat-
988 5847 1179 5920 Palat.
1212 5863 1334 5904 cum
1381 5850 1528 5920 vulg.
1560 5851 1746 5907 inserit
1775 5869 1906 5908 eum.
1957 5855 2033 5909 Ex
2066 5854 2174 5910 hoc

587 5925 797 5976 canone
849 5917 1082 5984 suppleri
1129 5928 1185 5977 et
1221 5917 1498 5981 emendari
1538 5933 1714 5992 potest
1745 5931 1927 5985 textus
1971 5929 2167 5984 Sacra-

2285 3839 2399 3894 qua:
2425 3823 2534 3877 istis
2563 3820 2786 3875 claribus
2813 3818 3170 3874 recluduntur.

2352 3915 2519 3988 668
2559 3913 2625 3971 I0
2665 3910 2893 3970 XCVIII.
2923 3911 3226 3976 Psalmista,
3268 3906 3322 3964 id
3347 3915 3432 3964 est
3461 3912 3668 3970 cantor,
3696 3903 3859 3974 potest

2279 4145 2528 4200 mentarii
2558 4142 2848 4209 Gelasiani,
2880 4140 3022 4213 quod
3055 4142 3156 4196 hac
3186 4141 3239 4196 in
3268 4140 3480 4196 rubrica
3523 4139 3769 4195 vitiatum
3811 4144 3858 4193 ct

2277 4215 2524 4271 mutilum
2555 4226 2657 4272 est.
2683 4216 2878 4270 Confer
2911 4214 3240 4269 notationem
3272 4221 3610 4283 sequentem.

2350 4283 2381 4324 ¹ι
2409 4286 2588 4356 Vulg.,
2627 4302 2837 4340 manum
2871 4301 3027 4356 super
3064 4294 3220 4354 caput
3257 4281 3424 4356 illius.
3479 4281 3537 4337 In
3585 4281 3859 4356 Gelasiano

2277 4354 2710 4412 Sacramentario
2735 4356 2900 4412 verba
2928 4354 3046 4427 qua:
3067 4357 3120 4411 in
3149 4354 3487 4427 antecedenti
3519 4355 3757 4422 capitqu
3779 4367 3861 4407 ex-

2277 4428 2546 4511 ciderunt,
2573 4443 2758 4485 errore
2789 4426 2969 4499 aliquo
3007 4427 3204 4484 exinde
3232 4426 3416 4482 avulsa
3445 4427 3549 4481 huc
3589 4438 3860 4497 perperam

2357 4516 2386 4553 e
2551 4541 2566 4556 .

2278 4515 2374 4607 "ri
2394 4513 2590 4642 ρδῗιῖξζη
2618 4587 2735 4624 cum
2756 4587 2889 4640 aqua
2917 4579 2963 4624 et
3000 4569 3246 4642 mantile;
3277 4578 3332 4625 et
3346 4569 3415 4642 fin
3461 4568 3728 4638 margine,
3758 4582 3861 4620 cuni

2251 4643 2612 4712 nquimanile.
2655 4642 3142 4708 Sacramentarium
3177 4641 3520 4712 Gelasianum
3548 4657 3672 4694 cum
3717 4655 3861 4708 aqua.

2279 4706 2678 4780 et'aquirnanile,
2697 4723 2744 4766 et
2768 4706 3104 4785 inanutergio.
3131 4706 3476 4785 Aquintunilia
3501 4706 3863 4785 memorantur

2279 4785 2334 4838 in
2360 4785 2587 4854 Digestis
2610 4787 2646 4839 l.
2666 4783 2786 4854 ut.§
2811 4787 2866 4850 5,
2895 4785 2960 4841 de
2975 4781 3255 4853 sitpellect.
3279 4783 3411 4852 leg.,
3431 4791 3487 4836 et
3512 4783 3548 4836 l.
3579 4798 3693 4848 xix,
3727 4781 3862 4854 δη.

2280 4864 2336 4911 et
2364 4855 2398 4910 Ι.
2428 4851 2548 4923 Ξωω,
2586 4856 2613 4928 §
2641 4855 2694 4922 ’2,
2720 4851 2786 4911 de
2808 4871 2940 4912 auro
2961 4865 3016 4911 et
3041 4851 3248 4926 argent.
3273 4851 3404 4927 leg.,
3434 4854 3514 4911 sic
3538 4853 3705 4922 dicta,
3732 4851 3864 4924 quod

2280 4942 2415 4998 aqua
2449 4928 2500 4981 in
2537 4928 2614 4984 eis
2646 4937 2904 4983 maneret.

2354 5000 2368 5047 Ι
2412 4999 2591 5065 Vulg.,
2617 4998 2820 5053 addunt
2850 4999 2975 5064 sed;
3004 5009 3057 5053 et
3097 5013 3222 5054 mox
3266 4998 3469 5054 habent
3506 4996 3866 5069 ceroferariant

2279 5085 2395 5124 cum
2423 5087 2598 5135 cerea;
2627 5071 2751 5125 dein
2780 5071 3081 5137 mancipari.

2352 5139 2376 5178 ιε
2403 5141 2716 5196 Addendum
2765 5157 2828 5196 ex
2879 5142 3106 5206 vulgatis
3143 5141 3507 5196 Conciliorum
3563 5139 3866 5195 memorie:

2279 5227 2399 5281 quae
2425 5222 2604 5268 tamen
2631 5229 2733 5284 vox
2761 5228 2867 5267 non
2897 5222 3000 5267 tam
3033 5214 3084 5267 in
3107 5217 3308 5268 nostris
3331 5228 3461 5269 mss.
3497 5226 3656 5284 quam
3684 5212 3743 5266 in
3771 5210 3867 5265 Sa-

2279 5285 2641 5339 cramentario
2669 5281 2957 5340 Gelasiano
2976 5283 3314 5340 desideratur

2357 5351 2376 5392 1
2409 5352 2544 5411 Cod.
2579 5355 2698 5409 Vat.
2731 5354 2900 5410 Palat.
2933 5371 3053 5410 cum
3085 5355 3246 5410 editis
3279 5356 3492 5412 Concil.
3525 5365 3580 5410 et
3605 5369 3736 5410 cum
3778 5351 3869 5407 Sa-

2280 5425 2639 5482 cramentario
2660 5425 2964 5490 Gelasiano,
3004 5443 3156 5497 super
3192 5443 3608 5498 energumenutn,
3642 5428 3752 5482 sive
3786 5425 3870 5479 ba-

2279 5501 2548 5568 ptizatum,
2574 5499 2676 5552 sive
2698 5498 3134 5564 catechumenum,
3167 5499 3378 5555 melius.
3508 5549 3511 5552 .
3609 5515 3614 5520 '

2349 5579 2388 5605 ω
2414 5569 2550 5626 Cod.
2580 5569 2768 5625 Vallic.
2811 5571 3092 5636 mendose,
3123 5577 3419 5635 locuturus;
3448 5571 3566 5626 Vat.
3599 5567 3770 5637 154i,
3798 5567 3870 5623 lo-

2275 5649 2442 5695 cutus.

2349 5720 2376 5747 ιι
2407 5714 2481 5767 Ita
2521 5715 2692 5769 nostri
2723 5713 2882 5768 codd.
2922 5727 3042 5768 cum
3077 5713 3511 5768 Sacramentario
3558 5711 3869 5766 Gelasimo.

2277 5781 2436 5849 Vulg.
2460 5793 2638 5840 autem
2667 5784 3050 5848 Conciliorum,
3075 5787 3248 5839 lector.
3278 5785 3405 5839 Dein
3429 5798 3524 5853 pro
3549 5782 3874 5835 ministrave-

2276 5865 2399 5907 runt
2431 5856 2552 5910 cod.
2593 5856 2712 5910 Vat.
2761 5855 2916 5920 1542,
2968 5858 3281 5923 ministrant,
3325 5855 3582 5923 additque
3619 5853 3871 5926 accipias,

2277 5927 2424 5996 quod
2455 5927 2739 6000 redundat,
2767 5928 2868 5988 nisi
2892 5937 3048 5986 antea
3077 5927 3320 5987 deleatur
3337 5925 3619 5985 habitum-
