3998 6346
433 319 529 378 891

1357 315 1446 370 AD
1491 311 1719 370 OPEBA
1759 314 1816 370 S.
1862 312 2102 370 LEONIS
2142 311 2355 370 MAGNI
2395 309 2740 369 APPENDIX

3593 318 3693 374 892

434 432 684 495 mittant;
726 440 781 487 et
833 445 918 487 res
958 430 1099 500 ipsas
1145 428 1323 501 [Lege
1364 425 1526 498 ἱρείη]
1580 440 1701 496 quae
1749 425 2011 482 fraudata:
2038 429 2094 492 Α
2118 426 2347 482 diacono
2371 441 2494 483 esse
2523 426 2842 498 reperiatur.
2884 423 3039 482 Unde
3079 425 3254 481 omnis
3283 427 3564 498 presbyter
3592 446 3691 486 non

433 532 580 592 sunt,
610 524 678 580 ab
705 525 958 594 episcopo
989 522 1158 592 ipsius
1185 519 1588 590 recolligantur,
1621 527 1675 573 ct
1703 519 1754 574 in
1786 519 1901 589 ipso
1923 539 2006 576 ιυ-

434 631 500 672 co
528 617 668 672 unde
696 616 888 670 ablatte
908 621 1034 669 sunt
1063 622 1088 650 ιι
1116 614 1475 668 relir'mentur.

506 710 594 770 ιν.
629 709 704 764 De
729 706 1052 778 presbyteris
1083 704 1173 776 qui
1194 719 1288 761 eos
1323 703 1389 760 ad
1411 702 1848 762 communionem
1880 718 2010 760 rect-

435 802 605 872 piuttt,
637 800 726 870 qui
758 799 990 854 incestas
1013 797 1228 866 nuptias
1255 799 1605 862 contrahunt.
1631 797 1684 858 id
1712 807 1813 860 est,
1841 795 1870 836 ι’
1892 812 2014 861 ma-

434 895 660 956 trinam,
703 900 986 961 cognatam
1031 891 1113 946 vel
1163 903 1408 956 socrum,
1451 902 1543 944 aut
1582 890 1897 956 ﬁliastram,
1928 889 2011 943 vel

440 997 460 1024 ο
479 987 730 1056 proxima
769 984 1054 1054 agnatione
1080 983 1423 1054 conjunctam
1447 984 1497 1038 in
1521 983 1768 1056 coniugio
1795 983 1901 1039 sibi
1926 997 2014 1038 so-

434 1077 600 1148 ciant.
635 1085 691 1134 et
711 1077 779 1132 ad
806 1091 901 1132 eos
933 1076 1296 1146 pervenerint,
1331 1076 1744 1142 admoneamur,
1776 1086 1829 1132 et
1858 1090 2015 1150 sepa-

435 1177 641 1226 rentur.
672 1169 771 1238 Qui
802 1169 844 1222 si
869 1168 1201 1236 distulerint,
1227 1169 1606 1222 communione
1628 1169 1928 1238 priventur,
1959 1177 2013 1222 et

435 1261 734 1318 oblationes
759 1275 948 1316 eorum
974 1256 1000 1296 ἀ
1028 1259 1080 1314 in
1112 1247 1268 1316 sacro
1316 1261 1472 1315 altari
1514 1275 1620 1314 non
1661 1258 2006 1329 recipiantur.

438 1341 576 1409 Etsi
605 1354 883 1426 presbyter
908 1354 1083 1412 sciens
1114 1352 1216 1407 hoc
1238 1353 1534 1424 neglexerit
1559 1353 2007 1422 distringendum,

437 1457 527 1504 aut
563 1447 822 1502 amicitias
863 1447 1185 1515 temporales
1216 1443 1412 1520 [Forte
1455 1443 1810 1516 attendendo]
1841 1452 2014 1499 atten-

435 1543 688 1608 dendum,
708 1551 730 1578 ο
750 1541 816 1596 ad
833 1541 1266 1596 communionem
1280 1556 1401 1595 eum
1419 1539 1686 1611 receperit
1702 1539 1818 1594 sine
1832 1553 2014 1594 emen-

437 1635 654 1692 datione
671 1641 762 1690 aut
778 1633 1114 1706 paenitentia,
1129 1632 1398 1688 canonica:
1415 1631 1691 1702 subjaceat
1708 1631 2010 1688 sententiae.

501 1727 662 1798 671
693 1725 758 1779 V.
788 1725 864 1780 De
892 1724 975 1779 his
1002 1723 1331 1796 presbyteris
1359 1722 1449 1794 qui
1479 1731 1597 1793 post
1629 1723 1852 1792 primam
1877 1767 1892 1789 ,
1926 1721 2012 1777 vel

2115 520 2320 577 habens
2345 521 2632 576 diaconqu
2657 520 2822 589 eligat
2848 517 2951 574 sibi
2975 533 3280 589 personam,
3309 520 3472 591 672
3511 529 3566 574 et
3589 522 3694 592 ple.

2111 610 2164 668 bi
2197 627 2307 667 sua:
2333 611 2652 687 innotescat.
2683 609 2834 667 Tunc
2859 611 2927 666 ad
2974 611 3279 682 pontiﬁcem
3322 629 3481 670 suum
3510 612 3523 650 ι
3561 631 3691 670 con-

2113 705 2333 776 signans
2378 705 2647 775 deducat,
2690 705 2842 775 cujus
2871 705 3035 760 vitam
3068 705 3344 776 probatam
3375 707 3573 763 habeat
3602 749 3618 774 ,
3644 719 3697 766 et

2116 793 2373 852 diaconus
2418 807 2787 853 consecretur.
2829 797 2982 864 Quod
3026 798 3071 853 si
3112 797 3381 854 distulerit
3421 801 3697 873 presbyter

2115 891 2320 968 dicens,
2349 906 2415 946 eo
2444 891 2584 962 quod
2617 907 2721 946 non
2752 891 2948 947 habent
2973 902 3035 954 ιη.
3067 893 3228 947 talem
3261 894 3556 960 clericum;
3589 895 3698 965 epi-

2116 997 2309 1053 scopus
2337 998 2462 1039 suus
2511 982 2786 1052 provideat
2817 985 2866 1038 ei
2903 999 2966 1039 ex
3003 984 3237 1041 Ecclesia
3265 1001 3358 1041 sua
3380 1029 3395 1052 ,
3426 995 3521 1041 aut
3560 987 3696 1043 unde

2115 1075 2362 1143 voluerit,
2391 1076 2587 1131 bonam
2614 1092 2920 1146 personam.
2946 1077 3172 1133 Tantum
3206 1089 3288 1134 est
3319 1121 3333 1145 ,
3362 1092 3422 1134 ut
3460 1081 3577 1135 sine
3605 1081 3702 1134 dia-

2117 1183 2253 1224 cono
2291 1184 2394 1223 non
2427 1169 2516 1224 sit.
2565 1165 2950 1226 Constituimus
2997 1170 3178 1244 [Lege
3223 1173 3385 1227 etiam
3415 1172 3513 1245 ut]
3563 1173 3701 1228 enim

2117 1259 2374 1315 diaconus
2432 1261 2483 1315 in
2535 1275 2640 1315 uno
2667 1260 2913 1316 cubiculo
2939 1276 3060 1316 cum
3087 1263 3404 1336 presbytero
3446 1279 3549 1319 suo
3590 1280 3699 1318 ma-

2116 1361 2262 1417 neat,
2296 1351 2542 1408 deferens
2565 1352 2616 1407 ei
2635 1351 2916 1419 honorem,
2948 1363 3005 1407 ut
3034 1353 3250 1427 dignum
3277 1366 3360 1410 est
3387 1375 3399 1410 :
3430 1366 3559 1410 ante
3581 1372 3703 1425 quo-

2116 1461 2234 1501 rum
2265 1455 2294 1482 ιι
2321 1447 2459 1502 lecta
2503 1447 2688 1503 clerici
2720 1447 2878 1502 simul
2910 1464 3126 1504 manere
3154 1449 3314 1504 simili
3347 1449 3515 1505 modo
3542 1492 3555 1514 ,
3591 1459 3616 1486 °
3656 1461 3705 1505 ut

2116 1553 2330 1610 semper
2351 1540 2558 1610 absque
2585 1541 2890 1610 suspicione
2930 1541 3038 1595 sint
3057 1581 3071 1608 ,
3102 1551 3155 1596 et
3185 1542 3326 1597 Deus
3357 1543 3698 1612 propitietur.

2115 1627 2231 1686 Non
2255 1631 2875 1705 existente'presbytero
2906 1632 3046 1687 intra
3101 1633 3319 1688 domum
3344 1676 3359 1700 ,
3393 1636 3440 1690 si
3479 1636 3705 1690 ubicun-

2118 1736 2223 1792 que
2249 1722 2458 1789 abierit,
2488 1722 2746 1779 diaconus
2770 1735 2889 1792 post
2920 1725 3036 1794 ejus
3071 1740 3345 1796 egressum
3383 1727 3562 1782 locum
3592 1729 3705 1800 ejus

435 1817 725 1874 secundam
785 1817 1181 1894 correptiouem
1205 1856 1222 1882 ,
1260 1829 1358 1872 seu
1413 1814 1832 1869 admonitionem
1878 1813 2015 1869 rcci-
2043 1809 2093 1870 B
2118 1807 2360 1868 obtineat
2386 1812 2454 1868 ad
2481 1814 2879 1884 suscipiendum
2902 1817 2983 1869 vel
3001 1815 3356 1872 ordinandum
3390 1818 3532 1888 quod
3559 1829 3586 1869 P
3609 1821 3706 1872 uti-

436 1910 588 1980 piunt
618 1908 757 1964 idola
787 1909 1048 1979 colentes,
1078 1903 1159 1962 vel
1191 1907 1503 1976 insipientes
1526 1906 1791 1973 homines,
1823 1906 1913 1978 qui
1942 1904 2009 1960 ad

435 2000 611 2056 fontes
639 2011 799 2072 atque
821 2001 888 2056 ad
914 2001 1134 2056 arbores
1155 2000 1492 2070 sacrilegium
1519 1999 1746 2069 faciunt,
1771 2015 1872 2056 nec
1900 2015 2007 2055 non

441 2091 461 2131 ί
492 2093 632 2151 diem
660 2094 806 2152 Jovis
828 2105 920 2150 aut
940 2093 1164 2150 Veneris
1188 2101 1404 2163 propter
1434 2107 1759 2162 paganorum
1784 2107 2014 2148 consue—

436 2185 688 2252 tudinem
714 2185 1049 2250 observant,
1098 2195 1122 2233 tt
1154 2185 1236 2240 vel
1263 2183 1534 2240 cervolum
1561 2226 1575 2249 ,
1608 2191 1700 2239 aut
1739 2185 2014 2255 agniculas

436 2279 636 2338 faciunt
659 2321 674 2347 ,
708 2281 810 2336 hoc
837 2288 944 2349 est,
970 2279 1240 2336 sultitores
1261 2324 1275 2349 ,
1306 2288 1359 2336 et
1395 2295 1592 2335 cornua
1621 2280 1931 2350 iucantant,
1961 2288 2015 2335 et
2041 2311 2044 2313 λ

434 2389 529 2430 eos
557 2382 680 2444 post
705 2374 931 2445 primam
960 2382 1052 2428 aut
1081 2372 1369 2428 secundam
1404 2372 1836 2429 adhortationem
1867 2388 2016 2429 com-

433 2469 862 2538 municaverint,
916 2477 1008 2524 aut
1054 2467 1360 2540 oblationes
1399 2483 1584 2524 eorum
1633 2469 2012 2538 susceperint,

436 2555 780 2630 Quadraginta
794 2560 1000 2616 dierum
1013 2559 1188 2630 spatio
1200 2560 1252 2612 in
1269 2573 1403 2627 pane
1418 2567 1616 2628 etaqua
1635 2558 1738 2613 sint
1756 2559 2014 2614 contenti.

507 2653 594 2708 Vl.
625 2651 695 2707 Ut
730 2651 905 2706 nullus
936 2650 956 2721 [
984 2650 1114 2722 Lege
1141 2648 1298 2721 nulli]
1330 2649 1669 2704 sacerdotum
1711 2658 1862 2705 extra
1907 2651 2018 2716 jus-

437 2742 642 2797 sionem
681 2742 920 2812 cpiscOpi
971 2741 1054 2804 sui
1099 2741 1507 2810 procurationes
1543 2741 1829 2796 saeculares
1861 2742 2019 2798 liceat

440 2834 736 2904 suscipere,
763 2831 794 2872 ιι
821 2842 1042 2904 excepta
1067 2833 1307 2903 jussione
1335 2834 1602 2904 pontiﬁcis
1629 2835 1711 2890 sui
1735 2834 2017 2906 religiosas

439 2940 647 2992 causas,
687 2924 703 2962 ί
728 2925 1083 2981 Ecclesiarum
1116 2925 1386 2993 videlicet,
1410 2936 1501 2982 aut
1521 2927 1862 2992 clericorum,
1889 2941 2020 2997 pau-

437 3032 646 3089 perum,
677 3019 762 3074 vel
793 3018 1071 3074 viduarum
1093 3059 1107 3084 ,
1146 3017 1286 3074 sicut
1325 3019 1464 3074 sacri
1511 3019 1826 3090 praecipiunt
1856 3036 2019 3075 cano-

439 3127 558 3183 nes.
589 3111 644 3169 Si
676 3113 794 3181 quis
839 3119 1146 3184 contempta
1196 3112 1294 3168 hac
1321 3113 1699 3170 observatione
1741 3115 1793 3170 in
1823 3114 2017 3178 talibus

2117 1905 2239 1961 litas
2260 1906 2440 1960 domui
2471 1915 2582 1971 est;
2618 1905 2687 1960 ita
2715 1907 2930 1961 demum
2959 1916 3016 1962 ut
3038 1923 3142 1962 non
3167 1908 3491 1980 presbytero
3512 1923 3612 1964 suo
3635 1925 3704 1965 su.

2117 1996 2350 2068 perbiat.
2374 1997 2505 2052 Nam
2531 1997 2575 2051 si
2608 1998 2709 2052 hoc
2736 1999 3103 2066 attentaverit,
3137 1999 3202 2053 ab
3233 1996 3494 2070 episcopo
3517 2015 3621 2055 suo
3643 2000 3703 2056 de

2117 2101 2430 2159 centemptu
2462 2090 2726 2162 superbia:
2752 2090 3043 2161 judicetur.
3079 2091 3142 2146 Et
3175 2092 3242 2147 de
3272 2107 3500 2148 accessu
3531 2094 3698 2150 eccle-

2118 2185 2234 2253 siae,
2265 2184 2407 2256 quod
2428 2200 2590 2255 supra
2623 2185 2790 2240 altare
2820 2185 3034 2254 ponitur
3061 2227 3076 2251 ,
3099 2199 3193 2241 seu
3222 2185 3588 2266 undecunque
3619 2201 3695 2251 ac-

2122 2277 2316 2333 cedere
2348 2286 2543 2346 potest,
2577 2276 2678 2331 sub
2699 2277 2979 2332 amborum
3007 2278 3182 2349 sigillo
3212 2279 3322 2345 sit;
3352 2288 3410 2335 et
3437 2296 3545 2335 non
3566 2297 3696 2335 unus

2119 2370 2240 2425 sine
2271 2369 2492 2424 alterius
2516 2369 2701 2424 notitia
2727 2370 3052 2440 expendere,
3081 2370 3173 2425 ubi
3203 2373 3574 2428 necessarium
3595 2373 3704 2428 fuc-

2118 2461 2209 2527 rit,
2243 2469 2555 2531 praesumat.

2188 2551 2279 2608 IX.
2310 2563 2337 2603 ιι
2360 2552 2427 2609 Ut
2457 2552 2633 2608 nullus
2665 2553 3124 2625 presbyterorum,
3164 2553 3445 2621 diaconus,
3479 2557 3563 2613 vel
3587 2560 3698 2612 cle-

2119 2643 2264 2698 ricus
2306 2643 2358 2698 in
2410 2643 2627 2700 dioecesi
2659 2646 2977 2700 constitutus
3009 2645 3208 2716 prmdia
3264 2645 3530 2703 Ecclesia:
3556 2695 3569 2717 ,
3603 2654 3702 2704 hoc

2119 2746 2201 2792 est
2230 2745 2422 2803 terras,
2454 2746 2476 2773 ι’
2513 2745 2827 2805 potestatem
2869 2737 3064 2792 habeat
3101 2738 3431 2806 venundare,
3483 2742 3577 2795 sed
3616 2757 3707 2800 nec

2119 2829 2368 2899 cuiquam
2420 2837 2699 2900 parentum
2747 2844 2967 2883 suorum
3027 2838 3048 2866 ³
3079 2831 3302 2886 donare.
3355 2833 3422 2885 Et
3466 2835 3556 2902 qui
3607 2834 3704 2889 hoc

2121 2923 2306 2994 egerit,
2343 2922 2440 2980 sub
2466 2923 2611 2978 omni
2640 2923 2915 2978 celeritate
2937 2923 3150 2979 reddito
3174 2926 3369 2995 pretio,
3388 2925 3458 2979 ad
3483 2927 3604 2981 loca
3629 2942 3707 2982 sa-

2120 3029 2210 3070 cra
2240 3014 2306 3070 ad
2355 3030 2477 3086 qua:
2528 3023 2840 3084 competunt
2885 3026 3247 3072 revertantur.
3292 3018 3349 3073 Si
3379 3011 3568 3072 autem
3618 3021 3708 3079 hac

2120 3107 2496 3164 observatione
2515 3114 2821 3178 contempta
2852 3109 3045 3178 aliquis
3087 3111 3105 3146 ι
3136 3111 3238 3165 hoc
3264 3115 3706 3181 praesumpserit,

441 3206 614 3260 causis
642 3217 700 3258 se
726 3205 1030 3274 implicasse
1060 3205 1364 3261 inveniatur
1383 3248 1398 3272 ,
1429 3206 1703 3262 canonica:
1738 3208 2021 3266 sententia:
2047 3195 2095 3260 C
2125 3215 2212 3255 res
2235 3201 2479 3270 proprias
2502 3201 2551 3254 in
2591 3201 2704 3271 ipsa
2739 3200 2977 3256 Ecclesia
3009 3201 3303 3274 relinquat,
3328 3211 3385 3257 et
3413 3204 3530 3272 ipse
3562 3204 3707 3258 foras

442 3295 506 3352 de
532 3310 630 3350 usu
659 3297 1091 3366 praesumptionis
1123 3297 1420 3365 subjaceat.

512 3389 624 3446 VII.
654 3389 726 3447 Ut
749 3389 792 3446 si
815 3392 898 3447 cui
922 3391 1190 3447 sacerdoti
1208 3407 1275 3448 ex
1305 3391 1541 3462 qualibet
1573 3392 1798 3449 muliere
1817 3393 2021 3449 denun-

441 3485 628 3542 tiatum
679 3485 879 3551 fuerit,
912 3492 972 3541 ut.
1011 3485 1245 3544 exindei
1287 3487 1521 3556 suspicio
1561 3488 1714 3542 malae
1753 3487 2022 3558 Opinionis

441 3576 703 3634 efﬁciatur
727 3622 741 3647 ,
775 3578 973 3633 nullam
1005 3593 1126 3634 cum
1174 3583 1286 3649 ipsa
1318 3579 1512 3635 habeat
1551 3583 2020 3638 conversationem

441 3681 610 3742 neque
636 3679 866 3736 secreto,
900 3685 1071 3744 neque
1103 3671 1372 3740 praesenti.
1398 3672 1453 3728 Si
1480 3671 1734 3742 deinceps
1766 3673 2015 3730 inventus

441 3761 600 3822 fuerit
630 3772 748 3833 post
772 3763 1060 3826 secundam
1094 3773 1146 3822 ct
1175 3766 1385 3820 tertiam
1433 3766 1879 3822 contestationem
1908 3808 1922 3833 ,
1961 3774 2020 3821 ut

440 3866 797 3925 contemptor,
829 3857 1028 3927 gradus
1054 3858 1135 3913 Sui
1167 3859 1460 3928 periculum
1491 3860 1775 3915 sustineat.

518 3947 651 4002 Vlll.
685 3946 755 4003 Ut
782 3947 925 4002 nulla
956 3947 1121 4024 [Lege
1157 3949 1209 4004 in
1243 3949 1419 4021 nulla]
1462 3950 1688 4005 ecclesia
1734 3949 2017 4019 cujuslibet

440 4041 738 4098 diozceseos
761 4082 776 4107 ,
833 4043 918 4098 ubi
949 4033 1272 4112 baptismum
1303 4042 1328 4080 ιι
1360 4042 1417 4098 ﬁt
1443 4084 1456 4110 ,
1501 4043 1779 4116 presbyter
1808 4043 2012 4118 absque

510 4185 536 4247 ἓ
568 4175 772 4242 Baluz...
814 4176 1175 4247 reformentur.

508 4245 533 4285 δ
564 4247 647 4303 Al.
674 4245 999 4316 matrignam,
1033 4248 1115 4303 vel
1151 4249 1460 4303 matrint’am.

512 4329 533 4392 ἢ
559 4319 815 4392 βεΙυΖξυξ
836 4335 956 4376 cum
987 4333 1090 4374 ms.
1117 4317 1331 4385 Vallic.,
1363 4321 1674 4392 proximam.

510 4389 536 4426 ⁴¹
558 4391 700 4446 Idem
724 4385 902 4445 Baluz.
925 4433 942 4458 ,
973 4409 1003 4444 α
1033 4408 1201 4445 sacro.

2130 3294 2394 3365 ejiciatur,
2416 3309 2480 3350 eo
2511 3295 2651 3365 quod
2678 3295 2858 3350 divina
2889 3307 3149 3367 congruat
3179 3300 3385 3354 ratione
3414 3310 3472 3353 ut
3501 3301 3593 3370 qui
3615 3301 3705 3355 Ec-

2131 3387 2321 3442 clesias
2349 3387 2619 3457 accipiunt
2639 3430 2652 3450 ,
2685 3387 2752 3442 ad
2783 3388 3111 3458 regendum,
3143 3404 3250 3445 non
3293 3391 3360 3445 ad
3389 3390 3706 3462 dispergen~

2130 3482 2255 3536 dum
2283 3481 2568 3550 accipiant.
2593 3480 2766 3536 Simili
2809 3482 2968 3536 modo
3001 3484 3201 3539 nullam
3237 3484 3437 3541 habeat
3473 3496 3707 3556 potesta~

2132 3586 2238 3634 tem
2266 3575 2507 3646 quolibet
2543 3575 2702 3630 modo
2728 3575 2792 3631 ad
2835 3576 3176 3632 alienandum
3204 3620 3220 3645 ,
3250 3587 3276 3614 υ
3307 3594 3485 3650 neque
3522 3580 3704 3635 inﬁdu~

2131 3670 2400 3735 ciendum,
2429 3684 2599 3737 neque
2623 3670 3032 3726 venundandum
3057 3688 3072 3734 ;
3106 3672 3199 3727 sed
3227 3687 3328 3728 nec
3373 3675 3493 3728 sine
3516 3675 3698 3729 volun-

2130 3773 2236 3820 tate
2260 3763 2420 3840 673
2436 3763 2702 3834 pontiﬁcis
2733 3765 2813 3817 sui
2835 3775 2861 3802 ν
2877 3766 3109 3820 vicarius
3127 3765 3384 3826 dandum,
3406 3776 3500 3821 aut
3518 3767 3704 3856 liberos

2126 3857 2520 3915 dimittendum.
2545 3857 2644 3923 Qui
2668 3855 2768 3912 hoc
2789 3857 3211 3927 praesumpserit,
3235 3869 3294 3912 ut
3317 3861 3571 3929 superius
3593 3855 3710 3914 cen-

2125 3952 2352 4016 suimus,
2384 3951 2426 4004 si
2457 3949 2617 4005 habet
2649 3959 2673 3985 ι
2695 3950 3076 4019 proprietatem
3111 3966 3282 4018 suam,
3317 3951 3466 4006 aliud
3495 3962 3705 4010 tantum

2127 4042 2393 4098 restituat.
2426 4041 2481 4097 Si
2507 4055 2612 4097 non
2637 4040 2904 4109 habuerit,
2923 4042 3258 4112 exspoliatus
3280 4044 3556 4111 omnibus,
3576 4045 3714 4102 fora!

2201 4186 2237 4214 ιη
2264 4175 2387 4232 Vat.
2414 4176 2550 4230 1542
2582 4176 2724 4232 delet
2747 4176 2920 4230 talem.

2202 4256 2227 4283 ιι
2259 4248 2406 4301 Alias
2429 4249 2600 4301 lectos.

2206 4329 2228 4354 ο
2257 4318 2426 4372 Codd.
2455 4319 2584 4372 Luc.
2609 4325 2664 4372 ct
2690 4318 2812 4373 Vat.
2849 4318 2985 4374 154°)
3006 4318 3515 4386 adduntrideantur,
3545 4335 3599 4378 et
3623 4323 3710 4378 de~

2133 4391 2241 4445 lent
2266 4391 2438 4443 sintut.
2467 4389 2588 4443 Mox
2623 4389 2830 4461 Baluz.,
2861 4402 2914 4444 ut
2946 4407 2998 4444 se
3018 4389 3223 4461 absque,
3258 4392 3436 4447 minus
3460 4395 3618 4449 bene.

513 4468 536 4496 θ
563 4461 741 4534 Bgluz.
771 4477 889 4534 cum
919 4457 1019 4534 ms.
1047 4461 1220 4517 Vallic
1252 4505 1266 4524 ,
1299 4480 1330 4516 tt
1358 4463 1711 4517 communione
1753 4480 1865 4517 eum
1893 4463 2022 4517 τεεί-
2045 4465 2100 4525 D
2199 4471 2224 4510 ι)
2247 4461 2343 4534 llis.
2380 4461 2674 4534 l.uc.,_utili
2740 4457 2855 4531 lege
2879 4459 3058 4534 utile

438 4547 574 4602 pere.
601 4531 734 4603 Dein
756 4533 901 4586 solus
931 4533 1130 4598 Baluz.,
1156 4534 1473 4604 subjaceant,
1500 4535 1676 4590 minus
1699 4541 1867 4589 recte.

511 4601 531 4638 τ
555 4601 687 4656 Cod.
710 4600 840 4657 Luc.
857 4643 873 4657 .
899 4604 960 4657 d’e
987 4605 1088 4657 die.

599 4617 687 4655 oa.
710 4617 840 4657 Luc.
857 4643 873 4668 ,
899 4617 960 4657 ae
987 4617 1088 4660 ate.

507 4681 533 4720 8
559 4672 741 4745 Balua.
764 4675 963 4728 omittit
981 4676 1258 4745 sequentia
1285 4691 1454 4745 usque
1483 4678 1548 4731 ad
1570 4678 1857 4732 incantant.
1887 4677 2010 4732 Mux

436 4759 538 4810 ms.
586 4742 800 4810 Vallic.,
850 4742 1164 4802 concinente
1208 4742 1457 4812 Lucetisi,
1510 4747 1669 4802 habet
1724 4749 2009 4803 anniculus.

437 4813 774 4889 Prmtulimus
800 4827 978 4870 autem
1014 4817 1296 4872 lectionem
1323 4819 1445 4872 cod.
1484 4817 1607 4873 Vat.
1635 4818 1773 4874 1549.
1799 4822 2010 4889 agnicu-

435 4887 532 4959 las,
559 4887 681 4957 quia
713 4886 798 4959 hic
824 4902 1004 4942 sermo
1033 4898 1115 4944 est
1143 4889 1209 4944 de
1245 4889 1550 4945 hominibus
1569 4890 1654 4959 qui
1703 4886 2010 4946 anirrialiutn

435 4958 634 5012 formas
683 4957 978 5028 induebant
1003 5001 1016 5024 ,
1058 4961 1236 5025 cervi,
1277 4961 1436 5028 agni,
1481 4957 1703 5028 vitula),
1736 4970 1842 5016 etc.
1874 4961 2011 5016 Vide

434 5043 595 5084 serm.
616 5027 732 5102 429
760 5028 1008 5100 Append.
1039 5035 1283 5102 Aug.,in.
1313 5027 1377 5095 ‘2;
1402 5032 1456 5089 S.
1498 5027 1781 5099 Pacianum
1819 5033 1869 5088 in
1915 5035 2011 5088 Pa-

435 5101 628 5156 raeuesi
667 5101 732 5155 ad
771 5101 1163 5170 paenitentiam;
1196 5101 1494 5159 Concilium
1537 5103 2009 5161 Autissiudorense

434 5187 470 5245 ι,
502 5186 620 5245 cap.
655 5174 680 5227 1
710 5189 725 5238 ;
755 5172 1128 5230 Pmnitentiale
1162 5173 1433 5245 llalitgarii
1461 5190 1511 5231 c.
1545 5174 1607 5239 6,
1639 5174 1725 5228 ubi
1773 5175 1884 5229 haec
1914 5191 2008 5231 ca-

434 5243 565 5316 dem,
584 5244 697 5298 fere
723 5246 901 5300 omnia
928 5245 1151 5301 crimina
1195 5243 1563 5312 recensentur,
1593 5261 1653 5300 ac
1677 5248 2009 5316 poenitentiae

434 5315 806 5382 subjiciuntur.
1111 5319 1114 5322 ’

507 5382 531 5460 ‘f
558 5387 883 5460 Subauditur
913 5405 1002 5442 nec
1027 5393 1281 5458 suscipere
1302 5387 1472 5443 liceat.

512 5457 524 5492 ί
563 5458 638 5528 ita
668 5459 786 5512 cod.
817 5457 970 5518 Luc..
999 5461 1187 5516 melius
1217 5475 1372 5528 quam
1400 5460 1527 5523 alii,
1553 5458 1895 5513 swcularium.

511 5527 523 5576 i
561 5527 678 5600 Vat.
713 5528 883 5596 5845,
912 5527 1269 5596 suspectione;
1298 5530 1383 5584 ubi
1421 5531 1466 5585 si
1501 5531 1801 5600 corrigatur
1838 5530 2010 5598 suspi-

435 5597 604 5671 cione,
627 5599 760 5671 dein
782 5601 1061 5671 legendum
1091 5601 1195 5657 erit
1229 5602 1503 5671 afﬁciatur.

509 5661 533 5704 ’ί
556 5661 697 5722 Idem
725 5661 865 5736 Vat:
899 5673 981 5726 tu.

469 5811 480 5822 .
511 5737 527 5776 1
562 5738 638 5792 Ita
665 5741 826 5820 nostri
852 5743 1028 5822 eodm,
1053 5745 1230 5801 minus
1274 5745 1412 5801 male
1456 5759 1615 5815 quam
1668 5741 1810 5816 apud
1853 5741 2011 5798 Baln-

436 5821 600 5873 stum.
632 5821 958 5872 contmnam.

2195 4543 2221 4582 ιι
2251 4532 2307 4586 In
2357 4531 2589 4586 secunda
2621 4531 2914 4602 appendice
2952 4531 3244 4602 Réginonis
3281 4549 3329 4589 c.
3361 4535 3464 4598 42,
3494 4535 3583 4591 hic
3611 4550 3707 4590 ca-

2119 4619 2228 4658 non
2287 4605 2494 4673 integer
2537 4603 2773 4658 refertur
2818 4604 3036 4674 prmlixo
3067 4603 3166 4658 hoc
3199 4605 3352 4659 titulo
3393 4624 3405 4658 :
3447 4607 3522 4661 De
3562 4608 3706 4661 bonis

2121 4674 2479 4729 ecclesiasticis
2500 4689 2562 4727 ea:
2591 4675 2807 4741 epistola
2838 4676 3108 4728 canonica.
3141 4676 3356 4742 Incipit:
3389 4677 3585 4732 Nullus
3603 4680 3708 4741 epi-

2118 4761 2409 4816 sc0porunt,
2441 4744 2848 4816 presbyterorum
2874 4790 2888 4814 ,
2923 4762 3011 4800 seu
3056 4747 3384 4801 diaconorum
3403 4789 3419 4815 ,
3454 4752 3532 4802 vel
3557 4751 3706 4804 etiam

2119 4815 2443 4881 clericorum,
2479 4818 2673 4885 manlia
2703 4815 2968 4882 Ecclesitv,
3009 4827 3113 4871 etc.
3139 4817 3316 4873 Codex
3352 4820 3557 4874 Baluzii
3587 4834 3707 4875 cum

2118 4902 2248 4942 mss.
2291 4888 2624 4942 adtlitionum
2685 4888 2962 4960 Dionysii:
2997 4886 3066 4942 Ut
3086 4889 3262 4943 nullus
3307 4892 3704 4960 episcoporum,

2118 4961 2546 5030 presbyterorum,
2577 4975 2666 5013 seu
2705 4960 3079 5031 _diaconorum,
3114 4962 3193 5013 vel
3243 4961 3414 5031 clerici
3447 4961 3522 5031 [in
3572 4976 3703 5015 mss.

2116 5029 2313 5084 nostris
2341 5031 2672 5084 additionttm
2704 5029 2858 5084 Dion.
2878 5072 2892 5095 ,
2932 5032 3009 5083 vel
3038 5030 3374 5100 clericorum]
3401 5029 3703 5087 constitutus

2154 5103 2310 5155 mdia
2335 5144 2349 5168 ,
2399 5110 2503 5154 etc.
2540 5101 2875 5156 Praetulimus
2927 5115 3054 5155 mss.
3087 5101 3205 5155 Vat.
3243 5100 3383 5156 1542
3421 5112 3476 5156 et
3506 5103 3701 5156 Luccn.

2141 5173 2233 5227 lox
2273 5172 2411 5243 apud
2441 5171 2774 5239 chinonem
2827 5171 3021 5226 desunt
3055 5187 3212 5226 voces
3255 5172 3349 5225 hoc
3386 5183 3457 5226 est
3487 5184 3659 5227 terras.

2190 5254 2211 5281 τ
2238 5241 2461 5311 Quidam
2493 5244 2654 5298 codd.
2687 5257 2806 5297 cum
2842 5243 3139 5310 Reginoue,
3171 5246 3224 5296 in
3255 5252 3526 5311 potestate.

2189 5325 2210 5351 '
2247 5314 2334 5371 Sic
2373 5329 2500 5369 mss.
2545 5314 2733 5368 Vallic.
2775 5321 2830 5369 et
2859 5314 3050 5383 Regin.
3081 5313 3186 5368 Alii
3207 5314 3364 5369 codd.
3393 5329 3515 5369 cum
3546 5313 3700 5368 Balu-

2112 5385 2217 5452 zio,
2250 5385 2515 5451 donandi,
2565 5385 2790 5451 melius;
2845 5384 2940 5440 sed
2987 5386 3146 5454 paulo
3185 5395 3312 5440 ante
3357 5385 3700 5443 scribendum

2115 5457 2288 5513 fuerat
2315 5457 2667 5511 venundandi.

2188 5533 2204 5564 ι
2241 5529 2420 5582 Baluz.
2446 5528 2650 5582 omittit
2682 5527 2795 5580 hoc.

2187 5609 2210 5635 ιι
2245 5599 2536 5669 Regittonis
2565 5597 2845 5667 Appendix
2865 5597 3012 5652 delet
3040 5613 3196 5665 neque
3225 5598 3655 5666 inﬁduciaudttm.

2184 5680 2209 5707 ν
2236 5670 2354 5723 Vat.
2383 5669 2541 5734 1542,
2567 5669 2946 5739 vigariandum.
2977 5669 3202 5733 Lucen.,
3232 5669 3300 5722 ad
3321 5669 3695 5736 vigariandutu,

2113 5741 2245 5798 Dein
2275 5741 2524 5809 Appeud.
2551 5739 2976 5810 Reginnliberis
3005 5755 3102 5810 pro
3130 5741 3333 5796 liberos.
3373 5739 3384 5744 ”

2186 5820 2212 5848 ι
2238 5811 2418 5868 Baluz.
2447 5826 2568 5868 eum
2593 5810 2714 5869 Vat.
2740 5810 2906 5882 5845,
2935 5819 3256 5884 potestatem.
3284 5811 3444 5876 male.
