3998 6346
1156 385 1570 446 DOCUIIENTA
1607 387 2140 450 JURISCANONICI
2173 391 2476 452 VETERIS.

3404 406 3510 468 θοι

259 505 520 576 ejiciatur.
580 503 713 573 Ipsae
747 509 924 558 tamen
977 513 1063 556 res
1094 499 1160 556 ad
1215 499 1512 557 Ecclesiam
1549 498 1700 570 cujus
1739 514 1826 556 res
1853 505 2204 566 Asecessum
2251 504 2507 558 tunditur.
2563 505 2619 560 Si
2663 520 2790 578 ergo
2827 521 2983 563 mane
3023 507 3294 566 Dominica
3336 517 3510 584 portio

256 605 384 654 wnt
405 601 760 652 revertantur.

326 688 396 747 Χ.
437 687 518 746 Ad
559 703 656 742 nos
695 685 957 757 perlatum
995 695 1126 744 est!t
1151 685 1292 758 quod
1317 685 1532 757 quidam
1559 684 1829 755 coniugati

255 779 516 836 habentes
561 778 768 840 titulos.
816 778 870 834 in
918 777 1111 848 quibus
1159 777 1498 846 deserviant,
1545 776 1614 832 de
1661 777 1829 832 sacris

255 873 492 932 vestibus
539 871 820 928 mulierum
852 870 939 926 vel
980 871 1209 932 ﬁliarum
1259 884 1476 926 suarum
1517 876 1827 928 ornamenta

253 963 482 1030 iaciant,
526 973 581 1020 et
625 964 981 1034 pr0prietario
1023 963 1139 1031 iure
1179 962 1282 1018 sibi
1317 960 1625 1017 defendant.
1676 957 1828 1030 Quod

251 1056 569 1112 Christianis
599 1054 905 1110 hominibus
936 1069 1032 1109 nec
1064 1055 1204 1124 loqui
1235 1053 1504 1116 convenit,
1539 1061 1592 1106 ut
1623 1066 1709 1108 res
1743 1065 1828 1106 sa-

251 1159 434 1217 cratas
454 1159 507 1204 et
531 1164 652 1218 quae
681 1148 734 1202 in
761 1133 966 1202 sacrata
999 1147 1114 1202 loca
1140 1147 1460 1212 offeruntur,
1489 1145 1515 1182 δ
1541 1145 1823 1200 mulierum

251 1255 491 1306 suarum,
513 1240 598 1294 vel
626 1239 768 1304 ﬁliis,
791 1247 884 1294 aut
907 1249 1184 1308 parentum
1210 1257 1224 1294 :
1259 1246 1312 1292 et
1341 1240 1384 1293 si
1417 1238 1518 1294 hoc
1545 1238 1824 1308 probatum

248 1330 426 1394 luerit,
456 1329 733 1398 superiore
761 1330 980 1384 leriatur
1007 1329 1291 1386 sententia.

320 1421 411 1476 XI.
453 1421 651 1477 Omnes
695 1405 1026 1494 presbyteri,
1068 1421 1310 1486 diaconi,
1354 1421 1698 1491 subdiaconi,
1743 1423 1824 1479 vel

249 1527 475 1572 cunctus
501 1516 700 1579 clerus,
734 1514 826 1586 qui
855 1516 954 1570 sub
983 1514 1238 1586 episcOpo
1273 1529 1393 1571 esse
1423 1524 1736 1580 noscuntur,
1781 1517 1824 1571 si

249 1623 439 1665 causas
466 1607 767 1674 habuerint,
795 1616 851 1661 et
880 1607 1097 1661 minime
1129 1593 1398 1676 potuerint
1430 1607 1570 1662 inter
1599 1622 1657 1661 se
1689 1608 1824 1662 deli-

248 1699 458 1768 berare,
493 1709 618 1756 tunc
645 1699 711 1755 ad
741 1699 1040 1770 pontiﬁcem
1069 1715 1222 1754 suum
1255 1699 1574 1755 conveniant
1604 1699 1824 1774 [Supple

248 1792 336 1858 ad,
367 1808 428 1844 ac
456 1807 573 1844 mox
601 1791 711 1844 dele
740 1789 854 1862 per]
895 1805 1110 1844 causam
1151 1805 1299 1844 suam
1340 1789 1638 1845 dicendam.
1690 1791 1821 1846 Nam

1931 595 2128 660 editur,
2160 611 2324 666 usque
2368 598 2432 652 ad
2475 607 2685 654 sextam
2727 599 2969 672 jejunent
3013 602 3242 659 ministri
3271 605 3361 676 qui
3391 621 3508 664 eam

1932 699 2395 756 consumpserunt.
2440 692 2502 744 Et
2529 692 2570 745 si
2606 691 2764 746 tertia
2788 693 2872 748 vel
2903 703 3091 764 quarta
3124 694 3253 750 hora
3282 712 3508 768 accepe-

1931 780 2060 843 rint,
2085 780 2328 852 jejunent
2355 797 2523 854 usque
2549 785 2616 838 ad
2644 801 2937 857 vesperam.
2973 788 3060 843 Sic
3086 800 3293 846 secreta
3321 792 3512 849 sancti-

1932 873 2182 929 ﬁcatione
2211 885 2406 930 acterna
2441 879 2782 936 custodienda
2813 892 2939 938 sunt
2965 896 3320 942 sacramenta.

2003 963 2080 1020 De
2122 968 2263 1021 vasis
2309 983 2439 1025 sane
2483 972 2648 1025 sacris
2697 973 2767 1026 ita
2816 976 3108 1045 gerendum
3156 989 3256 1033 est.
3309 979 3507 1039 Altaris

1930 1057 2101 1127 palla,
2130 1068 2153 1096 ο
2175 1059 2456 1128 canthara,
2488 1063 2884 1128 candelabrum.
2918 1077 2971 1122 et
3000 1068 3201 1137 velum,
3233 1073 3276 1126 si
3309 1071 3507 1129 fuerint

1930 1160 2194 1206 vetustate
2223 1165 2555 1224 consumpta,
2590 1155 2834 1212 incendio
2862 1159 3087 1218 dentur:
3121 1165 3368 1234 quoniam
3401 1182 3504 1224 non

1930 1241 2053 1296 licet
2083 1258 2143 1296 ea
2177 1259 2293 1313 qua:
2325 1245 2374 1298 in
2407 1248 2711 1302 sanctuario
2743 1249 2940 1307 fuerint
2971 1255 3108 1311 male
3141 1258 3378 1324 tractari,
3411 1259 3504 1315 sed

1930 1332 2176 1389 incendio
2208 1336 2450 1391 universa
2497 1339 2789 1396 tradantur.
2845 1344 3064 1402 Cineres
3095 1364 3305 1420 quoque
3344 1351 3503 1424 675

1929 1438 2112 1478 eorum
2147 1425 2196 1479 in
2229 1427 2878 1500 baptisterhinferantur,
2903 1436 2990 1490 ubi
3021 1438 3194 1494 nullus
3223 1441 3503 1496 transitum

1928 1514 2148 1582 habeat,
2189 1531 2278 1571 aut
2309 1520 2360 1573 in
2393 1525 2627 1589 pariete,
2669 1534 2759 1576 aut
2790 1523 2841 1579 in
2874 1524 3032 1580 fossis
3074 1530 3498 1598 pavimentorum

1924 1610 2229 1679 jactentur,
2290 1631 2356 1670 ne
2412 1615 2794 1674 introeuntium
2855 1621 3076 1692 pedibus
3135 1626 3501 1694 inquinentur.

1927 1701 2096 1758 Nemo
2129 1720 2221 1772 per
2252 1706 2603 1774 ignorantiam
2637 1711 2863 1767 clericus
2905 1716 3040 1784 palla
3085 1715 3350 1774 mortuum
3382 1735 3500 1778 cre—

1927 1795 2017 1848 dat
2067 1795 2458 1854 obvolvendum
2487 1842 2500 1860 .
2556 1810 2644 1855 aut
2694 1803 2952 1860 diaconus
3001 1809 3244 1879 scapulas
3293 1812 3504 1880 Operire

247 1899 345 1958 per
375 1885 521 1944 nulla
545 1884 823 1944 smcularia
849 1883 1045 1954 judicia
1074 1882 1226 1938 adire
1255 1895 1598 1952 przesumant.
1642 1885 1708 1940 Et
1731 1885 1818 1954 qui
1852 1882 2084 1955 Btvelit,
2126 1905 2242 1958 qua:
2276 1889 2372 1945 fuit
2404 1893 2454 1945 in
2486 1893 2673 1958 altari,
2715 1906 2808 1950 aut
2836 1907 2984 1955 certe
3011 1917 3131 1971 quas
3159 1903 3280 1957 data
3321 1913 3405 1960 est
3443 1904 3496 1960 in

248 1977 388 2046 hanc
426 1979 838 2050 przeceptionem
869 1978 1156 2047 contempti
1187 1975 1410 2043 fuerint,
1454 1977 1820 2047 superioribus

247 2071 425 2142 panis
451 2072 796 2145 subiaceant;
830 2070 899 2126 ita
926 2080 982 2126 ut
1006 2081 1026 2109 ε
1053 2071 1104 2125 in
1133 2070 1499 2140 pmnitentiam
1526 2071 1632 2126 sint
1659 2072 1820 2126 absti-

246 2175 436 2222 nentes
473 2181 504 2220 a
535 2167 641 2222 vini
677 2165 920 2235 potione,
961 2163 1044 2220 vel
1088 2178 1182 2219 esu
1220 2165 1496 2231 carnium,
1544 2164 1714 2221 donec
1754 2165 1820 2219 ad

245 2259 716 2328 metropolitanum
749 2271 901 2312 suum
932 2253 1211 2312 accedant.

993 2348 1052 2402 V.

527 2439 692 2512 674
740 2438 765 2475 ά
795 2455 1079 2496 pascam
1117 2454 1300 2495 saucrt
1336 2454 1515 2495 esrnt.

617 2533 691 2588 De
715 2533 1042 2586 sacramentis
1070 2533 1450 2587 conservandis.

556 2623 856 2679 Ceam-ms
893 2624 1138 2680 Jacono
1177 2625 1514 2681 charissimo.

313 2717 600 2784 Quoniam,
632 2715 766 2770 sicut
797 2733 824 2767 a
853 2715 1008 2770 beato
1036 2716 1194 2771 Petro
1224 2717 1469 2785 apostolo
1494 2717 1816 2786 accepimus,

247 2810 481 2870 omnium
506 2809 864 2877 apostolorum
890 2810 1064 2874 Patre,
1090 2811 1178 2878 qui
1209 2810 1389 2866 claves
1414 2813 1559 2882 regni
1584 2813 1820 2867 cmlestis

237 2900 469 2972 accepit,
496 2901 723 2971 qualiter
745 2910 928 2957 tenere
958 2901 1215 2957 debemus
1239 2902 1303 2958 de
1331 2907 1682 2958 sacramentis
1703 2920 1820 2974 qua:

239 3005 504 3068 geruntur
529 2998 578 3048 in
603 2996 824 3060 sanctis,
855 3005 905 3050 tc
935 3011 996 3050 ex
1028 2995 1217 3052 ordine
1241 3013 1339 3052 nos
1361 2997 1516 3052 decet
1537 2998 1818 3053 instruere.

239 3081 442 3140 Tribus
487 3087 630 3140 enim
677 3086 928 3164 gradibus
975 3089 1258 3142 commissa
1309 3099 1434 3143 sunt
1483 3098 1819 3144 sacramenta

237 3176 544 3232 divinorum
575 3190 926 3244 secretorum,
952 3179 1004 3233 id
1033 3189 1115 3234 est
1146 3181 1477 3251 presbytero,
1512 3179 1738 3234 diacono
1767 3192 1822 3234 et

1926 1997 2164 2037 mensam
2199 1983 2424 2038 Domini.
2477 1986 2574 2053 Qui
2609 1986 2721 2042 hazc
2750 1989 2964 2057 fecerit,
3006 1994 3086 2048 vel
3130 1995 3319 2056 leviter
3348 1996 3500 2068 quasi

1925 2072 2057 2127 nihil
2098 2081 2150 2127 et
2189 2074 2518 2144 negligenter
2553 2076 2796 2135 habuerit
2824 2081 2839 2119 ί
2867 2083 3194 2154 ministeria,
3246 2089 3501 2147 diaconus

1924 2165 2157 2221 triennio
2199 2181 2398 2240 sexque
2442 2170 2718 2225 mensibus
2761 2188 2789 2226 a
2839 2174 3116 2234 Dominico
3156 2179 3361 2236 alienus
3400 2183 3501 2236 erit

1920 2257 2101 2321 altari,
2124 2259 2270 2328 gravi
2305 2275 2586 2328 percussus
2607 2267 2968 2322 anathemate.
3002 2268 3155 2336 Quod
3177 2271 3220 2325 si
3246 2272 3500 2328 clericum

1925 2347 2206 2419 presbyter
2239 2365 2341 2405 non
2373 2352 2733 2420 admonuerit,
2765 2356 2950 2414 decem
2980 2360 3134 2415 annis
3175 2370 3229 2417 et
3269 2364 3501 2434 quinque

1923 2442 2195 2497 mensibus
2241 2448 2728 2501 excommunicatus
2770 2450 2868 2516 sit,
2918 2461 3204 2520 pr0ptcrea
3246 2454 3388 2524 quod
3430 2453 3499 2508 de

1926 2530 2217 2588 Dominicis
2245 2538 2598 2592 sacramentis
2627 2539 2863 2609 subjecta
2895 2540 2996 2595 sibi
3027 2558 3132 2596 non
3163 2543 3502 2601 admonuerit

1925 2623 2249 2691 ministeria;
2281 2636 2334 2680 et
2366 2635 2544 2695 postea
2577 2646 2696 2686 cum
2729 2631 2873 2702 gravi
2905 2631 3203 2690 humilitate
3233 2636 3386 2691 matri
3417 2651 3499 2692 re-

1924 2715 2240 2769 concilietur
2287 2715 2558 2773 Ecclesim.
2618 2719 2793 2775 Pallas
2842 2737 2968 2777 vero
3017 2733 3071 2778 et
3119 2725 3232 2779 vela
3282 2742 3400 2797 qua:
3449 2726 3501 2781 in

1925 2806 2214 2862 sanctuarii
2245 2807 2514 2864 sordidata
2550 2811 2746 2867 fuerint
2776 2815 3102 2881 ministerio,
3137 2816 3348 2872 diaconi
3378 2833 3501 2873 cum

1927 2896 2214 2954 humilibus
2265 2900 2523 2957 ministris
2558 2905 2743 2958 Sintra
2792 2908 3084 2961 sacrarium
3136 2909 3343 2978 lavent,
3394 2925 3499 2966 non

1925 2987 2202 3057 ejicientes
2223 2990 2361 3046 l'oras
2382 3009 2410 3046 a
2436 2994 2672 3049 sacrario
2693 2997 2953 3052 velamina
2971 2999 3256 3056 Dominicm
3279 3016 3497 3069 mensas,

1926 3096 1993 3136 ne
2039 3080 2176 3138 forte
2224 3083 2398 3152 pulvis
2443 3084 2702 3141 Dominici
2747 3090 2988 3158 corporis
3036 3089 3173 3146 male
3218 3091 3426 3148 decidat
3469 3109 3499 3148 a

1923 3174 2151 3230 sindone
2183 3175 2313 3232 loris
2345 3179 2544 3246 abluta,
2568 3189 2622 3234 et
2652 3183 2754 3234 erit
2782 3180 2898 3237 lucc
2927 3183 3169 3254 operanti
3201 3194 3495 3256 peccatum.

239 3271 514 3334 miniStro,
543 3273 630 3339 qui
661 3287 781 3325 cum
815 3272 1010 3327 timore
1034 3281 1088 3326 et
1117 3279 1350 3326 tremore
1381 3272 1698 3327 clericormn
1738 3289 1820 3326 re-
1847 3263 1894 3327 C
1927 3267 2129 3322 Idcirco
2156 3268 2296 3324 intra
2333 3271 2624 3326 sacrarium
2673 3273 2930 3328 ministris
2978 3276 3312 3345 praecipimus
3334 3273 3361 3312 ιι
3386 3275 3499 3332 Ιηια

235 3363 435 3433 liquias
475 3355 930 3418 sacramentorum
972 3366 1211 3436 corporis
1251 3363 1506 3420 Dominici
1548 3364 1818 3420 custodire

236 3453 469 3517 debent,
514 3471 580 3509 ne
617 3470 718 3525 qua
763 3455 984 3523 putredo
1024 3457 1075 3511 in
1106 3456 1339 3511 sacrario
1371 3456 1705 3520 inveniatur;
1751 3473 1819 3511 ne

239 3560 364 3602 cum
417 3550 745 3618 negligenter
791 3550 986 3620 agitur,
1040 3549 1270 3620 portioni
1320 3550 1561 3620 corporis
1610 3549 1817 3604 Domini

236 3641 419 3710 gravis
470 3640 728 3694 inferatur
777 3640 992 3709 injuria.
1044 3641 1360 3696 Communio
1400 3642 1539 3695 enim
1580 3641 1820 3710 corporis

237 3729 456 3784 Domini
490 3733 656 3784 nostri
688 3729 813 3784 Jesu
839 3729 1070 3794 Christi,
1114 3731 1158 3785 si
1188 3732 1518 3800 negligenter
1546 3740 1813 3802 erogetur,

238 3831 294 3876 et
348 3822 628 3892 presbyter
677 3823 880 3876 minora
931 3838 1036 3877 non
1086 3832 1238 3878 curet
1284 3823 1575 3878 admonere
1622 3821 1816 3890 ofﬁcia,

236 3914 389 3982 gravi
417 3914 756 3967 anathemate
784 3924 836 3967 et
870 3913 1024 3981 digna
1059 3913 1446 3968 lnuniliationis
1477 3913 1627 3984 plaga
1660 3913 1816 3968 teria-

241 4014 348 4058 tur.
404 4004 560 4058 (terte
609 4015 784 4057 tamen
837 4005 887 4056 in
935 4005 1127 4058 altario
1176 4004 1482 4059 holocausta
1529 4004 1822 4060 offerantur

238 4107 440 4168 quanta
474 4098 667 4166 populo
706 4096 950 4150 suﬂicet'e
977 4097 1230 4152 debeant.
1273 4096 1426 4163 Quod
1466 4098 1510 4152 si
1550 4111 1820 4153 remanse-

239 4193 371 4252 rint,
407 4189 459 4242 in
487 4189 715 4246 crastina
746 4204 850 4243 non
883 4199 1247 4256 reserventur,
1276 4190 1370 4246 sed
1397 4204 1517 4246 cum
1548 4191 1737 4246 timore
1767 4199 1821 4246 et

239 4296 482 4338 tremore
514 4281 829 4335 clericorum
860 4280 1133 4350 diligentia
1164 4291 1568 4338 consumantur.
1600 4282 1699 4348 Qui
1728 4298 1820 4336 au-

240 4384 352 4428 tem
385 4372 596 4428 residua
624 4374 864 4444 corporis
904 4371 1112 4426 Domini
1141 4388 1260 4442 quae
1291 4373 1344 4429 in
1373 4375 1606 4429 sacrario
1636 4374 1817 4429 relicta

236 4475 400 4528 sunt,
454 4473 803 4538 consumunt,
853 4479 956 4517 non
1001 4463 1295 4522 statint.ad
1343 4479 1654 4520 communes
1680 4466 1818 4518 accio

236 4555 469 4624 piendos
497 4554 645 4610 cibos
673 4555 1012 4620 conveniant,
1049 4569 1114 4609 ne
1143 4565 1330 4625 putent
1355 4563 1554 4610 sancta:
1584 4556 1813 4625 portioni

1925 3369 2105 3416 sancta
2146 3378 2266 3417 cum
2311 3363 2582 3432 diligentia
2628 3366 2918 3422 custodire.
2971 3368 3110 3424 Sane
3153 3370 3318 3440 pelvis
3363 3385 3496 3426 nova

1924 3463 2287 3521 comparetur,
2319 3462 2374 3508 et
2413 3464 2610 3524 praeter
2641 3455 2741 3510 hoc
2787 3457 2919 3511 nihil
2959 3459 3100 3513 aliud
3142 3469 3340 3531 tangat.
3391 3460 3497 3516 Sed

1931 3541 1942 3579 ί
1974 3559 2072 3599 nec
2103 3545 2214 3615 ipsa
2257 3546 2425 3615 pelvis
2450 3548 2580 3602 velis
2611 3559 2908 3619 apponatur
2938 3550 3204 3617 lavandis,
3250 3550 3346 3606 nisi
3378 3567 3498 3622 qua:

1922 3635 1987 3688 ad
2021 3635 2279 3690 Dominici
2309 3636 2488 3692 altaris
2516 3638 2716 3692 cultum
2749 3641 3033 3709 pertinent.
3071 3645 3084 3691 l
3118 3641 3275 3697 Palla:
3305 3643 3355 3696 in
3389 3643 3492 3698 alia

1875 3726 2073 3817 .pelve
2121 3727 2380 3794 laventur,
2427 3738 2480 3783 et
2530 3731 2580 3784 iu
2630 3730 2732 3785 alia
2777 3731 2890 3786 vela
2933 3723 3240 3802 jauuarum.
3269 3731 3294 3770 ¹ί
3323 3733 3494 3788 Etiam

1922 3829 2048 3870 cura
2079 3818 2148 3872 sit
2178 3819 2410 3874 ostiariis
2438 3835 2502 3873 ex
2537 3821 2902 3877 admonitione
2934 3823 3228 3892 majorum,
3270 3840 3336 3879 ne
3379 3825 3497 3894 quis

1923 3909 2215 3980 negligens,
2241 3922 2329 3964 aut
2354 3911 2566 3981 ignarus
2592 3913 2658 3969 ad
2681 3913 2854 3968 velum
2879 3915 3055 3985 januae
3077 3915 3266 3970 domus
3290 3915 3496 3971 Domini

1923 4016 2110 4054 manus
2143 4002 2414 4058 incondite
2444 4011 2609 4074 tergat
2638 4021 2652 4069 ;
2702 4005 2794 4060 sed
2827 4007 3005 4060 statim
3036 4007 3298 4062 coercitus
3327 4007 3498 4062 discat

1921 4093 2095 4148 omnis
2123 4093 2283 4147 homo
2310 4094 2430 4163 quia
2459 4095 2636 4150 velum
2665 4097 2785 4151 atrii
2811 4097 3002 4152 domus
3027 4096 3233 4151 Domini
3257 4105 3497 4152 sanctunt

1921 4193 2022 4240 est.
2048 4183 2394 4257 Prtecipimus
2414 4188 2574 4242 etiam
2602 4184 2622 4226 ι
2650 4203 2716 4243 ne
2741 4204 2970 4260 unquam
2993 4197 3203 4254 extero,
3225 4189 3336 4245 sive
3363 4188 3499 4244 laico

1920 4278 1986 4332 de
2017 4278 2327 4345 fragmentis
2365 4280 2697 4335 oblationttm
2743 4282 2948 4336 Domini
2992 4290 3218 4351 ponatur
3247 4282 3311 4335 ad
3344 4298 3495 4337 men-

1919 4369 2054 4425 s'am.
2089 4370 2238 4425 Unde
2263 4373 2368 4426 scis
2398 4382 2480 4434 tu,
2524 4374 2611 4440 qui
2657 4373 2851 4442 passim
2878 4384 2914 4409 ιη
2951 4373 3172 4428 sacrarii
3217 4389 3380 4444 panes
3413 4375 3493 4428 in-

1920 4463 2091 4533 dignis
2122 4464 2404 4533 impendis,
2442 4465 2580 4520 unde
2611 4467 2778 4530 nosti,
2822 4465 2866 4520 si
2897 4482 2923 4518 a
2973 4466 3286 4522 mulieribus
3313 4465 3493 4521 mundi

1922 4564 2044 4610 sunt
2066 4555 2118 4609 hi
2140 4555 2332 4624 quibus
2354 4556 2654 4627 impendis?
2683 4557 2814 4613 Hinc
2837 4567 2890 4614 et
2912 4558 3077 4613 David
3101 4558 3167 4612 ab
3185 4557 3493 4614 Abimelech

237 4646 579 4701 (‘Oltlmlscerl
609 4646 807 4708 cibum,
850 4647 934 4716 qui
970 4661 1062 4715 per
1091 4646 1420 4715 aqualiculos
1449 4646 1686 4716 digestus
1705 4689 1718 4711 ,
1767 4647 1818 4701 in
1846 4635 1900 4698 Ι)
1923 4645 2202 4703 sacerdote
2231 4645 2607 4718 interrogatus,
2640 4664 2760 4704 cum
2791 4663 2953 4719 panes
2983 4648 3081 4704 sibi
3109 4647 3173 4703 ad
3205 4649 3491 4704 comeden-

313 4865 338 4888 ει
367 4851 444 4904 lta
472 4849 818 4922 cod.iLucen.
855 4849 955 4903 Alii
984 4865 1103 4922 cum
1136 4851 1340 4914 Baluz.,
1371 4867 1427 4905 eo
1455 4853 1614 4922 quod.

312 4924 341 4960 ¹ι
367 4925 542 4976 Locus
587 4921 921 4991 depravatus.
980 4920 1201 4975 Videtur
1245 4920 1523 4991 legendum
1579 4923 1813 4978 mulieres

239 5011 348 5048 sua:
374 5002 640 5059 usurpem,
673 4992 750 5044 vel
778 4990 921 5060 ﬁlim,
948 5002 1036 5046 aut
1064 4990 1315 5061 parentes.
1351 4993 1530 5047 Baluz.
1557 4993 1716 5049 habet
1737 4994 1814 5048 vel

275 5067 368 5119 liis
393 5064 523 5119 eius.

233 5068 368 5134 [iliis
393 5068 523 5132 eius.

315 5145 339 5173 ε
369 5134 574 5197 Baluz.,
607 5132 914 5200 poenitentia.

307 5205 334 5241 ά
366 5206 588 5258 Exstant
618 5203 668 5256 in
699 5202 885 5257 iisdem
916 5217 1044 5256 mss.
1077 5201 1500 5266 collectionibus,
1533 5205 1585 5257 in
1617 5203 1810 5273 quibus

236 5275 632 5346 praecedentem
674 5273 1312 5346 epistolamrinvenimus.
1370 5275 1635 5346 Praeterea
1675 5275 1810 5328 duos

234 5343 642 5416 antiquissimos
672 5343 896 5416 codices
931 5343 1437 5416 vidit_Harduiuus,
1486 5345 1539 5396 in
1584 5360 1808 5413 quorum

235 5411 414 5471 altero
435 5415 617 5470 titulus
638 5415 715 5467 sic
737 5415 1031 5479 profertur:
1059 5411 1188 5468 Item
1207 5416 1418 5482 epistola
1441 5411 1810 5483 praceptorum

235 5487 299 5542 S.
327 5487 598 5555 Clementis
625 5500 773 5555 papae
801 5487 958 5555 missa
979 5483 1170 5538 Iacobo
1195 5485 1345 5555 fratri
1377 5485 1620 5549 Domini;
1655 5485 1705 5539 in
1733 5487 1810 5539 al-

235 5567 356 5612 tero
381 5576 392 5610 :
429 5554 806 5627 Incipit'prjma
841 5555 900 5610 S.
928 5554 1194 5627 Clementis
1219 5554 1437 5610 Romani
1467 5556 1536 5607 ad
1561 5555 1808 5609 Iacobum

230 5629 298 5682 de
320 5623 652 5680 sacramentis
675 5623 934 5680 Ecclesia'.
969 5624 1047 5680 Ex
1073 5627 1401 5680 variantibus
1421 5636 1600 5680 autem
1625 5628 1808 5682 lectio-

230 5699 396 5752 nibus
424 5714 543 5769 qna:
569 5711 633 5769 ex
662 5696 744 5766 his
769 5695 1038 5769 codicibus
1065 5705 1308 5769 prostant
1337 5704 1464 5769 tum.
1492 5695 1510 5749 Ι
1540 5695 1804 5769 concilio-

228 5784 353 5824 rum
382 5766 512 5823 edit.
541 5768 698 5831 Ven.,
721 5767 824 5820 col.
847 5767 918 5820 9S
942 5777 992 5820 et
1014 5767 1378 5834 sequentibus,
1405 5767 1573 5836 liquet
1598 5767 1650 5820 iu
1676 5766 1804 5830 ipsis

227 5841 455 5912 reperiri
495 5841 632 5896 hanc
661 5839 973 5908 epistolam.
1015 5847 1070 5892 ut
1099 5837 1151 5893 in
1185 5836 1380 5894 nostris
1408 5836 1803 5908 exemplaribus

1923 4850 2134 4922 legitur,
2167 4850 2281 4922 sine
2311 4849 2373 4904 iis
2403 4849 2780 4922 additamentis
2811 4850 3121 4922 lsidorianis
3153 4866 3269 4920 qum
3301 4851 3351 4903 in
3378 4849 3490 4902 vul-

1919 4921 2056 4992 gatis
2074 4921 2427 4975 (Ionciliorum
2451 4921 2786 4976 exhibentur.
2820 4921 2977 4975 Tituli
3005 4931 3178 4992 autem
3204 4921 3489 4992 discrimen

1919 4990 2186 5047 diversam
2231 4992 2478 5047 codicum
2523 4994 2782 5062 originem
2831 4993 3049 5046 iudicat.
3106 4990 3177 5044 Ita
3216 4992 3390 5062 etiam
3434 4990 3490 5044 in

1918 5062 2335 5119 Abbreviatione
2369 5060 2632 5117 canonum
2671 5079 2788 5128 qua:
2823 5072 2998 5117 exstat
3036 5065 3086 5114 in
3120 5060 3488 5128 antiquissimo
3573 5105 3596 5126 ,

1919 5149 2018 5188 ms.
2038 5131 2107 5189 59
2128 5133 2339 5202 capituli
2366 5132 2711 5195 Veronensis,
2737 5134 3095 5200 prwceptiones
3117 5132 3174 5185 S.
3195 5127 3483 5196 Clementis,

1917 5219 2024 5258 non
2053 5210 2228 5257 autem
2259 5203 2317 5258 S.
2345 5202 2488 5256 Petri
2515 5203 2868 5270 appellantur.

1989 5284 2012 5343 ιτ
2042 5274 2194 5343 Vulg.
2222 5273 2455 5338 Concil.,
2483 5274 2742 5328 cathedra.

1990 5342 2008 5381 ί
2034 5342 2196 5398 Iidem
2227 5344 2394 5414 vulg.,
2423 5346 2594 5406 divina
2624 5344 2880 5413 mysteria.

1987 5425 2011 5484 β
2034 5414 2218 5477 Iidem,
2242 5415 2415 5484 juxta.

1984 5483 2009 5520 ιι
2033 5485 2087 5539 lu
2119 5483 2220 5541 ms.
2244 5483 2414 5540 llard.
2443 5487 2633 5539 absunt
2665 5485 2770 5536 haec
2799 5494 2991 5538 sancta.

1993 5553 2005 5591 ί
2036 5555 2177 5609 Idem
2206 5555 2350 5623 cod.,
2378 5573 2478 5609 non
2507 5555 2635 5620 ipsa.

1987 5625 1999 5695 ᾗ
2037 5627 2216 5695 Vulg.,
2249 5625 2416 5680 Palla:
2443 5625 2618 5695 altaris
2646 5623 2770 5678 sola:
2798 5626 2848 5678 in
2876 5642 2935 5679 ea
2966 5626 3217 5678 laventur.

1987 5693 2008 5766 ξι
2037 5693 2198 5766 Iidem
2227 5697 2396 5759 vulg.,
2433 5693 2506 5748 De
2534 5694 2653 5762 erlis
2684 5705 2855 5766 autem
2875 5698 3164 5766 januarum.
3184 5710 3312 5766 cura
3333 5693 3420 5748 sit.

1989 5764 2004 5801 ¹
2035 5765 2258 5831 Ibidem,
2291 5783 2352 5819 ne
2379 5765 2810 5822 excommunicato
2837 5764 3098 5825 Ecclesia',
3128 5766 3231 5821 sive
3259 5765 3392 5820 laico

1981 5845 2019 5872 π’
2044 5837 2156 5904 AL,
2184 5836 2480 5891 sanctuarii.
