3998 6346
460 426 565 490 895

1395 421 1487 478 AD
1524 413 1752 477 OPERA
1795 417 1854 475 S.
1897 409 2143 473 LEONIS
2182 407 2396 467 MAGNI
2437 407 2808 467 AI’PENDIX.

3640 403 3751 472 896

462 543 587 598 dum
619 550 897 613 posceret,
941 538 986 594 si
1025 535 1257 592 mundus
1283 542 1428 590 esset
1457 549 1486 588 a
1519 534 1773 600 muliere,
1821 547 1942 588 cum
1988 543 2048 586 se
2074 531 2129 591 Α
2156 525 2372 581 Domini
2401 523 2572 580 nostri
2599 524 2726 581 .lesu
2747 523 2968 581 Christi.
3004 522 3129 580 εἶπο
3155 532 3423 595 praecepta
3449 539 3481 579 a
3506 522 3564 580 S.
3588 524 3752 582 Petro

462 637 720 690 mundum
748 642 870 688 ante
908 630 1142 688 triduum
1182 630 1550 703 proﬁteretur,
1595 641 1760 700 panes
1803 627 2044 698 proposi-

463 728 622 784 tionis
657 725 1016 782 manducavit.

533 819 609 876 Ad
640 817 917 874 Dominica
946 825 1128 872 autem
1158 815 1414 889 mysteria
1441 815 1579 871 tales
1605 813 1891 885 eligantur,
1913 820 1940 850 ι
1957 809 2049 882 qui

462 920 581 968 ante
609 910 1004 966 ordinationem
1033 909 1292 982 conjuges
1328 923 1455 965 suas
1497 906 1768 964 noverint.
1818 902 1972 973 Quod
2001 902 2049 958 si

461 1011 582 1074 post
595 1001 986 1057 ordinationem
1001 1001 1250 1058 ministro
1263 1000 1448 1057 altaris
1468 998 1754 1068 contigerit
1770 995 1986 1068 propriu
1996 1010 2046 1050 tn

463 1093 720 1149 invadere
740 1091 916 1148 cubile
930 1093 1140 1158 uxoris,
1161 1092 1382 1147 sacrarii
1405 1106 1511 1146 non
1535 1091 1696 1145 intret
1717 1089 1924 1155 limina,
1949 1101 2050 1142 nec

462 1187 711 1242 sacrificii
737 1183 1165 1259 portitor[Num.
1191 1187 1293 1258 leg.
1317 1187 1544 1257 partitor
1558 1185 1602 1258 1]
1627 1184 1739 1248 flat,
1760 1198 1860 1238 nec
1881 1182 2051 1238 altare

406 1264 409 1266 ’
463 1278 753 1347 contingat,
780 1291 880 1332 nec
909 1276 980 1335 ab
1009 1276 1362 1334 offerentibus
1389 1276 1688 1332 bolocausti
1712 1274 1876 1346 676
1899 1271 2052 1329 obla-

464 1369 662 1424 tionem
677 1369 952 1438 suscipiat,
972 1383 1070 1425 uec
1086 1369 1155 1424 ad
1172 1367 1433 1424 Dominici
1445 1367 1686 1439 corporis
1698 1365 1726 1405 δ
1751 1365 2052 1436 portionem

448 1442 708 1520 'arcedat.
734 1466 939 1536 Aquam
971 1463 1312 1519 sacerdotum
1341 1464 1580 1534 porrigat
1613 1460 1886 1526 manibus,
1913 1458 2052 1514 ostia

465 1557 762 1612 forinsecus
809 1556 1055 1623 claudat,
1108 1556 1317 1611 minora
1362 1563 1513 1626 gerat
1559 1553 1766 1620 officia,
1797 1552 2050 1608 curcium

465 1664 595 1704 sane
625 1651 689 1704 ad
721 1649 889 1704 altare
914 1657 1185 1719 suggerat.
1228 1649 1284 1703 Si
1309 1647 1447 1703 forte
1475 1646 1739 1715 quispiam
1772 1645 2054 1718 presbyter

465 1741 580 1797 sive
605 1741 864 1798 diaconus
891 1742 1114 1798 sacrarii
1146 1740 1426 1797 sindonem
1455 1739 1540 1795 vel
1570 1739 1748 1795 velum
1781 1738 2053 1794 subtracta

466 1835 800 1901 vendiderit,
845 1834 996 1890 Judte
1025 1834 1216 1890 similis
1245 1833 1600 1889 :estimabitur
1627 1831 1908 1887 Scariotis.
1949 1830 2051 1898 Qui

2148 617 2398 688 apostolo
2425 619 2634 688 accepi,
2668 627 2720 674 et
2753 617 2872 683 tibi,
2907 615 3225 673 cbarissime
3255 618 3444 684 frater,
3474 617 3754 674 insinuare

2149 709 2371 776 curavi,
2420 718 2478 764 ut
2519 708 2724 764 servari
2752 708 2935 765 omnia
2961 709 3120 781 677
3150 709 3434 780 praecipias
3474 709 3594 766 sine
3639 724 3755 765 ma-

2150 801 2293 856 cula.
2342 799 2398 856 Si
2430 802 2550 868 quis
2578 810 2756 857 autem
2787 799 3017 857 audierit
3048 809 3134 868 te,
3185 800 3334 857 utilis
3371 802 3479 858 erit
3510 801 3757 859 minister

2149 892 2278 950 Jesu
2330 892 2554 950 Christi.
2607 893 2708 961 Qui
2738 901 2918 950 autem
2953 909 3060 950 non
3090 893 3321 950 audierit
3365 906 3452 962 te,
3506 894 3618 949 imo
3673 896 3779 960 lor;

2152 993 2404 1056 quentem
2449 986 2736 1043 Dominum
2782 1001 2882 1057 per
2923 995 3008 1058 te,
3057 989 3176 1060 ipse
3213 987 3317 1044 sibi
3344 986 3758 1044 damnationem

2154 1075 2184 1117 ¹ι
2210 1081 2474 1152 acquiret.

2901 1173 2988 1230 Vl.

2154 1303 2398 1346 GLYCEBII
2442 1302 2794 1344 IIPBRATORIS
2831 1303 3066 1343 εοιοτυιί
3106 1304 3316 1346 CONTRA
3357 1303 3757 1345 OBDINL‘I‘IONES

2791 1373 3122 1416 ειιιοΝιΑοΔε.

2157 1472 2340 1546 (Nunc
2367 1481 2569 1529 erutum
2601 1489 2630 1529 e
2658 1474 2956 1546 collectione
2974 1490 3226 1546 canonum
3245 1491 3360 1545 qua:
3393 1475 3688 1530 continetur
3712 1472 3759 1527 iu

2507 1575 2517 1584 -
2603 1561 2701 1601 ms.
2737 1543 2861 1600 Vat.
2896 1544 3103 1618 Reginte
3125 1543 3310 1613 1997.)

2157 1657 2350 1733 Incipit
2390 1660 2682 1731 exemplum
2734 1660 2868 1715 sacri
2921 1661 3075 1733 ed_i_cti
3103 1659 3385 1733 ⁸(ἓιῖοειιιι
3437 1665 3763 1731 imperatam

2229 1730 2407 1860 diurni
2449 1733 2516 1788 ad
2540 1730 2546 1731 “
2572 1733 2927 1791 Htttssconnu
2971 1731 3036 1788 V.
3088 1730 3148 1790 C.
3193 1733 3497 1805 praefectum
3521 1730 3764 1805 praetorio

2287 1822 2315 1857 a
2338 1820 2422 1860 ne.

2287 1820 2422 1860 autc.

467 1935 689 1994 pr0pter
733 1924 1079 1993 cupiditatem
1129 1923 1319 1980 fecerit
1367 1923 1471 1978 hoc
1517 1935 1688 1990 opus,
1741 1921 1949 1976 noverit
1996 1935 2054 1976 se
2082 1922 2133 1985 Β
2229 1915 2491 1986 Supernae
2521 1917 3114 1987 majestatisadmonitu
3131 1917 3304 1974 nostri
3343 1915 3358 1955 ί
3395 1926 3526 1973 ortu
3557 1916 3762 1986 imperii

467 2015 757 2084 supradicti
789 2016 940 2072 Juda:
963 2025 1339 2087 suscepturum
1371 2030 1610 2086 pinnam.
1652 2010 1894 2068 Clericus
1928 2027 2057 2068 vero

468 2108 615 2163 solus
663 2109 728 2164 ad
781 2108 994 2165 feminae
1042 2108 1447 2165 tabernaculum
1499 2122 1604 2163 non
1651 2106 1906 2172 accedat,
1959 2119 2058 2161 nec

467 2209 719 2270 properet
760 2200 878 2257 sine
926 2200 1148 2271 majoris
1196 2210 1323 2255 natu
1356 2200 1613 2270 principis
1638 2199 1899 2269 jussione.
1949 2197 2058 2254 Nec

468 2289 744 2362 presbyter
768 2292 916 2346 solus
943 2307 1067 2347 cum
1096 2291 1210 2348 sola
1238 2292 1580 2364 adjungatur,
1607 2291 1701 2348 sed
1727 2291 1937 2348 duobus
1964 2292 2058 2347 ad-

467 2382 645 2438 ductis
676 2384 903 2441 testibus
932 2385 1116 2441 visitet
1144 2384 1430 2441 iutirmam.
1481 2383 1651 2441 Nemo
1681 2397 1860 2439 tamen
1886 2381 1913 2421 ἀ
1936 2400 2056 2440 cum

468 2484 719 2531 extranea
763 2476 969 2533 habitet
1007 2475 1240 2542 femina,
1292 2476 1396 2533 nisi
1445 2478 1721 2546 proxima,
1767 2486 1861 2531 aut
1904 2493 2059 2533 soror

469 2566 648 2621 fuerit.
703 2568 770 2622 Et
816 2568 917 2624 hoc
959 2585 1078 2625 cum
1130 2585 1319 2641 magna
1367 2570 1730 2626 sollicitudine
1779 2570 1888 2626 fiat.
1942 2571 2056 2627 Non

409 2721 417 2726 ,
470 2656 779 2726 ignoramus
806 2659 1039 2714 malitias
1062 2659 1297 2718 Satanae.
1327 2660 1586 2718 Universa
1616 2661 1730 2717 haec
1755 2677 1876 2717 cum
1909 2678 2060 2718 man-

471 2747 756 2816 suctudine
795 2750 1160 2808 ecclesiastica
1201 2752 1524 2824 complenda
1566 2763 1690 2809 sunt
1735 2755 2055 2812 ministeria.

473 2837 752 2908 Negotium
782 2841 926 2895 enim
975 2841 1071 2898 Dei
1122 2859 1230 2898 non
1280 2843 1436 2899 decet
1464 2845 1799 2915 negligenter
1827 2849 2056 2918 expleti.

472 2929 668 2985 lterum
699 2942 860 3002 atque
885 2933 1076 2990 iterum
1101 2935 1168 2991 de
1189 2935 1502 3006 fragmentis
1526 2938 1788 2993 Dominici
1815 2942 2059 3008 corporis

472 3021 881 3078 demandamus.
914 3024 1148 3080 Calicem
1178 3041 1308 3082 vero
1337 3028 1403 3082 ad
1435 3028 1813 3099 perferendum
1843 3032 2061 3102 sangui-

473 3129 592 3171 nem
627 3116 836 3170 Domini
868 3127 1225 3187 praeparatum
1256 3134 1377 3175 cum
1427 3129 1537 3175 tcta
1586 3122 1844 3176 munditia
1895 3123 2058 3178 mini-

473 3206 621 3262 sterii
664 3208 909 3264 milliSlel‘
947 3220 1240 3278 praaparet,
1288 3227 1357 3267 ne
1399 3227 1502 3269 non
1547 3213 1683 3268 bene
1728 3214 1868 3269 lotus
1913 3217 2055 3272 calix

2161 2008 2292 2064 nihil
2339 2010 2488 2079 prius
2517 2009 2702 2066 debuit
2728 2009 2969 2065 ordinari
3011 2025 3168 2080 quam
3200 2018 3261 2064 ut
3283 2008 3622 2065 Christianas
3649 2008 3762 2064 relic

2164 2101 2339 2169 gionis
2369 2111 2712 2156 sacrosancta
2753 2103 3005 2173 mysteria
3053 2101 3357 2158 reverentia
3390 2102 3607 2170 majore
3629 2101 3757 2156 cole-

2161 2203 2391 2252 rentur:
2425 2195 2548 2264 quia
2588 2194 2784 2266 ambigi
2814 2211 2918 2252 non
2951 2205 3163 2266 oportet
3184 2197 3354 2252 Deum
3395 2197 3754 2253 universitatis

2161 2296 2438 2342 auctorem
2458 2294 2603 2341 tanto
2629 2289 2800 2357 magis
2828 2290 3012 2344 fovere
3045 2288 3316 2354 mortalia,
3345 2298 3560 2359 quanto
3591 2289 3759 2358 purior

2159 2381 2335 2435 cultus
2359 2369 2835 2450 perinnocentiam
2862 2383 3204 2438 sacerdotum
3223 2383 3405 2439 divina
3440 2384 3760 2451 suspexerit.

2159 2472 2484 2529 Iamdudum
2511 2474 2709 2530 etenim
2751 2475 3188 2531 adulescentibus
3219 2476 3362 2531 vitiis
3394 2477 3759 2543 clericorum,

2161 2561 2337 2621 adhuc
2364 2565 2420 2622 in
2450 2567 2673 2635 privatae
2687 2569 2815 2624 vitae
2844 2569 3255 2626 conversatione
3283 2569 3552 2642 degentes
3582 2571 3761 2642 proba-

2161 2658 2357 2724 vimus,
2410 2661 2756 2732 episcOpatus
2796 2678 2891 2732 pro
2937 2671 3092 2732 parte
3123 2664 3354 2719 maxima
3386 2679 3498 2719 non
3549 2665 3565 2716 i
3608 2665 3762 2735 impe-

2163 2753 2292 2807 trari
2345 2754 2552 2810 meritis
2574 2795 2589 2820 ,
2623 2757 2716 2809 sed
2745 2757 2930 2827 pretiis
2963 2758 3264 2828 comparari
3293 2775 3306 2810 :
3337 2757 3483 2828 quod
3517 2757 3763 2815 indecora

2161 2830 2429 2914 cupiditas
2459 2846 2510 2901 in
2543 2863 2699 2903 nsum
2728 2849 2942 2905 redacta
2964 2891 2978 2915 ,
3009 2851 3161 2920 quasi
3194 2849 3398 2906 licitum
3427 2849 3640 2908 fecerat
3661 2850 3761 2918 jam

2162 2937 2348 2992 videri.
2383 2939 2409 2975 ιι
2447 2939 2766 3010 Ademptum
2813 2949 2898 2996 est
2938 2942 3173 2997 studium
3200 2941 3358 2997 bona:
3388 2943 3762 3006 conscientiae,

2161 3027 2396 3099 fecitque
2413 3030 2488 3097 id,
2514 3031 2652 3097 quod
2671 3032 2737 3084 de
2765 3031 2876 3086 Deo
2897 3047 3116 3101 sperare
3145 3033 3351 3102 debuit,
3379 3034 3448 3088 ad
3472 3034 3759 3105 pecuniam

2162 3136 2216 3180 ct
2243 3126 2582 3181 exactionem
2626 3141 2841 3182 vocare.
2875 3127 3011 3183 lliuc
3043 3137 3224 3183 natum
3256 3140 3338 3184 est
3370 3138 3430 3184 ut
3457 3131 3758 3186 antistitum

2163 3220 2463 3274 reverentia
2496 3219 2664 3290 magis
2695 3231 2933 3289 potestas
2959 3221 3140 3276 saeculi
3173 3229 3475 3291 putaretur,
3509 3233 3568 3279 et
3597 3233 3758 3296 tyran-

475 3296 702 3351 diacono
733 3309 1008 3366 peccatum
1039 3299 1130 3354 fiat
1159 3301 1426 3358 offerenti.
1485 3304 1561 3359 lta
1604 3320 1724 3359 cum
1771 3306 1918 3361 omni
1960 3309 2057 3362 ho-
2087 3299 2131 3362 C
2166 3313 2434 3382 nopnlitas
2461 3330 2580 3368 esse
2609 3330 2668 3369 se
2699 3315 2886 3369 malint
2906 3315 2995 3384 qui
3026 3315 3357 3370 vocabantur
3378 3318 3683 3382 antistites;
3706 3334 3762 3375 ac

477 3397 685 3445 nestate
713 3399 904 3446 cuncta
931 3407 1050 3462 quae
1081 3407 1240 3463 supra
1279 3397 1662 3464 exposuimus,
1711 3408 1923 3466 Oportet
1966 3402 2065 3454 im-

477 3481 634 3550 plen.
689 3481 850 3537 Tales
894 3484 960 3536 ad
1011 3485 1368 3542 ministerium
1408 3488 1675 3558 eligantur
1714 3492 1931 3560 clerici,
1976 3493 2064 3563 qui

477 3571 634 3642 digne
662 3575 870 3644 possint
898 3575 1175 3633 Dominica
1207 3589 1544 3635 sacramenta
1576 3591 1826 3638 tractare.
1878 3583 2066 3639 Melius

465 3674 559 3725 est
595 3667 737 3720 enim
771 3666 980 3723 Domini
1010 3669 1277 3726 sacerdoti
1321 3687 1518 3740 paucos
1557 3674 1758 3730 habere
1789 3677 2066 3731 ministros

478 3755 567 3826 qui
600 3758 806 3826 possint
834 3759 1008 3829 digne
1031 3775 1166 3831 Opus
1202 3763 1293 3818 Dei
1331 3779 1624 3832 exercere,
1669 3783 1827 3838 quam
1870 3771 2066 3827 multos
2093 3785 2124 3809 ο

478 3849 693 3906 inutiles
719 3852 807 3921 qui
835 3869 970 3908 onus
992 3871 1156 3924 grave
1177 3856 1472 3915 ordinatori
1501 3861 1787 3917 adducant.
1821 3863 1914 3919 His
1937 3880 2067 3935 ergo

480 3940 620 3997 bene
666 3953 850 4013 parete
895 3949 1196 4002 sententiis.
1241 3957 1265 3985 ο
1302 3948 1380 4004 Ne
1423 3952 1542 4020 quis
1591 3952 1695 4008 hoc
1738 3965 2064 4025 praeceptum

481 4034 704 4090 minime
747 4037 934 4091 credat
980 4038 1254 4104 implere:
1306 4057 1374 4098 nc
1422 4044 1475 4098 in
1528 4045 1731 4114 judicio
1783 4047 1874 4102 Dei
1928 4050 2067 4120 ignis

483 4127 670 4180 aeterni
704 4135 966 4182 tormenta
999 4130 1234 4186 inveniat
1263 4136 1351 4204 qui
1385 4137 1734 4194 ecclesiastici
1764 4141 1945 4210 operis
1980 4158 2066 4198 sa-

481 4228 758 4273 cramenta
789 4221 1102 4290 neglexerit.
1151 4223 1278 4279 Haec
1320 4226 1503 4298 igitur,
1552 4229 1717 4287 frater
1745 4230 1966 4304 Jacobe,
1999 4235 2067 4290 de

483 4326 578 4366 ore
616 4312 672 4368 S.
709 4313 850 4370 Petri
891 4315 1129 4386 jubenlis
1171 4319 1373 4376 audivi.
1423 4325 1466 4378 A
1515 4325 1776 4396 principio
1820 4327 2068 4397 epistolae

483 4422 651 4477 usque
679 4409 732 4463 in
761 4409 903 4465 hunc
927 4411 1101 4468 locum
1128 4413 1195 4470 de
1221 4419 1570 4474 sacramentis
1596 4416 1616 4456 ί
1642 4419 1897 4488 deligavit
1928 4421 2068 4478 bene

484 4501 735 4557 tuendis:
780 4503 869 4558 ubi
901 4519 1005 4560 non
1040 4509 1270 4563 murium
1313 4519 1550 4568 stercora
1594 4513 1739 4569 inter
1770 4514 2068 4586 fragmenta

486 4591 778 4650 Dominicte
807 4598 1066 4667 partionis
1095 4612 1420 4670 appareant,
1463 4621 1562 4662 nec
1603 4608 1808 4676 putrida
1841 4624 1938 4679 per
1966 4625 2062 4665 ne-

2169 3403 2430 3470 religioue
2444 3406 2706 3474 neglecta,
2723 3407 2822 3459 sub
2836 3407 3115 3462 hominum
3136 3409 3451 3478 patrociniis
3463 3411 3758 3474 caustiluti,

2169 3499 2379 3568 publica
2411 3501 2577 3570 magis
2602 3516 2759 3569 quam
2788 3502 2964 3555 divina
2997 3501 3270 3567 curarent,
3299 3502 3402 3557 hoc
3436 3503 3561 3572 ipso
3585 3519 3758 3575 perpe-

2167 3592 2372 3646 tuitatis
2395 3591 2676 3662 privilegio
2697 3591 3015 3647 delictorum
3037 3609 3255 3648 suorum
3289 3595 3615 3662 impunitate
3640 3612 3757 3666 gau-

2167 3683 2356 3737 dentes
2383 3725 2398 3748 ,
2429 3684 2903 3754 Ecclesiarumqne
2930 3700 3090 3755 opes,
3126 3701 3261 3754 quas
3292 3687 3422 3742 mali
3452 3686 3472 3725 ι
3513 3685 3752 3757 propositi

2169 3777 2431 3832 dedecora
2465 3790 2827 3849 protegentes,
2851 3797 3141 3849 pauperum
3155 3781 3481 3838 dicuntesse
3507 3781 3755 3849 divititas,

2168 3872 2344 3926 studio
2373 3872 2535 3926 veluti
2579 3874 2858 3938 cujusdam
2909 3873 3396 3930 administrationis
3443 3875 3755 3940 auferrent,

2168 3963 2287 4018 aliis
2322 3963 2376 4018 in
2419 3967 2666 4032 prmsenti
2699 3965 2878 4020 dando
2908 3967 3126 4036 prtemia
3147 4012 3160 4034 ,
3195 3967 3471 4022 nonnullis
3493 3984 3554 4024 se
3575 3969 3757 4039 chyru~

2168 4056 2387 4126 graphis
2413 4057 2719 4124 obligando,
2751 4059 3140 4129 vendendoque
3169 4059 3223 4114 in
3255 4071 3524 4129 quaes'um
3555 4060 3758 4117 debito-

2171 4150 2246 4203 ris
2267 4149 2406 4219 quod
2433 4151 2720 4218 Oportebat
2744 4153 3026 4221 egentibus
3051 4154 3357 4222 prorogari.
3375 4151 3534 4209 Unde
3566 4154 3756 4208 factum

2169 4241 2441 4296 credimus
2465 4253 2519 4295 ut
2554 4241 2757 4296 offensa
2789 4243 3069 4310 Divinitas,
3104 4242 3245 4312 quod
3281 4252 3359 4299 tot
3385 4244 3544 4298 malis
3573 4245 3758 4315 proba~

2169 4347 2290 4387 mus
2313 4333 2542 4402 experti,
2563 4332 2803 4392 favorem
2827 4349 2937 4388 sua:
2961 4333 3257 4404 majestatis
3275 4343 3571 4400 averteret,
3593 4343 3646 4390 et
3666 4333 3757 4387 lto.

2171 4441 2382 4480 manant
2411 4435 2625 4497 gentem
2650 4427 2810 4482 tantis
2842 4442 2961 4496 qua:
2999 4436 3266 4484 transacta
3306 4437 3434 4483 sunt
3461 4425 3759 4482 infortuniis

2170 4519 2438 4590 fatigaret.
2469 4519 2583 4588 Quo
2639 4521 2782 4576 cnim
2821 4535 2915 4576 ore
2944 4565 2958 4588 ,
3009 4535 3182 4590 quave
3230 4521 3562 4590 impudentia
3608 4520 3673 4575 ab
3697 4531 3761 4574 eo

2173 4613 2354 4667 mundi
2388 4611 2552 4668 totius
2589 4612 2926 4682 supplicatur
2953 4615 3185 4679 auctori,
3217 4615 3305 4678 qui
3335 4613 3402 4669 ad
3433 4613 3757 4669 oblationem

486 4684 791 4755 gligentiam
835 4689 1150 4748 clericorum
1201 4707 1534 4764 remaneant,
1567 4709 1622 4756 et
1650 4704 2063 4772 convenientes,
2095 4679 2148 4742 θ
2171 4701 2421 4758 sacrificii
2451 4719 2556 4758 non
2583 4703 2790 4773 judicio
2815 4716 3178 4759 sacrosanctae
3208 4703 3501 4760 Trinitatis
3531 4705 3756 4775 eligitur,

487 4779 578 4849 qui
608 4781 852 4850 accipere
881 4783 978 4838 sibi
1006 4785 1324 4843 medicinam
1352 4789 1681 4860 desiderant,
1706 4795 1912 4863 putrida
1941 4813 2065 4853 cum

2173 4795 2269 4850 sed
2302 4795 2535 4850 hominis
2564 4795 2747 4851 favore
2783 4796 2949 4867 678
2985 4796 3347 4865 provehitur?
3373 4796 3486 4853 Aut
3514 4797 3633 4865 quid
3661 4794 3758 4848 liu-

487 4872 756 4942 viderint,
802 4872 974 4946 magis
1003 4891 1124 4932 cum
1165 4879 1394 4936 ridiculo
1440 4892 1496 4940 et
1543 4885 1756 4942 fastidio
1781 4888 2070 4945 ‘videantur
2168 4888 2403 4960 jusmodi
2431 4889 2673 4959 episcopi
2704 4906 2810 4945 non
2841 4899 3029 4960 putent
3065 4907 3188 4948 esse
3208 4892 3432 4959 venale,
3463 4891 3557 4963 qui
3583 4898 3757 4946 sancta

489 4967 752 5036 accipere,
787 4975 842 5022 et
885 4968 937 5022 in
987 4980 1261 5040 peccatum
1295 4975 1462 5045 magis
1491 4976 1744 5034 decidant
1780 4997 1875 5049 per
1901 4982 2072 5053 negli-

389 5081 411 5103 ο
489 5061 721 5130 gentiam
751 5060 1094 5119 clericorum.
1143 5064 1202 5120 Si
1233 5068 1352 5136 quis
1379 5066 1495 5125 haec
1525 5083 1788 5142 praecepta
1814 5083 1839 5122 ι
1863 5074 2071 5145 integre

491 5170 599 5211 non
642 5154 983 5227 custodierit,
1029 5159 1100 5215 sit
1140 5160 1428 5219 anathema
1467 5179 1636 5237 usque
1673 5167 1740 5223 ad
1781 5169 2070 5227 adventum

562 5346 589 5375 ιι
612 5337 791 5423 Vulg.,
819 5343 906 5423 qui
933 5352 1051 5400 ante
1077 5344 1449 5402 ordinationem
1480 5353 1626 5403 suam
1660 5354 1902 5423 conjugss
1940 5370 2065 5410 suas

491 5425 590 5462 non
621 5421 870 5467 noverint.

559 5479 774 5565 {Iidem
804 5483 970 5565 vulg._,
1001 5487 1336 5565 portationem
1365 5489 1604 5556 accedat,
1645 5507 1736 5546 nec
1764 5511 1952 5565 aquam
1979 5514 2068 5552 sa-

491 5552 776 5627 cerdotibus
806 5552 1036 5627 porrigat
1063 5559 1130 5612 ad
1158 5574 1363 5613 manus.

564 5631 588 5705 ξ
613 5621 1031 5705 [idem,'u_r_ceam
1054 5629 1156 5705 sive
1182 5628 1390 5684 calicem
1416 5632 1484 5686 ad
1510 5634 1674 5688 altare
1700 5651 1802 5690 non
1828 5635 2066 5705 stt/ferat.

563 5688 589 5727 ά
614 5693 766 5763 Vulg.
784 5688 998 5753 addunt
1026 5700 1344 5755 clericorum.

565 5771 590 5799 ο
609 5762 772 5844 iidem
805 5768 1076 5844 vulg.,__ne
1102 5775 1216 5844 quis
1241 5770 1349 5826 hare
1379 5784 1629 5844 pracepta
1656 5778 1862 5832 minime
1888 5781 2068 5834 credat

490 5833 782 5914 implenda,
811 5847 858 5914 et
877 5833 1093 5909 judicio
1113 5833 1217 5894 'Dei
1252 5833 1428 5896 interni
1466 5833 1597 5914 ignis
1625 5857 1877 5906 tormenta
1903 5833 2065 5906 sueti?

497 5911 645 5967 neat;
672 5912 730 5962 et
752 5905 907 5972 dein;
923 5924 1070 5964 sacra
1095 5925 1192 5980 pro
1217 5905 1552 5969 sacramenta.

2174 4983 2428 5056 mysteria
2453 4982 2732 5052 subjeccte
2758 4993 2798 5021 ω
2820 4986 3198 5041 commerciis?

2245 5075 2361 5143 Qua
2391 5091 2570 5131 rerum
2600 5077 2808 5132 ratione
2838 5080 3069 5148 permoti
3103 5078 3202 5134 hac
3230 5093 3482 5134 mansura
3514 5079 3567 5134 in
3591 5089 3757 5133 aevum

2175 5167 2294 5239 lege
2321 5169 2593 5226 sancimus
2618 5210 2634 5238 ,
2675 5178 2736 5225 ut
2762 5170 2990 5242 quisque
3018 5171 3087 5228 ad
3113 5171 3485 5244 episcopatum
3513 5183 3756 5243 persona-

2188 5428 2200 5439 .
2247 5355 2277 5443 ,τ
2304 5357 2486 5443 vulg.,
2526 5355 2754 5427 delegavi
2795 5355 2918 5410 bene
2957 5356 3234 5411 intuendis.
3287 5357 3388 5414 Ms.
3419 5355 3605 5424 Hard.,
3632 5351 3758 5408 δίκα

2182 5437 2419 5485 intuenti.

2246 5509 2274 5570 ξε
2301 5500 2523 5568 Ibidem,
2550 5517 2652 5555 non
2679 5500 2890 5570 integra.

2245 5566 2274 5643 ξι
2304 5570 2487 5643 Yulg.,
2510 5566 2745 5643 accipiet.

2251 5639 2268 5678 ί
2302 5639 2436 5712 Cod:
2478 5639 2636 5712 male,
2671 5651 2832 5697 ortus.

2248 5715 2262 5785 ξ
2301 5711 2446 5785 idem
2475 5711 2627 5779 cod.,
2648 5715 2942 5783 impetrare,
2972 5728 3123 5785 aeque
3141 5714 3301 5773 male.

2244 5781 2270 5852 Β
2305 5783 2462 5850 lbid.,
2487 5781 2752 5852 adeptum.

2249 5851 2267 5890 ι
2301 5853 2455 5925 Cod,
2490 5857 2774 5925 prapositi.

2243 5931 2284 5962 ιη
2313 5923 2460 5984 Idem
2478 5923 2626 5995 cod.',
2656 5927 2968 5986 animm-siis.
