  <div class='ocr_page' id='page_1' title='image "/cluster/home/n/w/nwhite01/storage/ocr_20150623/56/hvd.32044015471600/454.png"; bbox 0 0 3998 6346; ppageno 0'>
   <div class='ocr_carea' id='block_1_1' title="bbox 228 397 333 456">
    <p class='ocr_par' dir='ltr' id='par_1_1' title="bbox 228 397 333 456">
     <span class='ocr_line' id='line_1_1' title="bbox 228 397 333 456; baseline 0 0"><span class='ocrx_word' id='word_1_1' title='bbox 228 397 333 456; x_wconf 80' lang='lat'><strong>897</strong></span> 
     </span>
    </p>
   </div>
   <div class='ocr_carea' id='block_1_2' title="bbox 1191 389 2545 455">
    <p class='ocr_par' dir='ltr' id='par_1_2' title="bbox 1191 389 2545 455">
     <span class='ocr_line' id='line_1_2' title="bbox 1191 389 2545 455; baseline 0.003 -6"><span class='ocrx_word' id='word_1_2' title='bbox 1191 389 1605 449; x_wconf 66' lang='lat' dir='ltr'><strong>DOCUMEN&#39;I‘A</strong></span> <span class='ocrx_word' id='word_1_3' title='bbox 1647 391 1840 449; x_wconf 82' lang='lat' dir='ltr'><strong>JURIS</strong></span> <span class='ocrx_word' id='word_1_4' title='bbox 1877 391 2193 454; x_wconf 79' lang='lat' dir='ltr'><strong>CANONICI</strong></span> <span class='ocrx_word' id='word_1_5' title='bbox 2229 394 2545 455; x_wconf 81' lang='lat' dir='ltr'><strong>VETERlS.</strong></span> 
     </span>
    </p>
   </div>
   <div class='ocr_carea' id='block_1_3' title="bbox 3403 400 3514 462">
    <p class='ocr_par' dir='ltr' id='par_1_3' title="bbox 3403 400 3514 462">
     <span class='ocr_line' id='line_1_3' title="bbox 3403 400 3514 462; baseline 0.036 -4"><span class='ocrx_word' id='word_1_6' title='bbox 3403 400 3514 462; x_wconf 72' lang='grc'><strong>8911</strong></span> 
     </span>
    </p>
   </div>
   <div class='ocr_carea' id='block_1_4' title="bbox 224 508 3515 592">
    <p class='ocr_par' dir='ltr' id='par_1_4' title="bbox 224 508 3515 592">
     <span class='ocr_line' id='line_1_4' title="bbox 224 508 3515 592; baseline 0.002 -22"><span class='ocrx_word' id='word_1_7' title='bbox 224 527 344 570; x_wconf 88' lang='lat' dir='ltr'><strong>rum</strong></span> <span class='ocrx_word' id='word_1_8' title='bbox 374 509 577 566; x_wconf 83' lang='lat' dir='ltr'><strong>auxilio</strong></span> <span class='ocrx_word' id='word_1_9' title='bbox 619 508 942 581; x_wconf 76' lang='lat' dir='ltr'><strong>suﬂ‘ragante</strong></span> <span class='ocrx_word' id='word_1_10' title='bbox 979 511 1307 582; x_wconf 87' lang='lat' dir='ltr'><strong>pervenerit,</strong></span> <span class='ocrx_word' id='word_1_11' title='bbox 1339 510 1670 565; x_wconf 87' lang='lat' dir='ltr'><strong>saeculariter</strong></span> <span class='ocrx_word' id='word_1_12' title='bbox 1699 524 1823 580; x_wconf 85' lang='lat' dir='ltr'><strong>pos-</strong></span> <span class='ocrx_word' id='word_1_13' title='bbox 1848 517 1905 577; x_wconf 73' lang='grc' dir='ltr'>Α</span> <span class='ocrx_word' id='word_1_14' title='bbox 1929 512 2149 570; x_wconf 75' lang='lat' dir='ltr'><strong>illustris</strong></span> <span class='ocrx_word' id='word_1_15' title='bbox 2171 525 2219 570; x_wconf 91' lang='lat' dir='ltr'><strong>cl</strong></span> <span class='ocrx_word' id='word_1_16' title='bbox 2239 519 2497 587; x_wconf 78' lang='lat' dir='ltr'><strong>przecelsa</strong></span> <span class='ocrx_word' id='word_1_17' title='bbox 2523 520 2918 592; x_wconf 75' lang='lat' dir='ltr'><strong>magnificentia</strong></span> <span class='ocrx_word' id='word_1_18' title='bbox 2938 528 3026 576; x_wconf 88' lang='lat' dir='ltr'><strong>tua</strong></span> <span class='ocrx_word' id='word_1_19' title='bbox 3049 522 3186 577; x_wconf 87' lang='lat' dir='ltr'><strong>hanc</strong></span> <span class='ocrx_word' id='word_1_20' title='bbox 3209 521 3515 580; x_wconf 77' lang='lat' dir='ltr'><strong>serenitatis</strong></span> 
     </span>
    </p>
   </div>
   <div class='ocr_carea' id='block_1_5' title="bbox 222 605 1823 676">
    <p class='ocr_par' dir='ltr' id='par_1_5' title="bbox 222 605 1823 676">
     <span class='ocr_line' id='line_1_5' title="bbox 222 605 1823 676; baseline -0.002 -12"><span class='ocrx_word' id='word_1_21' title='bbox 222 608 397 664; x_wconf 89' lang='lat' dir='ltr'><strong>sideat</strong></span> <span class='ocrx_word' id='word_1_22' title='bbox 440 606 584 676; x_wconf 84' lang='lat' dir='ltr'><strong>quod</strong></span> <span class='ocrx_word' id='word_1_23' title='bbox 629 605 960 660; x_wconf 68' lang='lat' dir='ltr'><strong>saeculariter</strong></span> <span class='ocrx_word' id='word_1_24' title='bbox 989 605 1150 658; x_wconf 87' lang='lat' dir='ltr'><strong>fuerit</strong></span> <span class='ocrx_word' id='word_1_25' title='bbox 1177 613 1534 669; x_wconf 68' lang='lat' dir='ltr'><strong>consecutus;</strong></span> <span class='ocrx_word' id='word_1_26' title='bbox 1565 605 1614 658; x_wconf 89' lang='lat' dir='ltr'><strong>id</strong></span> <span class='ocrx_word' id='word_1_27' title='bbox 1653 613 1736 658; x_wconf 62' lang='lat' dir='ltr'><strong>ﬁet</strong></span> <span class='ocrx_word' id='word_1_28' title='bbox 1765 614 1823 660; x_wconf 87' lang='lat' dir='ltr'><strong>ut</strong></span> 
     </span>
    </p>
   </div>
   <div class='ocr_carea' id='block_1_6' title="bbox 225 696 1824 766">
    <p class='ocr_par' dir='ltr' id='par_1_6' title="bbox 225 696 1824 766">
     <span class='ocr_line' id='line_1_6' title="bbox 225 696 1824 766; baseline 0 -12"><span class='ocrx_word' id='word_1_29' title='bbox 225 701 391 755; x_wconf 88' lang='lat' dir='ltr'><strong>liuitis</strong></span> <span class='ocrx_word' id='word_1_30' title='bbox 423 699 580 752; x_wconf 91' lang='lat' dir='ltr'><strong>unius</strong></span> <span class='ocrx_word' id='word_1_31' title='bbox 606 698 733 752; x_wconf 91' lang='lat' dir='ltr'><strong>anni</strong></span> <span class='ocrx_word' id='word_1_32' title='bbox 762 696 921 752; x_wconf 76' lang='lat' dir='ltr'><strong>metis</strong></span> <span class='ocrx_word' id='word_1_33' title='bbox 945 738 960 762; x_wconf 95' lang='lat'><strong>,</strong></span> <span class='ocrx_word' id='word_1_34' title='bbox 994 699 1211 752; x_wconf 86' lang='lat' dir='ltr'><strong>noverit</strong></span> <span class='ocrx_word' id='word_1_35' title='bbox 1260 698 1573 766; x_wconf 85' lang='lat' dir='ltr'><strong>episcopatu</strong></span> <span class='ocrx_word' id='word_1_36' title='bbox 1612 713 1670 753; x_wconf 88' lang='lat' dir='ltr'><strong>se</strong></span> <span class='ocrx_word' id='word_1_37' title='bbox 1699 713 1824 754; x_wconf 86' lang='lat' dir='ltr'><strong>esse</strong></span> 
     </span>
    </p>
   </div>
   <div class='ocr_carea' id='block_1_7' title="bbox 226 791 1822 864">
    <p class='ocr_par' dir='ltr' id='par_1_7' title="bbox 226 791 1822 864">
     <span class='ocr_line' id='line_1_7' title="bbox 226 791 1822 864; baseline -0.001 -16"><span class='ocrx_word' id='word_1_38' title='bbox 226 792 571 864; x_wconf 80' lang='lat' dir='ltr'><strong>privandum.</strong></span> <span class='ocrx_word' id='word_1_39' title='bbox 606 791 858 860; x_wconf 80' lang='lat' dir='ltr'><strong>Ejusdem</strong></span> <span class='ocrx_word' id='word_1_40' title='bbox 911 806 1043 846; x_wconf 90' lang='lat' dir='ltr'><strong>sane</strong></span> <span class='ocrx_word' id='word_1_41' title='bbox 1082 791 1207 845; x_wconf 90' lang='lat' dir='ltr'><strong>anni</strong></span> <span class='ocrx_word' id='word_1_42' title='bbox 1237 807 1344 861; x_wconf 91' lang='lat' dir='ltr'><strong>quo</strong></span> <span class='ocrx_word' id='word_1_43' title='bbox 1373 792 1628 847; x_wconf 82' lang='lat' dir='ltr'><strong>sacerdos</strong></span> <span class='ocrx_word' id='word_1_44' title='bbox 1661 807 1822 847; x_wconf 87' lang='lat' dir='ltr'><strong>voca-</strong></span> 
     </span>
    </p>
   </div>
   <div class='ocr_carea' id='block_1_8' title="bbox 226 883 1821 953">
    <p class='ocr_par' dir='ltr' id='par_1_8' title="bbox 226 883 1821 953">
     <span class='ocr_line' id='line_1_8' title="bbox 226 883 1821 953; baseline -0.001 -11"><span class='ocrx_word' id='word_1_45' title='bbox 226 900 334 953; x_wconf 89' lang='lat' dir='ltr'><strong>tur,</strong></span> <span class='ocrx_word' id='word_1_46' title='bbox 367 899 549 941; x_wconf 84' lang='lat' dir='ltr'><strong>comes</strong></span> <span class='ocrx_word' id='word_1_47' title='bbox 563 884 730 940; x_wconf 90' lang='lat' dir='ltr'><strong>nostri</strong></span> <span class='ocrx_word' id='word_1_48' title='bbox 761 883 1071 953; x_wconf 70' lang='lat' dir='ltr'><strong>patrimonii</strong></span> <span class='ocrx_word' id='word_1_49' title='bbox 1093 885 1479 941; x_wconf 79' lang='lat' dir='ltr'><strong>ecclesiasticae</strong></span> <span class='ocrx_word' id='word_1_50' title='bbox 1508 886 1821 941; x_wconf 71' lang='lat' dir='ltr'><strong>substantia:</strong></span> 
     </span>
    </p>
   </div>
   <div class='ocr_carea' id='block_1_9' title="bbox 223 978 1824 1049">
    <p class='ocr_par' dir='ltr' id='par_1_9' title="bbox 223 978 1824 1049">
     <span class='ocr_line' id='line_1_9' title="bbox 223 978 1824 1049; baseline 0 -15"><span class='ocrx_word' id='word_1_51' title='bbox 223 980 534 1035; x_wconf 86' lang='lat' dir='ltr'><strong>moderetur</strong></span> <span class='ocrx_word' id='word_1_52' title='bbox 561 992 847 1049; x_wconf 79' lang='lat' dir='ltr'><strong>expensas.</strong></span> <span class='ocrx_word' id='word_1_53' title='bbox 899 979 947 1034; x_wconf 89' lang='lat' dir='ltr'><strong>ls</strong></span> <span class='ocrx_word' id='word_1_54' title='bbox 974 994 1188 1049; x_wconf 91' lang='lat' dir='ltr'><strong>quoque</strong></span> <span class='ocrx_word' id='word_1_55' title='bbox 1216 978 1304 1048; x_wconf 91' lang='lat' dir='ltr'><strong>qui</strong></span> <span class='ocrx_word' id='word_1_56' title='bbox 1345 981 1505 1034; x_wconf 82' lang='lat' dir='ltr'><strong>talem</strong></span> <span class='ocrx_word' id='word_1_57' title='bbox 1537 994 1824 1034; x_wconf 85' lang='lat' dir='ltr'><strong>consecra-</strong></span> 
     </span>
    </p>
   </div>
   <div class='ocr_carea' id='block_1_10' title="bbox 223 1072 1824 1144">
    <p class='ocr_par' dir='ltr' id='par_1_10' title="bbox 223 1072 1824 1144">
     <span class='ocr_line' id='line_1_10' title="bbox 223 1072 1824 1144; baseline 0 -14"><span class='ocrx_word' id='word_1_58' title='bbox 223 1074 383 1142; x_wconf 75' lang='lat' dir='ltr'><strong>Verit,</strong></span> <span class='ocrx_word' id='word_1_59' title='bbox 417 1083 510 1129; x_wconf 87' lang='lat' dir='ltr'><strong>aut</strong></span> <span class='ocrx_word' id='word_1_60' title='bbox 536 1073 825 1144; x_wconf 84' lang='lat' dir='ltr'><strong>quidquam</strong></span> <span class='ocrx_word' id='word_1_61' title='bbox 844 1073 1193 1142; x_wconf 86' lang='lat' dir='ltr'><strong>pecuniarum</strong></span> <span class='ocrx_word' id='word_1_62' title='bbox 1225 1072 1293 1128; x_wconf 87' lang='lat' dir='ltr'><strong>ab</strong></span> <span class='ocrx_word' id='word_1_63' title='bbox 1318 1087 1384 1128; x_wconf 90' lang='lat' dir='ltr'><strong>eo</strong></span> <span class='ocrx_word' id='word_1_64' title='bbox 1414 1073 1504 1144; x_wconf 91' lang='lat' dir='ltr'><strong>qui</strong></span> <span class='ocrx_word' id='word_1_65' title='bbox 1526 1083 1612 1128; x_wconf 90' lang='lat' dir='ltr'><strong>est</strong></span> <span class='ocrx_word' id='word_1_66' title='bbox 1632 1088 1824 1130; x_wconf 78' lang='lat' dir='ltr'><strong>conse-</strong></span> 
     </span>
    </p>
   </div>
   <div class='ocr_carea' id='block_1_11' title="bbox 224 1167 1819 1238">
    <p class='ocr_par' dir='ltr' id='par_1_11' title="bbox 224 1167 1819 1238">
     <span class='ocr_line' id='line_1_11' title="bbox 224 1167 1819 1238; baseline -0.001 -15"><span class='ocrx_word' id='word_1_67' title='bbox 224 1167 492 1233; x_wconf 87' lang='lat' dir='ltr'><strong>crandus,</strong></span> <span class='ocrx_word' id='word_1_68' title='bbox 533 1167 718 1222; x_wconf 88' lang='lat' dir='ltr'><strong>datum</strong></span> <span class='ocrx_word' id='word_1_69' title='bbox 772 1167 994 1222; x_wconf 85' lang='lat' dir='ltr'><strong>cuilibet</strong></span> <span class='ocrx_word' id='word_1_70' title='bbox 1043 1167 1434 1236; x_wconf 86' lang='lat' dir='ltr'><strong>promissumve</strong></span> <span class='ocrx_word' id='word_1_71' title='bbox 1486 1169 1819 1238; x_wconf 79' lang='lat' dir='ltr'><strong>cognoverit,</strong></span> 
     </span>
    </p>
   </div>
   <div class='ocr_carea' id='block_1_12' title="bbox 225 1260 1820 1332">
    <p class='ocr_par' dir='ltr' id='par_1_12' title="bbox 225 1260 1820 1332">
     <span class='ocr_line' id='line_1_12' title="bbox 225 1260 1820 1332; baseline -0.001 -14"><span class='ocrx_word' id='word_1_72' title='bbox 225 1272 320 1318; x_wconf 90' lang='lat' dir='ltr'><strong>aut</strong></span> <span class='ocrx_word' id='word_1_73' title='bbox 347 1261 541 1318; x_wconf 82' lang='lat' dir='ltr'><strong>callide</strong></span> <span class='ocrx_word' id='word_1_74' title='bbox 563 1260 1005 1317; x_wconf 85' lang='lat' dir='ltr'><strong>dissimulandum</strong></span> <span class='ocrx_word' id='word_1_75' title='bbox 1036 1275 1156 1316; x_wconf 90' lang='lat' dir='ltr'><strong>esse</strong></span> <span class='ocrx_word' id='word_1_76' title='bbox 1172 1261 1465 1316; x_wconf 88' lang='lat' dir='ltr'><strong>crediderit</strong></span> <span class='ocrx_word' id='word_1_77' title='bbox 1494 1261 1547 1316; x_wconf 94' lang='lat' dir='ltr'><strong>in</strong></span> <span class='ocrx_word' id='word_1_78' title='bbox 1575 1276 1640 1316; x_wconf 91' lang='lat' dir='ltr'><strong>eo</strong></span> <span class='ocrx_word' id='word_1_79' title='bbox 1661 1277 1820 1332; x_wconf 91' lang='lat' dir='ltr'><strong>quem</strong></span> 
     </span>
    </p>
   </div>
   <div class='ocr_carea' id='block_1_13' title="bbox 225 1353 1821 1424">
    <p class='ocr_par' dir='ltr' id='par_1_13' title="bbox 225 1353 1821 1424">
     <span class='ocr_line' id='line_1_13' title="bbox 225 1353 1821 1424; baseline -0.001 -12"><span class='ocrx_word' id='word_1_80' title='bbox 225 1356 492 1424; x_wconf 87' lang='lat' dir='ltr'><strong>intelligit,</strong></span> <span class='ocrx_word' id='word_1_81' title='bbox 519 1370 628 1410; x_wconf 92' lang='lat' dir='ltr'><strong>non</strong></span> <span class='ocrx_word' id='word_1_82' title='bbox 658 1369 753 1424; x_wconf 91' lang='lat' dir='ltr'><strong>per</strong></span> <span class='ocrx_word' id='word_1_83' title='bbox 775 1369 960 1423; x_wconf 89' lang='lat' dir='ltr'><strong>puram</strong></span> <span class='ocrx_word' id='word_1_84' title='bbox 979 1353 1392 1418; x_wconf 85' lang='lat' dir='ltr'><strong>conscientiam,</strong></span> <span class='ocrx_word' id='word_1_85' title='bbox 1416 1353 1508 1408; x_wconf 92' lang='lat' dir='ltr'><strong>sed</strong></span> <span class='ocrx_word' id='word_1_86' title='bbox 1543 1369 1638 1423; x_wconf 89' lang='lat' dir='ltr'><strong>per</strong></span> <span class='ocrx_word' id='word_1_87' title='bbox 1665 1362 1821 1424; x_wconf 90' lang='lat' dir='ltr'><strong>turpe</strong></span> 
     </span>
    </p>
   </div>
   <div class='ocr_carea' id='block_1_14' title="bbox 223 1448 1822 1521">
    <p class='ocr_par' dir='ltr' id='par_1_14' title="bbox 223 1448 1822 1521">
     <span class='ocr_line' id='line_1_14' title="bbox 223 1448 1822 1521; baseline -0.003 -15"><span class='ocrx_word' id='word_1_88' title='bbox 223 1451 452 1521; x_wconf 87' lang='lat' dir='ltr'><strong>pretium</strong></span> <span class='ocrx_word' id='word_1_89' title='bbox 471 1449 537 1503; x_wconf 92' lang='lat' dir='ltr'><strong>ad</strong></span> <span class='ocrx_word' id='word_1_90' title='bbox 559 1450 661 1504; x_wconf 92' lang='lat' dir='ltr'><strong>boc</strong></span> <span class='ocrx_word' id='word_1_91' title='bbox 674 1448 957 1518; x_wconf 85' lang='lat' dir='ltr'><strong>pervenire</strong></span> <span class='ocrx_word' id='word_1_92' title='bbox 979 1448 1241 1514; x_wconf 89' lang='lat' dir='ltr'><strong>voluisse,</strong></span> <span class='ocrx_word' id='word_1_93' title='bbox 1271 1450 1385 1518; x_wconf 91' lang='lat' dir='ltr'><strong>pari</strong></span> <span class='ocrx_word' id='word_1_94' title='bbox 1419 1448 1486 1503; x_wconf 89' lang='lat' dir='ltr'><strong>de</strong></span> <span class='ocrx_word' id='word_1_95' title='bbox 1516 1449 1822 1504; x_wconf 84' lang='lat' dir='ltr'><strong>sacerdotio</strong></span> 
     </span>
    </p>
   </div>
   <div class='ocr_carea' id='block_1_15' title="bbox 223 1541 1822 1610">
    <p class='ocr_par' dir='ltr' id='par_1_15' title="bbox 223 1541 1822 1610">
     <span class='ocr_line' id='line_1_15' title="bbox 223 1541 1822 1610; baseline 0.001 -13"><span class='ocrx_word' id='word_1_96' title='bbox 223 1543 363 1598; x_wconf 87' lang='lat' dir='ltr'><strong>forte</strong></span> <span class='ocrx_word' id='word_1_97' title='bbox 391 1542 634 1610; x_wconf 87' lang='lat' dir='ltr'><strong>dejectus</strong></span> <span class='ocrx_word' id='word_1_98' title='bbox 668 1582 678 1604; x_wconf 84' lang='lat'>.</span> <span class='ocrx_word' id='word_1_99' title='bbox 711 1541 941 1596; x_wconf 89' lang='lat' dir='ltr'><strong>similem</strong></span> <span class='ocrx_word' id='word_1_100' title='bbox 976 1556 1190 1610; x_wconf 77' lang='lat' dir='ltr'><strong>ptenam</strong></span> <span class='ocrx_word' id='word_1_101' title='bbox 1219 1543 1518 1598; x_wconf 64' lang='lat' dir='ltr'><strong>temerariae</strong></span> <span class='ocrx_word' id='word_1_102' title='bbox 1539 1557 1822 1598; x_wconf 88' lang='lat' dir='ltr'><strong>consecra-</strong></span> 
     </span>
    </p>
   </div>
   <div class='ocr_carea' id='block_1_16' title="bbox 224 1631 1820 1703">
    <p class='ocr_par' dir='ltr' id='par_1_16' title="bbox 224 1631 1820 1703">
     <span class='ocr_line' id='line_1_16' title="bbox 224 1631 1820 1703; baseline 0.001 -15"><span class='ocrx_word' id='word_1_103' title='bbox 224 1633 387 1689; x_wconf 89' lang='lat' dir='ltr'><strong>tionis</strong></span> <span class='ocrx_word' id='word_1_104' title='bbox 416 1635 659 1689; x_wconf 75' lang='lat' dir='ltr'><strong>exsolvat</strong></span> <span class='ocrx_word' id='word_1_105' title='bbox 691 1649 704 1687; x_wconf 93' lang='lat'>:</span> <span class='ocrx_word' id='word_1_106' title='bbox 737 1631 998 1703; x_wconf 79' lang='lat' dir='ltr'><strong>arguendi</strong></span> <span class='ocrx_word' id='word_1_107' title='bbox 1028 1633 1128 1687; x_wconf 88' lang='lat' dir='ltr'><strong>ltoc</strong></span> <span class='ocrx_word' id='word_1_108' title='bbox 1169 1632 1344 1689; x_wconf 84' lang='lat' dir='ltr'><strong>latens</strong></span> <span class='ocrx_word' id='word_1_109' title='bbox 1367 1632 1575 1690; x_wconf 79' lang='lat' dir='ltr'><strong>facinus</strong></span> <span class='ocrx_word' id='word_1_110' title='bbox 1599 1649 1704 1690; x_wconf 91' lang='lat' dir='ltr'><strong>non</strong></span> <span class='ocrx_word' id='word_1_111' title='bbox 1727 1649 1820 1690; x_wconf 88' lang='lat' dir='ltr'><strong>so-</strong></span> 
     </span>
    </p>
   </div>
   <div class='ocr_carea' id='block_1_17' title="bbox 222 1723 1820 1797">
    <p class='ocr_par' dir='ltr' id='par_1_17' title="bbox 222 1723 1820 1797">
     <span class='ocr_line' id='line_1_17' title="bbox 222 1723 1820 1797; baseline 0 -13"><span class='ocrx_word' id='word_1_112' title='bbox 222 1727 335 1784; x_wconf 87' lang='lat' dir='ltr'><strong>lum</strong></span> <span class='ocrx_word' id='word_1_113' title='bbox 361 1728 445 1782; x_wconf 85' lang='lat' dir='ltr'><strong>his</strong></span> <span class='ocrx_word' id='word_1_114' title='bbox 472 1726 640 1797; x_wconf 88' lang='lat' dir='ltr'><strong>quiin</strong></span> <span class='ocrx_word' id='word_1_115' title='bbox 672 1723 914 1781; x_wconf 82' lang='lat' dir='ltr'><strong>Ecclesia</strong></span> <span class='ocrx_word' id='word_1_116' title='bbox 947 1725 1229 1780; x_wconf 91' lang='lat' dir='ltr'><strong>constituti</strong></span> <span class='ocrx_word' id='word_1_117' title='bbox 1270 1737 1414 1792; x_wconf 90' lang='lat' dir='ltr'><strong>sunt,</strong></span> <span class='ocrx_word' id='word_1_118' title='bbox 1443 1742 1628 1782; x_wconf 90' lang='lat' dir='ltr'><strong>verum</strong></span> <span class='ocrx_word' id='word_1_119' title='bbox 1657 1729 1820 1784; x_wconf 86' lang='lat' dir='ltr'><strong>etiam</strong></span> 
     </span>
    </p>
   </div>
   <div class='ocr_carea' id='block_1_18' title="bbox 223 1816 1818 1889">
    <p class='ocr_par' dir='ltr' id='par_1_18' title="bbox 223 1816 1818 1889">
     <span class='ocr_line' id='line_1_18' title="bbox 223 1816 1818 1889; baseline 0.001 -16"><span class='ocrx_word' id='word_1_120' title='bbox 223 1819 631 1889; x_wconf 78' lang='lat' dir='ltr'><strong>quibuscunque</strong></span> <span class='ocrx_word' id='word_1_121' title='bbox 660 1825 861 1872; x_wconf 68' lang='lat' dir='ltr'><strong>nostra:</strong></span> <span class='ocrx_word' id='word_1_122' title='bbox 892 1816 1170 1886; x_wconf 78' lang='lat' dir='ltr'><strong>religionis</strong></span> <span class='ocrx_word' id='word_1_123' title='bbox 1216 1817 1524 1873; x_wconf 87' lang='lat' dir='ltr'><strong>hominibus</strong></span> <span class='ocrx_word' id='word_1_124' title='bbox 1571 1818 1818 1874; x_wconf 80' lang='lat' dir='ltr'><strong>facultate</strong></span> 
     </span>
    </p>
   </div>
   <div class='ocr_carea' id='block_1_19' title="bbox 1928 608 3514 685">
    <p class='ocr_par' dir='ltr' id='par_1_19' title="bbox 1928 608 3514 685">
     <span class='ocr_line' id='line_1_19' title="bbox 1928 608 3514 685; baseline 0.007 -26"><span class='ocrx_word' id='word_1_125' title='bbox 1928 608 2330 678; x_wconf 70' lang='lat' dir='ltr'><strong>nostrtelegem,</strong></span> <span class='ocrx_word' id='word_1_126' title='bbox 2349 625 2468 681; x_wconf 66' lang='lat' dir='ltr'><strong>qua:</strong></span> <span class='ocrx_word' id='word_1_127' title='bbox 2489 621 2542 666; x_wconf 91' lang='lat' dir='ltr'><strong>et</strong></span> <span class='ocrx_word' id='word_1_128' title='bbox 2570 615 2882 669; x_wconf 85' lang='lat' dir='ltr'><strong>sacerdotes</strong></span> <span class='ocrx_word' id='word_1_129' title='bbox 2910 623 3266 668; x_wconf 79' lang='lat' dir='ltr'><strong>sacrosancta:</strong></span> <span class='ocrx_word' id='word_1_130' title='bbox 3293 614 3514 685; x_wconf 81' lang='lat' dir='ltr'><strong>religio-</strong></span> 
     </span>
    </p>
   </div>
   <div class='ocr_carea' id='block_1_20' title="bbox 1926 701 3508 776">
    <p class='ocr_par' dir='ltr' id='par_1_20' title="bbox 1926 701 3508 776">
     <span class='ocr_line' id='line_1_20' title="bbox 1926 701 3508 776; baseline 0.006 -22"><span class='ocrx_word' id='word_1_131' title='bbox 1926 701 2010 755; x_wconf 87' lang='lat' dir='ltr'><strong>nis</strong></span> <span class='ocrx_word' id='word_1_132' title='bbox 2034 703 2254 772; x_wconf 77' lang='lat' dir='ltr'><strong>corrigit</strong></span> <span class='ocrx_word' id='word_1_133' title='bbox 2293 711 2349 758; x_wconf 87' lang='lat' dir='ltr'><strong>et</strong></span> <span class='ocrx_word' id='word_1_134' title='bbox 2392 705 2693 774; x_wconf 86' lang='lat' dir='ltr'><strong>ministros,</strong></span> <span class='ocrx_word' id='word_1_135' title='bbox 2740 706 3004 776; x_wconf 80' lang='lat' dir='ltr'><strong>propositi</strong></span> <span class='ocrx_word' id='word_1_136' title='bbox 3045 715 3151 762; x_wconf 89' lang='lat' dir='ltr'><strong>ate</strong></span> <span class='ocrx_word' id='word_1_137' title='bbox 3179 705 3337 760; x_wconf 78' lang='lat' dir='ltr'><strong>edicti</strong></span> <span class='ocrx_word' id='word_1_138' title='bbox 3380 719 3508 774; x_wconf 83' lang='lat' dir='ltr'><strong>pro-</strong></span> 
     </span>
    </p>
   </div>
   <div class='ocr_carea' id='block_1_21' title="bbox 1923 797 3514 871">
    <p class='ocr_par' dir='ltr' id='par_1_21' title="bbox 1923 797 3514 871">
     <span class='ocr_line' id='line_1_21' title="bbox 1923 797 3514 871; baseline 0.006 -24"><span class='ocrx_word' id='word_1_139' title='bbox 1923 804 2217 862; x_wconf 86' lang='lat' dir='ltr'><strong>grammate</strong></span> <span class='ocrx_word' id='word_1_140' title='bbox 2261 811 2357 865; x_wconf 89' lang='lat' dir='ltr'><strong>per</strong></span> <span class='ocrx_word' id='word_1_141' title='bbox 2409 813 2570 854; x_wconf 90' lang='lat' dir='ltr'><strong>omne</strong></span> <span class='ocrx_word' id='word_1_142' title='bbox 2620 800 2789 854; x_wconf 90' lang='lat' dir='ltr'><strong>nostri</strong></span> <span class='ocrx_word' id='word_1_143' title='bbox 2836 799 3000 871; x_wconf 81' lang='lat'><strong>679</strong></span> <span class='ocrx_word' id='word_1_144' title='bbox 3039 814 3234 870; x_wconf 89' lang='lat' dir='ltr'><strong>corpus</strong></span> <span class='ocrx_word' id='word_1_145' title='bbox 3274 797 3514 869; x_wconf 83' lang='lat' dir='ltr'><strong>vulgabit</strong></span> 
     </span>
    </p>
   </div>
   <div class='ocr_carea' id='block_1_22' title="bbox 1925 885 3512 962">
    <p class='ocr_par' dir='ltr' id='par_1_22' title="bbox 1925 885 3512 962">
     <span class='ocr_line' id='line_1_22' title="bbox 1925 885 3512 962; baseline 0.006 -22"><span class='ocrx_word' id='word_1_146' title='bbox 1925 885 2157 954; x_wconf 88' lang='lat' dir='ltr'><strong>imperii.</strong></span> <span class='ocrx_word' id='word_1_147' title='bbox 2177 886 2240 942; x_wconf 87' lang='lat' dir='ltr'><strong>Et</strong></span> <span class='ocrx_word' id='word_1_148' title='bbox 2255 905 2408 944; x_wconf 85' lang='lat' dir='ltr'><strong>manu</strong></span> <span class='ocrx_word' id='word_1_149' title='bbox 2436 890 2607 944; x_wconf 80' lang='lat' dir='ltr'><strong>divina</strong></span> <span class='ocrx_word' id='word_1_150' title='bbox 2630 891 2804 959; x_wconf 84' lang='lat' dir='ltr'><strong>:Vale,</strong></span> <span class='ocrx_word' id='word_1_151' title='bbox 2836 891 3072 947; x_wconf 78' lang='lat' dir='ltr'><strong>llimelco</strong></span> <span class='ocrx_word' id='word_1_152' title='bbox 3093 905 3289 962; x_wconf 84' lang='lat' dir='ltr'><strong>parens</strong></span> <span class='ocrx_word' id='word_1_153' title='bbox 3312 893 3512 950; x_wconf 84' lang='lat' dir='ltr'><strong>charis-</strong></span> 
     </span>
    </p>
   </div>
   <div class='ocr_carea' id='block_1_23' title="bbox 1925 980 3496 1052">
    <p class='ocr_par' dir='ltr' id='par_1_23' title="bbox 1925 980 3496 1052">
     <span class='ocr_line' id='line_1_23' title="bbox 1925 980 3496 1052; baseline 0.006 -17"><span class='ocrx_word' id='word_1_154' title='bbox 1925 980 2063 1035; x_wconf 90' lang='lat' dir='ltr'><strong>sime</strong></span> <span class='ocrx_word' id='word_1_155' title='bbox 2086 989 2246 1052; x_wconf 84' lang='lat' dir='ltr'><strong>atque</strong></span> <span class='ocrx_word' id='word_1_156' title='bbox 2277 982 2664 1039; x_wconf 85' lang='lat' dir='ltr'><strong>amantissime.</strong></span> <span class='ocrx_word' id='word_1_157' title='bbox 3488 995 3496 1002; x_wconf 83' lang='lat'><strong><em>&#39;</em></strong></span> 
     </span>
    </p>
   </div>
   <div class='ocr_carea' id='block_1_24' title="bbox 1995 1069 3512 1149">
    <p class='ocr_par' dir='ltr' id='par_1_24' title="bbox 1995 1069 3512 1149">
     <span class='ocr_line' id='line_1_24' title="bbox 1995 1069 3512 1149; baseline 0.004 -21"><span class='ocrx_word' id='word_1_158' title='bbox 1995 1069 2021 1110; x_wconf 75' lang='grc' dir='ltr'><em>δ</em></span> <span class='ocrx_word' id='word_1_159' title='bbox 2051 1073 2243 1129; x_wconf 88' lang='lat' dir='ltr'><strong>Datum</strong></span> <span class='ocrx_word' id='word_1_160' title='bbox 2271 1076 2393 1130; x_wconf 91' lang='lat' dir='ltr'><strong>vid.</strong></span> <span class='ocrx_word' id='word_1_161' title='bbox 2420 1076 2577 1132; x_wconf 84' lang='lat' dir='ltr'><strong>Mart.</strong></span> <span class='ocrx_word' id='word_1_162' title='bbox 2603 1085 2626 1115; x_wconf 78' lang='grc' dir='ltr'><strong><em>ο</em></strong></span> <span class='ocrx_word' id='word_1_163' title='bbox 2651 1076 3157 1145; x_wconf 71' lang='lat' dir='ltr'><strong>Ravennae,domno</strong></span> <span class='ocrx_word' id='word_1_164' title='bbox 3186 1078 3365 1136; x_wconf 82' lang='lat' dir='ltr'><strong>Leone</strong></span> <span class='ocrx_word' id='word_1_165' title='bbox 3393 1094 3512 1149; x_wconf 85' lang='lat' dir='ltr'><strong>per-</strong></span> 
     </span>
    </p>
   </div>
   <div class='ocr_carea' id='block_1_25' title="bbox 1927 1167 3255 1244">
    <p class='ocr_par' dir='ltr' id='par_1_25' title="bbox 1927 1167 3255 1244">
     <span class='ocr_line' id='line_1_25' title="bbox 1927 1167 3255 1244; baseline 0.004 -24"><span class='ocrx_word' id='word_1_166' title='bbox 1927 1174 2086 1237; x_wconf 90' lang='lat' dir='ltr'><strong>petuo</strong></span> <span class='ocrx_word' id='word_1_167' title='bbox 2110 1175 2348 1238; x_wconf 79' lang='lat' dir='ltr'><strong>Augusto</strong></span> <span class='ocrx_word' id='word_1_168' title='bbox 2379 1183 2408 1223; x_wconf 77' lang='grc' dir='ltr'><strong>ν</strong></span> <span class='ocrx_word' id='word_1_169' title='bbox 2438 1167 2662 1241; x_wconf 82' lang='lat' dir='ltr'><strong>[Supple</strong></span> <span class='ocrx_word' id='word_1_170' title='bbox 2691 1170 2957 1244; x_wconf 89' lang='lat' dir='ltr'><strong>consule].</strong></span> <span class='ocrx_word' id='word_1_171' title='bbox 3003 1171 3255 1242; x_wconf 79' lang='lat' dir='ltr'><strong>Explicit.</strong></span> 
     </span>
    </p>
   </div>
   <div class='ocr_carea' id='block_1_26' title="bbox 1957 1273 3472 1350">
    <p class='ocr_par' dir='ltr' id='par_1_26' title="bbox 1957 1273 3472 1350">
     <span class='ocr_line' id='line_1_26' title="bbox 1957 1273 3472 1350; baseline 0.004 -15"><span class='ocrx_word' id='word_1_172' title='bbox 1957 1295 2116 1336; x_wconf 73' lang='lat' dir='ltr'><strong>reus</strong></span> <span class='ocrx_word' id='word_1_173' title='bbox 2136 1273 2143 1282; x_wconf 83' lang='grc'><em>’</em></span> <span class='ocrx_word' id='word_1_174' title='bbox 2165 1280 2186 1320; x_wconf 70' lang='grc' dir='ltr'>ί</span> <span class='ocrx_word' id='word_1_175' title='bbox 2212 1295 2444 1338; x_wconf 76' lang='lat' dir='ltr'><strong>atumo</strong></span> <span class='ocrx_word' id='word_1_176' title='bbox 2473 1299 2520 1336; x_wconf 66' lang='grc' dir='ltr'><strong>ν.</strong></span> <span class='ocrx_word' id='word_1_177' title='bbox 2545 1298 2596 1336; x_wconf 67' lang='grc' dir='ltr'><strong>ι».</strong></span> <span class='ocrx_word' id='word_1_178' title='bbox 2628 1297 2933 1350; x_wconf 82' lang='lat' dir='ltr'><strong>ntoscottus,</strong></span> <span class='ocrx_word' id='word_1_179' title='bbox 2965 1299 3312 1350; x_wconf 73' lang='lat' dir='ltr'><strong>ADBELlANUS,</strong></span> <span class='ocrx_word' id='word_1_180' title='bbox 3344 1299 3472 1341; x_wconf 77' lang='lat' dir='ltr'><strong>rno-</strong></span> 
     </span>
    </p>
   </div>
   <div class='ocr_carea' id='block_1_27' title="bbox 2398 1368 3035 1410">
    <p class='ocr_par' dir='ltr' id='par_1_27' title="bbox 2398 1368 3035 1410">
     <span class='ocr_line' id='line_1_27' title="bbox 2398 1368 3035 1410; baseline 0.003 -2"><span class='ocrx_word' id='word_1_181' title='bbox 2398 1368 2586 1409; x_wconf 75' lang='lat' dir='ltr'><strong>TADIUS</strong></span> <span class='ocrx_word' id='word_1_182' title='bbox 2613 1370 2700 1408; x_wconf 79' lang='grc' dir='ltr'><strong>νν.</strong></span> <span class='ocrx_word' id='word_1_183' title='bbox 2731 1370 2816 1410; x_wconf 69' lang='lat' dir='ltr'><strong>CC.</strong></span> <span class='ocrx_word' id='word_1_184' title='bbox 2843 1371 2922 1410; x_wconf 82' lang='lat' dir='ltr'><strong>PP.</strong></span> <span class='ocrx_word' id='word_1_185' title='bbox 2949 1371 3035 1410; x_wconf 82' lang='lat' dir='ltr'><strong>DD.</strong></span> 
     </span>
    </p>
   </div>
   <div class='ocr_carea' id='block_1_28' title="bbox 1994 1445 3510 1518">
    <p class='ocr_par' dir='ltr' id='par_1_28' title="bbox 1994 1445 3510 1518">
     <span class='ocr_line' id='line_1_28' title="bbox 1994 1445 3510 1518; baseline 0 -16"><span class='ocrx_word' id='word_1_186' title='bbox 1994 1445 2454 1514; x_wconf 82' lang='lat' dir='ltr'><strong>Quemadmodum</strong></span> <span class='ocrx_word' id='word_1_187' title='bbox 2487 1447 2717 1502; x_wconf 89' lang='lat' dir='ltr'><strong>domnus</strong></span> <span class='ocrx_word' id='word_1_188' title='bbox 2747 1457 2930 1502; x_wconf 88' lang='lat' dir='ltr'><strong>noster</strong></span> <span class='ocrx_word' id='word_1_189' title='bbox 2961 1447 3344 1505; x_wconf 86' lang='lat' dir='ltr'><strong>invictissimus</strong></span> <span class='ocrx_word' id='word_1_190' title='bbox 3365 1450 3510 1518; x_wconf 89' lang='lat' dir='ltr'><strong>prin-</strong></span> 
     </span>
    </p>
   </div>
   <div class='ocr_carea' id='block_1_29' title="bbox 1924 1537 3504 1610">
    <p class='ocr_par' dir='ltr' id='par_1_29' title="bbox 1924 1537 3504 1610">
     <span class='ocr_line' id='line_1_29' title="bbox 1924 1537 3504 1610; baseline 0 -16"><span class='ocrx_word' id='word_1_191' title='bbox 1924 1553 2052 1608; x_wconf 88' lang='lat' dir='ltr'><strong>ceps</strong></span> <span class='ocrx_word' id='word_1_192' title='bbox 2078 1539 2360 1610; x_wconf 84' lang='lat' dir='ltr'><strong>Glycerius</strong></span> <span class='ocrx_word' id='word_1_193' title='bbox 2373 1553 2471 1608; x_wconf 90' lang='lat' dir='ltr'><strong>pro</strong></span> <span class='ocrx_word' id='word_1_194' title='bbox 2494 1537 2828 1595; x_wconf 86' lang='lat' dir='ltr'><strong>beatitudine</strong></span> <span class='ocrx_word' id='word_1_195' title='bbox 2847 1538 3028 1594; x_wconf 79' lang='lat' dir='ltr'><strong>saeculi</strong></span> <span class='ocrx_word' id='word_1_196' title='bbox 3047 1539 3284 1594; x_wconf 84' lang='lat' dir='ltr'><strong>melioris</strong></span> <span class='ocrx_word' id='word_1_197' title='bbox 3310 1548 3365 1595; x_wconf 91' lang='lat' dir='ltr'><strong>et</strong></span> <span class='ocrx_word' id='word_1_198' title='bbox 3385 1555 3504 1595; x_wconf 90' lang='lat' dir='ltr'><strong>suo-</strong></span> 
     </span>
    </p>
   </div>
   <div class='ocr_carea' id='block_1_30' title="bbox 1922 1632 3510 1702">
    <p class='ocr_par' dir='ltr' id='par_1_30' title="bbox 1922 1632 3510 1702">
     <span class='ocr_line' id='line_1_30' title="bbox 1922 1632 3510 1702; baseline -0.001 -14"><span class='ocrx_word' id='word_1_199' title='bbox 1922 1647 2041 1688; x_wconf 86' lang='lat' dir='ltr'><strong>rum</strong></span> <span class='ocrx_word' id='word_1_200' title='bbox 2072 1633 2408 1689; x_wconf 86' lang='lat' dir='ltr'><strong>correctione</strong></span> <span class='ocrx_word' id='word_1_201' title='bbox 2436 1632 2763 1701; x_wconf 87' lang='lat' dir='ltr'><strong>mortalium,</strong></span> <span class='ocrx_word' id='word_1_202' title='bbox 2789 1647 2857 1688; x_wconf 91' lang='lat' dir='ltr'><strong>ne</strong></span> <span class='ocrx_word' id='word_1_203' title='bbox 2877 1633 3002 1702; x_wconf 90' lang='lat' dir='ltr'><strong>quid</strong></span> <span class='ocrx_word' id='word_1_204' title='bbox 3033 1633 3088 1686; x_wconf 91' lang='lat' dir='ltr'><strong>in</strong></span> <span class='ocrx_word' id='word_1_205' title='bbox 3116 1647 3364 1701; x_wconf 83' lang='lat' dir='ltr'><strong>supernae</strong></span> <span class='ocrx_word' id='word_1_206' title='bbox 3392 1648 3510 1687; x_wconf 86' lang='lat' dir='ltr'><strong>ma-</strong></span> 
     </span>
    </p>
   </div>
   <div class='ocr_carea' id='block_1_31' title="bbox 1923 1724 3512 1796">
    <p class='ocr_par' dir='ltr' id='par_1_31' title="bbox 1923 1724 3512 1796">
     <span class='ocr_line' id='line_1_31' title="bbox 1923 1724 3512 1796; baseline 0.001 -15"><span class='ocrx_word' id='word_1_207' title='bbox 1923 1724 2137 1796; x_wconf 77' lang='lat' dir='ltr'><strong>iestatis</strong></span> <span class='ocrx_word' id='word_1_208' title='bbox 2150 1726 2408 1796; x_wconf 88' lang='lat' dir='ltr'><strong>deinceps</strong></span> <span class='ocrx_word' id='word_1_209' title='bbox 2420 1741 2490 1783; x_wconf 80' lang='lat' dir='ltr'><strong>ex</strong></span> <span class='ocrx_word' id='word_1_210' title='bbox 2516 1726 2838 1783; x_wconf 80' lang='lat' dir='ltr'><strong>sacerdotali</strong></span> <span class='ocrx_word' id='word_1_211' title='bbox 2862 1726 3200 1782; x_wconf 82' lang='lat' dir='ltr'><strong>ordinatione</strong></span> <span class='ocrx_word' id='word_1_212' title='bbox 3220 1736 3512 1782; x_wconf 73' lang='lat' dir='ltr'><strong>tentaretur</strong></span> 
     </span>
    </p>
   </div>
   <div class='ocr_carea' id='block_1_32' title="bbox 1924 1819 3510 1890">
    <p class='ocr_par' dir='ltr' id='par_1_32' title="bbox 1924 1819 3510 1890">
     <span class='ocr_line' id='line_1_32' title="bbox 1924 1819 3510 1890; baseline 0.001 -15"><span class='ocrx_word' id='word_1_213' title='bbox 1924 1819 2172 1890; x_wconf 92' lang='lat' dir='ltr'><strong>injuriam</strong></span> <span class='ocrx_word' id='word_1_214' title='bbox 2195 1862 2209 1886; x_wconf 88' lang='lat'><strong>,</strong></span> <span class='ocrx_word' id='word_1_215' title='bbox 2240 1835 2306 1876; x_wconf 90' lang='lat' dir='ltr'><strong>ac</strong></span> <span class='ocrx_word' id='word_1_216' title='bbox 2351 1821 2506 1875; x_wconf 78' lang='lat' dir='ltr'><strong>bona:</strong></span> <span class='ocrx_word' id='word_1_217' title='bbox 2532 1820 2878 1876; x_wconf 66' lang='lat' dir='ltr'><strong>conscientiae</strong></span> <span class='ocrx_word' id='word_1_218' title='bbox 2923 1820 3174 1875; x_wconf 89' lang='lat' dir='ltr'><strong>meritum</strong></span> <span class='ocrx_word' id='word_1_219' title='bbox 3225 1820 3510 1876; x_wconf 89' lang='lat' dir='ltr'><strong>nummarii</strong></span> 
     </span>
    </p>
   </div>
   <div class='ocr_carea' id='block_1_33' title="bbox 222 1904 3513 1982">
    <p class='ocr_par' dir='ltr' id='par_1_33' title="bbox 222 1904 3513 1982">
     <span class='ocr_line' id='line_1_33' title="bbox 222 1904 3513 1982; baseline 0 -15"><span class='ocrx_word' id='word_1_220' title='bbox 222 1909 485 1980; x_wconf 85' lang='lat' dir='ltr'><strong>permissa</strong></span> <span class='ocrx_word' id='word_1_221' title='bbox 512 1951 528 1976; x_wconf 89' lang='lat'><strong>,</strong></span> <span class='ocrx_word' id='word_1_222' title='bbox 560 1908 777 1964; x_wconf 68' lang='lat' dir='ltr'><strong>scituris</strong></span> <span class='ocrx_word' id='word_1_223' title='bbox 829 1907 1082 1964; x_wconf 89' lang='lat' dir='ltr'><strong>omnibus</strong></span> <span class='ocrx_word' id='word_1_224' title='bbox 1105 1951 1120 1976; x_wconf 92' lang='lat'><strong>,</strong></span> <span class='ocrx_word' id='word_1_225' title='bbox 1162 1909 1254 1980; x_wconf 90' lang='lat' dir='ltr'><strong>qui</strong></span> <span class='ocrx_word' id='word_1_226' title='bbox 1292 1909 1499 1979; x_wconf 83' lang='lat' dir='ltr'><strong>objecta</strong></span> <span class='ocrx_word' id='word_1_227' title='bbox 1551 1911 1822 1980; x_wconf 89' lang='lat' dir='ltr'><strong>potuerint</strong></span> <span class='ocrx_word' id='word_1_228' title='bbox 1850 1904 1899 1966; x_wconf 88' lang='lat' dir='ltr'><strong>B</strong></span> <span class='ocrx_word' id='word_1_229' title='bbox 1927 1911 2078 1968; x_wconf 83' lang='lat' dir='ltr'><strong>fleret</strong></span> <span class='ocrx_word' id='word_1_230' title='bbox 2115 1928 2275 1968; x_wconf 82' lang='lat' dir='ltr'><strong>causa</strong></span> <span class='ocrx_word' id='word_1_231' title='bbox 2315 1912 2574 1982; x_wconf 79' lang='lat' dir='ltr'><strong>sulfragii,</strong></span> <span class='ocrx_word' id='word_1_232' title='bbox 2611 1912 2928 1970; x_wconf 85' lang='lat' dir='ltr'><strong>edictalibns</strong></span> <span class='ocrx_word' id='word_1_233' title='bbox 2958 1913 3304 1969; x_wconf 83' lang='lat' dir='ltr'><strong>inhibendum</strong></span> <span class='ocrx_word' id='word_1_234' title='bbox 3335 1914 3513 1969; x_wconf 87' lang='lat' dir='ltr'><strong>credi-</strong></span> 
     </span>
    </p>
   </div>
   <div class='ocr_carea' id='block_1_34' title="bbox 223 2002 1816 2073">
    <p class='ocr_par' dir='ltr' id='par_1_34' title="bbox 223 2002 1816 2073">
     <span class='ocr_line' id='line_1_34' title="bbox 223 2002 1816 2073; baseline 0.001 -14"><span class='ocrx_word' id='word_1_235' title='bbox 223 2004 476 2067; x_wconf 88' lang='lat' dir='ltr'><strong>edocere,</strong></span> <span class='ocrx_word' id='word_1_236' title='bbox 510 2003 791 2073; x_wconf 70' lang='lat' dir='ltr'><strong>praemium</strong></span> <span class='ocrx_word' id='word_1_237' title='bbox 815 2017 873 2057; x_wconf 88' lang='lat' dir='ltr'><strong>se</strong></span> <span class='ocrx_word' id='word_1_238' title='bbox 903 2017 998 2072; x_wconf 92' lang='lat' dir='ltr'><strong>pro</strong></span> <span class='ocrx_word' id='word_1_239' title='bbox 1030 2012 1215 2058; x_wconf 92' lang='lat' dir='ltr'><strong>nostro</strong></span> <span class='ocrx_word' id='word_1_240' title='bbox 1242 2002 1468 2058; x_wconf 90' lang='lat' dir='ltr'><strong>arbitrio</strong></span> <span class='ocrx_word' id='word_1_241' title='bbox 1497 2014 1699 2060; x_wconf 77' lang='lat' dir='ltr'><strong>sancta:</strong></span> <span class='ocrx_word' id='word_1_242' title='bbox 1727 2020 1816 2060; x_wconf 89' lang='lat' dir='ltr'><strong>ac-</strong></span> 
     </span>
    </p>
   </div>
   <div class='ocr_carea' id='block_1_35' title="bbox 167 2096 1819 2170">
    <p class='ocr_par' dir='ltr' id='par_1_35' title="bbox 167 2096 1819 2170">
     <span class='ocr_line' id='line_1_35' title="bbox 167 2096 1819 2170; baseline -0.001 -18"><span class='ocrx_word' id='word_1_243' title='bbox 167 2104 176 2114; x_wconf 85' lang='lat'><em>’</em></span> <span class='ocrx_word' id='word_1_244' title='bbox 222 2098 519 2152; x_wconf 87' lang='lat' dir='ltr'><strong>cnsationis</strong></span> <span class='ocrx_word' id='word_1_245' title='bbox 546 2097 841 2152; x_wconf 90' lang='lat' dir='ltr'><strong>habituros.</strong></span> <span class='ocrx_word' id='word_1_246' title='bbox 863 2096 1019 2152; x_wconf 81' lang='lat' dir='ltr'><strong>Cives</strong></span> <span class='ocrx_word' id='word_1_247' title='bbox 1049 2111 1260 2167; x_wconf 91' lang='lat' dir='ltr'><strong>quoque</strong></span> <span class='ocrx_word' id='word_1_248' title='bbox 1293 2098 1712 2170; x_wconf 89' lang='lat' dir='ltr'><strong>uniuscujusque</strong></span> <span class='ocrx_word' id='word_1_249' title='bbox 1737 2115 1819 2153; x_wconf 88' lang='lat' dir='ltr'><strong>ur-</strong></span> 
     </span>
    </p>
   </div>
   <div class='ocr_carea' id='block_1_36' title="bbox 223 2179 1818 2260">
    <p class='ocr_par' dir='ltr' id='par_1_36' title="bbox 223 2179 1818 2260">
     <span class='ocr_line' id='line_1_36' title="bbox 223 2179 1818 2260; baseline 0.001 -16"><span class='ocrx_word' id='word_1_250' title='bbox 223 2189 327 2251; x_wconf 86' lang='lat' dir='ltr'><strong>bis,</strong></span> <span class='ocrx_word' id='word_1_251' title='bbox 362 2204 496 2260; x_wconf 89' lang='lat' dir='ltr'><strong>quos</strong></span> <span class='ocrx_word' id='word_1_252' title='bbox 526 2188 592 2242; x_wconf 86' lang='lat' dir='ltr'><strong>ad</strong></span> <span class='ocrx_word' id='word_1_253' title='bbox 615 2189 1030 2244; x_wconf 85' lang='lat' dir='ltr'><strong>acclamationes</strong></span> <span class='ocrx_word' id='word_1_254' title='bbox 1061 2189 1414 2260; x_wconf 76' lang='lat' dir='ltr'><strong>ambientium</strong></span> <span class='ocrx_word' id='word_1_255' title='bbox 1439 2207 1544 2244; x_wconf 93' lang='lat' dir='ltr'><strong>non</strong></span> <span class='ocrx_word' id='word_1_256' title='bbox 1572 2179 1818 2259; x_wconf 67' lang='lat' dir='ltr'><strong>personat</strong></span> 
     </span>
    </p>
   </div>
   <div class='ocr_carea' id='block_1_37' title="bbox 224 2281 1819 2352">
    <p class='ocr_par' dir='ltr' id='par_1_37' title="bbox 224 2281 1819 2352">
     <span class='ocr_line' id='line_1_37' title="bbox 224 2281 1819 2352; baseline 0.001 -16"><span class='ocrx_word' id='word_1_257' title='bbox 224 2282 457 2351; x_wconf 79' lang='lat' dir='ltr'><strong>dignitas</strong></span> <span class='ocrx_word' id='word_1_258' title='bbox 480 2325 495 2351; x_wconf 89' lang='lat'><strong>,</strong></span> <span class='ocrx_word' id='word_1_259' title='bbox 528 2296 648 2352; x_wconf 60' lang='lat' dir='ltr'><strong>qua:</strong></span> <span class='ocrx_word' id='word_1_260' title='bbox 676 2281 905 2351; x_wconf 90' lang='lat' dir='ltr'><strong>petenda</strong></span> <span class='ocrx_word' id='word_1_261' title='bbox 933 2290 1053 2348; x_wconf 89' lang='lat' dir='ltr'><strong>est,</strong></span> <span class='ocrx_word' id='word_1_262' title='bbox 1097 2281 1192 2336; x_wconf 90' lang='lat' dir='ltr'><strong>sed</strong></span> <span class='ocrx_word' id='word_1_263' title='bbox 1222 2282 1482 2337; x_wconf 88' lang='lat' dir='ltr'><strong>venalitas</strong></span> <span class='ocrx_word' id='word_1_264' title='bbox 1511 2292 1538 2320; x_wconf 75' lang='grc' dir='ltr'><strong>ἰ</strong></span> <span class='ocrx_word' id='word_1_265' title='bbox 1571 2283 1819 2351; x_wconf 91' lang='lat' dir='ltr'><strong>ponenda</strong></span> 
     </span>
    </p>
   </div>
   <div class='ocr_carea' id='block_1_38' title="bbox 223 2373 1817 2443">
    <p class='ocr_par' dir='ltr' id='par_1_38' title="bbox 223 2373 1817 2443">
     <span class='ocr_line' id='line_1_38' title="bbox 223 2373 1817 2443; baseline 0 -12"><span class='ocrx_word' id='word_1_266' title='bbox 223 2375 509 2438; x_wconf 77' lang='lat' dir='ltr'><strong>sollicitat,</strong></span> <span class='ocrx_word' id='word_1_267' title='bbox 533 2373 708 2429; x_wconf 81' lang='lat' dir='ltr'><strong>sciant</strong></span> <span class='ocrx_word' id='word_1_268' title='bbox 733 2388 792 2430; x_wconf 89' lang='lat' dir='ltr'><strong>se</strong></span> <span class='ocrx_word' id='word_1_269' title='bbox 823 2375 1010 2443; x_wconf 64' lang='lat' dir='ltr'><strong>patria:</strong></span> <span class='ocrx_word' id='word_1_270' title='bbox 1035 2414 1051 2440; x_wconf 95' lang='lat'><strong>,</strong></span> <span class='ocrx_word' id='word_1_271' title='bbox 1072 2376 1157 2429; x_wconf 91' lang='lat' dir='ltr'><strong>cui</strong></span> <span class='ocrx_word' id='word_1_272' title='bbox 1185 2383 1292 2429; x_wconf 87' lang='lat' dir='ltr'><strong>tam</strong></span> <span class='ocrx_word' id='word_1_273' title='bbox 1324 2376 1467 2430; x_wconf 91' lang='lat' dir='ltr'><strong>male</strong></span> <span class='ocrx_word' id='word_1_274' title='bbox 1495 2375 1817 2442; x_wconf 88' lang='lat' dir='ltr'><strong>consulunt,</strong></span> 
     </span>
    </p>
   </div>
   <div class='ocr_carea' id='block_1_39' title="bbox 225 2466 1818 2536">
    <p class='ocr_par' dir='ltr' id='par_1_39' title="bbox 225 2466 1818 2536">
     <span class='ocr_line' id='line_1_39' title="bbox 225 2466 1818 2536; baseline 0 -12"><span class='ocrx_word' id='word_1_275' title='bbox 225 2468 553 2524; x_wconf 79' lang='lat' dir='ltr'><strong>habitatione</strong></span> <span class='ocrx_word' id='word_1_276' title='bbox 584 2466 881 2536; x_wconf 84' lang='lat' dir='ltr'><strong>pellendos,</strong></span> <span class='ocrx_word' id='word_1_277' title='bbox 913 2481 976 2522; x_wconf 92' lang='lat' dir='ltr'><strong>ac</strong></span> <span class='ocrx_word' id='word_1_278' title='bbox 1002 2475 1205 2522; x_wconf 88' lang='lat' dir='ltr'><strong>tantum</strong></span> <span class='ocrx_word' id='word_1_279' title='bbox 1233 2467 1302 2522; x_wconf 85' lang='lat' dir='ltr'><strong>de</strong></span> <span class='ocrx_word' id='word_1_280' title='bbox 1325 2468 1439 2523; x_wconf 82' lang='lat' dir='ltr'><strong>suis</strong></span> <span class='ocrx_word' id='word_1_281' title='bbox 1471 2467 1818 2524; x_wconf 81' lang='lat' dir='ltr'><strong>facultatibus</strong></span> 
     </span>
    </p>
   </div>
   <div class='ocr_carea' id='block_1_40' title="bbox 225 2557 1563 2629">
    <p class='ocr_par' dir='ltr' id='par_1_40' title="bbox 225 2557 1563 2629">
     <span class='ocr_line' id='line_1_40' title="bbox 225 2557 1563 2629; baseline -0.002 -14"><span class='ocrx_word' id='word_1_282' title='bbox 225 2561 520 2616; x_wconf 87' lang='lat' dir='ltr'><strong>eruendum</strong></span> <span class='ocrx_word' id='word_1_283' title='bbox 540 2600 556 2626; x_wconf 95' lang='lat'><strong>,</strong></span> <span class='ocrx_word' id='word_1_284' title='bbox 585 2557 821 2629; x_wconf 85' lang='lat' dir='ltr'><strong>liscoque</strong></span> <span class='ocrx_word' id='word_1_285' title='bbox 849 2567 1033 2613; x_wconf 88' lang='lat' dir='ltr'><strong>nostro</strong></span> <span class='ocrx_word' id='word_1_286' title='bbox 1062 2573 1183 2614; x_wconf 88' lang='lat' dir='ltr'><strong>esse</strong></span> <span class='ocrx_word' id='word_1_287' title='bbox 1216 2559 1563 2628; x_wconf 89' lang='lat' dir='ltr'><strong>promissum.</strong></span> 
     </span>
    </p>
   </div>
   <div class='ocr_carea' id='block_1_41' title="bbox 297 2651 1824 2724">
    <p class='ocr_par' dir='ltr' id='par_1_41' title="bbox 297 2651 1824 2724">
     <span class='ocr_line' id='line_1_41' title="bbox 297 2651 1824 2724; baseline 0.001 -17"><span class='ocrx_word' id='word_1_288' title='bbox 297 2651 324 2691; x_wconf 71' lang='grc' dir='ltr'>δ</span> <span class='ocrx_word' id='word_1_289' title='bbox 358 2653 616 2707; x_wconf 81' lang='lat' dir='ltr'><strong>Facescat</strong></span> <span class='ocrx_word' id='word_1_290' title='bbox 643 2651 803 2722; x_wconf 87' lang='lat' dir='ltr'><strong>igitur</strong></span> <span class='ocrx_word' id='word_1_291' title='bbox 830 2651 899 2707; x_wconf 92' lang='lat' dir='ltr'><strong>ab</strong></span> <span class='ocrx_word' id='word_1_292' title='bbox 931 2651 1186 2708; x_wconf 79' lang='lat' dir='ltr'><strong>Ecclesiis</strong></span> <span class='ocrx_word' id='word_1_293' title='bbox 1210 2651 1354 2709; x_wconf 66' lang='lat' dir='ltr'><strong>fieda</strong></span> <span class='ocrx_word' id='word_1_294' title='bbox 1387 2655 1582 2723; x_wconf 87' lang='lat' dir='ltr'><strong>pariter</strong></span> <span class='ocrx_word' id='word_1_295' title='bbox 1604 2668 1666 2708; x_wconf 88' lang='lat' dir='ltr'><strong>ac</strong></span> <span class='ocrx_word' id='word_1_296' title='bbox 1699 2667 1824 2724; x_wconf 89' lang='lat' dir='ltr'><strong>pro-</strong></span> 
     </span>
    </p>
   </div>
   <div class='ocr_carea' id='block_1_42' title="bbox 226 2743 1819 2814">
    <p class='ocr_par' dir='ltr' id='par_1_42' title="bbox 226 2743 1819 2814">
     <span class='ocr_line' id='line_1_42' title="bbox 226 2743 1819 2814; baseline 0.002 -15"><span class='ocrx_word' id='word_1_297' title='bbox 226 2745 348 2799; x_wconf 87' lang='lat' dir='ltr'><strong>fana</strong></span> <span class='ocrx_word' id='word_1_298' title='bbox 372 2743 597 2799; x_wconf 87' lang='lat' dir='ltr'><strong>licitatio</strong></span> <span class='ocrx_word' id='word_1_299' title='bbox 624 2762 637 2796; x_wconf 89' lang='lat'>:</span> <span class='ocrx_word' id='word_1_300' title='bbox 667 2745 981 2800; x_wconf 87' lang='lat' dir='ltr'><strong>internuntii</strong></span> <span class='ocrx_word' id='word_1_301' title='bbox 1005 2745 1180 2814; x_wconf 90' lang='lat' dir='ltr'><strong>turpis</strong></span> <span class='ocrx_word' id='word_1_302' title='bbox 1213 2746 1370 2814; x_wconf 88' lang='lat' dir='ltr'><strong>pretii</strong></span> <span class='ocrx_word' id='word_1_303' title='bbox 1411 2747 1819 2814; x_wconf 84' lang='lat' dir='ltr'><strong>conquiescant.</strong></span> 
     </span>
    </p>
   </div>
   <div class='ocr_carea' id='block_1_43' title="bbox 227 2833 1827 2896">
    <p class='ocr_par' dir='ltr' id='par_1_43' title="bbox 227 2833 1827 2896">
     <span class='ocr_line' id='line_1_43' title="bbox 227 2833 1827 2896; baseline 0.003 -6"><span class='ocrx_word' id='word_1_304' title='bbox 227 2835 482 2892; x_wconf 66' lang='lat' dir='ltr'><strong>Caelesti:</strong></span> <span class='ocrx_word' id='word_1_305' title='bbox 528 2833 678 2890; x_wconf 82' lang='lat' dir='ltr'><strong>nefas</strong></span> <span class='ocrx_word' id='word_1_306' title='bbox 714 2845 792 2891; x_wconf 90' lang='lat' dir='ltr'><strong>est</strong></span> <span class='ocrx_word' id='word_1_307' title='bbox 835 2836 889 2890; x_wconf 93' lang='lat' dir='ltr'><strong>in</strong></span> <span class='ocrx_word' id='word_1_308' title='bbox 927 2836 1176 2892; x_wconf 88' lang='lat' dir='ltr'><strong>auctione</strong></span> <span class='ocrx_word' id='word_1_309' title='bbox 1204 2837 1478 2892; x_wconf 89' lang='lat' dir='ltr'><strong>constitui.</strong></span> <span class='ocrx_word' id='word_1_310' title='bbox 1528 2838 1827 2896; x_wconf 83' lang='lat' dir='ltr'><strong>Sacerdotii</strong></span> 
     </span>
    </p>
   </div>
   <div class='ocr_carea' id='block_1_44' title="bbox 178 2927 1826 3000">
    <p class='ocr_par' dir='ltr' id='par_1_44' title="bbox 178 2927 1826 3000">
     <span class='ocr_line' id='line_1_44' title="bbox 178 2927 1826 3000; baseline 0.002 -16"><span class='ocrx_word' id='word_1_311' title='bbox 178 2939 184 2947; x_wconf 84' lang='lat'><em>‘</em></span> <span class='ocrx_word' id='word_1_312' title='bbox 225 2943 504 3000; x_wconf 85' lang='lat' dir='ltr'><strong>magnum,</strong></span> <span class='ocrx_word' id='word_1_313' title='bbox 536 2935 594 2982; x_wconf 90' lang='lat' dir='ltr'><strong>ut</strong></span> <span class='ocrx_word' id='word_1_314' title='bbox 619 2927 820 2982; x_wconf 90' lang='lat' dir='ltr'><strong>dictum</strong></span> <span class='ocrx_word' id='word_1_315' title='bbox 852 2936 958 2994; x_wconf 91' lang='lat' dir='ltr'><strong>est,</strong></span> <span class='ocrx_word' id='word_1_316' title='bbox 990 2943 1126 2999; x_wconf 90' lang='lat' dir='ltr'><strong>opus</strong></span> <span class='ocrx_word' id='word_1_317' title='bbox 1156 2943 1261 2984; x_wconf 90' lang='lat' dir='ltr'><strong>non</strong></span> <span class='ocrx_word' id='word_1_318' title='bbox 1297 2929 1557 2998; x_wconf 88' lang='lat' dir='ltr'><strong>pecuniis,</strong></span> <span class='ocrx_word' id='word_1_319' title='bbox 1588 2933 1683 2987; x_wconf 89' lang='lat' dir='ltr'><strong>sed</strong></span> <span class='ocrx_word' id='word_1_320' title='bbox 1714 2947 1826 2988; x_wconf 84' lang='lat' dir='ltr'><strong>me-</strong></span> 
     </span>
    </p>
   </div>
   <div class='ocr_carea' id='block_1_45' title="bbox 225 3023 1830 3095">
    <p class='ocr_par' dir='ltr' id='par_1_45' title="bbox 225 3023 1830 3095">
     <span class='ocr_line' id='line_1_45' title="bbox 225 3023 1830 3095; baseline 0.001 -15"><span class='ocrx_word' id='word_1_321' title='bbox 225 3024 350 3081; x_wconf 85' lang='lat' dir='ltr'><strong>ritis</strong></span> <span class='ocrx_word' id='word_1_322' title='bbox 380 3023 678 3090; x_wconf 76' lang='lat' dir='ltr'><strong>ambiatu‘r;</strong></span> <span class='ocrx_word' id='word_1_323' title='bbox 717 3031 774 3078; x_wconf 90' lang='lat' dir='ltr'><strong>et</strong></span> <span class='ocrx_word' id='word_1_324' title='bbox 801 3026 1096 3079; x_wconf 90' lang='lat' dir='ltr'><strong>secundum</strong></span> <span class='ocrx_word' id='word_1_325' title='bbox 1140 3024 1443 3094; x_wconf 89' lang='lat' dir='ltr'><strong>priscorum</strong></span> <span class='ocrx_word' id='word_1_326' title='bbox 1474 3025 1709 3095; x_wconf 85' lang='lat' dir='ltr'><strong>regulam</strong></span> <span class='ocrx_word' id='word_1_327' title='bbox 1740 3041 1830 3081; x_wconf 84' lang='lat' dir='ltr'><strong>sa-</strong></span> 
     </span>
    </p>
   </div>
   <div class='ocr_carea' id='block_1_46' title="bbox 226 3117 1828 3188">
    <p class='ocr_par' dir='ltr' id='par_1_46' title="bbox 226 3117 1828 3188">
     <span class='ocr_line' id='line_1_46' title="bbox 226 3117 1828 3188; baseline 0 -14"><span class='ocrx_word' id='word_1_328' title='bbox 226 3118 507 3174; x_wconf 85' lang='lat' dir='ltr'><strong>cerdotum</strong></span> <span class='ocrx_word' id='word_1_329' title='bbox 544 3117 814 3186; x_wconf 82' lang='lat' dir='ltr'><strong>quantitas</strong></span> <span class='ocrx_word' id='word_1_330' title='bbox 844 3118 1181 3186; x_wconf 78' lang='lat' dir='ltr'><strong>poscentium</strong></span> <span class='ocrx_word' id='word_1_331' title='bbox 1212 3129 1265 3172; x_wconf 92' lang='lat' dir='ltr'><strong>et</strong></span> <span class='ocrx_word' id='word_1_332' title='bbox 1287 3117 1520 3187; x_wconf 85' lang='lat' dir='ltr'><strong>qualitas</strong></span> <span class='ocrx_word' id='word_1_333' title='bbox 1554 3117 1828 3188; x_wconf 90' lang='lat' dir='ltr'><strong>pondere-</strong></span> 
     </span>
    </p>
   </div>
   <div class='ocr_carea' id='block_1_47' title="bbox 230 3208 1825 3279">
    <p class='ocr_par' dir='ltr' id='par_1_47' title="bbox 230 3208 1825 3279">
     <span class='ocr_line' id='line_1_47' title="bbox 230 3208 1825 3279; baseline 0.001 -13"><span class='ocrx_word' id='word_1_334' title='bbox 230 3221 339 3275; x_wconf 86' lang='lat' dir='ltr'><strong>tur,</strong></span> <span class='ocrx_word' id='word_1_335' title='bbox 363 3210 472 3265; x_wconf 87' lang='lat' dir='ltr'><strong>vita</strong></span> <span class='ocrx_word' id='word_1_336' title='bbox 495 3209 1000 3279; x_wconf 82' lang='lat' dir='ltr'><strong>in&#39;spiciattirelecti.</strong></span> <span class='ocrx_word' id='word_1_337' title='bbox 1018 3208 1191 3265; x_wconf 87' lang='lat' dir='ltr'><strong>Nimis</strong></span> <span class='ocrx_word' id='word_1_338' title='bbox 1213 3211 1356 3265; x_wconf 92' lang='lat' dir='ltr'><strong>enim</strong></span> <span class='ocrx_word' id='word_1_339' title='bbox 1379 3209 1700 3266; x_wconf 85' lang='lat' dir='ltr'><strong>detestabile</strong></span> <span class='ocrx_word' id='word_1_340' title='bbox 1721 3221 1825 3278; x_wconf 90' lang='lat' dir='ltr'><strong>est,</strong></span> 
     </span>
    </p>
   </div>
   <div class='ocr_carea' id='block_1_48' title="bbox 232 3303 1826 3376">
    <p class='ocr_par' dir='ltr' id='par_1_48' title="bbox 232 3303 1826 3376">
     <span class='ocr_line' id='line_1_48' title="bbox 232 3303 1826 3376; baseline 0.001 -17"><span class='ocrx_word' id='word_1_341' title='bbox 232 3313 293 3360; x_wconf 90' lang='lat' dir='ltr'><strong>ut</strong></span> <span class='ocrx_word' id='word_1_342' title='bbox 317 3303 547 3374; x_wconf 83' lang='lat' dir='ltr'><strong>quilibet</strong></span> <span class='ocrx_word' id='word_1_343' title='bbox 575 3303 640 3358; x_wconf 90' lang='lat' dir='ltr'><strong>ad</strong></span> <span class='ocrx_word' id='word_1_344' title='bbox 670 3305 1010 3374; x_wconf 89' lang='lat' dir='ltr'><strong>episcopatus</strong></span> <span class='ocrx_word' id='word_1_345' title='bbox 1031 3305 1239 3373; x_wconf 90' lang='lat' dir='ltr'><strong>apicem</strong></span> <span class='ocrx_word' id='word_1_346' title='bbox 1270 3304 1452 3361; x_wconf 89' lang='lat' dir='ltr'><strong>illicita</strong></span> <span class='ocrx_word' id='word_1_347' title='bbox 1480 3307 1826 3376; x_wconf 90' lang='lat' dir='ltr'><strong>corruptione</strong></span> 
     </span>
    </p>
   </div>
   <div class='ocr_carea' id='block_1_49' title="bbox 229 3395 1826 3467">
    <p class='ocr_par' dir='ltr' id='par_1_49' title="bbox 229 3395 1826 3467">
     <span class='ocr_line' id='line_1_49' title="bbox 229 3395 1826 3467; baseline 0.001 -15"><span class='ocrx_word' id='word_1_348' title='bbox 229 3408 495 3454; x_wconf 85' lang='lat' dir='ltr'><strong>venturus</strong></span> <span class='ocrx_word' id='word_1_349' title='bbox 520 3438 536 3462; x_wconf 93' lang='lat'><strong>,</strong></span> <span class='ocrx_word' id='word_1_350' title='bbox 567 3395 829 3452; x_wconf 65' lang='lat' dir='ltr'><strong>Ecclesiae</strong></span> <span class='ocrx_word' id='word_1_351' title='bbox 867 3395 1154 3452; x_wconf 86' lang='lat' dir='ltr'><strong>facultates</strong></span> <span class='ocrx_word' id='word_1_352' title='bbox 1179 3438 1194 3462; x_wconf 91' lang='lat'><strong>,</strong></span> <span class='ocrx_word' id='word_1_353' title='bbox 1229 3411 1455 3467; x_wconf 87' lang='lat' dir='ltr'><strong>quarum</strong></span> <span class='ocrx_word' id='word_1_354' title='bbox 1486 3397 1826 3466; x_wconf 82' lang='lat' dir='ltr'><strong>dispensator</strong></span> 
     </span>
    </p>
   </div>
   <div class='ocr_carea' id='block_1_50' title="bbox 229 3488 1826 3562">
    <p class='ocr_par' dir='ltr' id='par_1_50' title="bbox 229 3488 1826 3562">
     <span class='ocr_line' id='line_1_50' title="bbox 229 3488 1826 3562; baseline 0 -15"><span class='ocrx_word' id='word_1_355' title='bbox 229 3490 404 3560; x_wconf 85' lang='lat' dir='ltr'><strong>magis</strong></span> <span class='ocrx_word' id='word_1_356' title='bbox 433 3489 594 3545; x_wconf 88' lang='lat' dir='ltr'><strong>debet</strong></span> <span class='ocrx_word' id='word_1_357' title='bbox 637 3488 764 3546; x_wconf 58' lang='lat' dir='ltr'><strong>esse</strong></span> <span class='ocrx_word' id='word_1_358' title='bbox 787 3505 946 3559; x_wconf 84' lang='lat' dir='ltr'><strong>quam</strong></span> <span class='ocrx_word' id='word_1_359' title='bbox 975 3489 1224 3545; x_wconf 86' lang='lat' dir='ltr'><strong>dominus</strong></span> <span class='ocrx_word' id='word_1_360' title='bbox 1243 3531 1259 3556; x_wconf 88' lang='lat'><strong>,</strong></span> <span class='ocrx_word' id='word_1_361' title='bbox 1311 3490 1462 3559; x_wconf 89' lang='lat' dir='ltr'><strong>prius</strong></span> <span class='ocrx_word' id='word_1_362' title='bbox 1488 3504 1627 3560; x_wconf 91' lang='lat' dir='ltr'><strong>pene</strong></span> <span class='ocrx_word' id='word_1_363' title='bbox 1665 3505 1826 3562; x_wconf 88' lang='lat' dir='ltr'><strong>quam</strong></span> 
     </span>
    </p>
   </div>
   <div class='ocr_carea' id='block_1_51' title="bbox 230 3583 1828 3652">
    <p class='ocr_par' dir='ltr' id='par_1_51' title="bbox 230 3583 1828 3652">
     <span class='ocr_line' id='line_1_51' title="bbox 230 3583 1828 3652; baseline 0.003 -14"><span class='ocrx_word' id='word_1_364' title='bbox 230 3583 562 3652; x_wconf 86' lang='lat' dir='ltr'><strong>adipiscatur</strong></span> <span class='ocrx_word' id='word_1_365' title='bbox 628 3583 929 3637; x_wconf 80' lang='lat' dir='ltr'><strong>exhauriat.</strong></span> <span class='ocrx_word' id='word_1_366' title='bbox 1002 3583 1208 3651; x_wconf 87' lang='lat' dir='ltr'><strong>Quibus</strong></span> <span class='ocrx_word' id='word_1_367' title='bbox 1257 3593 1457 3638; x_wconf 84' lang='lat' dir='ltr'><strong>nostrae</strong></span> <span class='ocrx_word' id='word_1_368' title='bbox 1520 3584 1828 3642; x_wconf 87' lang='lat' dir='ltr'><strong>serenitatis</strong></span> 
     </span>
    </p>
   </div>
   <div class='ocr_carea' id='block_1_52' title="bbox 231 3671 1826 3750">
    <p class='ocr_par' dir='ltr' id='par_1_52' title="bbox 231 3671 1826 3750">
     <span class='ocr_line' id='line_1_52' title="bbox 231 3671 1826 3750; baseline 0 -18"><span class='ocrx_word' id='word_1_369' title='bbox 231 3675 457 3750; x_wconf 83' lang='lat' dir='ltr'><strong>[Supplc</strong></span> <span class='ocrx_word' id='word_1_370' title='bbox 483 3671 746 3745; x_wconf 85' lang='lat' dir='ltr'><strong>apicibus]</strong></span> <span class='ocrx_word' id='word_1_371' title='bbox 772 3685 825 3730; x_wconf 92' lang='lat' dir='ltr'><strong>et</strong></span> <span class='ocrx_word' id='word_1_372' title='bbox 856 3689 1148 3745; x_wconf 90' lang='lat' dir='ltr'><strong>pravorum</strong></span> <span class='ocrx_word' id='word_1_373' title='bbox 1165 3686 1376 3732; x_wconf 88' lang='lat' dir='ltr'><strong>mentes</strong></span> <span class='ocrx_word' id='word_1_374' title='bbox 1405 3685 1653 3746; x_wconf 91' lang='lat' dir='ltr'><strong>putamus</strong></span> <span class='ocrx_word' id='word_1_375' title='bbox 1671 3691 1826 3732; x_wconf 90' lang='lat' dir='ltr'><strong>com-</strong></span> 
     </span>
    </p>
   </div>
   <div class='ocr_carea' id='block_1_53' title="bbox 232 3767 1829 3840">
    <p class='ocr_par' dir='ltr' id='par_1_53' title="bbox 232 3767 1829 3840">
     <span class='ocr_line' id='line_1_53' title="bbox 232 3767 1829 3840; baseline 0 -16"><span class='ocrx_word' id='word_1_376' title='bbox 232 3771 418 3840; x_wconf 84' lang='lat' dir='ltr'><strong>primi,</strong></span> <span class='ocrx_word' id='word_1_377' title='bbox 447 3778 502 3824; x_wconf 89' lang='lat' dir='ltr'><strong>et</strong></span> <span class='ocrx_word' id='word_1_378' title='bbox 523 3767 588 3822; x_wconf 85' lang='lat' dir='ltr'><strong>ad</strong></span> <span class='ocrx_word' id='word_1_379' title='bbox 605 3767 810 3837; x_wconf 78' lang='lat' dir='ltr'><strong>majora</strong></span> <span class='ocrx_word' id='word_1_380' title='bbox 840 3769 1017 3824; x_wconf 88' lang='lat' dir='ltr'><strong>studia</strong></span> <span class='ocrx_word' id='word_1_381' title='bbox 1036 3769 1328 3825; x_wconf 75' lang='lat' dir='ltr'><strong>cvirtutum</strong></span> <span class='ocrx_word' id='word_1_382' title='bbox 1359 3769 1529 3824; x_wconf 87' lang='lat' dir='ltr'><strong>bonas</strong></span> <span class='ocrx_word' id='word_1_383' title='bbox 1551 3770 1829 3824; x_wconf 86' lang='lat' dir='ltr'><strong>conscien-</strong></span> 
     </span>
    </p>
   </div>
   <div class='ocr_carea' id='block_1_54' title="bbox 231 3861 1826 3933">
    <p class='ocr_par' dir='ltr' id='par_1_54' title="bbox 231 3861 1826 3933">
     <span class='ocr_line' id='line_1_54' title="bbox 231 3861 1826 3933; baseline -0.001 -15"><span class='ocrx_word' id='word_1_384' title='bbox 231 3863 335 3918; x_wconf 88' lang='lat' dir='ltr'><strong>tias</strong></span> <span class='ocrx_word' id='word_1_385' title='bbox 361 3861 596 3917; x_wconf 88' lang='lat' dir='ltr'><strong>incitari.</strong></span> <span class='ocrx_word' id='word_1_386' title='bbox 624 3861 756 3918; x_wconf 89' lang='lat' dir='ltr'><strong>lllttd</strong></span> <span class='ocrx_word' id='word_1_387' title='bbox 776 3877 987 3933; x_wconf 89' lang='lat' dir='ltr'><strong>quoque</strong></span> <span class='ocrx_word' id='word_1_388' title='bbox 1011 3861 1077 3917; x_wconf 90' lang='lat' dir='ltr'><strong>de</strong></span> <span class='ocrx_word' id='word_1_389' title='bbox 1094 3862 1300 3931; x_wconf 87' lang='lat' dir='ltr'><strong>justitia</strong></span> <span class='ocrx_word' id='word_1_390' title='bbox 1318 3862 1706 3931; x_wconf 89' lang='lat' dir='ltr'><strong>omnipotentis</strong></span> <span class='ocrx_word' id='word_1_391' title='bbox 1730 3861 1826 3917; x_wconf 88' lang='lat' dir='ltr'><strong>Dei</strong></span> 
     </span>
    </p>
   </div>
   <div class='ocr_carea' id='block_1_55' title="bbox 226 3954 1827 4026">
    <p class='ocr_par' dir='ltr' id='par_1_55' title="bbox 226 3954 1827 4026">
     <span class='ocr_line' id='line_1_55' title="bbox 226 3954 1827 4026; baseline -0.002 -15"><span class='ocrx_word' id='word_1_392' title='bbox 226 3971 298 4011; x_wconf 82' lang='lat' dir='ltr'><strong>ac</strong></span> <span class='ocrx_word' id='word_1_393' title='bbox 329 3955 528 4026; x_wconf 73' lang='lat' dir='ltr'><strong>pieta&#39;e</strong></span> <span class='ocrx_word' id='word_1_394' title='bbox 557 3955 803 4011; x_wconf 77' lang='lat' dir='ltr'><strong>dubitare</strong></span> <span class='ocrx_word' id='word_1_395' title='bbox 829 3970 935 4010; x_wconf 93' lang='lat' dir='ltr'><strong>non</strong></span> <span class='ocrx_word' id='word_1_396' title='bbox 965 3969 1248 4025; x_wconf 89' lang='lat' dir='ltr'><strong>possumus</strong></span> <span class='ocrx_word' id='word_1_397' title='bbox 1273 3999 1287 4022; x_wconf 91' lang='lat'><strong>,</strong></span> <span class='ocrx_word' id='word_1_398' title='bbox 1323 3955 1532 4010; x_wconf 90' lang='lat' dir='ltr'><strong>facilius</strong></span> <span class='ocrx_word' id='word_1_399' title='bbox 1561 3970 1662 4010; x_wconf 90' lang='lat' dir='ltr'><strong>nos</strong></span> <span class='ocrx_word' id='word_1_400' title='bbox 1687 3954 1827 4010; x_wconf 82' lang='lat' dir='ltr'><strong>divi-</strong></span> 
     </span>
    </p>
   </div>
   <div class='ocr_carea' id='block_1_56' title="bbox 227 4045 1823 4117">
    <p class='ocr_par' dir='ltr' id='par_1_56' title="bbox 227 4045 1823 4117">
     <span class='ocr_line' id='line_1_56' title="bbox 227 4045 1823 4117; baseline -0.001 -14"><span class='ocrx_word' id='word_1_401' title='bbox 227 4047 319 4103; x_wconf 88' lang='lat' dir='ltr'><strong>nis</strong></span> <span class='ocrx_word' id='word_1_402' title='bbox 345 4045 566 4102; x_wconf 77' lang='lat' dir='ltr'><strong>auxiliis</strong></span> <span class='ocrx_word' id='word_1_403' title='bbox 598 4045 974 4117; x_wconf 81' lang='lat' dir='ltr'><strong>protegendos,</strong></span> <span class='ocrx_word' id='word_1_404' title='bbox 1008 4048 1091 4101; x_wconf 91' lang='lat' dir='ltr'><strong>cui</strong></span> <span class='ocrx_word' id='word_1_405' title='bbox 1134 4062 1228 4115; x_wconf 90' lang='lat' dir='ltr'><strong>per</strong></span> <span class='ocrx_word' id='word_1_406' title='bbox 1268 4046 1582 4101; x_wconf 91' lang='lat' dir='ltr'><strong>innocentes</strong></span> <span class='ocrx_word' id='word_1_407' title='bbox 1610 4055 1665 4101; x_wconf 91' lang='lat' dir='ltr'><strong>et</strong></span> <span class='ocrx_word' id='word_1_408' title='bbox 1694 4062 1823 4117; x_wconf 86' lang='lat' dir='ltr'><strong>pro-</strong></span> 
     </span>
    </p>
   </div>
   <div class='ocr_carea' id='block_1_57' title="bbox 227 4139 1822 4208">
    <p class='ocr_par' dir='ltr' id='par_1_57' title="bbox 227 4139 1822 4208">
     <span class='ocr_line' id='line_1_57' title="bbox 227 4139 1822 4208; baseline -0.002 -12"><span class='ocrx_word' id='word_1_409' title='bbox 227 4143 388 4196; x_wconf 83' lang='lat' dir='ltr'><strong>batos</strong></span> <span class='ocrx_word' id='word_1_410' title='bbox 418 4139 705 4208; x_wconf 76' lang='lat' dir='ltr'><strong>episcopos</strong></span> <span class='ocrx_word' id='word_1_411' title='bbox 729 4140 1128 4207; x_wconf 64' lang='lat' dir='ltr'><strong>omnipotentiae</strong></span> <span class='ocrx_word' id='word_1_412' title='bbox 1163 4139 1434 4207; x_wconf 87' lang='lat' dir='ltr'><strong>juvamina</strong></span> <span class='ocrx_word' id='word_1_413' title='bbox 1459 4140 1787 4207; x_wconf 80' lang='lat' dir='ltr'><strong>postulemus</strong></span> <span class='ocrx_word' id='word_1_414' title='bbox 1807 4180 1822 4204; x_wconf 97' lang='lat'><strong>,</strong></span> 
     </span>
    </p>
   </div>
   <div class='ocr_carea' id='block_1_58' title="bbox 230 4229 1823 4300">
    <p class='ocr_par' dir='ltr' id='par_1_58' title="bbox 230 4229 1823 4300">
     <span class='ocr_line' id='line_1_58' title="bbox 230 4229 1823 4300; baseline 0.001 -15"><span class='ocrx_word' id='word_1_415' title='bbox 230 4229 478 4287; x_wconf 82' lang='lat' dir='ltr'><strong>Himelco</strong></span> <span class='ocrx_word' id='word_1_416' title='bbox 513 4245 703 4299; x_wconf 86' lang='lat' dir='ltr'><strong>parcns</strong></span> <span class='ocrx_word' id='word_1_417' title='bbox 733 4230 1043 4286; x_wconf 80' lang='lat' dir='ltr'><strong>chatissitne</strong></span> <span class='ocrx_word' id='word_1_418' title='bbox 1073 4243 1235 4300; x_wconf 84' lang='lat' dir='ltr'><strong>atque</strong></span> <span class='ocrx_word' id='word_1_419' title='bbox 1257 4230 1641 4286; x_wconf 85' lang='lat' dir='ltr'><strong>amantissime.</strong></span> <span class='ocrx_word' id='word_1_420' title='bbox 1674 4231 1823 4286; x_wconf 77' lang='lat' dir='ltr'><strong>[inde</strong></span> 
     </span>
    </p>
   </div>
   <div class='ocr_carea' id='block_1_59' title="bbox 365 4392 1209 4464">
    <p class='ocr_par' dir='ltr' id='par_1_59' title="bbox 365 4392 1209 4464">
     <span class='ocr_line' id='line_1_59' title="bbox 365 4392 1209 4464; baseline -0.008 -15"><span class='ocrx_word' id='word_1_421' title='bbox 365 4397 494 4464; x_wconf 87' lang='lat' dir='ltr'><strong>Leg.</strong></span> <span class='ocrx_word' id='word_1_422' title='bbox 527 4394 803 4464; x_wconf 73' lang='lat' dir='ltr'><strong>puniendo,</strong></span> <span class='ocrx_word' id='word_1_423' title='bbox 840 4394 918 4447; x_wconf 79' lang='lat' dir='ltr'><strong>vel</strong></span> <span class='ocrx_word' id='word_1_424' title='bbox 954 4392 1209 4462; x_wconf 79' lang='lat' dir='ltr'><strong>pudenda.</strong></span> 
     </span>
    </p>
   </div>
   <div class='ocr_carea' id='block_1_60' title="bbox 303 4465 907 4534">
    <p class='ocr_par' dir='ltr' id='par_1_60' title="bbox 303 4465 907 4534">
     <span class='ocr_line' id='line_1_60' title="bbox 303 4465 907 4534; baseline -0.003 -12"><span class='ocrx_word' id='word_1_425' title='bbox 303 4468 331 4505; x_wconf 66' lang='grc' dir='ltr'>δ</span> <span class='ocrx_word' id='word_1_426' title='bbox 367 4468 543 4522; x_wconf 88' lang='lat' dir='ltr'><strong>Locus</strong></span> <span class='ocrx_word' id='word_1_427' title='bbox 566 4465 907 4534; x_wconf 84' lang='lat' dir='ltr'><strong>depravatus.</strong></span> 
     </span>
    </p>
   </div>
   <div class='ocr_carea' id='block_1_61' title="bbox 304 4533 1816 4602">
    <p class='ocr_par' dir='ltr' id='par_1_61' title="bbox 304 4533 1816 4602">
     <span class='ocr_line' id='line_1_61' title="bbox 304 4533 1816 4602; baseline 0 -13"><span class='ocrx_word' id='word_1_428' title='bbox 304 4550 328 4578; x_wconf 78' lang='grc' dir='ltr'><strong><em>ο</em></strong></span> <span class='ocrx_word' id='word_1_429' title='bbox 363 4536 498 4592; x_wconf 81' lang='lat' dir='ltr'><strong>Cod.</strong></span> <span class='ocrx_word' id='word_1_430' title='bbox 528 4577 545 4602; x_wconf 88' lang='lat'><strong>,</strong></span> <span class='ocrx_word' id='word_1_431' title='bbox 570 4533 755 4589; x_wconf 72' lang='lat' dir='ltr'><strong>virium</strong></span> <span class='ocrx_word' id='word_1_432' title='bbox 785 4537 910 4590; x_wconf 78' lang='lat' dir='ltr'><strong>bone</strong></span> <span class='ocrx_word' id='word_1_433' title='bbox 936 4536 1138 4590; x_wconf 78' lang='lat' dir='ltr'><strong>conscio</strong></span> <span class='ocrx_word' id='word_1_434' title='bbox 1167 4550 1183 4588; x_wconf 91' lang='lat'><em>:</em></span> <span class='ocrx_word' id='word_1_435' title='bbox 1214 4533 1545 4590; x_wconf 84' lang='lat' dir='ltr'><strong>correximus</strong></span> <span class='ocrx_word' id='word_1_436' title='bbox 1574 4536 1816 4590; x_wconf 83' lang='lat' dir='ltr'><strong>uirtutum</strong></span> 
     </span>
    </p>
   </div>
   <div class='ocr_carea' id='block_1_62' title="bbox 224 4605 1824 4677">
    <p class='ocr_par' dir='ltr' id='par_1_62' title="bbox 224 4605 1824 4677">
     <span class='ocr_line' id='line_1_62' title="bbox 224 4605 1824 4677; baseline -0.004 -11"><span class='ocrx_word' id='word_1_437' title='bbox 224 4611 392 4666; x_wconf 80' lang='lat' dir='ltr'><strong>bonas</strong></span> <span class='ocrx_word' id='word_1_438' title='bbox 415 4608 786 4662; x_wconf 78' lang='lat' dir='ltr'><strong>conscientias:</strong></span> <span class='ocrx_word' id='word_1_439' title='bbox 811 4621 932 4661; x_wconf 89' lang='lat' dir='ltr'><strong>nam</strong></span> <span class='ocrx_word' id='word_1_440' title='bbox 949 4617 1002 4662; x_wconf 91' lang='lat' dir='ltr'><strong>et</strong></span> <span class='ocrx_word' id='word_1_441' title='bbox 1017 4605 1510 4677; x_wconf 81' lang='lat' dir='ltr'><strong>insequentiedicw</strong></span> <span class='ocrx_word' id='word_1_442' title='bbox 1537 4607 1680 4662; x_wconf 74' lang='lat' dir='ltr'><strong>bona:</strong></span> <span class='ocrx_word' id='word_1_443' title='bbox 1700 4624 1824 4662; x_wconf 81' lang='lat' dir='ltr'><strong>con-</strong></span> 
     </span>
    </p>
   </div>
   <div class='ocr_carea' id='block_1_63' title="bbox 229 4679 978 4749">
    <p class='ocr_par' dir='ltr' id='par_1_63' title="bbox 229 4679 978 4749">
     <span class='ocr_line' id='line_1_63' title="bbox 229 4679 978 4749; baseline -0.004 -13"><span class='ocrx_word' id='word_1_444' title='bbox 229 4681 468 4736; x_wconf 76' lang='lat' dir='ltr'><strong>scientia:</strong></span> <span class='ocrx_word' id='word_1_445' title='bbox 493 4679 729 4749; x_wconf 64' lang='lat' dir='ltr'><strong>meritum</strong></span> <span class='ocrx_word' id='word_1_446' title='bbox 762 4679 978 4749; x_wconf 85' lang='lat' dir='ltr'><strong>legitur.</strong></span> 
     </span>
    </p>
   </div>
   <div class='ocr_carea' id='block_1_64' title="bbox 298 4747 1825 4820">
    <p class='ocr_par' dir='ltr' id='par_1_64' title="bbox 298 4747 1825 4820">
     <span class='ocr_line' id='line_1_64' title="bbox 298 4747 1825 4820; baseline -0.001 -14"><span class='ocrx_word' id='word_1_447' title='bbox 298 4757 326 4788; x_wconf 70' lang='grc' dir='ltr'><strong>ιι</strong></span> <span class='ocrx_word' id='word_1_448' title='bbox 365 4751 524 4815; x_wconf 79' lang='grc' dir='ltr'><strong>Οοι1.,</strong></span> <span class='ocrx_word' id='word_1_449' title='bbox 561 4747 748 4803; x_wconf 83' lang='lat' dir='ltr'><strong>Datum</strong></span> <span class='ocrx_word' id='word_1_450' title='bbox 770 4747 968 4820; x_wconf 57' lang='lat' dir='ltr'><strong>sidus,</strong></span> <span class='ocrx_word' id='word_1_451' title='bbox 1008 4748 1180 4804; x_wconf 89' lang='lat' dir='ltr'><strong>male:</strong></span> <span class='ocrx_word' id='word_1_452' title='bbox 1210 4765 1244 4803; x_wconf 74' lang='grc' dir='ltr'><strong>ι</strong></span> <span class='ocrx_word' id='word_1_453' title='bbox 1273 4762 1369 4819; x_wconf 91' lang='lat' dir='ltr'><strong>pro</strong></span> <span class='ocrx_word' id='word_1_454' title='bbox 1396 4765 1428 4805; x_wconf 88' lang='lat' dir='ltr'><strong>v</strong></span> <span class='ocrx_word' id='word_1_455' title='bbox 1451 4748 1724 4820; x_wconf 90' lang='lat' dir='ltr'><strong>productis</strong></span> <span class='ocrx_word' id='word_1_456' title='bbox 1747 4751 1825 4805; x_wconf 87' lang='lat' dir='ltr'><strong>la-</strong></span> 
     </span>
    </p>
   </div>
   <div class='ocr_carea' id='block_1_65' title="bbox 225 4819 867 4889">
    <p class='ocr_par' dir='ltr' id='par_1_65' title="bbox 225 4819 867 4889">
     <span class='ocr_line' id='line_1_65' title="bbox 225 4819 867 4889; baseline -0.009 -9"><span class='ocrx_word' id='word_1_457' title='bbox 225 4825 443 4880; x_wconf 84' lang='lat' dir='ltr'><strong>teribus</strong></span> <span class='ocrx_word' id='word_1_458' title='bbox 473 4821 729 4889; x_wconf 88' lang='lat' dir='ltr'><strong>scriptum</strong></span> <span class='ocrx_word' id='word_1_459' title='bbox 754 4819 867 4875; x_wconf 88' lang='lat' dir='ltr'><strong>fuit.</strong></span> 
     </span>
    </p>
   </div>
   <div class='ocr_carea' id='block_1_66' title="bbox 302 4893 625 4947">
    <p class='ocr_par' dir='ltr' id='par_1_66' title="bbox 302 4893 625 4947">
     <span class='ocr_line' id='line_1_66' title="bbox 302 4893 625 4947; baseline -0.003 0"><span class='ocrx_word' id='word_1_460' title='bbox 302 4906 328 4932; x_wconf 73' lang='grc' dir='ltr'>θ</span> <span class='ocrx_word' id='word_1_461' title='bbox 363 4895 469 4947; x_wconf 84' lang='lat' dir='ltr'><strong>An.</strong></span> <span class='ocrx_word' id='word_1_462' title='bbox 499 4893 625 4946; x_wconf 75' lang='grc'><strong>475.</strong></span> 
     </span>
    </p>
   </div>
   <div class='ocr_carea' id='block_1_67' title="bbox 306 4961 1824 5036">
    <p class='ocr_par' dir='ltr' id='par_1_67' title="bbox 306 4961 1824 5036">
     <span class='ocr_line' id='line_1_67' title="bbox 306 4961 1824 5036; baseline 0 -18"><span class='ocrx_word' id='word_1_463' title='bbox 306 4966 327 5002; x_wconf 72' lang='grc' dir='ltr'>ί</span> <span class='ocrx_word' id='word_1_464' title='bbox 358 4963 716 5036; x_wconf 65' lang='lat' dir='ltr'><strong>Nihitmirum</strong></span> <span class='ocrx_word' id='word_1_465' title='bbox 740 4962 808 5036; x_wconf 83' lang='lat' dir='ltr'><strong>sit</strong></span> <span class='ocrx_word' id='word_1_466' title='bbox 839 4962 1202 5036; x_wconf 85' lang='lat' dir='ltr'><strong>Himelconem</strong></span> <span class='ocrx_word' id='word_1_467' title='bbox 1221 4961 1543 5036; x_wconf 82' lang='lat' dir='ltr'><strong>praefectum</strong></span> <span class='ocrx_word' id='word_1_468' title='bbox 1572 4963 1824 5036; x_wconf 63' lang='lat' dir='ltr'><strong>praetorio</strong></span> 
     </span>
    </p>
   </div>
   <div class='ocr_carea' id='block_1_68' title="bbox 228 5033 1828 5106">
    <p class='ocr_par' dir='ltr' id='par_1_68' title="bbox 228 5033 1828 5106">
     <span class='ocr_line' id='line_1_68' title="bbox 228 5033 1828 5106; baseline -0.001 -14"><span class='ocrx_word' id='word_1_469' title='bbox 228 5037 426 5098; x_wconf 76' lang='lat' dir='ltr'><strong>Italiae,</strong></span> <span class='ocrx_word' id='word_1_470' title='bbox 460 5033 526 5088; x_wconf 91' lang='lat' dir='ltr'><strong>ad</strong></span> <span class='ocrx_word' id='word_1_471' title='bbox 558 5049 713 5106; x_wconf 84' lang='lat' dir='ltr'><strong>quem</strong></span> <span class='ocrx_word' id='word_1_472' title='bbox 740 5033 825 5088; x_wconf 81' lang='lat' dir='ltr'><strong>lex</strong></span> <span class='ocrx_word' id='word_1_473' title='bbox 855 5034 1165 5106; x_wconf 68' lang='lat' dir='ltr'><strong>prwcedens</strong></span> <span class='ocrx_word' id='word_1_474' title='bbox 1187 5033 1254 5086; x_wconf 89' lang='lat' dir='ltr'><strong>ab</strong></span> <span class='ocrx_word' id='word_1_475' title='bbox 1285 5033 1606 5106; x_wconf 78' lang='lat' dir='ltr'><strong>imperatore</strong></span> <span class='ocrx_word' id='word_1_476' title='bbox 1635 5035 1828 5106; x_wconf 79' lang='lat' dir='ltr'><strong>Glyce-</strong></span> 
     </span>
    </p>
   </div>
   <div class='ocr_carea' id='block_1_69' title="bbox 225 5104 1826 5172">
    <p class='ocr_par' dir='ltr' id='par_1_69' title="bbox 225 5104 1826 5172">
     <span class='ocr_line' id='line_1_69' title="bbox 225 5104 1826 5172; baseline -0.001 -9"><span class='ocrx_word' id='word_1_477' title='bbox 225 5111 315 5163; x_wconf 86' lang='lat' dir='ltr'><strong>rio</strong></span> <span class='ocrx_word' id='word_1_478' title='bbox 374 5107 582 5161; x_wconf 86' lang='lat' dir='ltr'><strong>directa</strong></span> <span class='ocrx_word' id='word_1_479' title='bbox 624 5104 762 5170; x_wconf 86' lang='lat' dir='ltr'><strong>fuit,</strong></span> <span class='ocrx_word' id='word_1_480' title='bbox 797 5108 847 5160; x_wconf 91' lang='lat' dir='ltr'><strong>in</strong></span> <span class='ocrx_word' id='word_1_481' title='bbox 874 5120 935 5160; x_wconf 89' lang='lat' dir='ltr'><strong>ea</strong></span> <span class='ocrx_word' id='word_1_482' title='bbox 961 5104 1339 5172; x_wconf 84' lang='lat' dir='ltr'><strong>promulganda</strong></span> <span class='ocrx_word' id='word_1_483' title='bbox 1387 5105 1547 5160; x_wconf 91' lang='lat' dir='ltr'><strong>trium</strong></span> <span class='ocrx_word' id='word_1_484' title='bbox 1595 5104 1826 5162; x_wconf 82' lang='lat' dir='ltr'><strong>aliorum</strong></span> 
     </span>
    </p>
   </div>
   <div class='ocr_carea' id='block_1_70' title="bbox 227 5176 1829 5248">
    <p class='ocr_par' dir='ltr' id='par_1_70' title="bbox 227 5176 1829 5248">
     <span class='ocr_line' id='line_1_70' title="bbox 227 5176 1829 5248; baseline -0.002 -14"><span class='ocrx_word' id='word_1_485' title='bbox 227 5178 613 5248; x_wconf 63' lang='lat' dir='ltr'><strong>prmfectornm</strong></span> <span class='ocrx_word' id='word_1_486' title='bbox 649 5178 917 5244; x_wconf 68' lang='lat' dir='ltr'><strong>praetorio,</strong></span> <span class='ocrx_word' id='word_1_487' title='bbox 949 5177 1210 5248; x_wconf 82' lang='lat' dir='ltr'><strong>Dioscori,</strong></span> <span class='ocrx_word' id='word_1_488' title='bbox 1257 5176 1528 5248; x_wconf 82' lang='lat' dir='ltr'><strong>Aureliani</strong></span> <span class='ocrx_word' id='word_1_489' title='bbox 1557 5186 1608 5232; x_wconf 92' lang='lat' dir='ltr'><strong>et</strong></span> <span class='ocrx_word' id='word_1_490' title='bbox 1643 5178 1829 5232; x_wconf 85' lang='lat' dir='ltr'><strong>Prota-</strong></span> 
     </span>
    </p>
   </div>
   <div class='ocr_carea' id='block_1_71' title="bbox 224 5245 1822 5316">
    <p class='ocr_par' dir='ltr' id='par_1_71' title="bbox 224 5245 1822 5316">
     <span class='ocr_line' id='line_1_71' title="bbox 224 5245 1822 5316; baseline -0.001 -12"><span class='ocrx_word' id='word_1_491' title='bbox 224 5245 302 5305; x_wconf 86' lang='lat' dir='ltr'><strong>dii</strong></span> <span class='ocrx_word' id='word_1_492' title='bbox 335 5250 553 5304; x_wconf 87' lang='lat' dir='ltr'><strong>nomina</strong></span> <span class='ocrx_word' id='word_1_493' title='bbox 581 5247 735 5302; x_wconf 90' lang='lat' dir='ltr'><strong>titulo</strong></span> <span class='ocrx_word' id='word_1_494' title='bbox 765 5247 1124 5316; x_wconf 84' lang='lat' dir='ltr'><strong>inscripsisse.</strong></span> <span class='ocrx_word' id='word_1_495' title='bbox 1151 5245 1279 5300; x_wconf 85' lang='lat' dir='ltr'><strong>Nam</strong></span> <span class='ocrx_word' id='word_1_496' title='bbox 1300 5257 1352 5301; x_wconf 91' lang='lat' dir='ltr'><strong>et</strong></span> <span class='ocrx_word' id='word_1_497' title='bbox 1387 5247 1650 5302; x_wconf 87' lang='lat' dir='ltr'><strong>Palladius</strong></span> <span class='ocrx_word' id='word_1_498' title='bbox 1684 5264 1822 5314; x_wconf 69' lang='lat' dir='ltr'><strong>prte-</strong></span> 
     </span>
    </p>
   </div>
   <div class='ocr_carea' id='block_1_72' title="bbox 229 5317 1822 5388">
    <p class='ocr_par' dir='ltr' id='par_1_72' title="bbox 229 5317 1822 5388">
     <span class='ocr_line' id='line_1_72' title="bbox 229 5317 1822 5388; baseline -0.002 -12"><span class='ocrx_word' id='word_1_499' title='bbox 229 5321 407 5377; x_wconf 78' lang='lat' dir='ltr'><strong>fectus</strong></span> <span class='ocrx_word' id='word_1_500' title='bbox 443 5318 692 5388; x_wconf 69' lang='lat' dir='ltr'><strong>praetorio</strong></span> <span class='ocrx_word' id='word_1_501' title='bbox 721 5319 886 5374; x_wconf 70' lang='lat' dir='ltr'><strong>Italire</strong></span> <span class='ocrx_word' id='word_1_502' title='bbox 913 5320 965 5372; x_wconf 92' lang='lat' dir='ltr'><strong>in</strong></span> <span class='ocrx_word' id='word_1_503' title='bbox 996 5317 1200 5373; x_wconf 70' lang='lat' dir='ltr'><strong>edi-uda</strong></span> <span class='ocrx_word' id='word_1_504' title='bbox 1232 5318 1451 5372; x_wconf 90' lang='lat' dir='ltr'><strong>llonorii</strong></span> <span class='ocrx_word' id='word_1_505' title='bbox 1484 5318 1599 5388; x_wconf 83' lang='lat' dir='ltr'><strong>lege</strong></span> <span class='ocrx_word' id='word_1_506' title='bbox 1628 5318 1822 5374; x_wconf 75' lang='lat' dir='ltr'><strong>adven-</strong></span> 
     </span>
    </p>
   </div>
   <div class='ocr_carea' id='block_1_73' title="bbox 226 5389 1832 5460">
    <p class='ocr_par' dir='ltr' id='par_1_73' title="bbox 226 5389 1832 5460">
     <span class='ocr_line' id='line_1_73' title="bbox 226 5389 1832 5460; baseline -0.002 -13"><span class='ocrx_word' id='word_1_507' title='bbox 226 5408 326 5447; x_wconf 89' lang='lat' dir='ltr'><strong>sus</strong></span> <span class='ocrx_word' id='word_1_508' title='bbox 347 5391 620 5457; x_wconf 75' lang='lat' dir='ltr'><strong>Pelagium</strong></span> <span class='ocrx_word' id='word_1_509' title='bbox 648 5397 702 5443; x_wconf 87' lang='lat' dir='ltr'><strong>et</strong></span> <span class='ocrx_word' id='word_1_510' title='bbox 727 5389 1035 5446; x_wconf 77' lang='lat' dir='ltr'><strong>Ctelestium</strong></span> <span class='ocrx_word' id='word_1_511' title='bbox 1055 5390 1192 5443; x_wconf 92' lang='lat' dir='ltr'><strong>duos</strong></span> <span class='ocrx_word' id='word_1_512' title='bbox 1219 5390 1352 5443; x_wconf 85' lang='lat' dir='ltr'><strong>alios</strong></span> <span class='ocrx_word' id='word_1_513' title='bbox 1383 5389 1668 5458; x_wconf 72' lang='lat' dir='ltr'><strong>prmfectos</strong></span> <span class='ocrx_word' id='word_1_514' title='bbox 1695 5407 1832 5460; x_wconf 75' lang='lat' dir='ltr'><strong>prze-</strong></span> 
     </span>
    </p>
   </div>
   <div class='ocr_carea' id='block_1_74' title="bbox 228 5460 1832 5529">
    <p class='ocr_par' dir='ltr' id='par_1_74' title="bbox 228 5460 1832 5529">
     <span class='ocr_line' id='line_1_74' title="bbox 228 5460 1832 5529; baseline -0.001 -11"><span class='ocrx_word' id='word_1_515' title='bbox 228 5464 377 5518; x_wconf 88' lang='lat' dir='ltr'><strong>torio</strong></span> <span class='ocrx_word' id='word_1_516' title='bbox 400 5464 456 5516; x_wconf 91' lang='lat' dir='ltr'><strong>in</strong></span> <span class='ocrx_word' id='word_1_517' title='bbox 487 5461 837 5529; x_wconf 88' lang='lat' dir='ltr'><strong>inscriptione</strong></span> <span class='ocrx_word' id='word_1_518' title='bbox 875 5463 1032 5517; x_wconf 86' lang='lat' dir='ltr'><strong>edicti</strong></span> <span class='ocrx_word' id='word_1_519' title='bbox 1061 5461 1308 5516; x_wconf 87' lang='lat' dir='ltr'><strong>similiter</strong></span> <span class='ocrx_word' id='word_1_520' title='bbox 1336 5463 1619 5526; x_wconf 73' lang='lat' dir='ltr'><strong>expressit.</strong></span> <span class='ocrx_word' id='word_1_521' title='bbox 1642 5460 1832 5516; x_wconf 76' lang='lat' dir='ltr'><strong>Junius</strong></span> 
     </span>
    </p>
   </div>
   <div class='ocr_carea' id='block_1_75' title="bbox 229 5527 1830 5603">
    <p class='ocr_par' dir='ltr' id='par_1_75' title="bbox 229 5527 1830 5603">
     <span class='ocr_line' id='line_1_75' title="bbox 229 5527 1830 5603; baseline -0.002 -15"><span class='ocrx_word' id='word_1_522' title='bbox 229 5535 468 5600; x_wconf 81' lang='lat' dir='ltr'><strong>Quartus</strong></span> <span class='ocrx_word' id='word_1_523' title='bbox 500 5527 790 5597; x_wconf 74' lang='lat' dir='ltr'><strong>Palladius,</strong></span> <span class='ocrx_word' id='word_1_524' title='bbox 823 5532 1178 5599; x_wconf 73' lang='lat' dir='ltr'><strong>Monaxius,et</strong></span> <span class='ocrx_word' id='word_1_525' title='bbox 1201 5532 1440 5603; x_wconf 78' lang='lat' dir='ltr'><strong>Agricola</strong></span> <span class='ocrx_word' id='word_1_526' title='bbox 1467 5531 1672 5603; x_wconf 72' lang='lat' dir='ltr'><strong>iterum,</strong></span> <span class='ocrx_word' id='word_1_527' title='bbox 1697 5548 1830 5601; x_wconf 73' lang='lat' dir='ltr'><strong>prae-</strong></span> 
     </span>
    </p>
   </div>
   <div class='ocr_carea' id='block_1_76' title="bbox 227 5601 1832 5674">
    <p class='ocr_par' dir='ltr' id='par_1_76' title="bbox 227 5601 1832 5674">
     <span class='ocr_line' id='line_1_76' title="bbox 227 5601 1832 5674; baseline -0.002 -14"><span class='ocrx_word' id='word_1_528' title='bbox 227 5605 358 5674; x_wconf 75' lang='lat' dir='ltr'><strong>[ecti</strong></span> <span class='ocrx_word' id='word_1_529' title='bbox 385 5603 642 5660; x_wconf 73' lang='lat' dir='ltr'><strong>Pratorio</strong></span> <span class='ocrx_word' id='word_1_530' title='bbox 671 5603 954 5660; x_wconf 68' lang='lat' dir='ltr'><strong>edixerunt.</strong></span> <span class='ocrx_word' id='word_1_531' title='bbox 982 5603 1114 5659; x_wconf 83' lang='lat' dir='ltr'><strong>Vide</strong></span> <span class='ocrx_word' id='word_1_532' title='bbox 1135 5601 1376 5659; x_wconf 79' lang='lat' dir='ltr'><strong>nostrum</strong></span> <span class='ocrx_word' id='word_1_533' title='bbox 1405 5601 1655 5660; x_wconf 84' lang='lat' dir='ltr'><strong>Codicem</strong></span> <span class='ocrx_word' id='word_1_534' title='bbox 1679 5617 1832 5657; x_wconf 85' lang='lat' dir='ltr'><strong>cano-</strong></span> 
     </span>
    </p>
   </div>
   <div class='ocr_carea' id='block_1_77' title="bbox 1851 3263 1900 3328">
    <p class='ocr_par' dir='ltr' id='par_1_77' title="bbox 1851 3263 1900 3328">
     <span class='ocr_line' id='line_1_77' title="bbox 1851 3263 1900 3328; baseline 0 0"><span class='ocrx_word' id='word_1_535' title='bbox 1851 3263 1900 3328; x_wconf 80' lang='grc' dir='ltr'>Ο</span> 
     </span>
    </p>
   </div>
   <div class='ocr_carea' id='block_1_78' title="bbox 1921 2007 3512 2077">
    <p class='ocr_par' dir='ltr' id='par_1_78' title="bbox 1921 2007 3512 2077">
     <span class='ocr_line' id='line_1_78' title="bbox 1921 2007 3512 2077; baseline 0 -18"><span class='ocrx_word' id='word_1_536' title='bbox 1921 2009 2064 2063; x_wconf 85' lang='lat' dir='ltr'><strong>derit</strong></span> <span class='ocrx_word' id='word_1_537' title='bbox 2093 2008 2418 2074; x_wconf 69' lang='lat' dir='ltr'><strong>constitutis,</strong></span> <span class='ocrx_word' id='word_1_538' title='bbox 2448 2008 2756 2063; x_wconf 67' lang='lat' dir='ltr'><strong>Ksermonis</strong></span> <span class='ocrx_word' id='word_1_539' title='bbox 2788 2009 2919 2077; x_wconf 87' lang='lat' dir='ltr'><strong>regii</strong></span> <span class='ocrx_word' id='word_1_540' title='bbox 2945 2009 2995 2061; x_wconf 93' lang='lat' dir='ltr'><strong>in</strong></span> <span class='ocrx_word' id='word_1_541' title='bbox 3028 2008 3278 2063; x_wconf 84' lang='lat' dir='ltr'><strong>antelatis</strong></span> <span class='ocrx_word' id='word_1_542' title='bbox 3306 2007 3512 2076; x_wconf 65' lang='lat' dir='ltr'><strong>praeful-</strong></span> 
     </span>
    </p>
   </div>
   <div class='ocr_carea' id='block_1_79' title="bbox 1921 2100 3515 2171">
    <p class='ocr_par' dir='ltr' id='par_1_79' title="bbox 1921 2100 3515 2171">
     <span class='ocr_line' id='line_1_79' title="bbox 1921 2100 3515 2171; baseline 0.001 -17"><span class='ocrx_word' id='word_1_543' title='bbox 1921 2110 2010 2170; x_wconf 79' lang='lat' dir='ltr'><strong>gct</strong></span> <span class='ocrx_word' id='word_1_544' title='bbox 2036 2101 2286 2167; x_wconf 85' lang='lat' dir='ltr'><strong>oraculis,</strong></span> <span class='ocrx_word' id='word_1_545' title='bbox 2327 2100 2538 2157; x_wconf 80' lang='lat' dir='ltr'><strong>scilicet</strong></span> <span class='ocrx_word' id='word_1_546' title='bbox 2568 2111 2625 2155; x_wconf 89' lang='lat' dir='ltr'><strong>ut</strong></span> <span class='ocrx_word' id='word_1_547' title='bbox 2653 2116 2772 2171; x_wconf 66' lang='lat' dir='ltr'><strong>qua!</strong></span> <span class='ocrx_word' id='word_1_548' title='bbox 2811 2100 2990 2156; x_wconf 76' lang='lat' dir='ltr'><strong>divina</strong></span> <span class='ocrx_word' id='word_1_549' title='bbox 3043 2110 3186 2164; x_wconf 88' lang='lat' dir='ltr'><strong>sunt,</strong></span> <span class='ocrx_word' id='word_1_550' title='bbox 3235 2100 3515 2155; x_wconf 85' lang='lat' dir='ltr'><strong>mundanis</strong></span> 
     </span>
    </p>
   </div>
   <div class='ocr_carea' id='block_1_80' title="bbox 1923 2177 3512 2264">
    <p class='ocr_par' dir='ltr' id='par_1_80' title="bbox 1923 2177 3512 2264">
     <span class='ocr_line' id='line_1_80' title="bbox 1923 2177 3512 2264; baseline 0.001 -17"><span class='ocrx_word' id='word_1_551' title='bbox 1923 2193 2190 2263; x_wconf 84' lang='lat' dir='ltr'><strong>suffragiis</strong></span> <span class='ocrx_word' id='word_1_552' title='bbox 2223 2210 2328 2248; x_wconf 91' lang='lat' dir='ltr'><strong>non</strong></span> <span class='ocrx_word' id='word_1_553' title='bbox 2355 2195 2629 2263; x_wconf 76' lang='lat' dir='ltr'><strong>iuventur,</strong></span> <span class='ocrx_word' id='word_1_554' title='bbox 2660 2177 2924 2264; x_wconf 79' lang='lat' dir='ltr'><strong>quatenus</strong></span> <span class='ocrx_word' id='word_1_555' title='bbox 2947 2194 3236 2249; x_wconf 87' lang='lat' dir='ltr'><strong>licitatione</strong></span> <span class='ocrx_word' id='word_1_556' title='bbox 3263 2194 3512 2249; x_wconf 81' lang='lat' dir='ltr'><strong>submota</strong></span> 
     </span>
    </p>
   </div>
   <div class='ocr_carea' id='block_1_81' title="bbox 1924 2283 3515 2357">
    <p class='ocr_par' dir='ltr' id='par_1_81' title="bbox 1924 2283 3515 2357">
     <span class='ocr_line' id='line_1_81' title="bbox 1924 2283 3515 2357; baseline -0.001 -16"><span class='ocrx_word' id='word_1_557' title='bbox 1924 2283 1949 2322; x_wconf 79' lang='grc'>¹¹</span> <span class='ocrx_word' id='word_1_558' title='bbox 1974 2287 2312 2357; x_wconf 88' lang='lat' dir='ltr'><strong>sublatisque</strong></span> <span class='ocrx_word' id='word_1_559' title='bbox 2341 2285 2563 2356; x_wconf 87' lang='lat' dir='ltr'><strong>piaculis</strong></span> <span class='ocrx_word' id='word_1_560' title='bbox 2592 2285 2910 2342; x_wconf 90' lang='lat' dir='ltr'><strong>delictorum</strong></span> <span class='ocrx_word' id='word_1_561' title='bbox 2936 2326 2954 2354; x_wconf 91' lang='lat'><strong>,</strong></span> <span class='ocrx_word' id='word_1_562' title='bbox 2985 2283 3353 2340; x_wconf 83' lang='lat' dir='ltr'><strong>sacerdotales</strong></span> <span class='ocrx_word' id='word_1_563' title='bbox 3373 2283 3515 2339; x_wconf 87' lang='lat' dir='ltr'><strong>infu-</strong></span> 
     </span>
    </p>
   </div>
   <div class='ocr_carea' id='block_1_82' title="bbox 1925 2379 3515 2450">
    <p class='ocr_par' dir='ltr' id='par_1_82' title="bbox 1925 2379 3515 2450">
     <span class='ocr_line' id='line_1_82' title="bbox 1925 2379 3515 2450; baseline 0 -16"><span class='ocrx_word' id='word_1_564' title='bbox 1925 2381 2005 2434; x_wconf 91' lang='lat' dir='ltr'><strong>las</strong></span> <span class='ocrx_word' id='word_1_565' title='bbox 2037 2381 2255 2450; x_wconf 85' lang='lat' dir='ltr'><strong>optimae</strong></span> <span class='ocrx_word' id='word_1_566' title='bbox 2282 2381 2627 2435; x_wconf 72' lang='lat' dir='ltr'><strong>conscientia:</strong></span> <span class='ocrx_word' id='word_1_567' title='bbox 2663 2379 2679 2418; x_wconf 80' lang='grc' dir='ltr'><strong>ί</strong></span> <span class='ocrx_word' id='word_1_568' title='bbox 2720 2394 2904 2434; x_wconf 89' lang='lat' dir='ltr'><strong>norma</strong></span> <span class='ocrx_word' id='word_1_569' title='bbox 2944 2379 3255 2449; x_wconf 83' lang='lat' dir='ltr'><strong>possideat,</strong></span> <span class='ocrx_word' id='word_1_570' title='bbox 3303 2394 3370 2434; x_wconf 91' lang='lat' dir='ltr'><strong>ne</strong></span> <span class='ocrx_word' id='word_1_571' title='bbox 3395 2394 3515 2450; x_wconf 86' lang='lat' dir='ltr'><strong>quae</strong></span> 
     </span>
    </p>
   </div>
   <div class='ocr_carea' id='block_1_83' title="bbox 1926 2473 3517 2546">
    <p class='ocr_par' dir='ltr' id='par_1_83' title="bbox 1926 2473 3517 2546">
     <span class='ocr_line' id='line_1_83' title="bbox 1926 2473 3517 2546; baseline 0 -18"><span class='ocrx_word' id='word_1_572' title='bbox 1926 2473 2194 2542; x_wconf 86' lang='lat' dir='ltr'><strong>religiosis</strong></span> <span class='ocrx_word' id='word_1_573' title='bbox 2222 2474 2388 2546; x_wconf 75' lang='lat'><strong>680</strong></span> <span class='ocrx_word' id='word_1_574' title='bbox 2437 2473 2869 2544; x_wconf 88' lang='lat' dir='ltr'><strong>erogationibus,</strong></span> <span class='ocrx_word' id='word_1_575' title='bbox 2916 2475 2982 2528; x_wconf 84' lang='lat' dir='ltr'><strong>ad</strong></span> <span class='ocrx_word' id='word_1_576' title='bbox 3022 2473 3408 2528; x_wconf 88' lang='lat' dir='ltr'><strong>conciliandam</strong></span> <span class='ocrx_word' id='word_1_577' title='bbox 3436 2474 3517 2528; x_wconf 87' lang='lat' dir='ltr'><strong>vi-</strong></span> 
     </span>
    </p>
   </div>
   <div class='ocr_carea' id='block_1_84' title="bbox 1926 2564 3516 2635">
    <p class='ocr_par' dir='ltr' id='par_1_84' title="bbox 1926 2564 3516 2635">
     <span class='ocr_line' id='line_1_84' title="bbox 1926 2564 3516 2635; baseline -0.001 -14"><span class='ocrx_word' id='word_1_578' title='bbox 1926 2566 2124 2621; x_wconf 86' lang='lat' dir='ltr'><strong>delicet</strong></span> <span class='ocrx_word' id='word_1_579' title='bbox 2141 2565 2335 2620; x_wconf 68' lang='lat' dir='ltr'><strong>divinat</strong></span> <span class='ocrx_word' id='word_1_580' title='bbox 2348 2565 2646 2622; x_wconf 60' lang='lat' dir='ltr'><strong>clementiae</strong></span> <span class='ocrx_word' id='word_1_581' title='bbox 2670 2566 3007 2635; x_wconf 74' lang='lat' dir='ltr'><strong>maiestatem</strong></span> <span class='ocrx_word' id='word_1_582' title='bbox 3027 2564 3285 2635; x_wconf 76' lang='lat' dir='ltr'><strong>proﬁt-ere</strong></span> <span class='ocrx_word' id='word_1_583' title='bbox 3305 2564 3516 2619; x_wconf 76' lang='lat' dir='ltr'><strong>debuis-</strong></span> 
     </span>
    </p>
   </div>
   <div class='ocr_carea' id='block_1_85' title="bbox 1927 2657 3515 2725">
    <p class='ocr_par' dir='ltr' id='par_1_85' title="bbox 1927 2657 3515 2725">
     <span class='ocr_line' id='line_1_85' title="bbox 1927 2657 3515 2725; baseline -0.002 -12"><span class='ocrx_word' id='word_1_584' title='bbox 1927 2666 2079 2724; x_wconf 88' lang='lat' dir='ltr'><strong>sent,</strong></span> <span class='ocrx_word' id='word_1_585' title='bbox 2106 2657 2174 2712; x_wconf 89' lang='lat' dir='ltr'><strong>ad</strong></span> <span class='ocrx_word' id='word_1_586' title='bbox 2200 2658 2369 2712; x_wconf 90' lang='lat' dir='ltr'><strong>instar</strong></span> <span class='ocrx_word' id='word_1_587' title='bbox 2405 2659 2744 2714; x_wconf 66' lang='lat' dir='ltr'><strong>saecularium</strong></span> <span class='ocrx_word' id='word_1_588' title='bbox 2792 2658 3318 2713; x_wconf 88' lang='lat' dir='ltr'><strong>administrationum</strong></span> <span class='ocrx_word' id='word_1_589' title='bbox 3341 2657 3395 2711; x_wconf 93' lang='lat' dir='ltr'><strong>in</strong></span> <span class='ocrx_word' id='word_1_590' title='bbox 3424 2672 3515 2725; x_wconf 89' lang='lat' dir='ltr'><strong>pa-</strong></span> 
     </span>
    </p>
   </div>
   <div class='ocr_carea' id='block_1_86' title="bbox 1930 2748 3518 2820">
    <p class='ocr_par' dir='ltr' id='par_1_86' title="bbox 1930 2748 3518 2820">
     <span class='ocr_line' id='line_1_86' title="bbox 1930 2748 3518 2820; baseline -0.004 -14"><span class='ocrx_word' id='word_1_591' title='bbox 1930 2750 2277 2806; x_wconf 88' lang='lat' dir='ltr'><strong>trociniorum</strong></span> <span class='ocrx_word' id='word_1_592' title='bbox 2323 2751 2768 2820; x_wconf 79' lang='lat' dir='ltr'><strong>acquisitioniltus</strong></span> <span class='ocrx_word' id='word_1_593' title='bbox 2805 2749 3156 2805; x_wconf 89' lang='lat' dir='ltr'><strong>funderentur</strong></span> <span class='ocrx_word' id='word_1_594' title='bbox 3186 2767 3198 2802; x_wconf 88' lang='lat'><strong>:</strong></span> <span class='ocrx_word' id='word_1_595' title='bbox 3225 2748 3366 2819; x_wconf 88' lang='lat' dir='ltr'><strong>quod</strong></span> <span class='ocrx_word' id='word_1_596' title='bbox 3393 2763 3518 2818; x_wconf 85' lang='lat' dir='ltr'><strong>pro-</strong></span> 
     </span>
    </p>
   </div>
   <div class='ocr_carea' id='block_1_87' title="bbox 1930 2842 3520 2913">
    <p class='ocr_par' dir='ltr' id='par_1_87' title="bbox 1930 2842 3520 2913">
     <span class='ocr_line' id='line_1_87' title="bbox 1930 2842 3520 2913; baseline 0.001 -17"><span class='ocrx_word' id='word_1_597' title='bbox 1930 2842 2069 2898; x_wconf 87' lang='lat' dir='ltr'><strong>fecto</strong></span> <span class='ocrx_word' id='word_1_598' title='bbox 2109 2843 2175 2897; x_wconf 91' lang='lat' dir='ltr'><strong>ad</strong></span> <span class='ocrx_word' id='word_1_599' title='bbox 2204 2843 2512 2897; x_wconf 78' lang='lat' dir='ltr'><strong>alimoniam</strong></span> <span class='ocrx_word' id='word_1_600' title='bbox 2542 2857 2836 2913; x_wconf 89' lang='lat' dir='ltr'><strong>pauperum</strong></span> <span class='ocrx_word' id='word_1_601' title='bbox 2871 2857 3023 2897; x_wconf 90' lang='lat' dir='ltr'><strong>mens</strong></span> <span class='ocrx_word' id='word_1_602' title='bbox 3049 2842 3241 2898; x_wconf 86' lang='lat' dir='ltr'><strong>devota</strong></span> <span class='ocrx_word' id='word_1_603' title='bbox 3272 2857 3520 2911; x_wconf 70' lang='lat' dir='ltr'><strong>superna:</strong></span> 
     </span>
    </p>
   </div>
   <div class='ocr_carea' id='block_1_88' title="bbox 1929 2933 3520 3004">
    <p class='ocr_par' dir='ltr' id='par_1_88' title="bbox 1929 2933 3520 3004">
     <span class='ocr_line' id='line_1_88' title="bbox 1929 2933 3520 3004; baseline 0 -14"><span class='ocrx_word' id='word_1_604' title='bbox 1929 2933 2218 3004; x_wconf 86' lang='lat' dir='ltr'><strong>majestati,</strong></span> <span class='ocrx_word' id='word_1_605' title='bbox 2241 2943 2422 2990; x_wconf 77' lang='lat' dir='ltr'><strong>etnon</strong></span> <span class='ocrx_word' id='word_1_606' title='bbox 2453 2949 2613 2989; x_wconf 57' lang='lat' dir='ltr'><strong>avt-ra</strong></span> <span class='ocrx_word' id='word_1_607' title='bbox 2641 2934 2960 2990; x_wconf 85' lang='lat' dir='ltr'><strong>contulerat.</strong></span> <span class='ocrx_word' id='word_1_608' title='bbox 2994 2934 3177 3004; x_wconf 85' lang='lat' dir='ltr'><strong>Neque</strong></span> <span class='ocrx_word' id='word_1_609' title='bbox 3205 2935 3348 2990; x_wconf 88' lang='lat' dir='ltr'><strong>enim</strong></span> <span class='ocrx_word' id='word_1_610' title='bbox 3375 2935 3520 3004; x_wconf 83' lang='lat' dir='ltr'><strong>quis-</strong></span> 
     </span>
    </p>
   </div>
   <div class='ocr_carea' id='block_1_89' title="bbox 1929 3026 3518 3098">
    <p class='ocr_par' dir='ltr' id='par_1_89' title="bbox 1929 3026 3518 3098">
     <span class='ocr_line' id='line_1_89' title="bbox 1929 3026 3518 3098; baseline 0.001 -17"><span class='ocrx_word' id='word_1_611' title='bbox 1929 3027 2069 3098; x_wconf 88' lang='lat' dir='ltr'><strong>piam</strong></span> <span class='ocrx_word' id='word_1_612' title='bbox 2107 3026 2346 3096; x_wconf 67' lang='lat' dir='ltr'><strong>prol‘anae</strong></span> <span class='ocrx_word' id='word_1_613' title='bbox 2374 3027 2689 3082; x_wconf 76' lang='lat' dir='ltr'><strong>intentionis</strong></span> <span class='ocrx_word' id='word_1_614' title='bbox 2722 3026 2736 3078; x_wconf 84' lang='lat' dir='ltr'><strong>i</strong></span> <span class='ocrx_word' id='word_1_615' title='bbox 2774 3027 3081 3093; x_wconf 77' lang='lat' dir='ltr'><strong>existeret,</strong></span> <span class='ocrx_word' id='word_1_616' title='bbox 3122 3026 3210 3098; x_wconf 89' lang='lat' dir='ltr'><strong>qui</strong></span> <span class='ocrx_word' id='word_1_617' title='bbox 3235 3035 3413 3083; x_wconf 85' lang='lat' dir='ltr'><strong>mente</strong></span> <span class='ocrx_word' id='word_1_618' title='bbox 3435 3040 3518 3082; x_wconf 65' lang='grc' dir='ltr'><strong>εδ-</strong></span> 
     </span>
    </p>
   </div>
   <div class='ocr_carea' id='block_1_90' title="bbox 1929 3116 3519 3189">
    <p class='ocr_par' dir='ltr' id='par_1_90' title="bbox 1929 3116 3519 3189">
     <span class='ocr_line' id='line_1_90' title="bbox 1929 3116 3519 3189; baseline -0.001 -15"><span class='ocrx_word' id='word_1_619' title='bbox 1929 3118 2127 3188; x_wconf 86' lang='lat' dir='ltr'><strong>crilega</strong></span> <span class='ocrx_word' id='word_1_620' title='bbox 2160 3118 2456 3174; x_wconf 81' lang='lat' dir='ltr'><strong>abhorrere</strong></span> <span class='ocrx_word' id='word_1_621' title='bbox 2489 3127 2593 3173; x_wconf 85' lang='lat' dir='ltr'><strong>tam</strong></span> <span class='ocrx_word' id='word_1_622' title='bbox 2634 3116 2881 3189; x_wconf 89' lang='lat' dir='ltr'><strong>religiosa</strong></span> <span class='ocrx_word' id='word_1_623' title='bbox 2904 3118 3098 3174; x_wconf 90' lang='lat' dir='ltr'><strong>debeat</strong></span> <span class='ocrx_word' id='word_1_624' title='bbox 3123 3117 3407 3172; x_wconf 86' lang='lat' dir='ltr'><strong>constituta</strong></span> <span class='ocrx_word' id='word_1_625' title='bbox 3437 3132 3519 3172; x_wconf 75' lang='lat' dir='ltr'><strong>sa~</strong></span> 
     </span>
    </p>
   </div>
   <div class='ocr_carea' id='block_1_91' title="bbox 1930 3209 3520 3280">
    <p class='ocr_par' dir='ltr' id='par_1_91' title="bbox 1930 3209 3520 3280">
     <span class='ocr_line' id='line_1_91' title="bbox 1930 3209 3520 3280; baseline 0 -16"><span class='ocrx_word' id='word_1_626' title='bbox 1930 3209 2144 3275; x_wconf 86' lang='lat' dir='ltr'><strong>cerdos,</strong></span> <span class='ocrx_word' id='word_1_627' title='bbox 2177 3210 2277 3265; x_wconf 89' lang='lat' dir='ltr'><strong>nisi</strong></span> <span class='ocrx_word' id='word_1_628' title='bbox 2301 3209 2470 3280; x_wconf 90' lang='lat' dir='ltr'><strong>quide</strong></span> <span class='ocrx_word' id='word_1_629' title='bbox 2501 3225 2613 3265; x_wconf 73' lang='lat' dir='ltr'><strong>sua:</strong></span> <span class='ocrx_word' id='word_1_630' title='bbox 2634 3210 3040 3280; x_wconf 89' lang='lat' dir='ltr'><strong>pollicitationis</strong></span> <span class='ocrx_word' id='word_1_631' title='bbox 3074 3209 3406 3265; x_wconf 88' lang='lat' dir='ltr'><strong>conscientia</strong></span> <span class='ocrx_word' id='word_1_632' title='bbox 3431 3224 3520 3264; x_wconf 60' lang='lat' dir='ltr'><strong>vo.</strong></span> 
     </span>
    </p>
   </div>
   <div class='ocr_carea' id='block_1_92' title="bbox 1934 3304 3520 3376">
    <p class='ocr_par' dir='ltr' id='par_1_92' title="bbox 1934 3304 3520 3376">
     <span class='ocr_line' id='line_1_92' title="bbox 1934 3304 3520 3376; baseline -0.001 -16"><span class='ocrx_word' id='word_1_633' title='bbox 1934 3305 2097 3361; x_wconf 90' lang='lat' dir='ltr'><strong>luerit</strong></span> <span class='ocrx_word' id='word_1_634' title='bbox 2128 3307 2396 3362; x_wconf 77' lang='lat' dir='ltr'><strong>confiteri.</strong></span> <span class='ocrx_word' id='word_1_635' title='bbox 2429 3305 2499 3362; x_wconf 88' lang='lat' dir='ltr'><strong>Ut</strong></span> <span class='ocrx_word' id='word_1_636' title='bbox 2529 3305 2673 3360; x_wconf 90' lang='lat' dir='ltr'><strong>enim</strong></span> <span class='ocrx_word' id='word_1_637' title='bbox 2699 3305 2815 3361; x_wconf 73' lang='lat' dir='ltr'><strong>btec</strong></span> <span class='ocrx_word' id='word_1_638' title='bbox 2850 3320 2970 3376; x_wconf 85' lang='lat' dir='ltr'><strong>quae</strong></span> <span class='ocrx_word' id='word_1_639' title='bbox 2992 3304 3209 3361; x_wconf 88' lang='lat' dir='ltr'><strong>decreta</strong></span> <span class='ocrx_word' id='word_1_640' title='bbox 3233 3313 3360 3359; x_wconf 89' lang='lat' dir='ltr'><strong>sunt</strong></span> <span class='ocrx_word' id='word_1_641' title='bbox 3385 3317 3520 3374; x_wconf 48' lang='lat' dir='ltr'><strong>prtes</strong></span> 
     </span>
    </p>
   </div>
   <div class='ocr_carea' id='block_1_93' title="bbox 1931 3396 3522 3468">
    <p class='ocr_par' dir='ltr' id='par_1_93' title="bbox 1931 3396 3522 3468">
     <span class='ocr_line' id='line_1_93' title="bbox 1931 3396 3522 3468; baseline -0.003 -13"><span class='ocrx_word' id='word_1_642' title='bbox 1931 3398 2250 3455; x_wconf 89' lang='lat' dir='ltr'><strong>dicabilibus</strong></span> <span class='ocrx_word' id='word_1_643' title='bbox 2278 3398 2518 3455; x_wconf 88' lang='lat' dir='ltr'><strong>moribus</strong></span> <span class='ocrx_word' id='word_1_644' title='bbox 2553 3399 2807 3468; x_wconf 89' lang='lat' dir='ltr'><strong>placitura</strong></span> <span class='ocrx_word' id='word_1_645' title='bbox 2832 3397 3175 3463; x_wconf 80' lang='lat' dir='ltr'><strong>conﬁdimus,</strong></span> <span class='ocrx_word' id='word_1_646' title='bbox 3203 3396 3274 3452; x_wconf 90' lang='lat' dir='ltr'><strong>ita</strong></span> <span class='ocrx_word' id='word_1_647' title='bbox 3301 3397 3522 3453; x_wconf 84' lang='lat' dir='ltr'><strong>deterio-</strong></span> 
     </span>
    </p>
   </div>
   <div class='ocr_carea' id='block_1_94' title="bbox 1933 3490 3522 3562">
    <p class='ocr_par' dir='ltr' id='par_1_94' title="bbox 1933 3490 3522 3562">
     <span class='ocr_line' id='line_1_94' title="bbox 1933 3490 3522 3562; baseline -0.001 -13"><span class='ocrx_word' id='word_1_648' title='bbox 1933 3510 2018 3549; x_wconf 90' lang='lat' dir='ltr'><strong>res</strong></span> <span class='ocrx_word' id='word_1_649' title='bbox 2051 3504 2259 3548; x_wconf 89' lang='lat' dir='ltr'><strong>mentes</strong></span> <span class='ocrx_word' id='word_1_650' title='bbox 2289 3509 2354 3547; x_wconf 80' lang='lat' dir='ltr'><strong>ex</strong></span> <span class='ocrx_word' id='word_1_651' title='bbox 2386 3492 2471 3548; x_wconf 87' lang='lat' dir='ltr'><strong>his</strong></span> <span class='ocrx_word' id='word_1_652' title='bbox 2507 3508 2630 3562; x_wconf 69' lang='lat' dir='ltr'><strong>qua:</strong></span> <span class='ocrx_word' id='word_1_653' title='bbox 2672 3491 2965 3548; x_wconf 88' lang='lat' dir='ltr'><strong>salubriter</strong></span> <span class='ocrx_word' id='word_1_654' title='bbox 3001 3490 3219 3546; x_wconf 82' lang='lat' dir='ltr'><strong>deﬁnita</strong></span> <span class='ocrx_word' id='word_1_655' title='bbox 3261 3500 3387 3546; x_wconf 91' lang='lat' dir='ltr'><strong>sunt</strong></span> <span class='ocrx_word' id='word_1_656' title='bbox 3417 3506 3522 3548; x_wconf 90' lang='lat' dir='ltr'><strong>non</strong></span> 
     </span>
    </p>
   </div>
   <div class='ocr_carea' id='block_1_95' title="bbox 1931 3584 3524 3654">
    <p class='ocr_par' dir='ltr' id='par_1_95' title="bbox 1931 3584 3524 3654">
     <span class='ocr_line' id='line_1_95' title="bbox 1931 3584 3524 3654; baseline -0.003 -12"><span class='ocrx_word' id='word_1_657' title='bbox 1931 3586 2239 3643; x_wconf 88' lang='lat' dir='ltr'><strong>dubitamus</strong></span> <span class='ocrx_word' id='word_1_658' title='bbox 2260 3585 2478 3642; x_wconf 82' lang='lat' dir='ltr'><strong>offendi.</strong></span> <span class='ocrx_word' id='word_1_659' title='bbox 2505 3584 2739 3641; x_wconf 88' lang='lat' dir='ltr'><strong>Proinde</strong></span> <span class='ocrx_word' id='word_1_660' title='bbox 2754 3585 2855 3641; x_wconf 91' lang='lat' dir='ltr'><strong>hoc</strong></span> <span class='ocrx_word' id='word_1_661' title='bbox 2886 3584 3099 3640; x_wconf 89' lang='lat' dir='ltr'><strong>edictali</strong></span> <span class='ocrx_word' id='word_1_662' title='bbox 3129 3593 3524 3654; x_wconf 78' lang='lat' dir='ltr'><strong>programmate</strong></span> 
     </span>
    </p>
   </div>
   <div class='ocr_carea' id='block_1_96' title="bbox 1935 3677 3523 3745">
    <p class='ocr_par' dir='ltr' id='par_1_96' title="bbox 1935 3677 3523 3745">
     <span class='ocr_line' id='line_1_96' title="bbox 1935 3677 3523 3745; baseline -0.003 -9"><span class='ocrx_word' id='word_1_663' title='bbox 1935 3683 2339 3737; x_wconf 85' lang='lat' dir='ltr'><strong>universitatem</strong></span> <span class='ocrx_word' id='word_1_664' title='bbox 2383 3681 2635 3738; x_wconf 78' lang='lat' dir='ltr'><strong>duximus</strong></span> <span class='ocrx_word' id='word_1_665' title='bbox 2665 3679 3111 3736; x_wconf 89' lang='lat' dir='ltr'><strong>commonendam</strong></span> <span class='ocrx_word' id='word_1_666' title='bbox 3134 3723 3148 3745; x_wconf 89' lang='lat'><strong>,</strong></span> <span class='ocrx_word' id='word_1_667' title='bbox 3191 3689 3248 3734; x_wconf 89' lang='lat' dir='ltr'><strong>ut</strong></span> <span class='ocrx_word' id='word_1_668' title='bbox 3274 3677 3300 3716; x_wconf 74' lang='grc' dir='ltr'><strong>ιι</strong></span> <span class='ocrx_word' id='word_1_669' title='bbox 3326 3678 3394 3732; x_wconf 88' lang='lat' dir='ltr'><strong>ab</strong></span> <span class='ocrx_word' id='word_1_670' title='bbox 3417 3677 3523 3733; x_wconf 88' lang='lat' dir='ltr'><strong>illi-</strong></span> 
     </span>
    </p>
   </div>
   <div class='ocr_carea' id='block_1_97' title="bbox 1939 3773 3521 3845">
    <p class='ocr_par' dir='ltr' id='par_1_97' title="bbox 1939 3773 3521 3845">
     <span class='ocr_line' id='line_1_97' title="bbox 1939 3773 3521 3845; baseline -0.002 -15"><span class='ocrx_word' id='word_1_671' title='bbox 1939 3777 2060 3832; x_wconf 92' lang='lat' dir='ltr'><strong>citis</strong></span> <span class='ocrx_word' id='word_1_672' title='bbox 2100 3777 2358 3845; x_wconf 86' lang='lat' dir='ltr'><strong>deinceps</strong></span> <span class='ocrx_word' id='word_1_673' title='bbox 2386 3790 2445 3830; x_wconf 92' lang='lat' dir='ltr'><strong>se</strong></span> <span class='ocrx_word' id='word_1_674' title='bbox 2474 3775 2863 3831; x_wconf 90' lang='lat' dir='ltr'><strong>ambitionibus</strong></span> <span class='ocrx_word' id='word_1_675' title='bbox 2893 3773 3264 3844; x_wconf 75' lang='lat' dir='ltr'><strong>sulfragiisque</strong></span> <span class='ocrx_word' id='word_1_676' title='bbox 3303 3773 3521 3827; x_wconf 81' lang='lat' dir='ltr'><strong>submo-</strong></span> 
     </span>
    </p>
   </div>
   <div class='ocr_carea' id='block_1_98' title="bbox 1932 3864 3524 3936">
    <p class='ocr_par' dir='ltr' id='par_1_98' title="bbox 1932 3864 3524 3936">
     <span class='ocr_line' id='line_1_98' title="bbox 1932 3864 3524 3936; baseline -0.003 -13"><span class='ocrx_word' id='word_1_677' title='bbox 1932 3877 2093 3923; x_wconf 87' lang='lat' dir='ltr'><strong>veant</strong></span> <span class='ocrx_word' id='word_1_678' title='bbox 2115 3909 2131 3934; x_wconf 94' lang='lat'><strong>,</strong></span> <span class='ocrx_word' id='word_1_679' title='bbox 2162 3883 2230 3924; x_wconf 88' lang='lat' dir='ltr'><strong>ne</strong></span> <span class='ocrx_word' id='word_1_680' title='bbox 2258 3881 2482 3923; x_wconf 89' lang='lat' dir='ltr'><strong>necesse</strong></span> <span class='ocrx_word' id='word_1_681' title='bbox 2509 3866 2586 3922; x_wconf 86' lang='lat' dir='ltr'><strong>sit</strong></span> <span class='ocrx_word' id='word_1_682' title='bbox 2625 3882 2746 3926; x_wconf 88' lang='lat' dir='ltr'><strong>cum</strong></span> <span class='ocrx_word' id='word_1_683' title='bbox 2777 3865 3103 3936; x_wconf 88' lang='lat' dir='ltr'><strong>obligatione</strong></span> <span class='ocrx_word' id='word_1_684' title='bbox 3140 3864 3368 3934; x_wconf 77' lang='lat' dir='ltr'><strong>proptite</strong></span> <span class='ocrx_word' id='word_1_685' title='bbox 3394 3879 3524 3919; x_wconf 88' lang='lat' dir='ltr'><strong>con-</strong></span> 
     </span>
    </p>
   </div>
   <div class='ocr_carea' id='block_1_99' title="bbox 1931 3955 3522 4030">
    <p class='ocr_par' dir='ltr' id='par_1_99' title="bbox 1931 3955 3522 4030">
     <span class='ocr_line' id='line_1_99' title="bbox 1931 3955 3522 4030; baseline -0.004 -14"><span class='ocrx_word' id='word_1_686' title='bbox 1931 3961 2194 4025; x_wconf 70' lang='lat' dir='ltr'><strong>scientiae,</strong></span> <span class='ocrx_word' id='word_1_687' title='bbox 2227 3975 2384 4030; x_wconf 89' lang='lat' dir='ltr'><strong>quam</strong></span> <span class='ocrx_word' id='word_1_688' title='bbox 2419 3958 2615 4013; x_wconf 76' lang='lat' dir='ltr'><strong>divinm</strong></span> <span class='ocrx_word' id='word_1_689' title='bbox 2638 3958 2905 4028; x_wconf 89' lang='lat' dir='ltr'><strong>majestati</strong></span> <span class='ocrx_word' id='word_1_690' title='bbox 2936 3957 3163 4012; x_wconf 84' lang='lat' dir='ltr'><strong>interest</strong></span> <span class='ocrx_word' id='word_1_691' title='bbox 3187 3971 3402 4026; x_wconf 89' lang='lat' dir='ltr'><strong>semper</strong></span> <span class='ocrx_word' id='word_1_692' title='bbox 3425 3955 3522 4009; x_wconf 87' lang='lat' dir='ltr'><strong>ob-</strong></span> 
     </span>
    </p>
   </div>
   <div class='ocr_carea' id='block_1_100' title="bbox 1931 4047 3520 4121">
    <p class='ocr_par' dir='ltr' id='par_1_100' title="bbox 1931 4047 3520 4121">
     <span class='ocr_line' id='line_1_100' title="bbox 1931 4047 3520 4121; baseline -0.004 -13"><span class='ocrx_word' id='word_1_693' title='bbox 1931 4054 2146 4108; x_wconf 84' lang='lat' dir='ltr'><strong>noxiam</strong></span> <span class='ocrx_word' id='word_1_694' title='bbox 2159 4049 2573 4121; x_wconf 82' lang='lat' dir='ltr'><strong>detineri,juxta</strong></span> <span class='ocrx_word' id='word_1_695' title='bbox 2604 4049 2970 4107; x_wconf 87' lang='lat' dir='ltr'><strong>sacratissima</strong></span> <span class='ocrx_word' id='word_1_696' title='bbox 2997 4047 3281 4106; x_wconf 88' lang='lat' dir='ltr'><strong>constituta</strong></span> <span class='ocrx_word' id='word_1_697' title='bbox 3308 4061 3520 4117; x_wconf 69' lang='lat' dir='ltr'><strong>poenam</strong></span> 
     </span>
    </p>
   </div>
   <div class='ocr_carea' id='block_1_101' title="bbox 1934 4143 2595 4214">
    <p class='ocr_par' dir='ltr' id='par_1_101' title="bbox 1934 4143 2595 4214">
     <span class='ocr_line' id='line_1_101' title="bbox 1934 4143 2595 4214; baseline -0.002 -17"><span class='ocrx_word' id='word_1_698' title='bbox 1934 4144 2135 4214; x_wconf 89' lang='lat' dir='ltr'><strong>proprii</strong></span> <span class='ocrx_word' id='word_1_699' title='bbox 2161 4143 2344 4200; x_wconf 89' lang='lat' dir='ltr'><strong>subire</strong></span> <span class='ocrx_word' id='word_1_700' title='bbox 2373 4143 2595 4212; x_wconf 89' lang='lat' dir='ltr'><strong>peccati.</strong></span> 
     </span>
    </p>
   </div>
   <div class='ocr_carea' id='block_1_102' title="bbox 2008 4234 3099 4304">
    <p class='ocr_par' dir='ltr' id='par_1_102' title="bbox 2008 4234 3099 4304">
     <span class='ocr_line' id='line_1_102' title="bbox 2008 4234 3099 4304; baseline -0.004 -15"><span class='ocrx_word' id='word_1_701' title='bbox 2008 4237 2196 4290; x_wconf 82' lang='lat' dir='ltr'><strong>Datum</strong></span> <span class='ocrx_word' id='word_1_702' title='bbox 2222 4252 2277 4290; x_wconf 90' lang='grc' dir='ltr'><strong>ιιι</strong></span> <span class='ocrx_word' id='word_1_703' title='bbox 2311 4235 2413 4289; x_wconf 81' lang='lat' dir='ltr'><strong>kal.</strong></span> <span class='ocrx_word' id='word_1_704' title='bbox 2441 4235 2580 4299; x_wconf 85' lang='lat' dir='ltr'><strong>Maii,</strong></span> <span class='ocrx_word' id='word_1_705' title='bbox 2613 4235 2816 4290; x_wconf 78' lang='lat' dir='ltr'><strong>Romae.</strong></span> <span class='ocrx_word' id='word_1_706' title='bbox 2851 4234 3099 4304; x_wconf 81' lang='lat' dir='ltr'><strong>Explicit.</strong></span> 
     </span>
    </p>
   </div>
   <div class='ocr_carea' id='block_1_103' title="bbox 1934 4391 3519 4467">
    <p class='ocr_par' dir='ltr' id='par_1_103' title="bbox 1934 4391 3519 4467">
     <span class='ocr_line' id='line_1_103' title="bbox 1934 4391 3519 4467; baseline -0.002 -18"><span class='ocrx_word' id='word_1_707' title='bbox 1934 4411 2058 4449; x_wconf 91' lang='lat' dir='ltr'><strong>num</strong></span> <span class='ocrx_word' id='word_1_708' title='bbox 2087 4396 2320 4467; x_wconf 45' lang='grc' dir='ltr'><strong>ξιιμ-15.</strong></span> <span class='ocrx_word' id='word_1_709' title='bbox 2357 4395 2587 4467; x_wconf 90' lang='lat' dir='ltr'><strong>ldipsutn</strong></span> <span class='ocrx_word' id='word_1_710' title='bbox 2620 4393 3036 4467; x_wconf 81' lang='lat' dir='ltr'><strong>deprehenditur</strong></span> <span class='ocrx_word' id='word_1_711' title='bbox 3069 4393 3122 4448; x_wconf 91' lang='lat' dir='ltr'><strong>in</strong></span> <span class='ocrx_word' id='word_1_712' title='bbox 3145 4391 3519 4467; x_wconf 31' lang='lat' dir='ltr'><strong>edictoult&#39;latii</strong></span> 
     </span>
    </p>
   </div>
   <div class='ocr_carea' id='block_1_104' title="bbox 1934 4463 3607 4521">
    <p class='ocr_par' dir='ltr' id='par_1_104' title="bbox 1934 4463 3607 4521">
     <span class='ocr_line' id='line_1_104' title="bbox 1934 4463 3607 4521; baseline -0.004 0"><span class='ocrx_word' id='word_1_713' title='bbox 1934 4463 2168 4521; x_wconf 78' lang='lat' dir='ltr'><strong>Antemii</strong></span> <span class='ocrx_word' id='word_1_714' title='bbox 2199 4465 2384 4520; x_wconf 85' lang='lat' dir='ltr'><strong>lsidori</strong></span> <span class='ocrx_word' id='word_1_715' title='bbox 2410 4463 2596 4520; x_wconf 62' lang='lat' dir='ltr'><strong>c&#39;ontra</strong></span> <span class='ocrx_word' id='word_1_716' title='bbox 2621 4463 2850 4520; x_wconf 86' lang='lat' dir='ltr'><strong>Nestorii</strong></span> <span class='ocrx_word' id='word_1_717' title='bbox 2871 4463 3036 4518; x_wconf 88' lang='lat' dir='ltr'><strong>libros</strong></span> <span class='ocrx_word' id='word_1_718' title='bbox 3068 4472 3194 4518; x_wconf 79' lang='lat' dir='ltr'><strong>toni.</strong></span> <span class='ocrx_word' id='word_1_719' title='bbox 3224 4463 3285 4518; x_wconf 91' lang='grc'><strong>111</strong></span> <span class='ocrx_word' id='word_1_720' title='bbox 3313 4464 3519 4519; x_wconf 61' lang='grc' dir='ltr'>(ἐνιιιρίι.</span> <span class='ocrx_word' id='word_1_721' title='bbox 3605 4512 3607 4514; x_wconf 80' lang='lat'><strong>.</strong></span> 
     </span>
    </p>
   </div>
   <div class='ocr_carea' id='block_1_105' title="bbox 1936 4534 3523 4602">
    <p class='ocr_par' dir='ltr' id='par_1_105' title="bbox 1936 4534 3523 4602">
     <span class='ocr_line' id='line_1_105' title="bbox 1936 4534 3523 4602; baseline -0.001 -11"><span class='ocrx_word' id='word_1_722' title='bbox 1936 4537 2072 4592; x_wconf 87' lang='lat' dir='ltr'><strong>Ven.</strong></span> <span class='ocrx_word' id='word_1_723' title='bbox 2104 4536 2236 4591; x_wconf 89' lang='lat' dir='ltr'><strong>edit.</strong></span> <span class='ocrx_word' id='word_1_724' title='bbox 2273 4537 2377 4592; x_wconf 86' lang='lat' dir='ltr'><strong>col.</strong></span> <span class='ocrx_word' id='word_1_725' title='bbox 2407 4538 2538 4593; x_wconf 77' lang='grc'><strong>1751</strong></span> <span class='ocrx_word' id='word_1_726' title='bbox 2567 4580 2582 4602; x_wconf 86' lang='grc'>,</span> <span class='ocrx_word' id='word_1_727' title='bbox 2627 4547 2679 4590; x_wconf 75' lang='grc' dir='ltr'><strong>ιιι</strong></span> <span class='ocrx_word' id='word_1_728' title='bbox 2709 4537 2758 4588; x_wconf 92' lang='lat' dir='ltr'><strong>in</strong></span> <span class='ocrx_word' id='word_1_729' title='bbox 2789 4534 2908 4589; x_wconf 75' lang='lat' dir='ltr'><strong>altis</strong></span> <span class='ocrx_word' id='word_1_730' title='bbox 2937 4535 3197 4600; x_wconf 88' lang='lat' dir='ltr'><strong>pluribus.</strong></span> <span class='ocrx_word' id='word_1_731' title='bbox 3233 4534 3523 4590; x_wconf 84' lang='lat' dir='ltr'><strong>Dioscorus</strong></span> 
     </span>
    </p>
   </div>
   <div class='ocr_carea' id='block_1_106' title="bbox 1933 4603 3523 4677">
    <p class='ocr_par' dir='ltr' id='par_1_106' title="bbox 1933 4603 3523 4677">
     <span class='ocr_line' id='line_1_106' title="bbox 1933 4603 3523 4677; baseline -0.002 -14"><span class='ocrx_word' id='word_1_732' title='bbox 1933 4620 2048 4663; x_wconf 87' lang='lat' dir='ltr'><strong>erat</strong></span> <span class='ocrx_word' id='word_1_733' title='bbox 2094 4608 2383 4676; x_wconf 79' lang='lat' dir='ltr'><strong>prtefectus</strong></span> <span class='ocrx_word' id='word_1_734' title='bbox 2424 4607 2675 4677; x_wconf 64' lang='lat' dir='ltr'><strong>prsetorio</strong></span> <span class='ocrx_word' id='word_1_735' title='bbox 2720 4603 2954 4662; x_wconf 89' lang='lat' dir='ltr'><strong>Orientis</strong></span> <span class='ocrx_word' id='word_1_736' title='bbox 2995 4621 3057 4660; x_wconf 82' lang='lat' dir='ltr'><strong>ex</strong></span> <span class='ocrx_word' id='word_1_737' title='bbox 3089 4605 3293 4674; x_wconf 80' lang='lat' dir='ltr'><strong>legibus</strong></span> <span class='ocrx_word' id='word_1_738' title='bbox 3326 4607 3523 4660; x_wconf 88' lang='lat' dir='ltr'><strong>Leonis</strong></span> 
     </span>
    </p>
   </div>
   <div class='ocr_carea' id='block_1_107' title="bbox 1935 4677 3523 4749">
    <p class='ocr_par' dir='ltr' id='par_1_107' title="bbox 1935 4677 3523 4749">
     <span class='ocr_line' id='line_1_107' title="bbox 1935 4677 3523 4749; baseline -0.001 -15"><span class='ocrx_word' id='word_1_739' title='bbox 1935 4679 2178 4749; x_wconf 83' lang='lat' dir='ltr'><strong>Augusti,</strong></span> <span class='ocrx_word' id='word_1_740' title='bbox 2194 4694 2312 4747; x_wconf 75' lang='lat' dir='ltr'><strong>qua:</strong></span> <span class='ocrx_word' id='word_1_741' title='bbox 2342 4680 2391 4733; x_wconf 95' lang='lat' dir='ltr'><strong>in</strong></span> <span class='ocrx_word' id='word_1_742' title='bbox 2411 4680 2605 4735; x_wconf 61' lang='lat' dir='ltr'><strong>(lodice</strong></span> <span class='ocrx_word' id='word_1_743' title='bbox 2627 4679 2926 4749; x_wconf 84' lang='lat' dir='ltr'><strong>Justiuiano</strong></span> <span class='ocrx_word' id='word_1_744' title='bbox 2949 4677 3310 4749; x_wconf 75' lang='lat' dir='ltr'><strong>continentur.</strong></span> <span class='ocrx_word' id='word_1_745' title='bbox 3329 4677 3523 4733; x_wconf 85' lang='lat' dir='ltr'><strong>Confer</strong></span> 
     </span>
    </p>
   </div>
   <div class='ocr_carea' id='block_1_108' title="bbox 1938 4747 3522 4818">
    <p class='ocr_par' dir='ltr' id='par_1_108' title="bbox 1938 4747 3522 4818">
     <span class='ocr_line' id='line_1_108' title="bbox 1938 4747 3522 4818; baseline 0.001 -15"><span class='ocrx_word' id='word_1_746' title='bbox 1938 4747 2077 4805; x_wconf 84' lang='lat' dir='ltr'><strong>inter</strong></span> <span class='ocrx_word' id='word_1_747' title='bbox 2106 4761 2329 4804; x_wconf 64' lang='lat' dir='ltr'><strong>caeteras</strong></span> <span class='ocrx_word' id='word_1_748' title='bbox 2356 4752 2524 4815; x_wconf 77' lang='lat' dir='ltr'><strong>legem</strong></span> <span class='ocrx_word' id='word_1_749' title='bbox 2556 4751 2642 4813; x_wconf 72' lang='grc' dir='ltr'><strong>ιδ,</strong></span> <span class='ocrx_word' id='word_1_750' title='bbox 2664 4751 2744 4804; x_wconf 90' lang='lat' dir='ltr'><strong>tit.</strong></span> <span class='ocrx_word' id='word_1_751' title='bbox 2778 4749 2831 4812; x_wconf 88' lang='lat'><strong>7,</strong></span> <span class='ocrx_word' id='word_1_752' title='bbox 2857 4747 2974 4802; x_wconf 89' lang='lat' dir='ltr'><strong>libri</strong></span> <span class='ocrx_word' id='word_1_753' title='bbox 3000 4748 3241 4810; x_wconf 84' lang='lat' dir='ltr'><strong>secundi,</strong></span> <span class='ocrx_word' id='word_1_754' title='bbox 3261 4763 3379 4818; x_wconf 74' lang='lat' dir='ltr'><strong>qua:</strong></span> <span class='ocrx_word' id='word_1_755' title='bbox 3399 4751 3522 4818; x_wconf 80' lang='lat' dir='ltr'><strong>data</strong></span> 
     </span>
    </p>
   </div>
   <div class='ocr_carea' id='block_1_109' title="bbox 1853 4811 3523 4890">
    <p class='ocr_par' dir='ltr' id='par_1_109' title="bbox 1853 4811 3523 4890">
     <span class='ocr_line' id='line_1_109' title="bbox 1853 4811 3523 4890; baseline 0.001 -18"><span class='ocrx_word' id='word_1_756' title='bbox 1853 4811 1908 4872; x_wconf 86' lang='lat' dir='ltr'><strong>D</strong></span> <span class='ocrx_word' id='word_1_757' title='bbox 1935 4820 2026 4874; x_wconf 88' lang='lat' dir='ltr'><strong>fuit</strong></span> <span class='ocrx_word' id='word_1_758' title='bbox 2053 4837 2195 4874; x_wconf 89' lang='lat' dir='ltr'><strong>anno</strong></span> <span class='ocrx_word' id='word_1_759' title='bbox 2221 4811 2540 4890; x_wconf 67' lang='lat' dir='ltr'><strong>prmcedenti</strong></span> <span class='ocrx_word' id='word_1_760' title='bbox 2565 4811 2692 4875; x_wconf 70' lang='lat'><strong>472.</strong></span> <span class='ocrx_word' id='word_1_761' title='bbox 2713 4811 2827 4873; x_wconf 9' lang='lat' dir='ltr'><strong>Alii,</strong></span> <span class='ocrx_word' id='word_1_762' title='bbox 2846 4819 2952 4874; x_wconf 90' lang='lat' dir='ltr'><strong>duo</strong></span> <span class='ocrx_word' id='word_1_763' title='bbox 2974 4811 3371 4890; x_wconf 66' lang='lat' dir='ltr'><strong>Aurelianusct</strong></span> <span class='ocrx_word' id='word_1_764' title='bbox 3394 4817 3523 4874; x_wconf 77' lang='grc' dir='ltr'><strong>1)ιο-</strong></span> 
     </span>
    </p>
   </div>
   <div class='ocr_carea' id='block_1_110' title="bbox 1939 4888 3522 4962">
    <p class='ocr_par' dir='ltr' id='par_1_110' title="bbox 1939 4888 3522 4962">
     <span class='ocr_line' id='line_1_110' title="bbox 1939 4888 3522 4962; baseline -0.001 -17"><span class='ocrx_word' id='word_1_765' title='bbox 1939 4892 2110 4946; x_wconf 89' lang='lat' dir='ltr'><strong>tadius</strong></span> <span class='ocrx_word' id='word_1_766' title='bbox 2141 4888 2288 4948; x_wconf 84' lang='lat' dir='ltr'><strong>fuere</strong></span> <span class='ocrx_word' id='word_1_767' title='bbox 2327 4893 2568 4962; x_wconf 64' lang='lat' dir='ltr'><strong>praefecti</strong></span> <span class='ocrx_word' id='word_1_768' title='bbox 2599 4892 2850 4962; x_wconf 68' lang='lat' dir='ltr'><strong>praetorio</strong></span> <span class='ocrx_word' id='word_1_769' title='bbox 2879 4936 2893 4960; x_wconf 90' lang='lat'><strong>,</strong></span> <span class='ocrx_word' id='word_1_770' title='bbox 2945 4907 3082 4946; x_wconf 90' lang='lat' dir='ltr'><strong>unus</strong></span> <span class='ocrx_word' id='word_1_771' title='bbox 3119 4888 3312 4961; x_wconf 81' lang='lat' dir='ltr'><strong>Illyrici</strong></span> <span class='ocrx_word' id='word_1_772' title='bbox 3339 4928 3354 4954; x_wconf 87' lang='lat'><strong>,</strong></span> <span class='ocrx_word' id='word_1_773' title='bbox 3385 4890 3522 4944; x_wconf 90' lang='lat' dir='ltr'><strong>alter</strong></span> 
     </span>
    </p>
   </div>
   <div class='ocr_carea' id='block_1_111' title="bbox 1937 4963 2248 5020">
    <p class='ocr_par' dir='ltr' id='par_1_111' title="bbox 1937 4963 2248 5020">
     <span class='ocr_line' id='line_1_111' title="bbox 1937 4963 2248 5020; baseline -0.003 0"><span class='ocrx_word' id='word_1_774' title='bbox 1937 4963 2248 5020; x_wconf 83' lang='lat' dir='ltr'><strong>Galliarum.</strong></span> 
     </span>
    </p>
   </div>
   <div class='ocr_carea' id='block_1_112' title="bbox 2011 5034 3159 5106">
    <p class='ocr_par' dir='ltr' id='par_1_112' title="bbox 2011 5034 3159 5106">
     <span class='ocr_line' id='line_1_112' title="bbox 2011 5034 3159 5106; baseline -0.002 -17"><span class='ocrx_word' id='word_1_775' title='bbox 2011 5045 2034 5106; x_wconf 62' lang='grc' dir='ltr'>β</span> <span class='ocrx_word' id='word_1_776' title='bbox 2064 5034 2317 5091; x_wconf 88' lang='lat' dir='ltr'><strong>Mendose</strong></span> <span class='ocrx_word' id='word_1_777' title='bbox 2343 5034 2395 5090; x_wconf 92' lang='lat' dir='ltr'><strong>in</strong></span> <span class='ocrx_word' id='word_1_778' title='bbox 2423 5051 2547 5101; x_wconf 89' lang='lat' dir='ltr'><strong>ms.,</strong></span> <span class='ocrx_word' id='word_1_779' title='bbox 2579 5037 2809 5089; x_wconf 76' lang='lat' dir='ltr'><strong>scrtttone</strong></span> <span class='ocrx_word' id='word_1_780' title='bbox 2831 5034 2980 5106; x_wconf 83' lang='lat' dir='ltr'><strong>regii.</strong></span> <span class='ocrx_word' id='word_1_781' title='bbox 3155 5091 3159 5098; x_wconf 62' lang='grc'><em>,</em></span> 
     </span>
    </p>
   </div>
   <div class='ocr_carea' id='block_1_113' title="bbox 2009 5100 3608 5182">
    <p class='ocr_par' dir='ltr' id='par_1_113' title="bbox 2009 5100 3608 5182">
     <span class='ocr_line' id='line_1_113' title="bbox 2009 5100 3608 5182; baseline -0.006 -21"><span class='ocrx_word' id='word_1_782' title='bbox 2009 5103 2033 5141; x_wconf 79' lang='grc'><strong>¹¹</strong></span> <span class='ocrx_word' id='word_1_783' title='bbox 2065 5106 2224 5182; x_wconf 62' lang='lat' dir='ltr'><strong>(_.‘od.,</strong></span> <span class='ocrx_word' id='word_1_784' title='bbox 2257 5113 2349 5182; x_wconf 59' lang='lat' dir='ltr'><strong>sub</strong></span> <span class='ocrx_word' id='word_1_785' title='bbox 2374 5122 2436 5161; x_wconf 77' lang='lat' dir='ltr'><strong>ea:</strong></span> <span class='ocrx_word' id='word_1_786' title='bbox 2461 5100 2667 5177; x_wconf 75' lang='lat' dir='ltr'><strong>piacula</strong></span> <span class='ocrx_word' id='word_1_787' title='bbox 2695 5100 2997 5182; x_wconf 66' lang='lat' dir='ltr'><strong>delictorum</strong></span> <span class='ocrx_word' id='word_1_788' title='bbox 3021 5100 3353 5182; x_wconf 66' lang='lat' dir='ltr'><strong>sacerdotalis</strong></span> <span class='ocrx_word' id='word_1_789' title='bbox 3377 5101 3520 5182; x_wconf 74' lang='lat' dir='ltr'><strong>infu-</strong></span> <span class='ocrx_word' id='word_1_790' title='bbox 3597 5111 3608 5116; x_wconf 86' lang='lat'><em>‘</em></span> 
     </span>
    </p>
   </div>
   <div class='ocr_carea' id='block_1_114' title="bbox 1937 5176 3520 5248">
    <p class='ocr_par' dir='ltr' id='par_1_114' title="bbox 1937 5176 3520 5248">
     <span class='ocr_line' id='line_1_114' title="bbox 1937 5176 3520 5248; baseline -0.001 -18"><span class='ocrx_word' id='word_1_791' title='bbox 1937 5178 2036 5232; x_wconf 77' lang='lat' dir='ltr'><strong>lat.</strong></span> <span class='ocrx_word' id='word_1_792' title='bbox 2068 5176 2509 5234; x_wconf 86' lang='lat' dir='ltr'><strong>Emendationem</strong></span> <span class='ocrx_word' id='word_1_793' title='bbox 2534 5195 2655 5248; x_wconf 78' lang='lat' dir='ltr'><strong>qua:</strong></span> <span class='ocrx_word' id='word_1_794' title='bbox 2701 5178 2889 5232; x_wconf 90' lang='lat' dir='ltr'><strong>melior</strong></span> <span class='ocrx_word' id='word_1_795' title='bbox 2910 5176 3020 5230; x_wconf 85' lang='lat' dir='ltr'><strong>visa</strong></span> <span class='ocrx_word' id='word_1_796' title='bbox 3054 5183 3137 5230; x_wconf 90' lang='lat' dir='ltr'><strong>est</strong></span> <span class='ocrx_word' id='word_1_797' title='bbox 3171 5176 3340 5228; x_wconf 83' lang='lat' dir='ltr'><strong>textui</strong></span> <span class='ocrx_word' id='word_1_798' title='bbox 3379 5176 3520 5228; x_wconf 85' lang='lat' dir='ltr'><strong>inse-</strong></span> 
     </span>
    </p>
   </div>
   <div class='ocr_carea' id='block_1_115' title="bbox 1937 5263 2163 5304">
    <p class='ocr_par' dir='ltr' id='par_1_115' title="bbox 1937 5263 2163 5304">
     <span class='ocr_line' id='line_1_115' title="bbox 1937 5263 2163 5304; baseline -0.009 0"><span class='ocrx_word' id='word_1_799' title='bbox 1937 5263 2163 5304; x_wconf 81' lang='lat' dir='ltr'><strong>ruimus.</strong></span> 
     </span>
    </p>
   </div>
   <div class='ocr_carea' id='block_1_116' title="bbox 2016 5315 3520 5385">
    <p class='ocr_par' dir='ltr' id='par_1_116' title="bbox 2016 5315 3520 5385">
     <span class='ocr_line' id='line_1_116' title="bbox 2016 5315 3520 5385; baseline -0.003 -12"><span class='ocrx_word' id='word_1_800' title='bbox 2016 5318 2028 5356; x_wconf 78' lang='grc' dir='ltr'><strong>ί</strong></span> <span class='ocrx_word' id='word_1_801' title='bbox 2067 5319 2208 5374; x_wconf 88' lang='lat' dir='ltr'><strong>Idem</strong></span> <span class='ocrx_word' id='word_1_802' title='bbox 2252 5320 2375 5376; x_wconf 91' lang='lat' dir='ltr'><strong>cod.</strong></span> <span class='ocrx_word' id='word_1_803' title='bbox 2409 5320 2560 5376; x_wconf 86' lang='lat' dir='ltr'><strong>addit</strong></span> <span class='ocrx_word' id='word_1_804' title='bbox 2587 5319 2784 5374; x_wconf 79' lang='lat' dir='ltr'><strong>vivendi</strong></span> <span class='ocrx_word' id='word_1_805' title='bbox 2805 5336 2823 5384; x_wconf 88' lang='lat'><strong><em>;</em></strong></span> <span class='ocrx_word' id='word_1_806' title='bbox 2854 5327 2905 5372; x_wconf 91' lang='lat' dir='ltr'><strong>et</strong></span> <span class='ocrx_word' id='word_1_807' title='bbox 2937 5331 3064 5370; x_wconf 77' lang='lat' dir='ltr'><strong>mox</strong></span> <span class='ocrx_word' id='word_1_808' title='bbox 3101 5315 3258 5370; x_wconf 87' lang='lat' dir='ltr'><strong>habet</strong></span> <span class='ocrx_word' id='word_1_809' title='bbox 3304 5330 3366 5368; x_wconf 85' lang='lat' dir='ltr'><strong>ne</strong></span> <span class='ocrx_word' id='word_1_810' title='bbox 3393 5331 3520 5385; x_wconf 83' lang='lat' dir='ltr'><strong>que-</strong></span> 
     </span>
    </p>
   </div>
   <div class='ocr_carea' id='block_1_117' title="bbox 1937 5387 3142 5462">
    <p class='ocr_par' dir='ltr' id='par_1_117' title="bbox 1937 5387 3142 5462">
     <span class='ocr_line' id='line_1_117' title="bbox 1937 5387 3142 5462; baseline -0.003 -19"><span class='ocrx_word' id='word_1_811' title='bbox 1937 5391 2207 5462; x_wconf 82' lang='lat' dir='ltr'><strong>rimoniam</strong></span> <span class='ocrx_word' id='word_1_812' title='bbox 2229 5391 2481 5462; x_wconf 77' lang='lat' dir='ltr'><strong>religiosis</strong></span> <span class='ocrx_word' id='word_1_813' title='bbox 2510 5408 2528 5446; x_wconf 90' lang='lat'><strong><em>:</em></strong></span> <span class='ocrx_word' id='word_1_814' title='bbox 2556 5403 2610 5446; x_wconf 89' lang='lat' dir='ltr'><strong>et</strong></span> <span class='ocrx_word' id='word_1_815' title='bbox 2636 5390 2759 5445; x_wconf 86' lang='lat' dir='ltr'><strong>dein</strong></span> <span class='ocrx_word' id='word_1_816' title='bbox 2791 5389 2852 5442; x_wconf 87' lang='lat' dir='ltr'><strong>ab</strong></span> <span class='ocrx_word' id='word_1_817' title='bbox 2876 5387 3142 5462; x_wconf 65' lang='lat' dir='ltr'><strong>alimonia.</strong></span> 
     </span>
    </p>
   </div>
   <div class='ocr_carea' id='block_1_118' title="bbox 2011 5455 3519 5534">
    <p class='ocr_par' dir='ltr' id='par_1_118' title="bbox 2011 5455 3519 5534">
     <span class='ocr_line' id='line_1_118' title="bbox 2011 5455 3519 5534; baseline -0.005 -18"><span class='ocrx_word' id='word_1_818' title='bbox 2011 5463 2022 5511; x_wconf 72' lang='grc' dir='ltr'>ἱ</span> <span class='ocrx_word' id='word_1_819' title='bbox 2064 5461 2198 5527; x_wconf 87' lang='lat' dir='ltr'><strong>Cod,</strong></span> <span class='ocrx_word' id='word_1_820' title='bbox 2227 5455 2538 5534; x_wconf 72' lang='lat' dir='ltr'><strong>perperam,</strong></span> <span class='ocrx_word' id='word_1_821' title='bbox 2569 5464 2803 5525; x_wconf 74' lang='lat' dir='ltr'><strong>existere,</strong></span> <span class='ocrx_word' id='word_1_822' title='bbox 2832 5459 2915 5514; x_wconf 83' lang='lat' dir='ltr'><strong>cui</strong></span> <span class='ocrx_word' id='word_1_823' title='bbox 3065 5457 3275 5514; x_wconf 80' lang='lat' dir='ltr'><strong>debeant</strong></span> <span class='ocrx_word' id='word_1_824' title='bbox 3299 5494 3388 5513; x_wconf 87' lang='lat'><strong>....</strong></span> <span class='ocrx_word' id='word_1_825' title='bbox 3415 5455 3519 5513; x_wconf 79' lang='lat' dir='ltr'><strong>Sa-</strong></span> 
     </span>
    </p>
   </div>
   <div class='ocr_carea' id='block_1_119' title="bbox 1935 5533 2630 5588">
    <p class='ocr_par' dir='ltr' id='par_1_119' title="bbox 1935 5533 2630 5588">
     <span class='ocr_line' id='line_1_119' title="bbox 1935 5533 2630 5588; baseline 0 -4"><span class='ocrx_word' id='word_1_826' title='bbox 1935 5533 2135 5586; x_wconf 78' lang='lat' dir='ltr'><strong>cct&#39;dotc</strong></span> <span class='ocrx_word' id='word_1_827' title='bbox 2293 5533 2630 5588; x_wconf 78' lang='lat' dir='ltr'><strong>cattacientiw.</strong></span> 
     </span>
    </p>
   </div>
   <div class='ocr_carea' id='block_1_120' title="bbox 2009 5602 2802 5674">
    <p class='ocr_par' dir='ltr' id='par_1_120' title="bbox 2009 5602 2802 5674">
     <span class='ocr_line' id='line_1_120' title="bbox 2009 5602 2802 5674; baseline -0.003 -18"><span class='ocrx_word' id='word_1_828' title='bbox 2009 5602 2033 5640; x_wconf 76' lang='grc' dir='ltr'><strong>¹ί</strong></span> <span class='ocrx_word' id='word_1_829' title='bbox 2069 5602 2209 5659; x_wconf 89' lang='lat' dir='ltr'><strong>Idem</strong></span> <span class='ocrx_word' id='word_1_830' title='bbox 2237 5621 2365 5674; x_wconf 88' lang='lat' dir='ltr'><strong>ms.,</strong></span> <span class='ocrx_word' id='word_1_831' title='bbox 2394 5605 2458 5658; x_wconf 78' lang='lat' dir='ltr'><strong>ab</strong></span> <span class='ocrx_word' id='word_1_832' title='bbox 2487 5603 2802 5658; x_wconf 82' lang='lat' dir='ltr'><strong>illicitorum.</strong></span> 
     </span>
    </p>
   </div>
  </div>
