3998 6346
239 475 335 538 90!
662 469 970 531 DISSERT.
1015 467 1104 523 XII
1143 464 1548 535 QUESNELLI.
1593 466 1681 521 DE
1719 465 1966 528 CODICE
2003 463 2332 524 CANONUM
2374 462 3084 523 EGCLESIASTIOORUM.

3399 461 3509 524 902

237 607 262 652 ι
305 589 584 650 nonnullis
633 589 900 658 duplicem
945 604 1209 644 canonum
1239 587 1494 642 Codicem
1523 602 1554 641 a
1585 587 1824 642 Romana
1854 589 1909 649 Α
1935 587 2186 658 barbarie
2233 590 2458 646 arcessit
2487 606 2506 648 :
2543 588 2701 644 talem
2752 602 2944 656 nempe
2990 588 3041 658 it.
3066 586 3232 657 689
3262 587 3513 656 primaria

237 666 473 722 Ecclesia
520 663 750 718 diversis
802 661 1132 730 temporibus
1185 667 1496 728 usurpatum
1527 659 1821 724 numerari,

236 749 356 790 ante
379 750 519 798 tuam
551 733 935 804 Dionysianutn
962 731 1063 804 illa
1096 731 1149 784 in
1183 739 1338 784 nsum
1367 739 1610 804 vocasset
1640 745 1822 793 unum,

238 805 322 877 qui
353 801 778 861 Chalcedeneusi
821 803 1052 877 concilio
1095 805 1330 856 anterior
1361 801 1574 877 fuerit,_
1600 805 1827 877 alterum

237 870 356 946 post
403 878 559 931 istam
599 877 860 946 synodum
900 873 1503 946 solutam,auctoritate
1543 872 1600 946 S_.
1637 870 1829 946 Leonis

240 942 572 1011 confectum;
614 942 731 1013 qua:
761 946 944 1000 ultima
972 943 1219 1001 colleCtio
1252 942 1476 1012 viguerit
1504 943 1615 998 sola
1647 943 1700 996 in
1729 943 1830 997 0c-

240 1018 451 1074 cidente
478 1033 575 1087 per
601 1017 874 1087 sexaginta
907 1025 960 1072 et
990 1014 1223 1085 amplius
1249 1013 1637 1087 annoszdonec
1665 1014 1829 1087 altera

240 1099 461 1145 auctore
482 1084 754 1160 Dionysio
778 1088 830 1142 in
860 1087 977 1158 ejus
999 1084 1175 1141 locum
1205 1085 1529 1140 successerit
1549 1085 1617 1139 ab
1646 1084 1829 1140 eadem

241 1163 474 1216 diversa.

313 1232 556 1308 Priorem
579 1229 973 1308 collectionem
1025 1243 1140 1283 eam
1189 1241 1309 1284 esse
1350 1227 1664 1308 egistimant
1711 1241 1832 1308 qua:

242 1317 347 1358 non
381 1303 455 1374 ita
473 1301 682 1374 pridem
711 1298 1165 1374 lucedonata-est
1196 1299 1470 1374 ex_cgd_i_c_e
1497 1312 1598 1374 ms.
1619 1298 1828 1374 clariss.

243 1375 342 1428 viri
390 1367 767 1442 ChristOphm-i
818 1370 1025 1426 Justelli
1075 1379 1220 1442 tomo
1263 1371 1277 1421 l
1314 1369 1660 1442 Bibliotheca:
1689 1367 1831 1423 Juris

246 1445 500 1500 Canonici
533 1439 729 1499 veteris
759 1452 876 1511 post
907 1441 1284 1512 Dionysiauum
1318 1439 1580 1495 codicem.

318 1515 638 1570 Posterioris
674 1514 939 1583 geminum
972 1512 1250 1583 exemplar
1282 1513 1703 1583 manuscriptum
1734 1526 1832 1583 ex:

246 1597 388 1641 stare
419 1579 722 1640 afﬁrmabat
756 1585 944 1637 Petrus
986 1581 1052 1637 de
1083 1581 1254 1636 Marca
1301 1581 1436 1649 (Lib.
1480 1597 1535 1636 ιιι
1558 1579 1832 1635 Concord.

247 1674 351 1710 sac.
385 1667 433 1710 et
471 1658 627 1726 imp.,
667 1671 783 1724 cap.
818 1653 1364 1726 5),"testeHStcphano
1396 1652 1634 1726 Baluzio,
1675 1652 1726 1726 in
1758 1652 1836 1726 bi-

247 1728 511 1782 bliotheca
542 1722 861 1782 monasterii
883 1724 1259 1793 Rivipullensis
1282 1765 1295 1788 ,
1329 1722 1468 1776 unde
1512 1723 1752 1777 fortassis
1783 1724 1836 1777 in

248 1799 424 1853 lucem
469 1797 820 1853 emittendum
870 1794 1098 1863 Spondet
1143 1796 1282 1848 idem
1332 1793 1577 1849 Baluzius
1611 1811 1624 1846 :
1658 1795 1742 1848 cui
1784 1803 1839 1849 et

247 1881 528 1924 assensum
561 1878 801 1922 nostrum
827 1867 1176 1936 spondentus,
1208 1880 1327 1919 cum
1361 1867 1523 1919 certis
1555 1874 1837 1934 argumem

250 1941 319 1993 tis
358 1941 496 1994 hanc
539 1938 905 1993 collectionem
940 1937 1132 1992 Leonis
1164 1945 1405 2003 tempore
1434 1946 1488 1990 et
1516 1937 1836 1990 auctoritate

249 2013 630 2065 concinnatam
661 2006 979 2064 ostenderit.
1012 2007 1230 2061 Interim
1262 1979 1474 2061 nosmet
1504 2007 1571 2060 ab
1611 2020 1835 2060 assensu
1869 1979 1914 2040 Β

253 2082 527 2137 sustinere
552 2095 649 2151 per
675 2095 800 2151 cum
832 2075 1015 2134 licebit
1063 2079 1215 2151 nobis
1257 2078 1308 2130 in
1359 2077 1681 2151 contrariam
1713 2092 1837 2151 seng

249 2155 477 2206 tentiam
526 2147 806 2220 propensis
853 2160 1071 2218 pr0pter
1115 2149 1251 2202 hanc
1295 2147 1750 2220 rationemzquod
1791 2149 1835 2203 si

250 2223 320 2278 de
361 2238 499 2278 nova
529 2218 857 2276 collectione
885 2222 1174 2288 cogitasset
1203 2226 1421 2272 sanctus
1455 2218 1592 2285 Leo,
1635 2218 1697 2271 :ld
1732 2218 1835 2273 hoc

250 2293 516 2349 adductus
543 2299 686 2347 esset
715 2291 906 2361 prioris
937 2290 1276 2361 confusione;
1316 2300 1477 2358 atque
1501 2291 1569 2344 ita
1596 2299 1840 2345 curasset

252 2365 520 2433 imprimis
551 2378 618 2418 ue
644 2363 696 2417 in
717 2358 967 2416 eamdem
1009 2358 1379 2415 confusionem
1413 2361 1675 2428 posterior
1707 2361 1841 2415 rcci-

251 2432 430 2500 deret,
458 2434 551 2490 sed
598 2448 715 2489 eam
755 2433 931 2501 potius
959 2432 1102 2486 omni
1135 2446 1196 2485 ex
1232 2439 1381 2499 parte
1407 2443 1713 2485 accuratam
1746 2434 1840 2484 ab-

251 2507 593 2576 solutamque
639 2517 735 2575 pro
764 2517 857 2556 sua
892 2503 966 2557 rei
1008 2501 1278 2558 canonica:
1324 2501 1516 2576 peritia
1546 2502 1712 2573 688
1750 2502 1843 2576 de-

253 2579 424 2632 disset
450 2594 464 2629 :
495 2573 766 2632 undenec
795 2589 942 2628 novae
966 2584 1085 2639 post
1110 2575 1280 2641 ipsum
1309 2573 1642 2626 collectionis
1672 2573 1844 2628 conlp-

255 2649 460 2704 ciendre
491 2647 728 2702 laborem
752 2659 1022 2700 assumere
1047 2651 1264 2699 coactus
1285 2652 1431 2715 esset
1449 2643 1535 2698 vel
1555 2643 1841 2715 Dionysius

254 2719 515 2789 Exiguus,
539 2719 623 2789 vel
653 2716 930 2789 quisquam
972 2717 1108 2769 alius
1136 2714 1434 2789 confusione
1461 2715 1647 2789 prisca:
1661 2714 1843 2789 trans-

256 2785 465 2844 tationis
495 2785 736 2856 areum.
781 2787 930 2854 Quod
979 2796 1153 2840 tamen
1195 2785 1605 2855 quadragesimo
1656 2785 1764 2840 fere
1809 2799 1840 2839 a

256 2862 456 2917 Leonis
482 2860 631 2919 obitu
653 2873 793 2912 anno
826 2858 1081 2927 perlicere
1101 2870 1383 2926 aggressus
1404 2864 1486 2909 est
1514 2857 1602 2910 ille
1631 2856 1846 2910 assidua

259 2940 314 2988 et
358 2932 605 2984 familiari
656 2930 1024 2983 cohortatione
1068 2928 1305 2981 virorum
1350 2927 1733 2982 ecclesiastica:
1765 2928 1844 2981 di-

256 3004 500 3071 sciplinae
524 3000 910 3071 studiosorum.

329 3067 533 3128 Deinde
573 3071 782 3125 unicam
825 3070 988 3124 abbas
1018 3068 1119 3124 iste
1149 3067 1556 3124 translationem
1605 3081 1844 3124 comme-

258 3156 435 3200 morat
466 3157 687 3212 eamque
716 3141 960 3196 Priscam'
988 3158 999 3192 :
1035 3153 1155 3212 qua;
1184 3139 1257 3212 (α)
1292 3139 1751 3212 Prisca_profecw
1781 3142 1848 3194 ab

261 3231 326 3271 eo
355 3209 727 3269 vocanda'non
765 3220 931 3275 esset,
970 3211 1014 3266 si
1045 3209 1312 3279 antiquior
1341 3225 1446 3263 non
1479 3209 1665 3265 luisset
1693 3220 1850 3265 aetate

261 3287 650 3355 Leonis,quem
685 3292 982 3352 postremos
1014 3283 1204 3337 saltem
1233 3282 1354 3335 vitae
1382 3296 1552 3336 annos
1579 3281 1847 3336 viventem

264 3357 455 3412 videre
485 3363 752 3425 potuerat.

332 3421 575 3496 Denique
623 3440 690 3481 ex
720 3423 935 3480 Codicls
965 3424 1220 3489 Romani,
1261 3423 1518 3496 quem_in
1573 3421 1845 3496 publicum

259 3513 406 3554 nunc
435 3492 665 3567 primum
691 3497 1008 3562 emittimus,
1042 3492 1372 3564 inspectione
1406 3492 1482 3567 (ὁ)
1510 3495 1850 3567 manifestum

257 3579 365 3635 est,
391 3565 638 3624 eamdem
671 3567 892 3621 omnino
922 3567 1286 3620 collectionem
1316 3565 1534 3634 antiquo
1581 3578 1678 3635 usu
1707 3566 1760 3618 in
1789 3579 1850 3619 ea

261 3634 510 3696 Ecclesia
559 3650 850 3707 receptam,
903 3637 1144 3706 plurimis
1192 3637 1404 3707 quidem
1455 3634 1852 3690 accessionibus

256 3712 557 3767 auctiorem
605 3709 831 3763 diversis
877 3708 1206 3775 temporibus
1247 3707 1523 3766 evasisse.
1569 3721 1674 3758 non
1717 3721 1849 3760 vero

257 3789 446 3851 Spreta
489 3797 588 3833 una
620 3780 857 3851 aliam_in
909 3778 1025 3847 ejus
1056 3779 1230 3851 locum
1261 3793 1379 3851 esse
1414 3786 1752 3851 assumptam
1782 3778 1851 3831 ab

259 3847 566 3908 Innocentii
589 3863 740 3921 papae
772 3849 788 3904 Ι
822 3860 1060 3921 tempore
1092 3849 1156 3902 ad
1185 3847 1518 3921 Gelasii__l’P._
1544 3856 1772 3902 mtatetn.

333 3917 770 3977 Priorem'm'odo
799 3917 1197 3974 translationem
1223 3935 1284 3973 ac
1314 3919 1686 3974 collectionem
1710 3917 1849 3988 quod

257 3995 499 4054 attinet.
547 4008 662 4047 eam
709 4007 828 4047 esse
873 4007 989 4062 quze
1032 3992 1082 4044 in
1116 3992 1349 4046 Ecclesia
1383 3991 1621 4062 ltomana
1651 3997 1705 4062 et
1732 3988 1851 4044 aliis

257 4066 430 4120 etiam
463 4059 931 4127 Occidentalibus,
985 4076 1149 4131 usque
1193 4063 1260 4114 ah
1306 4061 1524 4130 antiquo
1551 4059 1618 4114 ad
1648 4059 1848 4131 Diony-

256 4136 404 4190 siani
437 4134 636 4188 codicis
684 4143 922 4202 tempora
953 4149 1047 4186 usu
1093 4133 1416 4188 celebratam
1460 4146 1597 4195 esse,
1632 4146 1852 4202 persua-

257 4207 397 4261 dent
437 4205 540 4260 sibi
580 4200 923 4259 Bibliotlieeae
968 4203 1108 4257 .luris
1136 4202 1389 4257 Canonici
1419 4203 1618 4258 veteris
1645 4200 1849 4256 doctis-

257 4277 386 4332 simi
435 4274 741 4331 conditores
768 4274 984 4328 Voellus
1032 4281 1086 4327 et
1128 4274 1404 4330 Justellus.
1453 4275 1688 4338 Quorum
1729 4287 1851 4327 sen-

258 4347 493 4402 tentiam
545 4345 785 4414 pluribus
828 4344 1066 4399 conlutat
1109 4345 1342 4398 Joannes
1387 4342 1551 4398 David
1600 4343 1736 4397 libro
1783 4344 1849 4397 de

259 4413 830 4486 Episcopis'canonice
854 4416 1152 4484 judicandis
1181 4415 1353 4485 eapite
1385 4418 1438 4482 ὅ,
1470 4422 1570 4467 art.
1594 4413 1652 4486 A5.
1687 4415 1850 4482 llujus

257 4484 506 4560 opinioni
534 4489 940 4554 subscribimus,
975 4484 1561 4560 quateutis’Bomanum
1594 4484 1732 4538 hunc
1753 4499 1850 4560 _co-

259 4556 444 4616 dicem
473 4573 592 4614 esse
625 4556 1132 4628 negat:quanquam
1167 4558 1437 4628 pleneque
1485 4556 1622 4609 illius
1654 4556 1848 4628 proba-

260 4632 446 4688 ti0nes
481 4626 714 4684 leviores
735 4626 864 4697 sint,
891 4626 1160 4697 unumque
1189 4629 1236 4682 id
1261 4626 1496 4682 clliciant
1525 4636 1578 4680 ut
1607 4627 1850 4680 collectio

255 4713 316 4758 et
371 4701 654 4756 translatio
698 4700 961 4768 ejusmodi
1007 4701 1171 4753 multa
1215 4701 1530 4752 confusione
1579 4697 1851 4752 laborasse

257 4773 578 4840 credantur,
610 4773 750 4840 quod
780 4771 957 4826 minus
984 4769 1192 4825 Justelli
1223 4770 1449 4824 consilio
1495 4781 1649 4840 nocet
1696 4784 1854 4840 quam

259 4847 484 4905 ferveat,
534 4839 654 4898 cum
706 4847 906 4895 tanta’m
954 4840 1118 4895 fuisse
1169 4849 1392 4895 testetur
1437 4839 1755 4911 Dionysius,
1800 4848 1858 4895 ut

259 4917 556 4984 plerosque
602 4911 942 4984 oll'enderet,
991 4926 1247 4982 novaeque
1291 4913 1504 4967 tandem
1563 4911 1861 4966 condendae

257 4983 608 5041 occasiunem
629 4983 860 5039 dederit.
1711 5003 1733 5052 _.

338 5054 585 5111 Validior
634 5061 720 5110 est
757 5053 831 5126 (c)
880 5053 1155 5125 probatio,
1188 5067 1346 5124 quam
1385 5067 1453 5108 ex
1499 5052 1862 5110 translationis

1882 4740 1934 4802 D

1935 656 2104 714 Latini
2133 661 2278 714 orbis
2311 662 2546 717 Ecclesia
2588 675 2652 716 ac
2681 660 2895 717 civitate
2922 657 3007 713 vel
3039 656 3216 712 nataui
3257 673 3400 720 esse.
3428 662 3514 718 vel

1936 737 2020 810 tot.
2043 731 2197 785 annis
2223 740 2490 802 receptam
2518 746 2580 787 ac
2605 730 3035 788 commendatam
3077 744 3234 786 nemo
3262 732 3514 787 cordatus

1935 811 2205 871 Optnetur.

2004 872 2059 943 2.
2092 872 2322 928 Canonis
2353 873 2592 943 vigesimi
2623 874 2794 929 octavi
2829 872 3283 930 Chalcedonensis
3306 871 3517 928 admix-

1937 941 2012 996 tio
2039 942 2341 998 Romanum
2371 941 2552 1010 procul
2582 943 2742 1000 dubio
2770 944 3012 1002 codicem
3044 959 3150 998 non
3177 944 3347 1013 sapit,
3378 945 3517 999 mul-

1937 1022 2096 1083 toque
2112 1015 2287 1070 minus
2302 1014 2542 1070 codicem
2563 1014 2757 1071 Leonis
2781 1017 2933 1084 primi
2955 1027 3194 1084 tempore
3212 1026 3520 1084 usurpatum

1935 1095 2026 1154 aut
2065 1101 2189 1140 cura
2234 1097 2449 1140 auctum
2501 1085 2583 1140 his
2622 1087 2935 1142 canouibus.
2974 1087 3106 1154 Quis
3151 1085 3295 1142 enim
3343 1087 3521 1142 credi-

1936 1153 2076 1210 derit
2107 1171 2368 1212 cauonem
2396 1157 2544 1211 illum
2565 1197 2580 1222 ,
2611 1159 2764 1224 cujus
2791 1153 3072 1214 occasione
3102 1167 3246 1212 tanta
3277 1157 3520 1212 simultas

1935 1226 2172 1282 Leonem
2220 1228 2358 1282 inter
2395 1238 2450 1282 et
2487 1226 2788 1283 Orientales
2829 1237 3135 1292 exarserat,
3177 1227 3264 1283 vel
3305 1227 3523 1284 incauto

1975 1297 2176 1352 ontilici
2217 1296 2545 1365 obrepsisse,
2585 1298 2667 1352 vel
2711 1313 2740 1352 a
2782 1300 3040 1368 prudente
3068 1314 3130 1355 ac
3160 1299 3374 1355 volente
3411 1301 3522 1355 col-

1959 1370 2154 1424 ectioni
2173 1384 2290 1424 suae
2323 1369 2576 1424 Ecclesia:
2607 1370 2910 1424 insertum?

2009 1439 2063 1494 5.
2097 1439 2205 1494 Nec
2233 1441 2843 1511 Constantinopolitanis
2865 1441 3025 1497 etiam
3048 1441 3344 1498 eanonihus
3371 1441 3522 1500 locus

1940 1509 2042 1566 luit
2082 1512 2136 1566 in
2187 1510 2355 1567 veteri
2401 1509 2652 1568 Ecclesia:
2699 1511 2952 1567 Romanae
2986 1512 3205 1578 codice;
3246 1521 3340 1566 eos
3380 1514 3524 1568 enim

1942 1581 2043 1637 sibi
2084 1581 2300 1652 suisque
2343 1583 2834 1650 praedecessoribos
2880 1584 3092 1654 ignotos
3129 1585 3292 1639 luisse
3329 1583 3386 1639 S.
3416 1584 3527 1641 Leo

1944 1653 2440 1726 smpius_‘testatur.
2499 1654 2791 1710 Lucentius
2843 1653 3006 1710 etiam
3053 1656 3171 1724 ejus
3219 1657 3273 1710 in
3321 1656 3529 1726 synodo

1941 1722 2367 1794 Chalcedonensi
2398 1726 2628 1780 vicarius
2661 1727 2712 1779 itt
2745 1725 2929 1780 ultima
2961 1722 3170 1782 actione
3200 1722 3529 1794 protestatur

1943 1795 2086 1867 illius
2113 1793 2216 1849 ΟΡ.
2243 1793 2432 1867 synodi
2464 1795 2680 1852 decreta
2717 1797 2771 1850 in
2811 1798 3070 1867 synodicis
3111 1793 3390 1852 coitionibus
3429 1814 3529 1852 mm

1946 1864 2135 1942 haberi
2165 1864 2286 1936 (Μτῖ
2309 1869 2617 1942 ἐμφερόμεγα
2661 1867 2714 1923 δὲ
2763 1869 2811 1922 ἐν
2838 1864 2961 1931 irai:
2990 1867 3275 1930 συνοδεκοῐς
3305 1869 3528 1942 augeat).

1944 1954 2059 2008 qua:
2084 1937 2256 2008 dicunt
2278 1937 2395 1992 ante
2415 1937 2670 2008 octoginta
2696 1954 2855 2006 prOpe
2880 1955 3042 1994 annos
3066 1942 3342 1994 constituta
3372 1937 3531 2008 [uisae

1947 2006 2084 2077 (Aet.
2103 2009 2134 2062 ϐ
2157 2006 2386 2078 Chalc.).
2407 2009 2514 2064 Nec
2534 2006 2643 2063 tam
2667 2011 2774 2064 cito
2793 2025 2822 2063 a
2846 2011 3110 2065 sententia
3131 2024 3226 2065 sua
3247 2006 3530 2078 deflexisse

1941 2074 2052 2135 Leo
2090 2074 2394 2135 credendus
2437 2091 2550 2147 cst,
2590 2089 2646 2135 ut
2681 2095 2916 2137 canones
2957 2082 3073 2136 sedi
3113 2096 3229 2137 sua:
3269 2074 3527 2148 infensos,

1942 2157 2196 2219 tantaque
2225 2166 2394 2219 nuper
2419 2153 2764 2207 contentione
2786 2153 3062 2221 explosos,
3091 2169 3199 2207 non
3232 2167 3328 2219 pro
3357 2151 3532 2222 legiti-

1944 2225 2047 2292 mis
2080 2234 2396 2291 agnosceret
2427 2222 2616 2288 modo,
2650 2222 2745 2279 sed
2779 2231 2830 2276 rt
2861 2224 3108 2292 proprios
3153 2223 3286 2286 sibi,
3320 2238 3525 2292 appro-

1944 2291 2078 2364 bans
2105 2294 2390 2363 codicique
2428 2295 2703 2356 inserens,
2740 2291 2974 2350 faceret;
2999 2294 3149 2362 Quod
3181 2293 3324 2350 enim
3358 2291 3532 2364 ’post-

1943 2361 2194 2430 modum,
2223 2361 2398 2432 sopita
2440 2367 2806 2430 contentione,
2845 2361 3031 2420 codici
3060 2366 3334 2430 Romano,
3367 2361 3530 2434 quem

1947 2435 2170 2502 publica:
2201 2436 2305 2490 luci
2344 2436 2566 2499 damus,
2609 2436 2774 2490 additi
2820 2435 2929 2490 sint
2975 2451 3210 2492 canones
3255 2436 3361 2498 illi,
3415 2436 3534 2492 huic

1945 2506 2302 2576 posteriorum
2329 2522 2456 2561 cura
2494 2506 2593 2562 fuit
2625 2520 2740 2577 post
2769 2518 3044 2575 receptam
3073 2506 3270 2577 ubique
3293 2521 3534 2561 tecume-

1946 2578 2121 2649 nicam
2150 2579 2413 2648 synodum
2437 2577 2748 2633 secundam.
2778 2578 2930 2646 Quod
2956 2587 3133 2633 autem
3163 2577 3302 2649 apud
3335 2577 3532 2649 Diony-

1944 2645 2082 2704 sium
2129 2645 2482 2717 reperiantur,
2522 2665 2628 2704 non
2661 2645 2848 2704 eadem
2878 2658 2963 2703 est
3001 2649 3157 2703 ratio.
3195 2648 3362 2716 Hujus
3388 2645 3532 2704 enim

1946 2720 2227 2774 consilium
2262 2719 2391 2784 luit,
2425 2737 2528 2778 non
2559 2722 2835 2790 antiquum
2866 2717 3105 2775 co'dicem
3139 2719 3440 2774 Romanqu
3475 2721 3531 2774 in

1947 2790 2140 2845 melius
2171 2791 2476 2858 restituere,
2517 2792 2611 2848 sed
2647 2807 2843 2846 novum
2887 2793 3108 2846 omnino
3144 2791 3400 2860 condere,
3437 2805 3534 2846 can

1949 2876 2118 2916 nones
2140 2876 2336 2933 omnes
2386 2877 2571 2917 rursus
2601 2862 2668 2916 de
2707 2860 2884 2916 Greco
2930 2862 3274 2933 transferens,
3299 2875 3403 2933 seu
3437 2862 3538 2916 Re-

1947 2933 2098 3002 gula:
2131 2930 2359 2987 Nicena:
2385 2933 2595 3003 synodi,
2629 2933 2869 3003 deinceps
2905 2930 3131 2986 omnium
3161 2930 3535 2999 conciliorum,

1948 3004 2052 3057 sive
2078 3019 2190 3072 quaz
2231 3016 2350 3058 ante
2375 3019 2520 3071 eam,
2557 3005 2660 3058 sive
2686 3019 2800 3074 qua:
2840 3003 3160 3070 postmodum
3199 3007 3338 3071 facta
3383 3013 3534 3074 sunt,

1951 3090 2103 3148 usque
2153 3075 2221 3148 ad
2271 3076 2526 3148 synodum
2572 3085 2774 3148 centum
2819 3075 3186 3148 quinquaginta
3235 3073 3537 3148 pontiﬁcum

1949 3146 2037 3214 qui
2078 3146 2217 3215 apud
2260 3143 2753 3216 Constantinopolim
2797 3143 3174 3212 convenerunt,
3219 3143 3312 3216 sub
3358 3146 3538 3199 ordine

1952 3232 2310 3283 numerorum,
2339 3216 2392 3289 id
2424 3225 2496 3270 est
2539 3235 2572 3271 a
2598 3215 2788 3287 primo
2829 3218 3180 3289 cupimusque
3218 3215 3288 3289 ad
3326 3216 3538 3289 centesi-

1955 3303 2093 3342 mum
2132 3288 2499 3359 sexagesimum
2525 3284 2758 3359 quintum
2781 3330 2794 3353 ,
2838 3284 2983 3359 sicut
3009 3284 3234 3359 habetur
3264 3284 3320 3339 in
3350 3287 3539 3343 Graeca

1877 3364 1924 3428 C
1956 3353 2293 3426 auctoritate,
2325 3353 2575 3430 digerens.
2606 3359 2874 3429 Quidquid
2918 3357 3078 3427 igitur
3108 3358 3161 3412 in
3194 3353 3378 3430 Graeca
3414 3359 3536 3430 col-

1956 3431 2206 3494 lectione,
2237 3427 2397 3499 quarti
2442 3445 2550 3496 pra:
2589 3427 2836 3485 manibus
2879 3429 3136 3495 habebat,
3170 3427 3373 3496 reperit
3413 3429 3538 3483 Dio-

1953 3500 2169 3574 nysi‘us,
2203 3500 2305 3574 hoc
2335 3501 2504 3574 codici
2549 3503 2936 3574 suo_inseruit;
2971 3515 3133 3574 quem
3174 3514 3243 3574 ne
3283 3508 3414 3574 tunc
3442 3516 3540 3556 eos

1952 3568 2156 3643 gitabat
2183 3570 2397 3640 quidem
2422 3571 2710 3642 aliquando
2738 3573 2947 3642 publica
2986 3568 3248 3628 Ecclesia:
3282 3568 3539 3625 Romana:

1952 3642 2267 3698 auctoritate
2309 3643 2415 3697 reci
2424 3643 2697 3712 piendum.
2927 3683 2930 3686 .

2029 3715 2268 3782 Denique
2301 3716 2386 3768 vix
2427 3710 2530 3768 alia
2564 3712 2876 3782 probatione
2930 3715 3232 3783 indigemus
3271 3723 3330 3767 ut
3368 3710 3540 3770 codex

1954 3784 2257 3851 huiusmodi
2285 3783 2541 3840 Romana:
2575 3786 2831 3840 Ecclesiae
2851 3786 3212 3856 abjudicetur,
3236 3799 3394 3854 quam
3417 3796 3539 3853 quae

1951 3870 2014 3910 ex
2063 3857 2176 3924 ipsa
2226 3857 2342 3924 ejus
2389 3856 2719 3925 inSpectioue
2768 3867 2962 3926 sponte
3009 3859 3282 3926 exsurgit,
3324 3864 3379 3911 et
3420 3869 3543 3926 qua:

1952 3926 2146 3999 cuique
2177 3923 2364 3999 lectori
2399 3923 2557 3996 paulo
2583 3923 2855 3983 attentiori
2887 3928 3028 3984 l'acto
3060 3923 3216 3983 facile
3245 3923 3540 3999 persuade-

1953 3995 2070 4066 bit,
2109 4000 2208 4052 hoc
2251 3995 2479 4053 Graeculi
2531 4000 2756 4067 alicujus
2801 3999 2869 4053 ad
2921 3999 3162 4055 Latinam
3218 3995 3536 4068 aspirantis,

1952 4084 2216 4141 suumque
2242 4070 2293 4124 in
2316 4085 2378 4123 ea
2411 4069 2702 4138 protectum
2733 4071 3084 4141 periclitantis
3114 4077 3529 4136 teutamentum,

1954 4140 2172 4210 prorsus
2203 4141 2440 4196 Ecclesia
2472 4141 2709 4196 Romana
2739 4140 3012 4212 indignum
3035 4156 3178 4197 esse.

2488 4274 2652 4345 390
2681 4272 2908 4331 ωριιί
2955 4275 3014 4330 ιι.

1954 4366 2189 4440 Priscum
2219 4369 2366 4422 illum
2398 4369 2767 4440 codicemﬂeutn
2791 4370 2962 4436 ipsum
3000 4385 3108 4423 eae
3136 4384 3284 4438 quem
3304 4371 3420 4440 jam
3449 4383 3546 4436 pu-

2025 4439 2142 4511 blici
2173 4441 2311 4510 juris
2343 4440 2582 4509 facimus.
2616 4438 2785 4503 Unde,
2815 4448 2863 4493 et
2892 4456 2924 4494 a
2955 4455 3056 4511 quo
3083 4438 3320 4508 acceptus
3348 4441 3544 4511 codex;

2023 4510 2203 4580 quibus
2235 4518 2425 4564 constet
2455 4511 2720 4583 partibus;
2741 4527 2840 4583 quo
2865 4511 3047 4566 ordine
3071 4512 3332 4583 digestus;
3362 4510 3546 4581 quibus

2026 4599 2115 4650 per
2135 4583 2302 4635 varias
2323 4591 2496 4635 (states
2522 4582 2843 4636 incrementis
2865 4591 3044 4637 auctus
3065 4582 3324 4637 credatur.

2031 4696 2147 4748 .lam
2179 4709 2306 4766 vero
2334 4694 2475 4762 quod
2510 4693 2828 4766 .lustelliano
2855 4695 3027 4751 codici
3061 4697 3453 4766 abjudicatnus,
3481 4712 3549 4753 an

1967 4776 2152 4821 nostro
2187 4764 2600 4832 abjudicandum
2638 4765 2740 4827 sit.
2782 4767 3041 4824 decernet
3069 4764 3240 4824 lector
3279 4769 3548 4833 eruditus,

1969 4852 2090 4894 cum
2123 4845 2331 4892 nostras
2361 4851 2456 4892 seu
2483 4835 2843 4907 conjecturas,
2881 4854 2977 4898 seu
3009 4839 3373 4908 probationes,
3414 4853 3550 4908 quas

1971 4909 2129 4982 modo
2160 4923 2488 4982 promemus,
2511 4923 2662 4979 aequa
2690 4908 3268 4982 lanceAponderaverit.

2043 4979 2280 5052 Primum
2311 4980 2549 5052 omnium
2596 4995 2662 5037 ex
2706 4997 2814 5052 quo
2843 4979 2991 5037 lo'nte
3037 4981 3278 5042 codicem
3308 4980 3551 5052 hauseri-

1971 5067 2114 5118 mus,
2144 5049 2432 5107 dicendum
2463 5069 2478 5108 :
2514 5059 2572 5107 ut
2598 5062 2654 5109 et
2697 5049 2902 5110 fraudis
2937 5052 3172 5122 suspicio
3199 5050 3376 5108 omnis
3404 5065 3552 5107 amo--

1344 5164 1906 5222 BALLERINIOBUM
1942 5162 2492 5221 ANNOTATIONEB.

257 5263 489 5318 codices
505 5261 890 5332 Rivipullensis
920 5260 1381 5332 monasteriisunt
1405 5259 1511 5315 duo
1535 5259 1860 5332 exemplaria

259 5334 610 5390 collectionis
637 5331 959 5402 Hispanicae
998 5346 1027 5386 a
1071 5331 1294 5386 Pcrezio
1337 5331 1561 5402 aliisque
1606 5331 1856 5384 laudata:

260 5421 394 5474 qua:
417 5420 549 5461 sane
574 5401 820 5460 collectio
850 5418 947 5459 nec
974 5402 1161 5474 Leoni,
1196 5415 1294 5457 nec
1331 5401 1476 5474 aetati
1518 5403 1731 5474 Leonis,
1763 5416 1863 5474 nec

259 5472 532 5532 Romana;
576 5476 831 5532 Ecclesiae
874 5473 1065 5528 ascribi
1112 5481 1310 5541 potest.
1342 5472 1477 5527 Vide
1516 5486 1635 5543 quae
1666 5472 1734 5543 de
1764 5473 1864 5527 hac

261 5551 563 5616 Hispanica
590 5548 908 5604 collectione
935 5543 1170 5600 diximus
1200 5545 1254 5599 in
1308 5542 1546 5599 tractatu
1583 5543 1652 5599 de
1689 5542 1864 5598 Colle-

261 5620 564 5677 etionibus.

347 5691 428 5762 (a)
470 5691 619 5747 Hanc
645 5689 1004 5762 objectionem'
1043 5688 1345 5762 refellimus
1394 5687 1451 5744 in
1479 5694 1711 5742 tractatu
1753 5700 1864 5742 me-

262 5761 492 5833 morato
514 5771 655 5833 part.
683 5777 742 5830 u,
769 5777 817 5817 c.
845 5762 903 5826 2,
929 5761 957 5833 ᾗ
982 5763 1039 5832 5,
1068 5777 1125 5815 ιι.
1161 5761 1214 5815 4.

356 5835 430 5905 (b)
451 5829 587 5888 Num
617 5834 669 5889 id
697 5829 1040 5905 manifestum
1069 5835 1162 5899 sit,
1187 5831 1411 5905 patebit,
1439 5839 1494 5884 ut
1521 5829 1864 5905 conﬁdimus,

263 5902 594 5962 ex'nostris
645 5904 1104 5960 observationibus
1152 5902 1274 5957 huic
1318 5903 1678 5956 dissertationi
1738 5915 1872 5954 mox~

265 5976 664 6043 subiiciendis,
717 5991 785 6034 ex
831 5976 1024 6045 quibus
1070 5976 1250 6042 potius
1287 5975 1556 6030 contraria
1598 5973 1866 6030 sententia

1968 5258 2247 5314 manifesta
2278 5257 2388 5314 lict.
3026 5311 3028 5314 ,

2041 5330 2114 5400 (c)
2147 5329 2289 5384 Duas
2316 5329 2450 5385 alias
2483 5343 2598 5395 non
2629 5329 2860 5386 leviores
2889 5325 3328 5400 conﬁrmationes
3369 5323 3554 5400 adjici-

1971 5397 2112 5458 mus;
2145 5402 2199 5455 l'
2229 5400 2362 5470 Quia
2407 5401 2460 5457 in
2509 5402 2681 5470 prisca
2710 5413 2975 5456 canonum
3003 5397 3241 5458 editione
3270 5397 3558 5455 Sardicen-

1971 5488 2059 5528 ses
2089 5489 2117 5526 a
2151 5469 2380 5528 Nicanis
2410 5469 3146 5542 separantur,propriumque
3159 5470 3560 5542 Sardicensium

1972 5545 2184 5599 titulum
2225 5541 2546 5613 praeferunt;
2590 5558 2711 5598 cum
2755 5541 2913 5613 apud
2933 5541 3228 5597 Romanam
3261 5541 3561 5598 Ecclesium

1974 5617 2185 5685 utrique
2227 5611 2465 5684 c0pulati
2515 5624 2727 5685 essent,
2780 5628 2841 5669 ac
2869 5611 3208 5670 Nicrenorum
3238 5613 3453 5670 nomine
3481 5613 3559 5668 in-
3639 5667 3649 5674 .

1970 5684 2352 5742 scriberentur.
2383 5685 2441 5738 2"
2469 5685 2601 5754 Quia
2631 5684 2965 5740 Nicmnorum
2999 5685 3368 5754 interpretatio
3401 5687 3466 5740 ab
3496 5699 3560 5740 ea

1970 5758 2237 5826 discrepat
2265 5773 2423 5827 quam
2459 5747 2696 5811 Romana
2727 5756 2966 5810 Ecclesia
3014 5747 3327 5826 recipiebat,
3362 5766 3422 5814 ut
3449 5755 3562 5812 col-

1976 5829 2144 5900 ligere
2175 5829 2301 5882 licet
2329 5843 2389 5880 ex
2423 5827 2486 5880 iis
2528 5827 2785 5900 Romanae
2813 5827 3049 5900 antiqua;
3079 5827 3346 5900 versionis
3391 5828 3560 5900 parti-

1974 5897 2107 5953 culis
2139 5913 2256 5966 qure
2303 5907 2615 5966 supersunt;
2657 5898 2725 5953 de
2766 5897 2961 5965 quibus
3005 5898 3127 5956 vide
3171 5907 3452 5955 tractatum
3493 5897 3560 5952 de

1974 5971 2395 6026 Collectiouibus
2428 5981 2563 6041 part.
2601 5985 2657 6040 ιι,
2685 5985 2734 6024 c.
2767 5971 2822 6039 2,
2850 5968 2876 6041 ς
2909 5973 2960 6027 1.
