  <div class='ocr_page' id='page_1' title='image "/cluster/home/n/w/nwhite01/storage/ocr_20150623/56/hvd.32044015471600/457.png"; bbox 0 0 3998 6346; ppageno 0'>
   <div class='ocr_carea' id='block_1_1' title="bbox 539 349 646 411">
    <p class='ocr_par' dir='ltr' id='par_1_1' title="bbox 539 349 646 411">
     <span class='ocr_line' id='line_1_1' title="bbox 539 349 646 411; baseline 0 0"><span class='ocrx_word' id='word_1_1' title='bbox 539 349 646 411; x_wconf 78' lang='lat'><strong>003</strong></span> 
     </span>
    </p>
   </div>
   <div class='ocr_carea' id='block_1_2' title="bbox 1483 342 3735 431">
    <p class='ocr_par' dir='ltr' id='par_1_2' title="bbox 1483 342 3735 431">
     <span class='ocr_line' id='line_1_2' title="bbox 1483 342 3735 431; baseline 0.001 -28"><span class='ocrx_word' id='word_1_2' title='bbox 1483 345 1574 403; x_wconf 84' lang='lat' dir='ltr'><strong>AD</strong></span> <span class='ocrx_word' id='word_1_3' title='bbox 1610 344 1837 403; x_wconf 79' lang='lat' dir='ltr'><strong>OPERA</strong></span> <span class='ocrx_word' id='word_1_4' title='bbox 1876 346 1934 403; x_wconf 91' lang='lat' dir='ltr'><strong>S.</strong></span> <span class='ocrx_word' id='word_1_5' title='bbox 1975 343 2219 404; x_wconf 82' lang='lat' dir='ltr'><strong>LEONIS</strong></span> <span class='ocrx_word' id='word_1_6' title='bbox 2256 342 2469 403; x_wconf 79' lang='lat' dir='ltr'><strong>MAGNI</strong></span> <span class='ocrx_word' id='word_1_7' title='bbox 2507 344 2871 404; x_wconf 76' lang='lat' dir='ltr'><strong>APPENDIX.</strong></span> <span class='ocrx_word' id='word_1_8' title='bbox 3649 361 3735 431; x_wconf 65' lang='grc' dir='ltr'><strong>θοι</strong></span> 
     </span>
    </p>
   </div>
   <div class='ocr_carea' id='block_1_3' title="bbox 535 449 3733 537">
    <p class='ocr_par' dir='ltr' id='par_1_3' title="bbox 535 449 3733 537">
     <span class='ocr_line' id='line_1_3' title="bbox 535 449 3733 537; baseline 0.003 -15"><span class='ocrx_word' id='word_1_9' title='bbox 535 471 763 537; x_wconf 80' lang='lat' dir='ltr'><strong>vestur,</strong></span> <span class='ocrx_word' id='word_1_10' title='bbox 784 469 838 518; x_wconf 87' lang='lat' dir='ltr'><strong>et</strong></span> <span class='ocrx_word' id='word_1_11' title='bbox 872 454 1022 537; x_wconf 78' lang='lat' dir='ltr'><strong>cujus</strong></span> <span class='ocrx_word' id='word_1_12' title='bbox 1065 452 1286 537; x_wconf 79' lang='lat' dir='ltr'><strong>munere</strong></span> <span class='ocrx_word' id='word_1_13' title='bbox 1313 459 1620 537; x_wconf 71' lang='lat' dir='ltr'><strong>acceperint</strong></span> <span class='ocrx_word' id='word_1_14' title='bbox 1654 459 1986 537; x_wconf 83' lang='lat' dir='ltr'><strong>antiquitatis</strong></span> <span class='ocrx_word' id='word_1_15' title='bbox 2019 474 2113 537; x_wconf 81' lang='lat' dir='ltr'><strong>ec-</strong></span> <span class='ocrx_word' id='word_1_16' title='bbox 2142 464 2195 525; x_wconf 78' lang='grc' dir='ltr'>Α</span> <span class='ocrx_word' id='word_1_17' title='bbox 2225 459 2526 537; x_wconf 66' lang='lat' dir='ltr'><strong>Constantii</strong></span> <span class='ocrx_word' id='word_1_18' title='bbox 2560 461 2820 537; x_wconf 75' lang='lat' dir='ltr'><strong>Augusti,</strong></span> <span class='ocrx_word' id='word_1_19' title='bbox 2851 474 2970 537; x_wconf 91' lang='lat' dir='ltr'><strong>c_um</strong></span> <span class='ocrx_word' id='word_1_20' title='bbox 2999 449 3206 537; x_wconf 83' lang='lat' dir='ltr'><strong>duobus</strong></span> <span class='ocrx_word' id='word_1_21' title='bbox 3235 463 3496 525; x_wconf 80' lang='lat' dir='ltr'><strong>Volusisni</strong></span> <span class='ocrx_word' id='word_1_22' title='bbox 3517 479 3568 529; x_wconf 88' lang='lat' dir='ltr'><strong>et</strong></span> <span class='ocrx_word' id='word_1_23' title='bbox 3597 473 3733 537; x_wconf 74' lang='lat' dir='ltr'><strong>Palla-</strong></span> 
     </span>
    </p>
   </div>
   <div class='ocr_carea' id='block_1_4' title="bbox 537 529 2116 604">
    <p class='ocr_par' dir='ltr' id='par_1_4' title="bbox 537 529 2116 604">
     <span class='ocr_line' id='line_1_4' title="bbox 537 529 2116 604; baseline -0.008 -9"><span class='ocrx_word' id='word_1_24' title='bbox 537 529 848 595; x_wconf 76' lang='lat' dir='ltr'><strong>clesiasticre</strong></span> <span class='ocrx_word' id='word_1_25' title='bbox 878 529 1238 604; x_wconf 80' lang='lat' dir='ltr'><strong>studiosi__tam</strong></span> <span class='ocrx_word' id='word_1_26' title='bbox 1271 529 1591 604; x_wconf 67' lang='lat' dir='ltr'><strong>veneranda:</strong></span> <span class='ocrx_word' id='word_1_27' title='bbox 1633 533 1913 584; x_wconf 86' lang='lat' dir='ltr'><strong>vetustatis</strong></span> <span class='ocrx_word' id='word_1_28' title='bbox 1943 532 2116 604; x_wconf 80' lang='grc' dir='ltr'><strong>κεημὶ-</strong></span> 
     </span>
    </p>
   </div>
   <div class='ocr_carea' id='block_1_5' title="bbox 536 601 2116 674">
    <p class='ocr_par' dir='ltr' id='par_1_5' title="bbox 536 601 2116 674">
     <span class='ocr_line' id='line_1_5' title="bbox 536 601 2116 674; baseline -0.004 -8"><span class='ocrx_word' id='word_1_29' title='bbox 536 610 638 666; x_wconf 77' lang='grc' dir='ltr'><strong>λιον</strong></span> <span class='ocrx_word' id='word_1_30' title='bbox 663 624 769 663; x_wconf 88' lang='lat' dir='ltr'><strong>non</strong></span> <span class='ocrx_word' id='word_1_31' title='bbox 801 605 1063 674; x_wconf 79' lang='lat' dir='ltr'><strong>ignorent.</strong></span> <span class='ocrx_word' id='word_1_32' title='bbox 1095 601 1263 674; x_wconf 82' lang='lat' dir='ltr'><strong>Hujus</strong></span> <span class='ocrx_word' id='word_1_33' title='bbox 1293 601 1655 674; x_wconf 79' lang='lat' dir='ltr'><strong>apographum</strong></span> <span class='ocrx_word' id='word_1_34' title='bbox 1689 604 1907 655; x_wconf 89' lang='lat' dir='ltr'><strong>missum</strong></span> <span class='ocrx_word' id='word_1_35' title='bbox 1939 601 2116 659; x_wconf 56' lang='lat' dir='ltr'><strong>est&#39;atl</strong></span> 
     </span>
    </p>
   </div>
   <div class='ocr_carea' id='block_1_6' title="bbox 538 672 2114 745">
    <p class='ocr_par' dir='ltr' id='par_1_6' title="bbox 538 672 2114 745">
     <span class='ocr_line' id='line_1_6' title="bbox 538 672 2114 745; baseline -0.006 -8"><span class='ocrx_word' id='word_1_36' title='bbox 538 698 627 737; x_wconf 91' lang='lat' dir='ltr'><strong>me</strong></span> <span class='ocrx_word' id='word_1_37' title='bbox 653 672 859 734; x_wconf 79' lang='lat' dir='ltr'><strong>Oxonio</strong></span> <span class='ocrx_word' id='word_1_38' title='bbox 884 690 914 729; x_wconf 85' lang='lat' dir='ltr'><strong>a</strong></span> <span class='ocrx_word' id='word_1_39' title='bbox 943 673 1238 729; x_wconf 88' lang='lat' dir='ltr'><strong>clarissimo</strong></span> <span class='ocrx_word' id='word_1_40' title='bbox 1263 672 1387 745; x_wconf 77' lang='lat' dir='ltr'><strong>viro</strong></span> <span class='ocrx_word' id='word_1_41' title='bbox 1409 672 1648 745; x_wconf 80' lang='lat' dir='ltr'><strong>mihique</strong></span> <span class='ocrx_word' id='word_1_42' title='bbox 1673 673 2001 728; x_wconf 90' lang='lat' dir='ltr'><strong>amicissimo</strong></span> <span class='ocrx_word' id='word_1_43' title='bbox 2035 675 2114 745; x_wconf 85' lang='grc' dir='ltr'><strong>(α)</strong></span> 
     </span>
    </p>
   </div>
   <div class='ocr_carea' id='block_1_7' title="bbox 539 742 2118 806">
    <p class='ocr_par' dir='ltr' id='par_1_7' title="bbox 539 742 2118 806">
     <span class='ocr_line' id='line_1_7' title="bbox 539 742 2118 806; baseline -0.004 0"><span class='ocrx_word' id='word_1_44' title='bbox 539 749 822 806; x_wconf 87' lang='lat' dir='ltr'><strong>Edmundo</strong></span> <span class='ocrx_word' id='word_1_45' title='bbox 855 745 1128 801; x_wconf 87' lang='lat' dir='ltr'><strong>Bernardo</strong></span> <span class='ocrx_word' id='word_1_46' title='bbox 1172 745 1225 797; x_wconf 88' lang='lat' dir='ltr'><strong>itt</strong></span> <span class='ocrx_word' id='word_1_47' title='bbox 1260 742 1534 797; x_wconf 89' lang='lat' dir='ltr'><strong>acadetnia</strong></span> <span class='ocrx_word' id='word_1_48' title='bbox 1578 743 1870 799; x_wconf 82' lang='lat' dir='ltr'><strong>Oxouiensi</strong></span> <span class='ocrx_word' id='word_1_49' title='bbox 1917 742 2118 801; x_wconf 50' lang='lat' dir='ltr'><strong>docti»;</strong></span> 
     </span>
    </p>
   </div>
   <div class='ocr_carea' id='block_1_8' title="bbox 537 813 2115 885">
    <p class='ocr_par' dir='ltr' id='par_1_8' title="bbox 537 813 2115 885">
     <span class='ocr_line' id='line_1_8' title="bbox 537 813 2115 885; baseline -0.003 -8"><span class='ocrx_word' id='word_1_50' title='bbox 537 825 674 877; x_wconf 90' lang='lat' dir='ltr'><strong>simo</strong></span> <span class='ocrx_word' id='word_1_51' title='bbox 723 817 1064 873; x_wconf 76' lang='lat' dir='ltr'><strong>astronomiae</strong></span> <span class='ocrx_word' id='word_1_52' title='bbox 1116 815 1416 883; x_wconf 90' lang='lat' dir='ltr'><strong>professore</strong></span> <span class='ocrx_word' id='word_1_53' title='bbox 1476 813 1776 879; x_wconf 84' lang='lat' dir='ltr'><strong>Saviliano,</strong></span> <span class='ocrx_word' id='word_1_54' title='bbox 1825 831 1983 885; x_wconf 86' lang='lat' dir='ltr'><strong>quem</strong></span> <span class='ocrx_word' id='word_1_55' title='bbox 2045 833 2115 872; x_wconf 89' lang='lat' dir='ltr'><strong>an</strong></span> 
     </span>
    </p>
   </div>
   <div class='ocr_carea' id='block_1_9' title="bbox 537 885 2116 961">
    <p class='ocr_par' dir='ltr' id='par_1_9' title="bbox 537 885 2116 961">
     <span class='ocr_line' id='line_1_9' title="bbox 537 885 2116 961; baseline -0.007 -13"><span class='ocrx_word' id='word_1_56' title='bbox 537 891 822 961; x_wconf 77' lang='lat' dir='ltr'><strong>singularis</strong></span> <span class='ocrx_word' id='word_1_57' title='bbox 873 887 1174 961; x_wconf 84' lang='lat' dir='ltr'><strong>humanitas</strong></span> <span class='ocrx_word' id='word_1_58' title='bbox 1217 900 1338 940; x_wconf 84' lang='lat' dir='ltr'><strong>cum</strong></span> <span class='ocrx_word' id='word_1_59' title='bbox 1389 885 1629 961; x_wconf 84' lang='lat' dir='ltr'><strong>doctrina</strong></span> <span class='ocrx_word' id='word_1_60' title='bbox 1677 887 1997 961; x_wconf 77' lang='lat' dir='ltr'><strong>conjuncta,</strong></span> <span class='ocrx_word' id='word_1_61' title='bbox 2047 903 2116 961; x_wconf 84' lang='lat' dir='ltr'><strong>an</strong></span> 
     </span>
    </p>
   </div>
   <div class='ocr_carea' id='block_1_10' title="bbox 538 956 2115 1035">
    <p class='ocr_par' dir='ltr' id='par_1_10' title="bbox 538 956 2115 1035">
     <span class='ocr_line' id='line_1_10' title="bbox 538 956 2115 1035; baseline -0.004 -14"><span class='ocrx_word' id='word_1_62' title='bbox 538 956 1368 1035; x_wconf 45' lang='lat' dir='ltr'><strong>promovendarumlitterarum</strong></span> <span class='ocrx_word' id='word_1_63' title='bbox 1395 970 1567 1035; x_wconf 87' lang='lat' dir='ltr'><strong>_amor</strong></span> <span class='ocrx_word' id='word_1_64' title='bbox 1607 956 1904 1013; x_wconf 86' lang='lat' dir='ltr'><strong>indefessus</strong></span> <span class='ocrx_word' id='word_1_65' title='bbox 1946 960 2115 1035; x_wconf 82' lang='lat' dir='ltr'><strong>magis</strong></span> 
     </span>
    </p>
   </div>
   <div class='ocr_carea' id='block_1_11' title="bbox 535 1028 2113 1100">
    <p class='ocr_par' dir='ltr' id='par_1_11' title="bbox 535 1028 2113 1100">
     <span class='ocr_line' id='line_1_11' title="bbox 535 1028 2113 1100; baseline -0.002 -11"><span class='ocrx_word' id='word_1_66' title='bbox 535 1028 946 1100; x_wconf 73' lang='lat' dir='ltr'><strong>oommendent,</strong></span> <span class='ocrx_word' id='word_1_67' title='bbox 980 1028 1200 1084; x_wconf 86' lang='lat' dir='ltr'><strong>difllcile</strong></span> <span class='ocrx_word' id='word_1_68' title='bbox 1238 1028 1459 1100; x_wconf 82' lang='lat' dir='ltr'><strong>dixeris.</strong></span> <span class='ocrx_word' id='word_1_69' title='bbox 1502 1030 1826 1100; x_wconf 83' lang='lat' dir='ltr'><strong>Asservatur</strong></span> <span class='ocrx_word' id='word_1_70' title='bbox 1861 1028 2113 1086; x_wconf 42' lang='lat' dir='ltr'><strong>Codex—iu</strong></span> 
     </span>
    </p>
   </div>
   <div class='ocr_carea' id='block_1_12' title="bbox 529 1099 2108 1171">
    <p class='ocr_par' dir='ltr' id='par_1_12' title="bbox 529 1099 2108 1171">
     <span class='ocr_line' id='line_1_12' title="bbox 529 1099 2108 1171; baseline -0.003 -10"><span class='ocrx_word' id='word_1_71' title='bbox 529 1105 794 1161; x_wconf 87' lang='lat' dir='ltr'><strong>Orielensi</strong></span> <span class='ocrx_word' id='word_1_72' title='bbox 845 1100 1165 1156; x_wconf 83' lang='lat' dir='ltr'><strong>Oxoniensis</strong></span> <span class='ocrx_word' id='word_1_73' title='bbox 1211 1099 1450 1168; x_wconf 83' lang='lat' dir='ltr'><strong>ejusdem</strong></span> <span class='ocrx_word' id='word_1_74' title='bbox 1503 1099 1791 1154; x_wconf 73' lang='lat' dir='ltr'><strong>academia:</strong></span> <span class='ocrx_word' id='word_1_75' title='bbox 1853 1101 2108 1171; x_wconf 85' lang='lat' dir='ltr'><strong>collegio,</strong></span> 
     </span>
    </p>
   </div>
   <div class='ocr_carea' id='block_1_13' title="bbox 533 1171 2114 1240">
    <p class='ocr_par' dir='ltr' id='par_1_13' title="bbox 533 1171 2114 1240">
     <span class='ocr_line' id='line_1_13' title="bbox 533 1171 2114 1240; baseline -0.002 -8"><span class='ocrx_word' id='word_1_76' title='bbox 533 1179 618 1232; x_wconf 88' lang='lat' dir='ltr'><strong>cui</strong></span> <span class='ocrx_word' id='word_1_77' title='bbox 648 1176 794 1232; x_wconf 91' lang='lat' dir='ltr'><strong>illum</strong></span> <span class='ocrx_word' id='word_1_78' title='bbox 823 1175 964 1228; x_wconf 86' lang='lat' dir='ltr'><strong>dono</strong></span> <span class='ocrx_word' id='word_1_79' title='bbox 995 1172 1142 1226; x_wconf 84' lang='lat' dir='ltr'><strong>dedit</strong></span> <span class='ocrx_word' id='word_1_80' title='bbox 1167 1184 1293 1226; x_wconf 90' lang='lat' dir='ltr'><strong>ante</strong></span> <span class='ocrx_word' id='word_1_81' title='bbox 1319 1172 1578 1226; x_wconf 90' lang='lat' dir='ltr'><strong>ducentos</strong></span> <span class='ocrx_word' id='word_1_82' title='bbox 1613 1185 1784 1225; x_wconf 90' lang='lat' dir='ltr'><strong>annos</strong></span> <span class='ocrx_word' id='word_1_83' title='bbox 1811 1171 2050 1240; x_wconf 87' lang='lat' dir='ltr'><strong>ejusdem</strong></span> <span class='ocrx_word' id='word_1_84' title='bbox 2083 1188 2114 1230; x_wconf 90' lang='lat' dir='ltr'><strong>e</strong></span> 
     </span>
    </p>
   </div>
   <div class='ocr_carea' id='block_1_14' title="bbox 533 1239 2112 1318">
    <p class='ocr_par' dir='ltr' id='par_1_14' title="bbox 533 1239 2112 1318">
     <span class='ocr_line' id='line_1_14' title="bbox 533 1239 2112 1318; baseline -0.002 -15"><span class='ocrx_word' id='word_1_85' title='bbox 533 1247 743 1318; x_wconf 79' lang='lat' dir='ltr'><strong>collegii</strong></span> <span class='ocrx_word' id='word_1_86' title='bbox 783 1246 946 1300; x_wconf 86' lang='lat' dir='ltr'><strong>sociis</strong></span> <span class='ocrx_word' id='word_1_87' title='bbox 985 1257 1141 1318; x_wconf 36' lang='lat' dir='ltr'><strong>unus‘</strong></span> <span class='ocrx_word' id='word_1_88' title='bbox 1171 1242 1411 1318; x_wconf 78' lang='lat' dir='ltr'><strong>Andreas</strong></span> <span class='ocrx_word' id='word_1_89' title='bbox 1457 1239 1950 1318; x_wconf 28' lang='lat' dir='ltr'><strong>Manli-yswellensis</strong></span> <span class='ocrx_word' id='word_1_90' title='bbox 1974 1245 2112 1318; x_wconf 23' lang='lat' dir='ltr'><strong>_:A_ita</strong></span> 
     </span>
    </p>
   </div>
   <div class='ocr_carea' id='block_1_15' title="bbox 534 1312 2114 1384">
    <p class='ocr_par' dir='ltr' id='par_1_15' title="bbox 534 1312 2114 1384">
     <span class='ocr_line' id='line_1_15' title="bbox 534 1312 2114 1384; baseline -0.003 -10"><span class='ocrx_word' id='word_1_91' title='bbox 534 1312 820 1375; x_wconf 53' lang='lat' dir='ltr'><strong>enim&#39;ves&#39;o</strong></span> <span class='ocrx_word' id='word_1_92' title='bbox 854 1332 962 1384; x_wconf 67' lang='lat' dir='ltr'><strong>prie</strong></span> <span class='ocrx_word' id='word_1_93' title='bbox 1017 1330 1075 1368; x_wconf 88' lang='lat' dir='ltr'><strong>se</strong></span> <span class='ocrx_word' id='word_1_94' title='bbox 1117 1312 1221 1368; x_wconf 83' lang='lat' dir='ltr'><strong>fert</strong></span> <span class='ocrx_word' id='word_1_95' title='bbox 1250 1314 1416 1384; x_wconf 89' lang='lat' dir='ltr'><strong>prima</strong></span> <span class='ocrx_word' id='word_1_96' title='bbox 1452 1312 1654 1384; x_wconf 86' lang='lat' dir='ltr'><strong>codicis</strong></span> <span class='ocrx_word' id='word_1_97' title='bbox 1689 1315 1877 1383; x_wconf 82' lang='lat' dir='ltr'><strong>pagina</strong></span> <span class='ocrx_word' id='word_1_98' title='bbox 1912 1332 1923 1366; x_wconf 93' lang='lat'><strong>:</strong></span> <span class='ocrx_word' id='word_1_99' title='bbox 1967 1313 2114 1370; x_wconf 82' lang='lat' dir='ltr'><strong>Liber</strong></span> 
     </span>
    </p>
   </div>
   <div class='ocr_carea' id='block_1_16' title="bbox 533 1383 2112 1454">
    <p class='ocr_par' dir='ltr' id='par_1_16' title="bbox 533 1383 2112 1454">
     <span class='ocr_line' id='line_1_16' title="bbox 533 1383 2112 1454; baseline -0.003 -9"><span class='ocrx_word' id='word_1_100' title='bbox 533 1394 715 1445; x_wconf 86' lang='lat' dir='ltr'><strong>domus</strong></span> <span class='ocrx_word' id='word_1_101' title='bbox 742 1383 902 1444; x_wconf 65' lang='lat' dir='ltr'><strong>beate</strong></span> <span class='ocrx_word' id='word_1_102' title='bbox 923 1385 1107 1440; x_wconf 74' lang='lat' dir='ltr'><strong>Maria:</strong></span> <span class='ocrx_word' id='word_1_103' title='bbox 1133 1386 1198 1438; x_wconf 84' lang='lat' dir='ltr'><strong>de</strong></span> <span class='ocrx_word' id='word_1_104' title='bbox 1226 1383 1406 1450; x_wconf 77' lang='lat' dir='ltr'><strong>Oriell.</strong></span> <span class='ocrx_word' id='word_1_105' title='bbox 1436 1383 1603 1437; x_wconf 72' lang='lat' dir='ltr'><strong>Oxon.</strong></span> <span class='ocrx_word' id='word_1_106' title='bbox 1641 1400 1701 1438; x_wconf 75' lang='lat' dir='ltr'><strong>ea:</strong></span> <span class='ocrx_word' id='word_1_107' title='bbox 1726 1386 1860 1439; x_wconf 83' lang='lat' dir='ltr'><strong>dono</strong></span> <span class='ocrx_word' id='word_1_108' title='bbox 1883 1387 2112 1454; x_wconf 79' lang='lat' dir='ltr'><strong>magistri</strong></span> 
     </span>
    </p>
   </div>
   <div class='ocr_carea' id='block_1_17' title="bbox 532 1454 2111 1528">
    <p class='ocr_par' dir='ltr' id='par_1_17' title="bbox 532 1454 2111 1528">
     <span class='ocr_line' id='line_1_17' title="bbox 532 1454 2111 1528; baseline -0.003 -12"><span class='ocrx_word' id='word_1_109' title='bbox 532 1461 752 1516; x_wconf 70' lang='lat' dir='ltr'><strong>Andr-ere</strong></span> <span class='ocrx_word' id='word_1_110' title='bbox 801 1457 1157 1528; x_wconf 79' lang='lat' dir='ltr'><strong>Mankyswell.</strong></span> <span class='ocrx_word' id='word_1_111' title='bbox 1209 1455 1490 1528; x_wconf 80' lang='lat' dir='ltr'><strong>supradicti</strong></span> <span class='ocrx_word' id='word_1_112' title='bbox 1535 1454 1736 1528; x_wconf 81' lang='lat' dir='ltr'><strong>collegii</strong></span> <span class='ocrx_word' id='word_1_113' title='bbox 1779 1457 1924 1510; x_wconf 80' lang='lat' dir='ltr'><strong>socii.</strong></span> <span class='ocrx_word' id='word_1_114' title='bbox 1960 1459 2111 1511; x_wconf 80' lang='lat' dir='ltr'><strong>Anno</strong></span> 
     </span>
    </p>
   </div>
   <div class='ocr_carea' id='block_1_18' title="bbox 533 1525 2111 1600">
    <p class='ocr_par' dir='ltr' id='par_1_18' title="bbox 533 1525 2111 1600">
     <span class='ocr_line' id='line_1_18' title="bbox 533 1525 2111 1600; baseline -0.001 -16"><span class='ocrx_word' id='word_1_115' title='bbox 533 1531 743 1586; x_wconf 82' lang='lat' dir='ltr'><strong>Domini</strong></span> <span class='ocrx_word' id='word_1_116' title='bbox 792 1525 1069 1585; x_wconf 62' lang='grc' dir='ltr'><strong>προσείη.</strong></span> <span class='ocrx_word' id='word_1_117' title='bbox 1104 1525 1302 1600; x_wconf 71' lang='lat' dir='ltr'><strong>_Codex</strong></span> <span class='ocrx_word' id='word_1_118' title='bbox 1358 1527 1478 1600; x_wconf 85' lang='lat' dir='ltr'><strong>iste,</strong></span> <span class='ocrx_word' id='word_1_119' title='bbox 1529 1525 1619 1595; x_wconf 90' lang='lat' dir='ltr'><strong>qui</strong></span> <span class='ocrx_word' id='word_1_120' title='bbox 1663 1541 2111 1600; x_wconf 62' lang='lat' dir='ltr'><strong>pergamenaceps</strong></span> 
     </span>
    </p>
   </div>
   <div class='ocr_carea' id='block_1_19' title="bbox 533 1597 2108 1674">
    <p class='ocr_par' dir='ltr' id='par_1_19' title="bbox 533 1597 2108 1674">
     <span class='ocr_line' id='line_1_19' title="bbox 533 1597 2108 1674; baseline -0.01 -16"><span class='ocrx_word' id='word_1_121' title='bbox 533 1613 637 1669; x_wconf 89' lang='lat' dir='ltr'><strong>est,</strong></span> <span class='ocrx_word' id='word_1_122' title='bbox 658 1600 1066 1674; x_wconf 84' lang='lat' dir='ltr'><strong>grandiorisque</strong></span> <span class='ocrx_word' id='word_1_123' title='bbox 1097 1598 1306 1674; x_wconf 62' lang='lat' dir='ltr'><strong>fortntc,</strong></span> <span class='ocrx_word' id='word_1_124' title='bbox 1335 1597 1510 1674; x_wconf 81' lang='lat' dir='ltr'><strong>ethoc</strong></span> <span class='ocrx_word' id='word_1_125' title='bbox 1540 1611 1764 1674; x_wconf 79' lang='lat' dir='ltr'><strong>numero</strong></span> <span class='ocrx_word' id='word_1_126' title='bbox 1795 1597 2108 1669; x_wconf 55' lang='lat' dir='ltr'><strong>notatusjj</strong></span> 
     </span>
    </p>
   </div>
   <div class='ocr_carea' id='block_1_20' title="bbox 532 1668 2112 1741">
    <p class='ocr_par' dir='ltr' id='par_1_20' title="bbox 532 1668 2112 1741">
     <span class='ocr_line' id='line_1_20' title="bbox 532 1668 2112 1741; baseline -0.001 -12"><span class='ocrx_word' id='word_1_127' title='bbox 532 1674 595 1738; x_wconf 87' lang='grc' dir='ltr'><strong>Β,</strong></span> <span class='ocrx_word' id='word_1_128' title='bbox 626 1668 909 1737; x_wconf 81' lang='lat' dir='ltr'><strong>continet,</strong></span> <span class='ocrx_word' id='word_1_129' title='bbox 951 1668 1148 1741; x_wconf 68' lang='lat' dir='ltr'><strong>praeter</strong></span> <span class='ocrx_word' id='word_1_130' title='bbox 1180 1669 1547 1724; x_wconf 88' lang='lat' dir='ltr'><strong>collectionem</strong></span> <span class='ocrx_word' id='word_1_131' title='bbox 1592 1668 1726 1741; x_wconf 83' lang='lat' dir='ltr'><strong>hanc</strong></span> <span class='ocrx_word' id='word_1_132' title='bbox 1763 1683 2028 1724; x_wconf 90' lang='lat' dir='ltr'><strong>canonum</strong></span> <span class='ocrx_word' id='word_1_133' title='bbox 2057 1681 2112 1728; x_wconf 86' lang='lat' dir='ltr'><strong>et</strong></span> 
     </span>
    </p>
   </div>
   <div class='ocr_carea' id='block_1_21' title="bbox 531 1739 2106 1813">
    <p class='ocr_par' dir='ltr' id='par_1_21' title="bbox 531 1739 2106 1813">
     <span class='ocr_line' id='line_1_21' title="bbox 531 1739 2106 1813; baseline -0.002 -13"><span class='ocrx_word' id='word_1_134' title='bbox 531 1745 901 1809; x_wconf 86' lang='lat' dir='ltr'><strong>decretorum,</strong></span> <span class='ocrx_word' id='word_1_135' title='bbox 933 1739 1189 1813; x_wconf 75' lang='lat' dir='ltr'><strong>epistolas</strong></span> <span class='ocrx_word' id='word_1_136' title='bbox 1219 1750 1270 1794; x_wconf 90' lang='lat' dir='ltr'><strong>et</strong></span> <span class='ocrx_word' id='word_1_137' title='bbox 1295 1753 1571 1813; x_wconf 61' lang='lat' dir='ltr'><strong>sermones</strong></span> <span class='ocrx_word' id='word_1_138' title='bbox 1599 1744 1655 1813; x_wconf 68' lang='lat'><strong>5.</strong></span> <span class='ocrx_word' id='word_1_139' title='bbox 1691 1739 1884 1795; x_wconf 88' lang='lat' dir='ltr'><strong>Leonis</strong></span> <span class='ocrx_word' id='word_1_140' title='bbox 1913 1742 2106 1812; x_wconf 84' lang='lat' dir='ltr'><strong>Magni.</strong></span> 
     </span>
    </p>
   </div>
   <div class='ocr_carea' id='block_1_22' title="bbox 531 1809 2111 1887">
    <p class='ocr_par' dir='ltr' id='par_1_22' title="bbox 531 1809 2111 1887">
     <span class='ocr_line' id='line_1_22' title="bbox 531 1809 2111 1887; baseline -0.001 -17"><span class='ocrx_word' id='word_1_141' title='bbox 531 1815 788 1887; x_wconf 80' lang='lat' dir='ltr'><strong>Epistolis</strong></span> <span class='ocrx_word' id='word_1_142' title='bbox 827 1809 1043 1887; x_wconf 71' lang='lat' dir='ltr'><strong>inserta:</strong></span> <span class='ocrx_word' id='word_1_143' title='bbox 1074 1809 2111 1887; x_wconf 28' lang='lat' dir='ltr'><strong>leguntur‘Constitutioneaimperato-</strong></span> 
     </span>
    </p>
   </div>
   <div class='ocr_carea' id='block_1_23' title="bbox 490 1882 2103 1953">
    <p class='ocr_par' dir='ltr' id='par_1_23' title="bbox 490 1882 2103 1953">
     <span class='ocr_line' id='line_1_23' title="bbox 490 1882 2103 1953; baseline 0 -13"><span class='ocrx_word' id='word_1_144' title='bbox 490 1917 493 1919; x_wconf 97' lang='lat'><em>-</em></span> <span class='ocrx_word' id='word_1_145' title='bbox 530 1882 646 1942; x_wconf 81' lang='lat' dir='ltr'><strong>rum</strong></span> <span class='ocrx_word' id='word_1_146' title='bbox 674 1885 961 1943; x_wconf 85' lang='lat' dir='ltr'><strong>Theodosii</strong></span> <span class='ocrx_word' id='word_1_147' title='bbox 1001 1894 1054 1939; x_wconf 87' lang='lat' dir='ltr'><strong>et</strong></span> <span class='ocrx_word' id='word_1_148' title='bbox 1085 1882 1436 1938; x_wconf 84' lang='lat' dir='ltr'><strong>Valentiniani</strong></span> <span class='ocrx_word' id='word_1_149' title='bbox 1474 1882 1732 1936; x_wconf 68' lang='lat' dir='ltr'><strong>adversus</strong></span> <span class='ocrx_word' id='word_1_150' title='bbox 1763 1882 2103 1953; x_wconf 80' lang='lat' dir='ltr'><strong>Manichaeos,</strong></span> 
     </span>
    </p>
   </div>
   <div class='ocr_carea' id='block_1_24' title="bbox 529 1952 2108 2025">
    <p class='ocr_par' dir='ltr' id='par_1_24' title="bbox 529 1952 2108 2025">
     <span class='ocr_line' id='line_1_24' title="bbox 529 1952 2108 2025; baseline -0.002 -12"><span class='ocrx_word' id='word_1_151' title='bbox 529 1969 583 2013; x_wconf 89' lang='lat' dir='ltr'><strong>et</strong></span> <span class='ocrx_word' id='word_1_152' title='bbox 620 1968 804 2012; x_wconf 86' lang='lat' dir='ltr'><strong>contra</strong></span> <span class='ocrx_word' id='word_1_153' title='bbox 839 1955 1089 2011; x_wconf 88' lang='lat' dir='ltr'><strong>llilarium</strong></span> <span class='ocrx_word' id='word_1_154' title='bbox 1121 1954 1510 2009; x_wconf 81' lang='lat' dir='ltr'><strong>Arelatensem.</strong></span> <span class='ocrx_word' id='word_1_155' title='bbox 1557 1952 1912 2025; x_wconf 77' lang='lat' dir='ltr'><strong>sermonibus</strong></span> <span class='ocrx_word' id='word_1_156' title='bbox 1942 1952 2108 2025; x_wconf 56' lang='lat' dir='ltr'><strong>subji-</strong></span> 
     </span>
    </p>
   </div>
   <div class='ocr_carea' id='block_1_25' title="bbox 528 2024 2103 2098">
    <p class='ocr_par' dir='ltr' id='par_1_25' title="bbox 528 2024 2103 2098">
     <span class='ocr_line' id='line_1_25' title="bbox 528 2024 2103 2098; baseline -0.002 -14"><span class='ocrx_word' id='word_1_157' title='bbox 528 2031 738 2085; x_wconf 88' lang='lat' dir='ltr'><strong>ciuntur</strong></span> <span class='ocrx_word' id='word_1_158' title='bbox 767 2029 886 2083; x_wconf 75' lang='lat' dir='ltr'><strong>dua:</strong></span> <span class='ocrx_word' id='word_1_159' title='bbox 925 2026 1162 2098; x_wconf 77' lang='lat' dir='ltr'><strong>epistola:</strong></span> <span class='ocrx_word' id='word_1_160' title='bbox 1193 2027 1591 2098; x_wconf 89' lang='lat' dir='ltr'><strong>episcoporum_</strong></span> <span class='ocrx_word' id='word_1_161' title='bbox 1612 2024 1838 2079; x_wconf 87' lang='lat' dir='ltr'><strong>Proterii</strong></span> <span class='ocrx_word' id='word_1_162' title='bbox 1869 2024 2103 2082; x_wconf 80' lang='lat' dir='ltr'><strong>Alexan-</strong></span> 
     </span>
    </p>
   </div>
   <div class='ocr_carea' id='block_1_26' title="bbox 527 2095 2102 2168">
    <p class='ocr_par' dir='ltr' id='par_1_26' title="bbox 527 2095 2102 2168">
     <span class='ocr_line' id='line_1_26' title="bbox 527 2095 2102 2168; baseline -0.001 -14"><span class='ocrx_word' id='word_1_163' title='bbox 527 2101 690 2166; x_wconf 90' lang='lat' dir='ltr'><strong>driui,</strong></span> <span class='ocrx_word' id='word_1_164' title='bbox 715 2112 767 2154; x_wconf 91' lang='lat' dir='ltr'><strong>et</strong></span> <span class='ocrx_word' id='word_1_165' title='bbox 792 2095 1099 2156; x_wconf 79' lang='lat' dir='ltr'><strong>Pascltasini</strong></span> <span class='ocrx_word' id='word_1_166' title='bbox 1135 2098 1443 2168; x_wconf 68' lang='lat' dir='ltr'><strong>Lylibtetani</strong></span> <span class='ocrx_word' id='word_1_167' title='bbox 1477 2097 1542 2148; x_wconf 86' lang='lat' dir='ltr'><strong>ad</strong></span> <span class='ocrx_word' id='word_1_168' title='bbox 1574 2095 1804 2168; x_wconf 76' lang='lat' dir='ltr'><strong>Leonem</strong></span> <span class='ocrx_word' id='word_1_169' title='bbox 1836 2109 2102 2165; x_wconf 82' lang='lat' dir='ltr'><strong>n0strum,</strong></span> 
     </span>
    </p>
   </div>
   <div class='ocr_carea' id='block_1_27' title="bbox 527 2165 2064 2232">
    <p class='ocr_par' dir='ltr' id='par_1_27' title="bbox 527 2165 2064 2232">
     <span class='ocr_line' id='line_1_27' title="bbox 527 2165 2064 2232; baseline -0.001 -6"><span class='ocrx_word' id='word_1_170' title='bbox 527 2185 579 2226; x_wconf 87' lang='lat' dir='ltr'><strong>et</strong></span> <span class='ocrx_word' id='word_1_171' title='bbox 618 2165 720 2227; x_wconf 90' lang='lat' dir='ltr'><strong>alia</strong></span> <span class='ocrx_word' id='word_1_172' title='bbox 767 2171 1018 2226; x_wconf 88' lang='lat' dir='ltr'><strong>nonnulla</strong></span> <span class='ocrx_word' id='word_1_173' title='bbox 1051 2165 1211 2223; x_wconf 84' lang='lat' dir='ltr'><strong>vitam</strong></span> <span class='ocrx_word' id='word_1_174' title='bbox 1242 2169 1411 2222; x_wconf 89' lang='lat' dir='ltr'><strong>sancti</strong></span> <span class='ocrx_word' id='word_1_175' title='bbox 1461 2165 1727 2232; x_wconf 86' lang='lat' dir='ltr'><strong>pontificis</strong></span> <span class='ocrx_word' id='word_1_176' title='bbox 1764 2169 2064 2223; x_wconf 84' lang='lat' dir='ltr'><strong>attinentia.</strong></span> 
     </span>
    </p>
   </div>
   <div class='ocr_carea' id='block_1_28' title="bbox 595 2239 2106 2310">
    <p class='ocr_par' dir='ltr' id='par_1_28' title="bbox 595 2239 2106 2310">
     <span class='ocr_line' id='line_1_28' title="bbox 595 2239 2106 2310; baseline -0.002 -12"><span class='ocrx_word' id='word_1_177' title='bbox 595 2243 852 2299; x_wconf 88' lang='lat' dir='ltr'><strong>Collectio</strong></span> <span class='ocrx_word' id='word_1_178' title='bbox 883 2255 1146 2297; x_wconf 91' lang='lat' dir='ltr'><strong>canonum</strong></span> <span class='ocrx_word' id='word_1_179' title='bbox 1179 2249 1232 2294; x_wconf 89' lang='lat' dir='ltr'><strong>et</strong></span> <span class='ocrx_word' id='word_1_180' title='bbox 1271 2239 1618 2310; x_wconf 16' lang='lat' dir='ltr'><strong>decretorum,</strong></span> <span class='ocrx_word' id='word_1_181' title='bbox 1642 2240 1920 2310; x_wconf 83' lang='lat' dir='ltr'><strong>sexaginta</strong></span> <span class='ocrx_word' id='word_1_182' title='bbox 1961 2243 2106 2310; x_wconf 86' lang='lat' dir='ltr'><strong>capi-</strong></span> 
     </span>
    </p>
   </div>
   <div class='ocr_carea' id='block_1_29' title="bbox 526 2309 2104 2381">
    <p class='ocr_par' dir='ltr' id='par_1_29' title="bbox 526 2309 2104 2381">
     <span class='ocr_line' id='line_1_29' title="bbox 526 2309 2104 2381; baseline 0.001 -15"><span class='ocrx_word' id='word_1_183' title='bbox 526 2314 633 2369; x_wconf 90' lang='lat' dir='ltr'><strong>tula</strong></span> <span class='ocrx_word' id='word_1_184' title='bbox 662 2313 928 2379; x_wconf 89' lang='lat' dir='ltr'><strong>continet,</strong></span> <span class='ocrx_word' id='word_1_185' title='bbox 967 2323 1020 2367; x_wconf 91' lang='lat' dir='ltr'><strong>et</strong></span> <span class='ocrx_word' id='word_1_186' title='bbox 1061 2309 1477 2381; x_wconf 90' lang='lat' dir='ltr'><strong>unumquodque</strong></span> <span class='ocrx_word' id='word_1_187' title='bbox 1507 2309 1796 2379; x_wconf 82' lang='lat' dir='ltr'><strong>capitulum</strong></span> <span class='ocrx_word' id='word_1_188' title='bbox 1837 2313 1892 2364; x_wconf 91' lang='lat' dir='ltr'><strong>in</strong></span> <span class='ocrx_word' id='word_1_189' title='bbox 1923 2309 2104 2367; x_wconf 87' lang='lat' dir='ltr'><strong>titulos</strong></span> 
     </span>
    </p>
   </div>
   <div class='ocr_carea' id='block_1_30' title="bbox 527 2380 2104 2452">
    <p class='ocr_par' dir='ltr' id='par_1_30' title="bbox 527 2380 2104 2452">
     <span class='ocr_line' id='line_1_30' title="bbox 527 2380 2104 2452; baseline -0.001 -12"><span class='ocrx_word' id='word_1_190' title='bbox 527 2385 805 2452; x_wconf 85' lang='lat' dir='ltr'><strong>dividitur,</strong></span> <span class='ocrx_word' id='word_1_191' title='bbox 835 2400 955 2439; x_wconf 92' lang='lat' dir='ltr'><strong>cum</strong></span> <span class='ocrx_word' id='word_1_192' title='bbox 987 2385 1058 2437; x_wconf 91' lang='lat' dir='ltr'><strong>ita</strong></span> <span class='ocrx_word' id='word_1_193' title='bbox 1091 2383 1206 2437; x_wconf 90' lang='lat' dir='ltr'><strong>lieri</strong></span> <span class='ocrx_word' id='word_1_194' title='bbox 1235 2380 1321 2436; x_wconf 89' lang='lat' dir='ltr'><strong>res</strong></span> <span class='ocrx_word' id='word_1_195' title='bbox 1355 2382 1587 2452; x_wconf 86' lang='lat' dir='ltr'><strong>patitur:</strong></span> <span class='ocrx_word' id='word_1_196' title='bbox 1618 2380 1843 2436; x_wconf 91' lang='lat' dir='ltr'><strong>concilia</strong></span> <span class='ocrx_word' id='word_1_197' title='bbox 1874 2383 2015 2438; x_wconf 91' lang='lat' dir='ltr'><strong>enim</strong></span> <span class='ocrx_word' id='word_1_198' title='bbox 2049 2384 2104 2438; x_wconf 90' lang='lat' dir='ltr'><strong>in</strong></span> 
     </span>
    </p>
   </div>
   <div class='ocr_carea' id='block_1_31' title="bbox 523 2451 2101 2524">
    <p class='ocr_par' dir='ltr' id='par_1_31' title="bbox 523 2451 2101 2524">
     <span class='ocr_line' id='line_1_31' title="bbox 523 2451 2101 2524; baseline -0.003 -12"><span class='ocrx_word' id='word_1_199' title='bbox 523 2451 862 2522; x_wconf 86' lang='lat' dir='ltr'><strong>canones,et</strong></span> <span class='ocrx_word' id='word_1_200' title='bbox 883 2454 1124 2524; x_wconf 85' lang='lat' dir='ltr'><strong>epistolae</strong></span> <span class='ocrx_word' id='word_1_201' title='bbox 1139 2454 1190 2508; x_wconf 95' lang='lat' dir='ltr'><strong>in</strong></span> <span class='ocrx_word' id='word_1_202' title='bbox 1209 2453 1382 2522; x_wconf 87' lang='lat' dir='ltr'><strong>capita</strong></span> <span class='ocrx_word' id='word_1_203' title='bbox 1407 2465 1502 2506; x_wconf 91' lang='lat' dir='ltr'><strong>seu</strong></span> <span class='ocrx_word' id='word_1_204' title='bbox 1524 2451 1741 2507; x_wconf 88' lang='lat' dir='ltr'><strong>decreta</strong></span> <span class='ocrx_word' id='word_1_205' title='bbox 1763 2452 2101 2510; x_wconf 88' lang='lat' dir='ltr'><strong>scinduntur.</strong></span> 
     </span>
    </p>
   </div>
   <div class='ocr_carea' id='block_1_32' title="bbox 610 2524 2104 2584">
    <p class='ocr_par' dir='ltr' id='par_1_32' title="bbox 610 2524 2104 2584">
     <span class='ocr_line' id='line_1_32' title="bbox 610 2524 2104 2584; baseline -0.003 0"><span class='ocrx_word' id='word_1_206' title='bbox 610 2530 997 2584; x_wconf 68' lang='lat' dir='ltr'><strong>Sexcentorum</strong></span> <span class='ocrx_word' id='word_1_207' title='bbox 1052 2526 1161 2580; x_wconf 86' lang='lat' dir='ltr'><strong>lere</strong></span> <span class='ocrx_word' id='word_1_208' title='bbox 1204 2538 1468 2578; x_wconf 91' lang='lat' dir='ltr'><strong>annorum</strong></span> <span class='ocrx_word' id='word_1_209' title='bbox 1515 2537 1637 2577; x_wconf 90' lang='lat' dir='ltr'><strong>esse</strong></span> <span class='ocrx_word' id='word_1_210' title='bbox 1694 2524 1886 2578; x_wconf 90' lang='lat' dir='ltr'><strong>dicitur</strong></span> <span class='ocrx_word' id='word_1_211' title='bbox 1935 2526 2104 2581; x_wconf 77' lang='lat' dir='ltr'><strong>codex</strong></span> 
     </span>
    </p>
   </div>
   <div class='ocr_carea' id='block_1_33' title="bbox 523 2595 2106 2669">
    <p class='ocr_par' dir='ltr' id='par_1_33' title="bbox 523 2595 2106 2669">
     <span class='ocr_line' id='line_1_33' title="bbox 523 2595 2106 2669; baseline -0.001 -16"><span class='ocrx_word' id='word_1_212' title='bbox 523 2608 941 2669; x_wconf 86' lang='lat' dir='ltr'><strong>lnanuscriptus,</strong></span> <span class='ocrx_word' id='word_1_213' title='bbox 973 2595 1532 2669; x_wconf 31' lang='lat' dir='ltr'><strong>cujusdapographum</strong></span> <span class='ocrx_word' id='word_1_214' title='bbox 1567 2596 1634 2647; x_wconf 87' lang='lat' dir='ltr'><strong>ad</strong></span> <span class='ocrx_word' id='word_1_215' title='bbox 1683 2596 2106 2669; x_wconf 80' lang='lat' dir='ltr'><strong>nos_transmis-</strong></span> 
     </span>
    </p>
   </div>
   <div class='ocr_carea' id='block_1_34' title="bbox 523 2665 2104 2735">
    <p class='ocr_par' dir='ltr' id='par_1_34' title="bbox 523 2665 2104 2735">
     <span class='ocr_line' id='line_1_34' title="bbox 523 2665 2104 2735; baseline -0.001 -11"><span class='ocrx_word' id='word_1_216' title='bbox 523 2679 641 2725; x_wconf 86' lang='lat' dir='ltr'><strong>sum</strong></span> <span class='ocrx_word' id='word_1_217' title='bbox 669 2679 752 2725; x_wconf 88' lang='lat' dir='ltr'><strong>est</strong></span> <span class='ocrx_word' id='word_1_218' title='bbox 778 2665 813 2723; x_wconf 71' lang='grc' dir='ltr'><strong>τ’</strong></span> <span class='ocrx_word' id='word_1_219' title='bbox 836 2668 930 2724; x_wconf 89' lang='lat' dir='ltr'><strong>sed</strong></span> <span class='ocrx_word' id='word_1_220' title='bbox 960 2683 1026 2722; x_wconf 82' lang='lat' dir='ltr'><strong>ex</strong></span> <span class='ocrx_word' id='word_1_221' title='bbox 1055 2665 1238 2722; x_wconf 90' lang='lat' dir='ltr'><strong>codice</strong></span> <span class='ocrx_word' id='word_1_222' title='bbox 1267 2665 1375 2719; x_wconf 90' lang='lat' dir='ltr'><strong>alio</strong></span> <span class='ocrx_word' id='word_1_223' title='bbox 1406 2665 1564 2735; x_wconf 90' lang='lat' dir='ltr'><strong>longe</strong></span> <span class='ocrx_word' id='word_1_224' title='bbox 1605 2665 1978 2735; x_wconf 90' lang='lat' dir='ltr'><strong>antiquissimo</strong></span> <span class='ocrx_word' id='word_1_225' title='bbox 2007 2668 2104 2723; x_wconf 91' lang='lat' dir='ltr'><strong>de-</strong></span> 
     </span>
    </p>
   </div>
   <div class='ocr_carea' id='block_1_35' title="bbox 522 2736 2106 2811">
    <p class='ocr_par' dir='ltr' id='par_1_35' title="bbox 522 2736 2106 2811">
     <span class='ocr_line' id='line_1_35' title="bbox 522 2736 2106 2811; baseline 0.001 -17"><span class='ocrx_word' id='word_1_226' title='bbox 522 2743 756 2811; x_wconf 84' lang='lat' dir='ltr'><strong>scriptus</strong></span> <span class='ocrx_word' id='word_1_227' title='bbox 783 2749 905 2807; x_wconf 89' lang='lat' dir='ltr'><strong>est,</strong></span> <span class='ocrx_word' id='word_1_228' title='bbox 937 2738 1011 2794; x_wconf 90' lang='lat' dir='ltr'><strong>uti</strong></span> <span class='ocrx_word' id='word_1_229' title='bbox 1059 2747 1170 2811; x_wconf 73' lang='lat' dir='ltr'><strong>turn</strong></span> <span class='ocrx_word' id='word_1_230' title='bbox 1220 2751 1283 2792; x_wconf 82' lang='lat' dir='ltr'><strong>ex</strong></span> <span class='ocrx_word' id='word_1_231' title='bbox 1325 2736 1475 2811; x_wconf 83' lang='lat' dir='ltr'><strong>aliis,</strong></span> <span class='ocrx_word' id='word_1_232' title='bbox 1523 2744 1634 2811; x_wconf 87' lang='lat' dir='ltr'><strong>tum</strong></span> <span class='ocrx_word' id='word_1_233' title='bbox 1666 2751 1731 2790; x_wconf 84' lang='lat' dir='ltr'><strong>ex</strong></span> <span class='ocrx_word' id='word_1_234' title='bbox 1772 2736 2106 2811; x_wconf 75' lang='lat' dir='ltr'><strong>Itacscribae</strong></span> 
     </span>
    </p>
   </div>
   <div class='ocr_carea' id='block_1_36' title="bbox 522 2809 2106 2882">
    <p class='ocr_par' dir='ltr' id='par_1_36' title="bbox 522 2809 2106 2882">
     <span class='ocr_line' id='line_1_36' title="bbox 522 2809 2106 2882; baseline -0.004 -16"><span class='ocrx_word' id='word_1_235' title='bbox 522 2809 646 2866; x_wconf 81' lang='lat' dir='ltr'><strong>nota</strong></span> <span class='ocrx_word' id='word_1_236' title='bbox 682 2811 1011 2880; x_wconf 74' lang='lat' dir='ltr'><strong>intelligitur,</strong></span> <span class='ocrx_word' id='word_1_237' title='bbox 1049 2809 1210 2882; x_wconf 77' lang='lat'><strong>691</strong></span> <span class='ocrx_word' id='word_1_238' title='bbox 1253 2822 1410 2878; x_wconf 90' lang='lat' dir='ltr'><strong>quam</strong></span> <span class='ocrx_word' id='word_1_239' title='bbox 1443 2809 1768 2882; x_wconf 80' lang='lat' dir='ltr'><strong>descriptam</strong></span> <span class='ocrx_word' id='word_1_240' title='bbox 1819 2809 1983 2864; x_wconf 88' lang='lat' dir='ltr'><strong>habes</strong></span> <span class='ocrx_word' id='word_1_241' title='bbox 2013 2825 2106 2880; x_wconf 83' lang='lat' dir='ltr'><strong>pa-</strong></span> 
     </span>
    </p>
   </div>
   <div class='ocr_carea' id='block_1_37' title="bbox 520 2879 2107 2952">
    <p class='ocr_par' dir='ltr' id='par_1_37' title="bbox 520 2879 2107 2952">
     <span class='ocr_line' id='line_1_37' title="bbox 520 2879 2107 2952; baseline -0.001 -16"><span class='ocrx_word' id='word_1_242' title='bbox 520 2882 641 2952; x_wconf 87' lang='lat' dir='ltr'><strong>gina</strong></span> <span class='ocrx_word' id='word_1_243' title='bbox 681 2884 749 2938; x_wconf 72' lang='grc'><strong>54</strong></span> <span class='ocrx_word' id='word_1_244' title='bbox 785 2879 985 2937; x_wconf 85' lang='lat' dir='ltr'><strong>codicis</strong></span> <span class='ocrx_word' id='word_1_245' title='bbox 1014 2897 1029 2936; x_wconf 90' lang='lat'><strong>:</strong></span> <span class='ocrx_word' id='word_1_246' title='bbox 1054 2879 1372 2952; x_wconf 3' lang='lat' dir='ltr'><strong>plateicatlcx</strong></span> <span class='ocrx_word' id='word_1_247' title='bbox 1402 2879 1734 2952; x_wconf 79' lang='lat' dir='ltr'><strong>transcriptus</strong></span> <span class='ocrx_word' id='word_1_248' title='bbox 1760 2888 1937 2952; x_wconf 71' lang='lat' dir='ltr'><strong>estex</strong></span> <span class='ocrx_word' id='word_1_249' title='bbox 1966 2879 2107 2935; x_wconf 82' lang='lat' dir='ltr'><strong>vetu-</strong></span> 
     </span>
    </p>
   </div>
   <div class='ocr_carea' id='block_1_38' title="bbox 521 2951 2101 3024">
    <p class='ocr_par' dir='ltr' id='par_1_38' title="bbox 521 2951 2101 3024">
     <span class='ocr_line' id='line_1_38' title="bbox 521 2951 2101 3024; baseline -0.002 -16"><span class='ocrx_word' id='word_1_250' title='bbox 521 2951 746 3009; x_wconf 79' lang='lat' dir='ltr'><strong>stissimo</strong></span> <span class='ocrx_word' id='word_1_251' title='bbox 784 2951 1085 3024; x_wconf 72' lang='lat' dir='ltr'><strong>exemplari,</strong></span> <span class='ocrx_word' id='word_1_252' title='bbox 1129 2951 1477 3024; x_wconf 30' lang='lat' dir='ltr'><strong>quocircohde</strong></span> <span class='ocrx_word' id='word_1_253' title='bbox 1520 2951 1729 3004; x_wconf 79' lang='lat' dir='ltr'><strong>veritate</strong></span> <span class='ocrx_word' id='word_1_254' title='bbox 1757 2951 2101 3020; x_wconf 86' lang='lat' dir='ltr'><strong>scriptorum,</strong></span> 
     </span>
    </p>
   </div>
   <div class='ocr_carea' id='block_1_39' title="bbox 523 3021 2106 3096">
    <p class='ocr_par' dir='ltr' id='par_1_39' title="bbox 523 3021 2106 3096">
     <span class='ocr_line' id='line_1_39' title="bbox 523 3021 2106 3096; baseline 0 -18"><span class='ocrx_word' id='word_1_255' title='bbox 523 3041 615 3079; x_wconf 84' lang='lat' dir='ltr'><strong>nec</strong></span> <span class='ocrx_word' id='word_1_256' title='bbox 641 3027 694 3079; x_wconf 85' lang='lat' dir='ltr'><strong>in</strong></span> <span class='ocrx_word' id='word_1_257' title='bbox 738 3026 834 3079; x_wconf 83' lang='lat' dir='ltr'><strong>isto</strong></span> <span class='ocrx_word' id='word_1_258' title='bbox 864 3021 1028 3096; x_wconf 80' lang='lat' dir='ltr'><strong>primo</strong></span> <span class='ocrx_word' id='word_1_259' title='bbox 1077 3021 1308 3096; x_wconf 76' lang='lat' dir='ltr'><strong>capitulo</strong></span> <span class='ocrx_word' id='word_1_260' title='bbox 1337 3021 1669 3096; x_wconf 76' lang='lat' dir='ltr'><strong>Nictenarum</strong></span> <span class='ocrx_word' id='word_1_261' title='bbox 1707 3037 1981 3096; x_wconf 82' lang='lat' dir='ltr'><strong>canonum,</strong></span> <span class='ocrx_word' id='word_1_262' title='bbox 2015 3039 2106 3077; x_wconf 80' lang='lat' dir='ltr'><strong>nec</strong></span> 
     </span>
    </p>
   </div>
   <div class='ocr_carea' id='block_1_40' title="bbox 522 3091 2106 3178">
    <p class='ocr_par' dir='ltr' id='par_1_40' title="bbox 522 3091 2106 3178">
     <span class='ocr_line' id='line_1_40' title="bbox 522 3091 2106 3178; baseline -0.002 -27"><span class='ocrx_word' id='word_1_263' title='bbox 522 3091 1227 3178; x_wconf 33' lang='lat' dir='ltr'><strong>inhomnibus&#39;snequcntibus,</strong></span> <span class='ocrx_word' id='word_1_264' title='bbox 1259 3093 1443 3178; x_wconf 62' lang='lat' dir='ltr'><strong>aliquis</strong></span> <span class='ocrx_word' id='word_1_265' title='bbox 1489 3094 1722 3178; x_wconf 58' lang='lat' dir='ltr'><strong>dubitare</strong></span> <span class='ocrx_word' id='word_1_266' title='bbox 1766 3091 1947 3161; x_wconf 82' lang='lat' dir='ltr'><strong>debet,</strong></span> <span class='ocrx_word' id='word_1_267' title='bbox 1990 3096 2106 3148; x_wconf 86' lang='lat' dir='ltr'><strong>licet</strong></span> 
     </span>
    </p>
   </div>
   <div class='ocr_carea' id='block_1_41' title="bbox 523 3165 1717 3231">
    <p class='ocr_par' dir='ltr' id='par_1_41' title="bbox 523 3165 1717 3231">
     <span class='ocr_line' id='line_1_41' title="bbox 523 3165 1717 3231; baseline -0.003 -10"><span class='ocrx_word' id='word_1_268' title='bbox 523 3167 670 3221; x_wconf 83' lang='lat' dir='ltr'><strong>aliter</strong></span> <span class='ocrx_word' id='word_1_269' title='bbox 688 3170 744 3221; x_wconf 87' lang='lat' dir='ltr'><strong>in</strong></span> <span class='ocrx_word' id='word_1_270' title='bbox 773 3165 986 3221; x_wconf 79' lang='lat' dir='ltr'><strong>novellis</strong></span> <span class='ocrx_word' id='word_1_271' title='bbox 1013 3165 1388 3231; x_wconf 75' lang='lat' dir='ltr'><strong>exemplaribus</strong></span> <span class='ocrx_word' id='word_1_272' title='bbox 1410 3165 1717 3218; x_wconf 81' lang='lat' dir='ltr'><strong>inueniatur.</strong></span> 
     </span>
    </p>
   </div>
   <div class='ocr_carea' id='block_1_42' title="bbox 2225 531 3730 621">
    <p class='ocr_par' dir='ltr' id='par_1_42' title="bbox 2225 531 3730 621">
     <span class='ocr_line' id='line_1_42' title="bbox 2225 531 3730 621; baseline 0.027 -15"><span class='ocrx_word' id='word_1_273' title='bbox 2225 532 2298 585; x_wconf 77' lang='lat' dir='ltr'><strong>dii</strong></span> <span class='ocrx_word' id='word_1_274' title='bbox 2331 531 3212 621; x_wconf 49' lang='grc' dir='ltr'><strong>ρνωεείςέοιῑξεξε.εαίριέξξιιινξτευξ</strong></span> <span class='ocrx_word' id='word_1_275' title='bbox 3242 539 3447 621; x_wconf 53' lang='lat' dir='ltr'><strong>eosdem</strong></span> <span class='ocrx_word' id='word_1_276' title='bbox 3478 531 3730 621; x_wconf 56' lang='grc' dir='ltr'><strong>δεκαοδέ</strong></span> 
     </span>
    </p>
   </div>
   <div class='ocr_carea' id='block_1_43' title="bbox 2224 603 3733 681">
    <p class='ocr_par' dir='ltr' id='par_1_43' title="bbox 2224 603 3733 681">
     <span class='ocr_line' id='line_1_43' title="bbox 2224 603 3733 681; baseline 0.011 -25"><span class='ocrx_word' id='word_1_277' title='bbox 2224 605 2403 681; x_wconf 57' lang='lat' dir='ltr'><strong>2:;th.</strong></span> <span class='ocrx_word' id='word_1_278' title='bbox 2444 604 2569 681; x_wconf 57' lang='lat' dir='ltr'><strong>ass,</strong></span> <span class='ocrx_word' id='word_1_279' title='bbox 2617 603 2754 681; x_wconf 63' lang='lat' dir='ltr'><strong>ass,</strong></span> <span class='ocrx_word' id='word_1_280' title='bbox 2783 613 2836 659; x_wconf 90' lang='lat' dir='ltr'><strong>et</strong></span> <span class='ocrx_word' id='word_1_281' title='bbox 2869 603 3002 681; x_wconf 65' lang='lat' dir='ltr'><strong>est.</strong></span> <span class='ocrx_word' id='word_1_282' title='bbox 3048 604 3299 681; x_wconf 71' lang='lat' dir='ltr'><strong>Eumdem</strong></span> <span class='ocrx_word' id='word_1_283' title='bbox 3337 611 3554 681; x_wconf 87' lang='lat' dir='ltr'><strong>codicem</strong></span> <span class='ocrx_word' id='word_1_284' title='bbox 3592 603 3733 681; x_wconf 63' lang='lat' dir='ltr'><strong>lanii</strong></span> 
     </span>
    </p>
   </div>
   <div class='ocr_carea' id='block_1_44' title="bbox 2222 672 3733 747">
    <p class='ocr_par' dir='ltr' id='par_1_44' title="bbox 2222 672 3733 747">
     <span class='ocr_line' id='line_1_44' title="bbox 2222 672 3733 747; baseline 0.007 -20"><span class='ocrx_word' id='word_1_285' title='bbox 2222 672 2523 747; x_wconf 75' lang='lat' dir='ltr'><strong>Chiflletius</strong></span> <span class='ocrx_word' id='word_1_286' title='bbox 2556 679 2614 747; x_wconf 82' lang='lat' dir='ltr'><strong>in</strong></span> <span class='ocrx_word' id='word_1_287' title='bbox 2637 675 2786 747; x_wconf 83' lang='lat' dir='ltr'><strong>not_i_s</strong></span> <span class='ocrx_word' id='word_1_288' title='bbox 2815 676 2881 747; x_wconf 87' lang='lat' dir='ltr'><strong>ad</strong></span> <span class='ocrx_word' id='word_1_289' title='bbox 2915 675 3302 733; x_wconf 88' lang='lat' dir='ltr'><strong>Breviationem</strong></span> <span class='ocrx_word' id='word_1_290' title='bbox 3343 680 3594 741; x_wconf 76' lang='lat' dir='ltr'><strong>Canooum</strong></span> <span class='ocrx_word' id='word_1_291' title='bbox 3633 672 3733 747; x_wconf 59' lang='lat' dir='ltr'><strong>Pe;</strong></span> 
     </span>
    </p>
   </div>
   <div class='ocr_carea' id='block_1_45' title="bbox 2222 744 3732 820">
    <p class='ocr_par' dir='ltr' id='par_1_45' title="bbox 2222 744 3732 820">
     <span class='ocr_line' id='line_1_45' title="bbox 2222 744 3732 820; baseline 0.014 -24"><span class='ocrx_word' id='word_1_292' title='bbox 2222 744 2374 820; x_wconf 82' lang='lat' dir='ltr'><strong>randi</strong></span> <span class='ocrx_word' id='word_1_293' title='bbox 2407 760 2523 820; x_wconf 79' lang='lat' dir='ltr'><strong>pag.</strong></span> <span class='ocrx_word' id='word_1_294' title='bbox 2556 746 2696 820; x_wconf 23' lang='lat' dir='ltr'><strong>505A:</strong></span> <span class='ocrx_word' id='word_1_295' title='bbox 2733 745 2969 820; x_wconf 80' lang='lat' dir='ltr'><strong>Vidimus</strong></span> <span class='ocrx_word' id='word_1_296' title='bbox 3001 751 3367 820; x_wconf 49' lang='lat' dir='ltr'><strong>certginquit,</strong></span> <span class='ocrx_word' id='word_1_297' title='bbox 3402 769 3460 807; x_wconf 77' lang='lat' dir='ltr'><strong>ea:</strong></span> <span class='ocrx_word' id='word_1_298' title='bbox 3486 744 3732 818; x_wconf 58' lang='lat' dir='ltr'><strong>bibliotheca</strong></span> 
     </span>
    </p>
   </div>
   <div class='ocr_carea' id='block_1_46' title="bbox 2221 815 3732 889">
    <p class='ocr_par' dir='ltr' id='par_1_46' title="bbox 2221 815 3732 889">
     <span class='ocr_line' id='line_1_46' title="bbox 2221 815 3732 889; baseline 0.011 -22"><span class='ocrx_word' id='word_1_299' title='bbox 2221 815 2494 889; x_wconf 78' lang='lat' dir='ltr'><strong>clarissimi</strong></span> <span class='ocrx_word' id='word_1_300' title='bbox 2519 817 2613 871; x_wconf 83' lang='lat' dir='ltr'><strong>viri</strong></span> <span class='ocrx_word' id='word_1_301' title='bbox 2640 817 2820 889; x_wconf 66' lang='lat' dir='ltr'><strong>Jacobi</strong></span> <span class='ocrx_word' id='word_1_302' title='bbox 2853 818 3079 889; x_wconf 78' lang='lat' dir='ltr'><strong>Augusti</strong></span> <span class='ocrx_word' id='word_1_303' title='bbox 3103 815 3306 875; x_wconf 75' lang='lat' dir='ltr'><strong>Thuaui</strong></span> <span class='ocrx_word' id='word_1_304' title='bbox 3337 815 3541 879; x_wconf 81' lang='lat' dir='ltr'><strong>codicem</strong></span> <span class='ocrx_word' id='word_1_305' title='bbox 3565 815 3732 889; x_wconf 60' lang='lat' dir='ltr'><strong>veteran</strong></span> 
     </span>
    </p>
   </div>
   <div class='ocr_carea' id='block_1_47' title="bbox 2220 885 3732 958">
    <p class='ocr_par' dir='ltr' id='par_1_47' title="bbox 2220 885 3732 958">
     <span class='ocr_line' id='line_1_47' title="bbox 2220 885 3732 958; baseline 0.011 -18"><span class='ocrx_word' id='word_1_306' title='bbox 2220 887 2274 941; x_wconf 91' lang='lat' dir='ltr'><strong>in</strong></span> <span class='ocrx_word' id='word_1_307' title='bbox 2300 903 2420 957; x_wconf 85' lang='lat' dir='ltr'><strong>quo,</strong></span> <span class='ocrx_word' id='word_1_308' title='bbox 2453 898 2504 942; x_wconf 88' lang='lat' dir='ltr'><strong>ut</strong></span> <span class='ocrx_word' id='word_1_309' title='bbox 2547 887 2684 956; x_wconf 86' lang='lat' dir='ltr'><strong>apud</strong></span> <span class='ocrx_word' id='word_1_310' title='bbox 2725 885 3052 943; x_wconf 80' lang='lat' dir='ltr'><strong>Ferrandum</strong></span> <span class='ocrx_word' id='word_1_311' title='bbox 3083 892 3258 946; x_wconf 79' lang='lat' dir='ltr'><strong>titulus</strong></span> <span class='ocrx_word' id='word_1_312' title='bbox 3284 892 3352 948; x_wconf 74' lang='lat'><strong>20</strong></span> <span class='ocrx_word' id='word_1_313' title='bbox 3391 894 3610 953; x_wconf 74' lang='lat' dir='ltr'><strong>Nicwnus</strong></span> <span class='ocrx_word' id='word_1_314' title='bbox 3637 885 3732 958; x_wconf 55' lang='lat' dir='ltr'><strong>ait;</strong></span> 
     </span>
    </p>
   </div>
   <div class='ocr_carea' id='block_1_48' title="bbox 2219 960 3734 1040">
    <p class='ocr_par' dir='ltr' id='par_1_48' title="bbox 2219 960 3734 1040">
     <span class='ocr_line' id='line_1_48' title="bbox 2219 960 3734 1040; baseline 0.012 -29"><span class='ocrx_word' id='word_1_315' title='bbox 2219 960 2386 1040; x_wconf 76' lang='lat' dir='ltr'><strong>nysii,</strong></span> <span class='ocrx_word' id='word_1_316' title='bbox 2429 975 2539 1040; x_wconf 65' lang='lat' dir='ltr'><strong>non</strong></span> <span class='ocrx_word' id='word_1_317' title='bbox 2575 967 2804 1040; x_wconf 69' lang='lat' dir='ltr'><strong>censetur</strong></span> <span class='ocrx_word' id='word_1_318' title='bbox 2832 961 3193 1040; x_wconf 46' lang='lat' dir='ltr'><strong>{mcanonibus</strong></span> <span class='ocrx_word' id='word_1_319' title='bbox 3232 963 3487 1040; x_wconf 77' lang='lat' dir='ltr'><strong>Nictenis;</strong></span> <span class='ocrx_word' id='word_1_320' title='bbox 3521 975 3734 1040; x_wconf 80' lang='lat' dir='ltr'><strong>prtcmissa</strong></span> 
     </span>
    </p>
   </div>
   <div class='ocr_carea' id='block_1_49' title="bbox 2219 1030 3734 1113">
    <p class='ocr_par' dir='ltr' id='par_1_49' title="bbox 2219 1030 3734 1113">
     <span class='ocr_line' id='line_1_49' title="bbox 2219 1030 3734 1113; baseline 0.01 -32"><span class='ocrx_word' id='word_1_321' title='bbox 2219 1037 2386 1113; x_wconf 64' lang='lat' dir='ltr'><strong>autem</strong></span> <span class='ocrx_word' id='word_1_322' title='bbox 2415 1030 2539 1112; x_wconf 70' lang='lat' dir='ltr'><strong>ﬁdei</strong></span> <span class='ocrx_word' id='word_1_323' title='bbox 2579 1030 3048 1113; x_wconf 46' lang='lat' dir='ltr'><strong>fortitulahiit’icwna</strong></span> <span class='ocrx_word' id='word_1_324' title='bbox 3092 1049 3184 1113; x_wconf 73' lang='lat' dir='ltr'><strong>pro</strong></span> <span class='ocrx_word' id='word_1_325' title='bbox 3222 1037 3384 1113; x_wconf 83' lang='lat' dir='ltr'><strong>primo</strong></span> <span class='ocrx_word' id='word_1_326' title='bbox 3411 1030 3563 1113; x_wconf 80' lang='lat' dir='ltr'><strong>titulo,</strong></span> <span class='ocrx_word' id='word_1_327' title='bbox 3588 1047 3734 1113; x_wconf 68' lang='lat' dir='ltr'><strong>reliqui</strong></span> 
     </span>
    </p>
   </div>
   <div class='ocr_carea' id='block_1_50' title="bbox 2219 1099 3732 1179">
    <p class='ocr_par' dir='ltr' id='par_1_50' title="bbox 2219 1099 3732 1179">
     <span class='ocr_line' id='line_1_50' title="bbox 2219 1099 3732 1179; baseline 0.006 -25"><span class='ocrx_word' id='word_1_328' title='bbox 2219 1099 2426 1154; x_wconf 70' lang='lat' dir='ltr'><strong>Nicwni</strong></span> <span class='ocrx_word' id='word_1_329' title='bbox 2454 1099 2671 1179; x_wconf 69' lang='lat' dir='ltr'><strong>concites</strong></span> <span class='ocrx_word' id='word_1_330' title='bbox 2699 1103 2766 1179; x_wconf 60' lang='lat' dir='ltr'><strong>tl</strong></span> <span class='ocrx_word' id='word_1_331' title='bbox 2794 1099 3102 1179; x_wconf 71' lang='lat' dir='ltr'><strong>Dionysiani</strong></span> <span class='ocrx_word' id='word_1_332' title='bbox 3137 1099 3560 1179; x_wconf 54' lang='lat' dir='ltr'><strong>extendunturin&#39;</strong></span> <span class='ocrx_word' id='word_1_333' title='bbox 3582 1110 3657 1179; x_wconf 62' lang='grc'><strong>16,</strong></span> <span class='ocrx_word' id='word_1_334' title='bbox 3677 1099 3732 1170; x_wconf 61' lang='lat' dir='ltr'><strong>ita</strong></span> 
     </span>
    </p>
   </div>
   <div class='ocr_carea' id='block_1_51' title="bbox 2217 1171 3734 1242">
    <p class='ocr_par' dir='ltr' id='par_1_51' title="bbox 2217 1171 3734 1242">
     <span class='ocr_line' id='line_1_51' title="bbox 2217 1171 3734 1242; baseline 0.011 -18"><span class='ocrx_word' id='word_1_335' title='bbox 2217 1183 2271 1226; x_wconf 89' lang='lat' dir='ltr'><strong>ut</strong></span> <span class='ocrx_word' id='word_1_336' title='bbox 2298 1188 2468 1242; x_wconf 69' lang='lat' dir='ltr'><strong>omnes</strong></span> <span class='ocrx_word' id='word_1_337' title='bbox 2509 1172 2644 1227; x_wconf 89' lang='lat' dir='ltr'><strong>tituli</strong></span> <span class='ocrx_word' id='word_1_338' title='bbox 2690 1171 2896 1228; x_wconf 78' lang='lat' dir='ltr'><strong>Nictem&#39;</strong></span> <span class='ocrx_word' id='word_1_339' title='bbox 2925 1171 2977 1229; x_wconf 81' lang='lat' dir='ltr'><strong>in</strong></span> <span class='ocrx_word' id='word_1_340' title='bbox 3023 1190 3080 1229; x_wconf 87' lang='lat' dir='ltr'><strong>eo</strong></span> <span class='ocrx_word' id='word_1_341' title='bbox 3122 1176 3296 1231; x_wconf 85' lang='lat' dir='ltr'><strong>codice</strong></span> <span class='ocrx_word' id='word_1_342' title='bbox 3337 1181 3434 1232; x_wconf 88' lang='lat' dir='ltr'><strong>sint</strong></span> <span class='ocrx_word' id='word_1_343' title='bbox 3472 1178 3535 1233; x_wconf 74' lang='grc'><strong>27</strong></span> <span class='ocrx_word' id='word_1_344' title='bbox 3572 1171 3734 1242; x_wconf 69' lang='lat' dir='ltr'><strong>excluso</strong></span> 
     </span>
    </p>
   </div>
   <div class='ocr_carea' id='block_1_52' title="bbox 2217 1240 3732 1316">
    <p class='ocr_par' dir='ltr' id='par_1_52' title="bbox 2217 1240 3732 1316">
     <span class='ocr_line' id='line_1_52' title="bbox 2217 1240 3732 1316; baseline 0.009 -20"><span class='ocrx_word' id='word_1_345' title='bbox 2217 1243 2397 1297; x_wconf 87' lang='lat' dir='ltr'><strong>ultimo</strong></span> <span class='ocrx_word' id='word_1_346' title='bbox 2426 1240 2760 1316; x_wconf 79' lang='lat' dir='ltr'><strong>Dionysiano.</strong></span> <span class='ocrx_word' id='word_1_347' title='bbox 2793 1243 2919 1301; x_wconf 66' lang='lat' dir='ltr'><strong>Hmc</strong></span> <span class='ocrx_word' id='word_1_348' title='bbox 2941 1246 3033 1316; x_wconf 93' lang='lat' dir='ltr'><strong>qui</strong></span> <span class='ocrx_word' id='word_1_349' title='bbox 3063 1261 3181 1302; x_wconf 90' lang='lat' dir='ltr'><strong>cum</strong></span> <span class='ocrx_word' id='word_1_350' title='bbox 3210 1249 3391 1304; x_wconf 89' lang='lat' dir='ltr'><strong>codice</strong></span> <span class='ocrx_word' id='word_1_351' title='bbox 3425 1261 3590 1306; x_wconf 88' lang='lat' dir='ltr'><strong>nostro</strong></span> <span class='ocrx_word' id='word_1_352' title='bbox 3619 1240 3732 1310; x_wconf 49' lang='lat' dir='ltr'><strong>colu;</strong></span> 
     </span>
    </p>
   </div>
   <div class='ocr_carea' id='block_1_53' title="bbox 2219 1313 3732 1388">
    <p class='ocr_par' dir='ltr' id='par_1_53' title="bbox 2219 1313 3732 1388">
     <span class='ocr_line' id='line_1_53' title="bbox 2219 1313 3732 1388; baseline 0.01 -20"><span class='ocrx_word' id='word_1_353' title='bbox 2219 1324 2414 1388; x_wconf 85' lang='lat' dir='ltr'><strong>ponet,</strong></span> <span class='ocrx_word' id='word_1_354' title='bbox 2453 1313 2521 1388; x_wconf 87' lang='lat' dir='ltr'><strong>de</strong></span> <span class='ocrx_word' id='word_1_355' title='bbox 2560 1313 2664 1370; x_wconf 83' lang='lat' dir='ltr'><strong>alio</strong></span> <span class='ocrx_word' id='word_1_356' title='bbox 2713 1313 3116 1388; x_wconf 83' lang='lat' dir='ltr'><strong>intelligendum</strong></span> <span class='ocrx_word' id='word_1_357' title='bbox 3162 1333 3268 1374; x_wconf 89' lang='lat' dir='ltr'><strong>non</strong></span> <span class='ocrx_word' id='word_1_358' title='bbox 3306 1333 3426 1376; x_wconf 89' lang='lat' dir='ltr'><strong>esse</strong></span> <span class='ocrx_word' id='word_1_359' title='bbox 3464 1320 3732 1383; x_wconf 70' lang='lat' dir='ltr'><strong>Chtlllctom</strong></span> 
     </span>
    </p>
   </div>
   <div class='ocr_carea' id='block_1_54' title="bbox 2215 1383 2809 1443">
    <p class='ocr_par' dir='ltr' id='par_1_54' title="bbox 2215 1383 2809 1443">
     <span class='ocr_line' id='line_1_54' title="bbox 2215 1383 2809 1443; baseline 0.003 -5"><span class='ocrx_word' id='word_1_360' title='bbox 2215 1383 2370 1439; x_wconf 83' lang='lat' dir='ltr'><strong>facile</strong></span> <span class='ocrx_word' id='word_1_361' title='bbox 2399 1385 2809 1443; x_wconf 86' lang='lat' dir='ltr'><strong>animadvertet.</strong></span> 
     </span>
    </p>
   </div>
   <div class='ocr_carea' id='block_1_55' title="bbox 2288 1456 3732 1531">
    <p class='ocr_par' dir='ltr' id='par_1_55' title="bbox 2288 1456 3732 1531">
     <span class='ocr_line' id='line_1_55' title="bbox 2288 1456 3732 1531; baseline 0.008 -21"><span class='ocrx_word' id='word_1_362' title='bbox 2288 1456 2399 1531; x_wconf 66' lang='grc' dir='ltr'><strong>μου</strong></span> <span class='ocrx_word' id='word_1_363' title='bbox 2438 1457 2654 1531; x_wconf 72' lang='lat' dir='ltr'><strong>invento</strong></span> <span class='ocrx_word' id='word_1_364' title='bbox 2681 1467 2788 1513; x_wconf 90' lang='lat' dir='ltr'><strong>tam</strong></span> <span class='ocrx_word' id='word_1_365' title='bbox 2818 1459 3035 1531; x_wconf 88' lang='lat' dir='ltr'><strong>egregio</strong></span> <span class='ocrx_word' id='word_1_366' title='bbox 3070 1461 3397 1516; x_wconf 90' lang='lat' dir='ltr'><strong>monimento</strong></span> <span class='ocrx_word' id='word_1_367' title='bbox 3429 1476 3583 1519; x_wconf 88' lang='lat' dir='ltr'><strong>novus</strong></span> <span class='ocrx_word' id='word_1_368' title='bbox 3619 1466 3732 1523; x_wconf 85' lang='lat' dir='ltr'><strong>labor</strong></span> 
     </span>
    </p>
   </div>
   <div class='ocr_carea' id='block_1_56' title="bbox 2213 1526 3732 1597">
    <p class='ocr_par' dir='ltr' id='par_1_56' title="bbox 2213 1526 3732 1597">
     <span class='ocr_line' id='line_1_56' title="bbox 2213 1526 3732 1597; baseline 0.008 -15"><span class='ocrx_word' id='word_1_369' title='bbox 2213 1526 2522 1583; x_wconf 86' lang='lat' dir='ltr'><strong>subeundus</strong></span> <span class='ocrx_word' id='word_1_370' title='bbox 2549 1527 2674 1597; x_wconf 91' lang='lat' dir='ltr'><strong>fuit,</strong></span> <span class='ocrx_word' id='word_1_371' title='bbox 2704 1543 2768 1585; x_wconf 90' lang='lat' dir='ltr'><strong>ac</strong></span> <span class='ocrx_word' id='word_1_372' title='bbox 2795 1526 2931 1586; x_wconf 78' lang='lat' dir='ltr'><strong>nova</strong></span> <span class='ocrx_word' id='word_1_373' title='bbox 2948 1526 3086 1586; x_wconf 65' lang='lat' dir='ltr'><strong>&#39;cura</strong></span> <span class='ocrx_word' id='word_1_374' title='bbox 3124 1531 3177 1586; x_wconf 90' lang='lat' dir='ltr'><strong>in</strong></span> <span class='ocrx_word' id='word_1_375' title='bbox 3208 1532 3476 1588; x_wconf 89' lang='lat' dir='ltr'><strong>lustrando</strong></span> <span class='ocrx_word' id='word_1_376' title='bbox 3501 1537 3732 1594; x_wconf 81' lang='lat' dir='ltr'><strong>Conferen-</strong></span> 
     </span>
    </p>
   </div>
   <div class='ocr_carea' id='block_1_57' title="bbox 2213 1598 3732 1674">
    <p class='ocr_par' dir='ltr' id='par_1_57' title="bbox 2213 1598 3732 1674">
     <span class='ocr_line' id='line_1_57' title="bbox 2213 1598 3732 1674; baseline 0.009 -22"><span class='ocrx_word' id='word_1_377' title='bbox 2213 1598 2388 1668; x_wconf 85' lang='lat' dir='ltr'><strong>doque</strong></span> <span class='ocrx_word' id='word_1_378' title='bbox 2430 1600 2616 1674; x_wconf 76' lang='lat' dir='ltr'><strong>codice</strong></span> <span class='ocrx_word' id='word_1_379' title='bbox 2662 1601 2927 1674; x_wconf 78' lang='lat' dir='ltr'><strong>ponenda.</strong></span> <span class='ocrx_word' id='word_1_380' title='bbox 2968 1604 3131 1674; x_wconf 74' lang='lat'><strong>692</strong></span> <span class='ocrx_word' id='word_1_381' title='bbox 3158 1603 3276 1668; x_wconf 86' lang='lat' dir='ltr'><strong>Quo</strong></span> <span class='ocrx_word' id='word_1_382' title='bbox 3320 1604 3455 1659; x_wconf 89' lang='lat' dir='ltr'><strong>facto</strong></span> <span class='ocrx_word' id='word_1_383' title='bbox 3481 1608 3592 1674; x_wconf 89' lang='lat' dir='ltr'><strong>quid</strong></span> <span class='ocrx_word' id='word_1_384' title='bbox 3625 1611 3732 1665; x_wconf 81' lang='lat' dir='ltr'><strong>inter</strong></span> 
     </span>
    </p>
   </div>
   <div class='ocr_carea' id='block_1_58' title="bbox 2213 1670 3731 1742">
    <p class='ocr_par' dir='ltr' id='par_1_58' title="bbox 2213 1670 3731 1742">
     <span class='ocr_line' id='line_1_58' title="bbox 2213 1670 3731 1742; baseline 0.009 -20"><span class='ocrx_word' id='word_1_385' title='bbox 2213 1677 2496 1741; x_wconf 91' lang='lat' dir='ltr'><strong>utrumque</strong></span> <span class='ocrx_word' id='word_1_386' title='bbox 2525 1670 2852 1726; x_wconf 82' lang='lat' dir='ltr'><strong>discriminis</strong></span> <span class='ocrx_word' id='word_1_387' title='bbox 2876 1670 3354 1742; x_wconf 68' lang='lat' dir='ltr'><strong>deprehe—nderim,</strong></span> <span class='ocrx_word' id='word_1_388' title='bbox 3385 1670 3608 1732; x_wconf 41' lang='lat' dir='ltr'><strong>etsi-suis</strong></span> <span class='ocrx_word' id='word_1_389' title='bbox 3632 1681 3731 1736; x_wconf 84' lang='lat' dir='ltr'><strong>locis</strong></span> 
     </span>
    </p>
   </div>
   <div class='ocr_carea' id='block_1_59' title="bbox 2212 1742 3732 1806">
    <p class='ocr_par' dir='ltr' id='par_1_59' title="bbox 2212 1742 3732 1806">
     <span class='ocr_line' id='line_1_59' title="bbox 2212 1742 3732 1806; baseline 0.008 -12"><span class='ocrx_word' id='word_1_390' title='bbox 2212 1742 2612 1805; x_wconf 81' lang='lat' dir='ltr'><strong>annmaverim,</strong></span> <span class='ocrx_word' id='word_1_391' title='bbox 2653 1742 2885 1799; x_wconf 79' lang='lat' dir='ltr'><strong>breviter</strong></span> <span class='ocrx_word' id='word_1_392' title='bbox 2913 1751 3091 1798; x_wconf 85' lang='lat' dir='ltr'><strong>tamen</strong></span> <span class='ocrx_word' id='word_1_393' title='bbox 3119 1743 3205 1799; x_wconf 87' lang='lat' dir='ltr'><strong>hic</strong></span> <span class='ocrx_word' id='word_1_394' title='bbox 3241 1746 3494 1801; x_wconf 82' lang='lat' dir='ltr'><strong>edissere.</strong></span> <span class='ocrx_word' id='word_1_395' title='bbox 3527 1749 3732 1806; x_wconf 79' lang='lat' dir='ltr'><strong>Eumdent</strong></span> 
     </span>
    </p>
   </div>
   <div class='ocr_carea' id='block_1_60' title="bbox 2217 1812 3732 1885">
    <p class='ocr_par' dir='ltr' id='par_1_60' title="bbox 2217 1812 3732 1885">
     <span class='ocr_line' id='line_1_60' title="bbox 2217 1812 3732 1885; baseline 0.006 -20"><span class='ocrx_word' id='word_1_396' title='bbox 2217 1812 2428 1885; x_wconf 82' lang='lat' dir='ltr'><strong>titulum</strong></span> <span class='ocrx_word' id='word_1_397' title='bbox 2468 1813 2519 1866; x_wconf 92' lang='lat' dir='ltr'><strong>in</strong></span> <span class='ocrx_word' id='word_1_398' title='bbox 2562 1815 2736 1882; x_wconf 90' lang='lat' dir='ltr'><strong>capite</strong></span> <span class='ocrx_word' id='word_1_399' title='bbox 2780 1814 2969 1870; x_wconf 90' lang='lat' dir='ltr'><strong>iudicis</strong></span> <span class='ocrx_word' id='word_1_400' title='bbox 3011 1815 3180 1872; x_wconf 77' lang='lat' dir='ltr'><strong>codex</strong></span> <span class='ocrx_word' id='word_1_401' title='bbox 3223 1824 3442 1885; x_wconf 89' lang='lat' dir='ltr'><strong>uterque</strong></span> <span class='ocrx_word' id='word_1_402' title='bbox 3481 1817 3636 1874; x_wconf 84' lang='lat' dir='ltr'><strong>habet.</strong></span> <span class='ocrx_word' id='word_1_403' title='bbox 3668 1820 3732 1875; x_wconf 91' lang='lat' dir='ltr'><strong>ln-</strong></span> 
     </span>
    </p>
   </div>
   <div class='ocr_carea' id='block_1_61' title="bbox 2214 1883 3728 1960">
    <p class='ocr_par' dir='ltr' id='par_1_61' title="bbox 2214 1883 3728 1960">
     <span class='ocr_line' id='line_1_61' title="bbox 2214 1883 3728 1960; baseline 0.005 -24"><span class='ocrx_word' id='word_1_404' title='bbox 2214 1883 2322 1960; x_wconf 59' lang='lat' dir='ltr'><strong>deit</strong></span> <span class='ocrx_word' id='word_1_405' title='bbox 2355 1883 2496 1953; x_wconf 89' lang='lat' dir='ltr'><strong>ipse,</strong></span> <span class='ocrx_word' id='word_1_406' title='bbox 2536 1885 2578 1960; x_wconf 83' lang='lat' dir='ltr'><strong>si</strong></span> <span class='ocrx_word' id='word_1_407' title='bbox 2616 1898 2796 1960; x_wconf 80' lang='lat' dir='ltr'><strong>pauca</strong></span> <span class='ocrx_word' id='word_1_408' title='bbox 2833 1887 3094 1960; x_wconf 81' lang='lat' dir='ltr'><strong>excipias,</strong></span> <span class='ocrx_word' id='word_1_409' title='bbox 3146 1886 3287 1960; x_wconf 82' lang='lat' dir='ltr'><strong>idem</strong></span> <span class='ocrx_word' id='word_1_410' title='bbox 3319 1883 3402 1942; x_wconf 83' lang='lat' dir='ltr'><strong>est</strong></span> <span class='ocrx_word' id='word_1_411' title='bbox 3445 1889 3492 1942; x_wconf 91' lang='lat' dir='ltr'><strong>in</strong></span> <span class='ocrx_word' id='word_1_412' title='bbox 3530 1903 3728 1960; x_wconf 87' lang='lat' dir='ltr'><strong>utroque.</strong></span> 
     </span>
    </p>
   </div>
   <div class='ocr_carea' id='block_1_62' title="bbox 2213 1952 3730 2030">
    <p class='ocr_par' dir='ltr' id='par_1_62' title="bbox 2213 1952 3730 2030">
     <span class='ocr_line' id='line_1_62' title="bbox 2213 1952 3730 2030; baseline 0.007 -24"><span class='ocrx_word' id='word_1_413' title='bbox 2213 1952 2410 2008; x_wconf 87' lang='lat' dir='ltr'><strong>Eadem</strong></span> <span class='ocrx_word' id='word_1_414' title='bbox 2435 1955 2789 2030; x_wconf 66' lang='lat' dir='ltr'><strong>capitulorum</strong></span> <span class='ocrx_word' id='word_1_415' title='bbox 2806 1952 2983 2030; x_wconf 83' lang='lat' dir='ltr'><strong>series</strong></span> <span class='ocrx_word' id='word_1_416' title='bbox 3010 1972 3174 2030; x_wconf 86' lang='lat' dir='ltr'><strong>usque</strong></span> <span class='ocrx_word' id='word_1_417' title='bbox 3201 1958 3266 2012; x_wconf 88' lang='lat' dir='ltr'><strong>ad</strong></span> <span class='ocrx_word' id='word_1_418' title='bbox 3296 1952 3730 2030; x_wconf 76' lang='lat' dir='ltr'><strong>quinquagesimum</strong></span> 
     </span>
    </p>
   </div>
   <div class='ocr_carea' id='block_1_63' title="bbox 2211 2025 3730 2098">
    <p class='ocr_par' dir='ltr' id='par_1_63' title="bbox 2211 2025 3730 2098">
     <span class='ocr_line' id='line_1_63' title="bbox 2211 2025 3730 2098; baseline 0.007 -20"><span class='ocrx_word' id='word_1_419' title='bbox 2211 2036 2440 2080; x_wconf 78' lang='lat' dir='ltr'><strong>sextum.</strong></span> <span class='ocrx_word' id='word_1_420' title='bbox 2475 2025 2698 2096; x_wconf 85' lang='lat' dir='ltr'><strong>Reliqua</strong></span> <span class='ocrx_word' id='word_1_421' title='bbox 2728 2029 2962 2098; x_wconf 81' lang='lat' dir='ltr'><strong>quinque</strong></span> <span class='ocrx_word' id='word_1_422' title='bbox 2989 2025 3654 2098; x_wconf 44' lang='lat' dir='ltr'><strong>Useniensis&#39;tusicapitula</strong></span> <span class='ocrx_word' id='word_1_423' title='bbox 3673 2034 3730 2087; x_wconf 86' lang='lat' dir='ltr'><strong>di-</strong></span> 
     </span>
    </p>
   </div>
   <div class='ocr_carea' id='block_1_64' title="bbox 2213 2099 3726 2171">
    <p class='ocr_par' dir='ltr' id='par_1_64' title="bbox 2213 2099 3726 2171">
     <span class='ocr_line' id='line_1_64' title="bbox 2213 2099 3726 2171; baseline 0.005 -22"><span class='ocrx_word' id='word_1_424' title='bbox 2213 2111 2366 2150; x_wconf 76' lang='lat' dir='ltr'><strong>verso</strong></span> <span class='ocrx_word' id='word_1_425' title='bbox 2396 2099 2582 2171; x_wconf 80' lang='lat' dir='ltr'><strong>ordine</strong></span> <span class='ocrx_word' id='word_1_426' title='bbox 2624 2111 2974 2171; x_wconf 76' lang='lat' dir='ltr'><strong>numerantur</strong></span> <span class='ocrx_word' id='word_1_427' title='bbox 3010 2100 3060 2154; x_wconf 78' lang='lat' dir='ltr'><strong>in</strong></span> <span class='ocrx_word' id='word_1_428' title='bbox 3093 2100 3350 2154; x_wconf 81' lang='lat' dir='ltr'><strong>&#39;l‘huanco</strong></span> <span class='ocrx_word' id='word_1_429' title='bbox 3377 2117 3390 2152; x_wconf 90' lang='lat'><strong>:</strong></span> <span class='ocrx_word' id='word_1_430' title='bbox 3423 2103 3552 2171; x_wconf 90' lang='lat' dir='ltr'><strong>quod</strong></span> <span class='ocrx_word' id='word_1_431' title='bbox 3587 2116 3629 2157; x_wconf 87' lang='lat' dir='ltr'><strong>et</strong></span> <span class='ocrx_word' id='word_1_432' title='bbox 3659 2119 3726 2158; x_wconf 86' lang='lat' dir='ltr'><strong>no-</strong></span> 
     </span>
    </p>
   </div>
   <div class='ocr_carea' id='block_1_65' title="bbox 2213 2168 3725 2241">
    <p class='ocr_par' dir='ltr' id='par_1_65' title="bbox 2213 2168 3725 2241">
     <span class='ocr_line' id='line_1_65' title="bbox 2213 2168 3725 2241; baseline 0.006 -22"><span class='ocrx_word' id='word_1_433' title='bbox 2213 2177 2376 2221; x_wconf 87' lang='lat' dir='ltr'><strong>tatum</strong></span> <span class='ocrx_word' id='word_1_434' title='bbox 2411 2168 2574 2241; x_wconf 74' lang='lat' dir='ltr'><strong>babes</strong></span> <span class='ocrx_word' id='word_1_435' title='bbox 2616 2170 2666 2221; x_wconf 90' lang='lat' dir='ltr'><strong>iu</strong></span> <span class='ocrx_word' id='word_1_436' title='bbox 2715 2168 2820 2223; x_wconf 83' lang='lat' dir='ltr'><strong>line</strong></span> <span class='ocrx_word' id='word_1_437' title='bbox 2852 2170 3042 2224; x_wconf 87' lang='lat' dir='ltr'><strong>indicis</strong></span> <span class='ocrx_word' id='word_1_438' title='bbox 3087 2186 3208 2241; x_wconf 85' lang='lat' dir='ltr'><strong>pag.</strong></span> <span class='ocrx_word' id='word_1_439' title='bbox 3261 2172 3348 2225; x_wconf 77' lang='lat' dir='ltr'><strong>ll).</strong></span> <span class='ocrx_word' id='word_1_440' title='bbox 3397 2168 3554 2227; x_wconf 83' lang='lat' dir='ltr'><strong>liabet</strong></span> <span class='ocrx_word' id='word_1_441' title='bbox 3584 2184 3624 2226; x_wconf 88' lang='lat' dir='ltr'><strong>et</strong></span> <span class='ocrx_word' id='word_1_442' title='bbox 3654 2175 3725 2230; x_wconf 88' lang='lat' dir='ltr'><strong>hoc</strong></span> 
     </span>
    </p>
   </div>
   <div class='ocr_carea' id='block_1_66' title="bbox 2209 2239 3728 2314">
    <p class='ocr_par' dir='ltr' id='par_1_66' title="bbox 2209 2239 3728 2314">
     <span class='ocr_line' id='line_1_66' title="bbox 2209 2239 3728 2314; baseline 0.007 -24"><span class='ocrx_word' id='word_1_443' title='bbox 2209 2241 2438 2314; x_wconf 76' lang='lat' dir='ltr'><strong>amplius</strong></span> <span class='ocrx_word' id='word_1_444' title='bbox 2467 2239 2752 2314; x_wconf 83' lang='lat' dir='ltr'><strong>Tltttanetts</strong></span> <span class='ocrx_word' id='word_1_445' title='bbox 2781 2241 2958 2314; x_wconf 78' lang='lat' dir='ltr'><strong>codex</strong></span> <span class='ocrx_word' id='word_1_446' title='bbox 2977 2282 2990 2305; x_wconf 91' lang='lat'><strong>,</strong></span> <span class='ocrx_word' id='word_1_447' title='bbox 3022 2239 3176 2310; x_wconf 82' lang='lat' dir='ltr'><strong>quod</strong></span> <span class='ocrx_word' id='word_1_448' title='bbox 3205 2241 3541 2299; x_wconf 86' lang='lat' dir='ltr'><strong>decretalittut</strong></span> <span class='ocrx_word' id='word_1_449' title='bbox 3575 2246 3728 2314; x_wconf 84' lang='lat' dir='ltr'><strong>episto-</strong></span> 
     </span>
    </p>
   </div>
   <div class='ocr_carea' id='block_1_67' title="bbox 2211 2310 3732 2383">
    <p class='ocr_par' dir='ltr' id='par_1_67' title="bbox 2211 2310 3732 2383">
     <span class='ocr_line' id='line_1_67' title="bbox 2211 2310 3732 2383; baseline 0.005 -19"><span class='ocrx_word' id='word_1_450' title='bbox 2211 2310 2381 2383; x_wconf 90' lang='lat' dir='ltr'><strong>Iarum</strong></span> <span class='ocrx_word' id='word_1_451' title='bbox 2413 2313 2686 2383; x_wconf 84' lang='lat' dir='ltr'><strong>synopsim</strong></span> <span class='ocrx_word' id='word_1_452' title='bbox 2707 2311 2957 2378; x_wconf 82' lang='lat' dir='ltr'><strong>exhibet,</strong></span> <span class='ocrx_word' id='word_1_453' title='bbox 2982 2313 3122 2381; x_wconf 89' lang='lat' dir='ltr'><strong>quod</strong></span> <span class='ocrx_word' id='word_1_454' title='bbox 3150 2314 3476 2370; x_wconf 85' lang='lat' dir='ltr'><strong>decretalem</strong></span> <span class='ocrx_word' id='word_1_455' title='bbox 3504 2310 3640 2370; x_wconf 76' lang='lat' dir='ltr'><strong>habet</strong></span> <span class='ocrx_word' id='word_1_456' title='bbox 3657 2316 3732 2372; x_wconf 80' lang='lat' dir='ltr'><strong>Ge-</strong></span> 
     </span>
    </p>
   </div>
   <div class='ocr_carea' id='block_1_68' title="bbox 2209 2382 3732 2452">
    <p class='ocr_par' dir='ltr' id='par_1_68' title="bbox 2209 2382 3732 2452">
     <span class='ocr_line' id='line_1_68' title="bbox 2209 2382 3732 2452; baseline 0.003 -16"><span class='ocrx_word' id='word_1_457' title='bbox 2209 2382 2325 2437; x_wconf 88' lang='lat' dir='ltr'><strong>Iasii</strong></span> <span class='ocrx_word' id='word_1_458' title='bbox 2359 2382 2531 2450; x_wconf 68' lang='lat' dir='ltr'><strong>papat,</strong></span> <span class='ocrx_word' id='word_1_459' title='bbox 2573 2392 2627 2437; x_wconf 92' lang='lat' dir='ltr'><strong>et</strong></span> <span class='ocrx_word' id='word_1_460' title='bbox 2675 2383 2911 2451; x_wconf 82' lang='lat' dir='ltr'><strong>regulam</strong></span> <span class='ocrx_word' id='word_1_461' title='bbox 2945 2384 3258 2438; x_wconf 80' lang='lat' dir='ltr'><strong>formarum.</strong></span> <span class='ocrx_word' id='word_1_462' title='bbox 3291 2385 3441 2452; x_wconf 84' lang='lat' dir='ltr'><strong>Quod</strong></span> <span class='ocrx_word' id='word_1_463' title='bbox 3485 2387 3610 2442; x_wconf 90' lang='lat' dir='ltr'><strong>enim</strong></span> <span class='ocrx_word' id='word_1_464' title='bbox 3634 2390 3732 2441; x_wconf 87' lang='lat' dir='ltr'><strong>atti-</strong></span> 
     </span>
    </p>
   </div>
   <div class='ocr_carea' id='block_1_69' title="bbox 2209 2453 3734 2526">
    <p class='ocr_par' dir='ltr' id='par_1_69' title="bbox 2209 2453 3734 2526">
     <span class='ocr_line' id='line_1_69' title="bbox 2209 2453 3734 2526; baseline 0.004 -18"><span class='ocrx_word' id='word_1_465' title='bbox 2209 2461 2302 2508; x_wconf 91' lang='lat' dir='ltr'><strong>net</strong></span> <span class='ocrx_word' id='word_1_466' title='bbox 2330 2453 2584 2522; x_wconf 89' lang='lat' dir='ltr'><strong>epistolas</strong></span> <span class='ocrx_word' id='word_1_467' title='bbox 2614 2457 2782 2508; x_wconf 83' lang='lat' dir='ltr'><strong>sancti</strong></span> <span class='ocrx_word' id='word_1_468' title='bbox 2814 2454 3012 2509; x_wconf 82' lang='lat' dir='ltr'><strong>Leonis</strong></span> <span class='ocrx_word' id='word_1_469' title='bbox 3055 2470 3240 2526; x_wconf 75' lang='lat' dir='ltr'><strong>papze,</strong></span> <span class='ocrx_word' id='word_1_470' title='bbox 3283 2457 3358 2526; x_wconf 73' lang='grc' dir='ltr'><strong>(ὑ)</strong></span> <span class='ocrx_word' id='word_1_471' title='bbox 3407 2471 3494 2511; x_wconf 87' lang='lat' dir='ltr'><strong>eas</strong></span> <span class='ocrx_word' id='word_1_472' title='bbox 3531 2473 3620 2512; x_wconf 92' lang='lat' dir='ltr'><strong>non</strong></span> <span class='ocrx_word' id='word_1_473' title='bbox 3642 2472 3734 2514; x_wconf 81' lang='lat' dir='ltr'><strong>esse</strong></span> 
     </span>
    </p>
   </div>
   <div class='ocr_carea' id='block_1_70' title="bbox 2209 2527 3734 2593">
    <p class='ocr_par' dir='ltr' id='par_1_70' title="bbox 2209 2527 3734 2593">
     <span class='ocr_line' id='line_1_70' title="bbox 2209 2527 3734 2593; baseline 0.003 -14"><span class='ocrx_word' id='word_1_474' title='bbox 2209 2541 2273 2579; x_wconf 85' lang='lat' dir='ltr'><strong>ex</strong></span> <span class='ocrx_word' id='word_1_475' title='bbox 2315 2537 2544 2593; x_wconf 86' lang='lat' dir='ltr'><strong>corpore</strong></span> <span class='ocrx_word' id='word_1_476' title='bbox 2588 2539 2884 2591; x_wconf 85' lang='lat' dir='ltr'><strong>canonum,</strong></span> <span class='ocrx_word' id='word_1_477' title='bbox 2929 2541 3025 2580; x_wconf 89' lang='lat' dir='ltr'><strong>seu</strong></span> <span class='ocrx_word' id='word_1_478' title='bbox 3065 2541 3130 2580; x_wconf 76' lang='lat' dir='ltr'><strong>ex</strong></span> <span class='ocrx_word' id='word_1_479' title='bbox 3177 2527 3371 2582; x_wconf 85' lang='lat' dir='ltr'><strong>codice</strong></span> <span class='ocrx_word' id='word_1_480' title='bbox 3416 2530 3538 2592; x_wconf 81' lang='lat' dir='ltr'><strong>iSlO,</strong></span> <span class='ocrx_word' id='word_1_481' title='bbox 3580 2529 3734 2584; x_wconf 80' lang='lat' dir='ltr'><strong>indicat</strong></span> 
     </span>
    </p>
   </div>
   <div class='ocr_carea' id='block_1_71' title="bbox 2209 2595 3737 2667">
    <p class='ocr_par' dir='ltr' id='par_1_71' title="bbox 2209 2595 3737 2667">
     <span class='ocr_line' id='line_1_71' title="bbox 2209 2595 3737 2667; baseline 0.004 -18"><span class='ocrx_word' id='word_1_482' title='bbox 2209 2595 2443 2650; x_wconf 90' lang='lat' dir='ltr'><strong>clausula</strong></span> <span class='ocrx_word' id='word_1_483' title='bbox 2485 2606 2604 2663; x_wconf 87' lang='lat' dir='ltr'><strong>post</strong></span> <span class='ocrx_word' id='word_1_484' title='bbox 2635 2598 2870 2664; x_wconf 86' lang='lat' dir='ltr'><strong>regulam</strong></span> <span class='ocrx_word' id='word_1_485' title='bbox 2902 2596 3254 2651; x_wconf 86' lang='lat' dir='ltr'><strong>formatarum</strong></span> <span class='ocrx_word' id='word_1_486' title='bbox 3292 2599 3526 2667; x_wconf 78' lang='lat' dir='ltr'><strong>subﬁxa,</strong></span> <span class='ocrx_word' id='word_1_487' title='bbox 3557 2600 3605 2654; x_wconf 92' lang='lat' dir='ltr'><strong>in</strong></span> <span class='ocrx_word' id='word_1_488' title='bbox 3629 2600 3737 2655; x_wconf 84' lang='lat' dir='ltr'><strong>hunc</strong></span> 
     </span>
    </p>
   </div>
   <div class='ocr_carea' id='block_1_72' title="bbox 2209 2667 3736 2740">
    <p class='ocr_par' dir='ltr' id='par_1_72' title="bbox 2209 2667 3736 2740">
     <span class='ocr_line' id='line_1_72' title="bbox 2209 2667 3736 2740; baseline 0.003 -21"><span class='ocrx_word' id='word_1_489' title='bbox 2209 2669 2425 2740; x_wconf 78' lang='lat' dir='ltr'><strong>modum</strong></span> <span class='ocrx_word' id='word_1_490' title='bbox 2444 2684 2469 2740; x_wconf 92' lang='lat'><strong>_:</strong></span> <span class='ocrx_word' id='word_1_491' title='bbox 2510 2685 2526 2716; x_wconf 74' lang='grc' dir='ltr'>ι</span> <span class='ocrx_word' id='word_1_492' title='bbox 2559 2667 2608 2720; x_wconf 90' lang='lat' dir='ltr'><strong>In</strong></span> <span class='ocrx_word' id='word_1_493' title='bbox 2643 2669 2858 2740; x_wconf 84' lang='lat' dir='ltr'><strong>uotuine</strong></span> <span class='ocrx_word' id='word_1_494' title='bbox 2902 2669 3106 2740; x_wconf 89' lang='lat' dir='ltr'><strong>Domini</strong></span> <span class='ocrx_word' id='word_1_495' title='bbox 3150 2669 3447 2740; x_wconf 77' lang='lat' dir='ltr'><strong>expliciunt</strong></span> <span class='ocrx_word' id='word_1_496' title='bbox 3485 2685 3736 2726; x_wconf 64' lang='lat' dir='ltr'><strong>canones.»</strong></span> 
     </span>
    </p>
   </div>
   <div class='ocr_carea' id='block_1_73' title="bbox 2207 2737 3740 2808">
    <p class='ocr_par' dir='ltr' id='par_1_73' title="bbox 2207 2737 3740 2808">
     <span class='ocr_line' id='line_1_73' title="bbox 2207 2737 3740 2808; baseline 0.002 -16"><span class='ocrx_word' id='word_1_497' title='bbox 2207 2737 2355 2792; x_wconf 87' lang='lat' dir='ltr'><strong>Istud</strong></span> <span class='ocrx_word' id='word_1_498' title='bbox 2385 2738 2543 2792; x_wconf 88' lang='lat' dir='ltr'><strong>etiam</strong></span> <span class='ocrx_word' id='word_1_499' title='bbox 2583 2739 2836 2808; x_wconf 87' lang='lat' dir='ltr'><strong>probatur</strong></span> <span class='ocrx_word' id='word_1_500' title='bbox 2865 2753 2933 2792; x_wconf 79' lang='lat' dir='ltr'><strong>ex</strong></span> <span class='ocrx_word' id='word_1_501' title='bbox 2959 2737 3278 2796; x_wconf 82' lang='lat' dir='ltr'><strong>discrimine</strong></span> <span class='ocrx_word' id='word_1_502' title='bbox 3304 2737 3358 2795; x_wconf 71' lang='lat' dir='ltr'><strong>et</strong></span> <span class='ocrx_word' id='word_1_503' title='bbox 3387 2741 3575 2797; x_wconf 79' lang='lat' dir='ltr'><strong>ordinis</strong></span> <span class='ocrx_word' id='word_1_504' title='bbox 3601 2751 3646 2798; x_wconf 86' lang='lat' dir='ltr'><strong>et</strong></span> <span class='ocrx_word' id='word_1_505' title='bbox 3666 2758 3740 2795; x_wconf 85' lang='lat' dir='ltr'><strong>uu-</strong></span> 
     </span>
    </p>
   </div>
   <div class='ocr_carea' id='block_1_74' title="bbox 2210 2808 3740 2883">
    <p class='ocr_par' dir='ltr' id='par_1_74' title="bbox 2210 2808 3740 2883">
     <span class='ocr_line' id='line_1_74' title="bbox 2210 2808 3740 2883; baseline 0.003 -20"><span class='ocrx_word' id='word_1_506' title='bbox 2210 2809 2341 2883; x_wconf 54' lang='lat' dir='ltr'><strong>ngeri</strong></span> <span class='ocrx_word' id='word_1_507' title='bbox 2366 2808 2848 2883; x_wconf 68' lang='lat' dir='ltr'><strong>epistolarutnquze</strong></span> <span class='ocrx_word' id='word_1_508' title='bbox 2880 2812 2932 2864; x_wconf 94' lang='lat' dir='ltr'><strong>in</strong></span> <span class='ocrx_word' id='word_1_509' title='bbox 2960 2819 3186 2883; x_wconf 77' lang='lat' dir='ltr'><strong>utroque</strong></span> <span class='ocrx_word' id='word_1_510' title='bbox 3212 2812 3406 2868; x_wconf 91' lang='lat' dir='ltr'><strong>codice</strong></span> <span class='ocrx_word' id='word_1_511' title='bbox 3423 2811 3616 2883; x_wconf 79' lang='lat' dir='ltr'><strong>jaceat;</strong></span> <span class='ocrx_word' id='word_1_512' title='bbox 3640 2828 3740 2883; x_wconf 81' lang='lat' dir='ltr'><strong>pau-</strong></span> 
     </span>
    </p>
   </div>
   <div class='ocr_carea' id='block_1_75' title="bbox 2209 2880 3740 2950">
    <p class='ocr_par' dir='ltr' id='par_1_75' title="bbox 2209 2880 3740 2950">
     <span class='ocr_line' id='line_1_75' title="bbox 2209 2880 3740 2950; baseline 0.002 -16"><span class='ocrx_word' id='word_1_513' title='bbox 2209 2881 2382 2936; x_wconf 89' lang='lat' dir='ltr'><strong>ciores</strong></span> <span class='ocrx_word' id='word_1_514' title='bbox 2411 2883 2552 2934; x_wconf 90' lang='lat' dir='ltr'><strong>enim</strong></span> <span class='ocrx_word' id='word_1_515' title='bbox 2591 2884 2642 2934; x_wconf 88' lang='lat' dir='ltr'><strong>in</strong></span> <span class='ocrx_word' id='word_1_516' title='bbox 2671 2880 2953 2947; x_wconf 84' lang='lat' dir='ltr'><strong>Tltuaneo,</strong></span> <span class='ocrx_word' id='word_1_517' title='bbox 2984 2881 3167 2950; x_wconf 65' lang='lat' dir='ltr'><strong>plures</strong></span> <span class='ocrx_word' id='word_1_518' title='bbox 3210 2883 3271 2937; x_wconf 91' lang='lat' dir='ltr'><strong>in</strong></span> <span class='ocrx_word' id='word_1_519' title='bbox 3314 2880 3618 2950; x_wconf 84' lang='lat' dir='ltr'><strong>Oxoniensi,</strong></span> <span class='ocrx_word' id='word_1_520' title='bbox 3641 2880 3740 2938; x_wconf 52' lang='lat' dir='ltr'><strong>&#39;eta</strong></span> 
     </span>
    </p>
   </div>
   <div class='ocr_carea' id='block_1_76' title="bbox 2208 2951 3742 3024">
    <p class='ocr_par' dir='ltr' id='par_1_76' title="bbox 2208 2951 3742 3024">
     <span class='ocr_line' id='line_1_76' title="bbox 2208 2951 3742 3024; baseline 0.002 -18"><span class='ocrx_word' id='word_1_521' title='bbox 2208 2952 2497 3024; x_wconf 67' lang='lat' dir='ltr'><strong>recentiori</strong></span> <span class='ocrx_word' id='word_1_522' title='bbox 2525 2951 2740 3020; x_wconf 85' lang='lat' dir='ltr'><strong>quidem</strong></span> <span class='ocrx_word' id='word_1_523' title='bbox 2781 2969 2943 3024; x_wconf 85' lang='lat' dir='ltr'><strong>manu</strong></span> <span class='ocrx_word' id='word_1_524' title='bbox 2980 2952 3350 3021; x_wconf 75' lang='lat' dir='ltr'><strong>superaddita:</strong></span> <span class='ocrx_word' id='word_1_525' title='bbox 3379 2964 3518 3010; x_wconf 85' lang='lat' dir='ltr'><strong>sunt.</strong></span> <span class='ocrx_word' id='word_1_526' title='bbox 3549 2955 3742 3024; x_wconf 79' lang='lat' dir='ltr'><strong>Denique</strong></span> 
     </span>
    </p>
   </div>
   <div class='ocr_carea' id='block_1_77' title="bbox 2210 3021 3740 3097">
    <p class='ocr_par' dir='ltr' id='par_1_77' title="bbox 2210 3021 3740 3097">
     <span class='ocr_line' id='line_1_77' title="bbox 2210 3021 3740 3097; baseline 0.002 -21"><span class='ocrx_word' id='word_1_527' title='bbox 2210 3021 2741 3097; x_wconf 79' lang='lat' dir='ltr'><strong>titulusOmuiensis</strong></span> <span class='ocrx_word' id='word_1_528' title='bbox 2779 3023 2980 3097; x_wconf 79' lang='lat' dir='ltr'><strong>codicis</strong></span> <span class='ocrx_word' id='word_1_529' title='bbox 3013 3024 3230 3079; x_wconf 87' lang='lat' dir='ltr'><strong>easdem</strong></span> <span class='ocrx_word' id='word_1_530' title='bbox 3278 3025 3523 3097; x_wconf 88' lang='lat' dir='ltr'><strong>epistolas</strong></span> <span class='ocrx_word' id='word_1_531' title='bbox 3557 3021 3740 3095; x_wconf 82' lang='lat' dir='ltr'><strong>rejicita</strong></span> 
     </span>
    </p>
   </div>
   <div class='ocr_carea' id='block_1_78' title="bbox 2208 3095 3742 3151">
    <p class='ocr_par' dir='ltr' id='par_1_78' title="bbox 2208 3095 3742 3151">
     <span class='ocr_line' id='line_1_78' title="bbox 2208 3095 3742 3151; baseline 0.001 -3"><span class='ocrx_word' id='word_1_532' title='bbox 2208 3095 2525 3148; x_wconf 89' lang='lat' dir='ltr'><strong>collectione</strong></span> <span class='ocrx_word' id='word_1_533' title='bbox 2559 3109 2821 3148; x_wconf 90' lang='lat' dir='ltr'><strong>canonum</strong></span> <span class='ocrx_word' id='word_1_534' title='bbox 2851 3112 2864 3148; x_wconf 88' lang='lat'><strong>;</strong></span> <span class='ocrx_word' id='word_1_535' title='bbox 2895 3095 3106 3149; x_wconf 82' lang='lat' dir='ltr'><strong>(.‘ontinr</strong></span> <span class='ocrx_word' id='word_1_536' title='bbox 3153 3095 3326 3150; x_wconf 70' lang='lat' dir='ltr'><strong>codeai</strong></span> <span class='ocrx_word' id='word_1_537' title='bbox 3350 3098 3442 3151; x_wconf 82' lang='lat' dir='ltr'><strong>istc</strong></span> <span class='ocrx_word' id='word_1_538' title='bbox 3465 3113 3656 3151; x_wconf 79' lang='lat' dir='ltr'><strong>canones</strong></span> <span class='ocrx_word' id='word_1_539' title='bbox 3677 3112 3742 3150; x_wconf 82' lang='lat' dir='ltr'><strong>ec-</strong></span> 
     </span>
    </p>
   </div>
   <div class='ocr_carea' id='block_1_79' title="bbox 2209 3165 3742 3238">
    <p class='ocr_par' dir='ltr' id='par_1_79' title="bbox 2209 3165 3742 3238">
     <span class='ocr_line' id='line_1_79' title="bbox 2209 3165 3742 3238; baseline 0 -19"><span class='ocrx_word' id='word_1_540' title='bbox 2209 3165 2519 3238; x_wconf 82' lang='lat' dir='ltr'><strong>clesiasticos</strong></span> <span class='ocrx_word' id='word_1_541' title='bbox 2562 3178 2608 3219; x_wconf 91' lang='lat' dir='ltr'><strong>et</strong></span> <span class='ocrx_word' id='word_1_542' title='bbox 2643 3166 2928 3238; x_wconf 84' lang='lat' dir='ltr'><strong>constituta</strong></span> <span class='ocrx_word' id='word_1_543' title='bbox 2970 3175 3159 3219; x_wconf 66' lang='lat' dir='ltr'><strong>sanctis</strong></span> <span class='ocrx_word' id='word_1_544' title='bbox 3202 3168 3343 3222; x_wconf 85' lang='lat' dir='ltr'><strong>sedis</strong></span> <span class='ocrx_word' id='word_1_545' title='bbox 3379 3167 3644 3238; x_wconf 77' lang='lat' dir='ltr'><strong>apostolica:</strong></span> <span class='ocrx_word' id='word_1_546' title='bbox 3673 3166 3742 3220; x_wconf 74' lang='lat' dir='ltr'><strong>sub</strong></span> 
     </span>
    </p>
   </div>
   <div class='ocr_carea' id='block_1_80' title="bbox 595 3234 3743 3310">
    <p class='ocr_par' dir='ltr' id='par_1_80' title="bbox 595 3234 3743 3310">
     <span class='ocr_line' id='line_1_80' title="bbox 595 3234 3743 3310; baseline -0.001 -16"><span class='ocrx_word' id='word_1_547' title='bbox 595 3239 852 3310; x_wconf 74' lang='lat' dir='ltr'><strong>Absoluta</strong></span> <span class='ocrx_word' id='word_1_548' title='bbox 901 3236 1184 3310; x_wconf 35' lang='lat' dir='ltr'><strong>eratuhaec</strong></span> <span class='ocrx_word' id='word_1_549' title='bbox 1209 3235 1567 3310; x_wconf 76' lang='lat' dir='ltr'><strong>dissertatio,</strong></span> <span class='ocrx_word' id='word_1_550' title='bbox 1612 3234 1942 3310; x_wconf 81' lang='lat' dir='ltr'><strong>jamjamque</strong></span> <span class='ocrx_word' id='word_1_551' title='bbox 1991 3237 2107 3305; x_wconf 89' lang='lat' dir='ltr'><strong>ipse</strong></span> <span class='ocrx_word' id='word_1_552' title='bbox 2133 3237 2179 3302; x_wconf 85' lang='lat' dir='ltr'>C</span> <span class='ocrx_word' id='word_1_553' title='bbox 2211 3237 2449 3310; x_wconf 73' lang='lat' dir='ltr'><strong>capitulis</strong></span> <span class='ocrx_word' id='word_1_554' title='bbox 2476 3237 2761 3307; x_wconf 69' lang='lat' dir='ltr'><strong>sexaginta.</strong></span> <span class='ocrx_word' id='word_1_555' title='bbox 2797 3237 2923 3301; x_wconf 75' lang='lat' dir='ltr'><strong>Qua:</strong></span> <span class='ocrx_word' id='word_1_556' title='bbox 2951 3238 3158 3306; x_wconf 86' lang='lat' dir='ltr'><strong>adjecta</strong></span> <span class='ocrx_word' id='word_1_557' title='bbox 3185 3249 3309 3292; x_wconf 80' lang='lat' dir='ltr'><strong>sunt</strong></span> <span class='ocrx_word' id='word_1_558' title='bbox 3350 3234 3422 3293; x_wconf 63' lang='lat' dir='ltr'><strong>es</strong></span> <span class='ocrx_word' id='word_1_559' title='bbox 3438 3240 3618 3310; x_wconf 82' lang='lat' dir='ltr'><strong>scriptis</strong></span> <span class='ocrx_word' id='word_1_560' title='bbox 3641 3238 3743 3291; x_wconf 80' lang='lat' dir='ltr'><strong>beati</strong></span> 
     </span>
    </p>
   </div>
   <div class='ocr_carea' id='block_1_81' title="bbox 523 3306 2107 3380">
    <p class='ocr_par' dir='ltr' id='par_1_81' title="bbox 523 3306 2107 3380">
     <span class='ocr_line' id='line_1_81' title="bbox 523 3306 2107 3380; baseline -0.003 -15"><span class='ocrx_word' id='word_1_561' title='bbox 523 3309 693 3365; x_wconf 81' lang='lat' dir='ltr'><strong>codex</strong></span> <span class='ocrx_word' id='word_1_562' title='bbox 732 3309 884 3380; x_wconf 89' lang='lat' dir='ltr'><strong>prelo</strong></span> <span class='ocrx_word' id='word_1_563' title='bbox 928 3306 1292 3380; x_wconf 73' lang='lat' dir='ltr'><strong>subjiciendus</strong></span> <span class='ocrx_word' id='word_1_564' title='bbox 1332 3321 1395 3361; x_wconf 79' lang='lat' dir='ltr'><strong>ex</strong></span> <span class='ocrx_word' id='word_1_565' title='bbox 1442 3306 1543 3361; x_wconf 87' lang='lat' dir='ltr'><strong>hoc</strong></span> <span class='ocrx_word' id='word_1_566' title='bbox 1576 3306 2107 3380; x_wconf 82' lang='lat' dir='ltr'><strong>_unico_apographo</strong></span> 
     </span>
    </p>
   </div>
   <div class='ocr_carea' id='block_1_82' title="bbox 523 3377 2106 3448">
    <p class='ocr_par' dir='ltr' id='par_1_82' title="bbox 523 3377 2106 3448">
     <span class='ocr_line' id='line_1_82' title="bbox 523 3377 2106 3448; baseline -0.003 -11"><span class='ocrx_word' id='word_1_567' title='bbox 523 3377 847 3445; x_wconf 80' lang='lat' dir='ltr'><strong>onniensi,</strong></span> <span class='ocrx_word' id='word_1_568' title='bbox 887 3395 1008 3435; x_wconf 89' lang='lat' dir='ltr'><strong>cum</strong></span> <span class='ocrx_word' id='word_1_569' title='bbox 1060 3379 1188 3433; x_wconf 81' lang='lat' dir='ltr'><strong>milii</strong></span> <span class='ocrx_word' id='word_1_570' title='bbox 1228 3378 1538 3433; x_wconf 89' lang='lat' dir='ltr'><strong>Thuaneam</strong></span> <span class='ocrx_word' id='word_1_571' title='bbox 1576 3377 1952 3432; x_wconf 80' lang='lat' dir='ltr'><strong>bibliothecam</strong></span> <span class='ocrx_word' id='word_1_572' title='bbox 1985 3395 2106 3448; x_wconf 89' lang='lat' dir='ltr'><strong>pcr-</strong></span> 
     </span>
    </p>
   </div>
   <div class='ocr_carea' id='block_1_83' title="bbox 522 3449 2102 3519">
    <p class='ocr_par' dir='ltr' id='par_1_83' title="bbox 522 3449 2102 3519">
     <span class='ocr_line' id='line_1_83' title="bbox 522 3449 2102 3519; baseline -0.003 -11"><span class='ocrx_word' id='word_1_573' title='bbox 522 3452 767 3508; x_wconf 86' lang='lat' dir='ltr'><strong>lustranti</strong></span> <span class='ocrx_word' id='word_1_574' title='bbox 791 3465 917 3507; x_wconf 91' lang='lat' dir='ltr'><strong>ecce</strong></span> <span class='ocrx_word' id='word_1_575' title='bbox 943 3449 1179 3506; x_wconf 90' lang='lat' dir='ltr'><strong>occurrit</strong></span> <span class='ocrx_word' id='word_1_576' title='bbox 1199 3449 1437 3519; x_wconf 87' lang='lat' dir='ltr'><strong>ejusdem</strong></span> <span class='ocrx_word' id='word_1_577' title='bbox 1467 3449 1667 3503; x_wconf 83' lang='lat' dir='ltr'><strong>codicis</strong></span> <span class='ocrx_word' id='word_1_578' title='bbox 1694 3449 1974 3519; x_wconf 84' lang='lat' dir='ltr'><strong>exemplar</strong></span> <span class='ocrx_word' id='word_1_579' title='bbox 2000 3466 2102 3504; x_wconf 86' lang='lat' dir='ltr'><strong>IIIS.</strong></span> 
     </span>
    </p>
   </div>
   <div class='ocr_carea' id='block_1_84' title="bbox 519 3520 2107 3594">
    <p class='ocr_par' dir='ltr' id='par_1_84' title="bbox 519 3520 2107 3594">
     <span class='ocr_line' id='line_1_84' title="bbox 519 3520 2107 3594; baseline -0.001 -17"><span class='ocrx_word' id='word_1_580' title='bbox 519 3526 915 3594; x_wconf 91' lang='lat' dir='ltr'><strong>octogintorum</strong></span> <span class='ocrx_word' id='word_1_581' title='bbox 947 3523 1178 3594; x_wconf 88' lang='lat' dir='ltr'><strong>circiter,</strong></span> <span class='ocrx_word' id='word_1_582' title='bbox 1213 3521 1266 3574; x_wconf 90' lang='lat' dir='ltr'><strong>ni</strong></span> <span class='ocrx_word' id='word_1_583' title='bbox 1305 3520 1482 3588; x_wconf 88' lang='lat' dir='ltr'><strong>fallor,</strong></span> <span class='ocrx_word' id='word_1_584' title='bbox 1531 3535 1815 3583; x_wconf 84' lang='lat' dir='ltr'><strong>annorum,</strong></span> <span class='ocrx_word' id='word_1_585' title='bbox 1861 3536 1937 3594; x_wconf 83' lang='lat' dir='ltr'><strong>ac</strong></span> <span class='ocrx_word' id='word_1_586' title='bbox 1966 3533 2107 3576; x_wconf 63' lang='lat' dir='ltr'><strong>nota:</strong></span> 
     </span>
    </p>
   </div>
   <div class='ocr_carea' id='block_1_85' title="bbox 521 3592 2107 3666">
    <p class='ocr_par' dir='ltr' id='par_1_85' title="bbox 521 3592 2107 3666">
     <span class='ocr_line' id='line_1_85' title="bbox 521 3592 2107 3666; baseline -0.003 -16"><span class='ocrx_word' id='word_1_587' title='bbox 521 3592 758 3664; x_wconf 66' lang='lat' dir='ltr'><strong>Optimae,</strong></span> <span class='ocrx_word' id='word_1_588' title='bbox 805 3595 944 3666; x_wconf 90' lang='lat' dir='ltr'><strong>quod</strong></span> <span class='ocrx_word' id='word_1_589' title='bbox 991 3593 1205 3666; x_wconf 84' lang='lat' dir='ltr'><strong>assidua</strong></span> <span class='ocrx_word' id='word_1_590' title='bbox 1253 3607 1413 3646; x_wconf 89' lang='lat' dir='ltr'><strong>manu</strong></span> <span class='ocrx_word' id='word_1_591' title='bbox 1444 3601 1713 3666; x_wconf 64' lang='lat' dir='ltr'><strong>versatum</strong></span> <span class='ocrx_word' id='word_1_592' title='bbox 1759 3592 2107 3666; x_wconf 76' lang='lat' dir='ltr'><strong>deprehendo</strong></span> 
     </span>
    </p>
   </div>
   <div class='ocr_carea' id='block_1_86' title="bbox 521 3662 2104 3735">
    <p class='ocr_par' dir='ltr' id='par_1_86' title="bbox 521 3662 2104 3735">
     <span class='ocr_line' id='line_1_86' title="bbox 521 3662 2104 3735; baseline -0.001 -14"><span class='ocrx_word' id='word_1_593' title='bbox 521 3662 953 3735; x_wconf 66' lang='lat' dir='ltr'><strong>doctissimorum</strong></span> <span class='ocrx_word' id='word_1_594' title='bbox 987 3665 1222 3720; x_wconf 88' lang='lat' dir='ltr'><strong>virorum</strong></span> <span class='ocrx_word' id='word_1_595' title='bbox 1256 3663 1549 3729; x_wconf 83' lang='lat' dir='ltr'><strong>Sirmondi,</strong></span> <span class='ocrx_word' id='word_1_596' title='bbox 1581 3662 2104 3735; x_wconf 69' lang='lat' dir='ltr'><strong>Salmasii,tlhillle-</strong></span> 
     </span>
    </p>
   </div>
   <div class='ocr_carea' id='block_1_87' title="bbox 524 3734 2108 3804">
    <p class='ocr_par' dir='ltr' id='par_1_87' title="bbox 524 3734 2108 3804">
     <span class='ocr_line' id='line_1_87' title="bbox 524 3734 2108 3804; baseline -0.003 -11"><span class='ocrx_word' id='word_1_597' title='bbox 524 3737 603 3803; x_wconf 87' lang='lat' dir='ltr'><strong>lii,</strong></span> <span class='ocrx_word' id='word_1_598' title='bbox 635 3734 880 3804; x_wconf 84' lang='lat' dir='ltr'><strong>Justellii,</strong></span> <span class='ocrx_word' id='word_1_599' title='bbox 918 3736 1109 3804; x_wconf 86' lang='lat' dir='ltr'><strong>Voelli,</strong></span> <span class='ocrx_word' id='word_1_600' title='bbox 1151 3745 1256 3790; x_wconf 93' lang='lat' dir='ltr'><strong>etc.</strong></span> <span class='ocrx_word' id='word_1_601' title='bbox 1300 3735 1418 3802; x_wconf 84' lang='lat' dir='ltr'><strong>Ipse</strong></span> <span class='ocrx_word' id='word_1_602' title='bbox 1464 3737 1606 3788; x_wconf 68' lang='lat' dir='ltr'><strong>enirn</strong></span> <span class='ocrx_word' id='word_1_603' title='bbox 1653 3743 1736 3789; x_wconf 92' lang='lat' dir='ltr'><strong>est</strong></span> <span class='ocrx_word' id='word_1_604' title='bbox 1780 3734 1954 3790; x_wconf 77' lang='lat' dir='ltr'><strong>codex</strong></span> <span class='ocrx_word' id='word_1_605' title='bbox 2007 3739 2108 3789; x_wconf 92' lang='lat' dir='ltr'><strong>nu-</strong></span> 
     </span>
    </p>
   </div>
   <div class='ocr_carea' id='block_1_88' title="bbox 521 3806 2106 3875">
    <p class='ocr_par' dir='ltr' id='par_1_88' title="bbox 521 3806 2106 3875">
     <span class='ocr_line' id='line_1_88' title="bbox 521 3806 2106 3875; baseline -0.004 -9"><span class='ocrx_word' id='word_1_606' title='bbox 521 3807 804 3866; x_wconf 71' lang='lat' dir='ltr'><strong>tner0129</strong></span> <span class='ocrx_word' id='word_1_607' title='bbox 844 3819 1090 3875; x_wconf 88' lang='lat' dir='ltr'><strong>notatus,</strong></span> <span class='ocrx_word' id='word_1_608' title='bbox 1140 3821 1262 3861; x_wconf 91' lang='lat' dir='ltr'><strong>cum</strong></span> <span class='ocrx_word' id='word_1_609' title='bbox 1312 3821 1419 3874; x_wconf 88' lang='lat' dir='ltr'><strong>quo</strong></span> <span class='ocrx_word' id='word_1_610' title='bbox 1465 3806 1752 3859; x_wconf 87' lang='lat' dir='ltr'><strong>convenire</strong></span> <span class='ocrx_word' id='word_1_611' title='bbox 1804 3808 2106 3861; x_wconf 88' lang='lat' dir='ltr'><strong>versionem</strong></span> 
     </span>
    </p>
   </div>
   <div class='ocr_carea' id='block_1_89' title="bbox 521 3875 2106 3944">
    <p class='ocr_par' dir='ltr' id='par_1_89' title="bbox 521 3875 2106 3944">
     <span class='ocr_line' id='line_1_89' title="bbox 521 3875 2106 3944; baseline -0.004 -7"><span class='ocrx_word' id='word_1_612' title='bbox 521 3895 784 3937; x_wconf 85' lang='lat' dir='ltr'><strong>canonum</strong></span> <span class='ocrx_word' id='word_1_613' title='bbox 811 3878 1328 3934; x_wconf 84' lang='lat' dir='ltr'><strong>Cltalcedoneusium</strong></span> <span class='ocrx_word' id='word_1_614' title='bbox 1361 3876 1555 3931; x_wconf 75' lang='lat' dir='ltr'><strong>Priscae</strong></span> <span class='ocrx_word' id='word_1_615' title='bbox 1591 3875 1842 3931; x_wconf 88' lang='lat' dir='ltr'><strong>editionis</strong></span> <span class='ocrx_word' id='word_1_616' title='bbox 1881 3877 2106 3944; x_wconf 66' lang='lat' dir='ltr'><strong>Latinae,</strong></span> 
     </span>
    </p>
   </div>
   <div class='ocr_carea' id='block_1_90' title="bbox 522 3947 2108 4005">
    <p class='ocr_par' dir='ltr' id='par_1_90' title="bbox 522 3947 2108 4005">
     <span class='ocr_line' id='line_1_90' title="bbox 522 3947 2108 4005; baseline -0.001 -1"><span class='ocrx_word' id='word_1_617' title='bbox 522 3959 916 4005; x_wconf 81' lang='lat' dir='ltr'><strong>annotaverunt</strong></span> <span class='ocrx_word' id='word_1_618' title='bbox 946 3949 1287 4003; x_wconf 73' lang='lat' dir='ltr'><strong>Bibliotheca:</strong></span> <span class='ocrx_word' id='word_1_619' title='bbox 1326 3947 1470 4001; x_wconf 81' lang='lat' dir='ltr'><strong>Iuris</strong></span> <span class='ocrx_word' id='word_1_620' title='bbox 1500 3947 1752 4001; x_wconf 83' lang='lat' dir='ltr'><strong>Canooici</strong></span> <span class='ocrx_word' id='word_1_621' title='bbox 1791 3949 2108 4003; x_wconf 83' lang='lat' dir='ltr'><strong>collectores</strong></span> 
     </span>
    </p>
   </div>
   <div class='ocr_carea' id='block_1_91' title="bbox 524 4016 2140 4088">
    <p class='ocr_par' dir='ltr' id='par_1_91' title="bbox 524 4016 2140 4088">
     <span class='ocr_line' id='line_1_91' title="bbox 524 4016 2140 4088; baseline -0.001 -12"><span class='ocrx_word' id='word_1_622' title='bbox 524 4021 740 4076; x_wconf 78' lang='lat' dir='ltr'><strong>Voellus</strong></span> <span class='ocrx_word' id='word_1_623' title='bbox 779 4032 830 4076; x_wconf 90' lang='lat' dir='ltr'><strong>et</strong></span> <span class='ocrx_word' id='word_1_624' title='bbox 861 4019 1118 4074; x_wconf 83' lang='lat' dir='ltr'><strong>Justellus</strong></span> <span class='ocrx_word' id='word_1_625' title='bbox 1163 4031 1292 4072; x_wconf 92' lang='lat' dir='ltr'><strong>tom.</strong></span> <span class='ocrx_word' id='word_1_626' title='bbox 1344 4019 1391 4082; x_wconf 88' lang='grc' dir='ltr'><strong>Ι,</strong></span> <span class='ocrx_word' id='word_1_627' title='bbox 1437 4033 1554 4086; x_wconf 74' lang='lat' dir='ltr'><strong>pag.</strong></span> <span class='ocrx_word' id='word_1_628' title='bbox 1595 4018 1722 4072; x_wconf 70' lang='lat'><strong>296.</strong></span> <span class='ocrx_word' id='word_1_629' title='bbox 1757 4016 1876 4088; x_wconf 89' lang='lat' dir='ltr'><strong>Ipse</strong></span> <span class='ocrx_word' id='word_1_630' title='bbox 1915 4031 1997 4074; x_wconf 91' lang='lat' dir='ltr'><strong>est</strong></span> <span class='ocrx_word' id='word_1_631' title='bbox 2039 4021 2140 4074; x_wconf 52' lang='lat' dir='ltr'><strong>ex‘</strong></span> 
     </span>
    </p>
   </div>
   <div class='ocr_carea' id='block_1_92' title="bbox 525 4088 2106 4160">
    <p class='ocr_par' dir='ltr' id='par_1_92' title="bbox 525 4088 2106 4160">
     <span class='ocr_line' id='line_1_92' title="bbox 525 4088 2106 4160; baseline 0 -16"><span class='ocrx_word' id='word_1_632' title='bbox 525 4107 632 4160; x_wconf 87' lang='lat' dir='ltr'><strong>quo</strong></span> <span class='ocrx_word' id='word_1_633' title='bbox 662 4091 888 4145; x_wconf 84' lang='lat' dir='ltr'><strong>Jacobus</strong></span> <span class='ocrx_word' id='word_1_634' title='bbox 918 4091 1236 4144; x_wconf 88' lang='lat' dir='ltr'><strong>Sirmondus</strong></span> <span class='ocrx_word' id='word_1_635' title='bbox 1278 4097 1573 4160; x_wconf 88' lang='lat' dir='ltr'><strong>tractatum</strong></span> <span class='ocrx_word' id='word_1_636' title='bbox 1605 4088 1798 4143; x_wconf 88' lang='lat' dir='ltr'><strong>Gelasit</strong></span> <span class='ocrx_word' id='word_1_637' title='bbox 1835 4105 1981 4158; x_wconf 84' lang='lat' dir='ltr'><strong>papae</strong></span> <span class='ocrx_word' id='word_1_638' title='bbox 2009 4091 2106 4144; x_wconf 88' lang='lat' dir='ltr'><strong>ad-</strong></span> 
     </span>
    </p>
   </div>
   <div class='ocr_carea' id='block_1_93' title="bbox 524 4159 2106 4227">
    <p class='ocr_par' dir='ltr' id='par_1_93' title="bbox 524 4159 2106 4227">
     <span class='ocr_line' id='line_1_93' title="bbox 524 4159 2106 4227; baseline 0 -13"><span class='ocrx_word' id='word_1_639' title='bbox 524 4159 711 4218; x_wconf 68' lang='lat' dir='ltr'><strong>versus</strong></span> <span class='ocrx_word' id='word_1_640' title='bbox 739 4163 987 4224; x_wconf 55' lang='lat' dir='ltr'><strong>Graecos,</strong></span> <span class='ocrx_word' id='word_1_641' title='bbox 1039 4169 1089 4214; x_wconf 86' lang='lat' dir='ltr'><strong>et</strong></span> <span class='ocrx_word' id='word_1_642' title='bbox 1138 4161 1376 4212; x_wconf 83' lang='lat' dir='ltr'><strong>mutilam</strong></span> <span class='ocrx_word' id='word_1_643' title='bbox 1431 4159 1667 4224; x_wconf 45' lang='lat' dir='ltr'><strong>ejusdem</strong></span> <span class='ocrx_word' id='word_1_644' title='bbox 1719 4161 1995 4227; x_wconf 66' lang='lat' dir='ltr'><strong>epistolam</strong></span> <span class='ocrx_word' id='word_1_645' title='bbox 2043 4165 2106 4214; x_wconf 82' lang='lat' dir='ltr'><strong>ad</strong></span> 
     </span>
    </p>
   </div>
   <div class='ocr_carea' id='block_1_94' title="bbox 522 4231 2109 4301">
    <p class='ocr_par' dir='ltr' id='par_1_94' title="bbox 522 4231 2109 4301">
     <span class='ocr_line' id='line_1_94' title="bbox 522 4231 2109 4301; baseline 0 -15"><span class='ocrx_word' id='word_1_646' title='bbox 522 4234 818 4288; x_wconf 68' lang='lat' dir='ltr'><strong>(lrieltttlcs</strong></span> <span class='ocrx_word' id='word_1_647' title='bbox 862 4233 1061 4301; x_wconf 78' lang='lat' dir='ltr'><strong>primus</strong></span> <span class='ocrx_word' id='word_1_648' title='bbox 1108 4232 1269 4286; x_wconf 82' lang='lat' dir='ltr'><strong>edidit</strong></span> <span class='ocrx_word' id='word_1_649' title='bbox 1330 4242 1447 4298; x_wconf 73' lang='lat' dir='ltr'><strong>post</strong></span> <span class='ocrx_word' id='word_1_650' title='bbox 1499 4231 1848 4299; x_wconf 73' lang='lat' dir='ltr'><strong>appendicem</strong></span> <span class='ocrx_word' id='word_1_651' title='bbox 1900 4233 2109 4287; x_wconf 68' lang='lat' dir='ltr'><strong>(indicis</strong></span> 
     </span>
    </p>
   </div>
   <div class='ocr_carea' id='block_1_95' title="bbox 527 4301 2108 4361">
    <p class='ocr_par' dir='ltr' id='par_1_95' title="bbox 527 4301 2108 4361">
     <span class='ocr_line' id='line_1_95' title="bbox 527 4301 2108 4361; baseline -0.003 -1"><span class='ocrx_word' id='word_1_652' title='bbox 527 4305 904 4361; x_wconf 71' lang='lat' dir='ltr'><strong>&#39;l&#39;ltet.tlosiatti.</strong></span> <span class='ocrx_word' id='word_1_653' title='bbox 947 4304 1021 4358; x_wconf 66' lang='lat' dir='ltr'><strong>lix</strong></span> <span class='ocrx_word' id='word_1_654' title='bbox 1055 4308 1243 4358; x_wconf 84' lang='lat' dir='ltr'><strong>eodem</strong></span> <span class='ocrx_word' id='word_1_655' title='bbox 1277 4301 1529 4356; x_wconf 76' lang='lat' dir='ltr'><strong>Claudius</strong></span> <span class='ocrx_word' id='word_1_656' title='bbox 1577 4303 1869 4357; x_wconf 67' lang='lat' dir='ltr'><strong>Salmasius</strong></span> <span class='ocrx_word' id='word_1_657' title='bbox 1917 4305 1966 4358; x_wconf 89' lang='lat' dir='ltr'><strong>in</strong></span> <span class='ocrx_word' id='word_1_658' title='bbox 2015 4319 2108 4357; x_wconf 82' lang='lat' dir='ltr'><strong>suo</strong></span> 
     </span>
    </p>
   </div>
   <div class='ocr_carea' id='block_1_96' title="bbox 523 4373 2114 4432">
    <p class='ocr_par' dir='ltr' id='par_1_96' title="bbox 523 4373 2114 4432">
     <span class='ocr_line' id='line_1_96' title="bbox 523 4373 2114 4432; baseline 0.001 -4"><span class='ocrx_word' id='word_1_659' title='bbox 523 4379 779 4432; x_wconf 82' lang='lat' dir='ltr'><strong>adversus</strong></span> <span class='ocrx_word' id='word_1_660' title='bbox 811 4375 1151 4430; x_wconf 82' lang='lat' dir='ltr'><strong>Sirmoudum</strong></span> <span class='ocrx_word' id='word_1_661' title='bbox 1184 4373 1550 4428; x_wconf 85' lang='lat' dir='ltr'><strong>Ettcltatistico</strong></span> <span class='ocrx_word' id='word_1_662' title='bbox 1580 4373 1644 4426; x_wconf 79' lang='lat' dir='ltr'><strong>de</strong></span> <span class='ocrx_word' id='word_1_663' title='bbox 1694 4375 1943 4429; x_wconf 77' lang='lat' dir='ltr'><strong>Ecclestis</strong></span> <span class='ocrx_word' id='word_1_664' title='bbox 1990 4377 2114 4429; x_wconf 88' lang='lat' dir='ltr'><strong>sub-</strong></span> 
     </span>
    </p>
   </div>
   <div class='ocr_carea' id='block_1_97' title="bbox 526 4445 2111 4516">
    <p class='ocr_par' dir='ltr' id='par_1_97' title="bbox 526 4445 2111 4516">
     <span class='ocr_line' id='line_1_97' title="bbox 526 4445 2111 4516; baseline -0.002 -15"><span class='ocrx_word' id='word_1_665' title='bbox 526 4448 823 4512; x_wconf 84' lang='lat' dir='ltr'><strong>urbicariis,</strong></span> <span class='ocrx_word' id='word_1_666' title='bbox 875 4447 1038 4502; x_wconf 88' lang='lat' dir='ltr'><strong>edidit</strong></span> <span class='ocrx_word' id='word_1_667' title='bbox 1081 4447 1396 4516; x_wconf 79' lang='lat' dir='ltr'><strong>rescriptum</strong></span> <span class='ocrx_word' id='word_1_668' title='bbox 1445 4446 1829 4516; x_wconf 73' lang='lat' dir='ltr'><strong>imperat-orum</strong></span> <span class='ocrx_word' id='word_1_669' title='bbox 1891 4445 2111 4500; x_wconf 87' lang='lat' dir='ltr'><strong>llonorii</strong></span> 
     </span>
    </p>
   </div>
   <div class='ocr_carea' id='block_1_98' title="bbox 523 4515 2111 4588">
    <p class='ocr_par' dir='ltr' id='par_1_98' title="bbox 523 4515 2111 4588">
     <span class='ocr_line' id='line_1_98' title="bbox 523 4515 2111 4588; baseline -0.003 -13"><span class='ocrx_word' id='word_1_670' title='bbox 523 4532 576 4575; x_wconf 85' lang='lat' dir='ltr'><strong>et</strong></span> <span class='ocrx_word' id='word_1_671' title='bbox 605 4519 894 4576; x_wconf 82' lang='lat' dir='ltr'><strong>Theodosii</strong></span> <span class='ocrx_word' id='word_1_672' title='bbox 932 4526 1119 4574; x_wconf 86' lang='lat' dir='ltr'><strong>contra</strong></span> <span class='ocrx_word' id='word_1_673' title='bbox 1165 4515 1497 4588; x_wconf 83' lang='lat' dir='ltr'><strong>Pelagianos,</strong></span> <span class='ocrx_word' id='word_1_674' title='bbox 1535 4532 1636 4572; x_wconf 85' lang='lat' dir='ltr'><strong>nec</strong></span> <span class='ocrx_word' id='word_1_675' title='bbox 1678 4531 1781 4571; x_wconf 88' lang='lat' dir='ltr'><strong>non</strong></span> <span class='ocrx_word' id='word_1_676' title='bbox 1810 4526 1863 4571; x_wconf 85' lang='lat' dir='ltr'><strong>et</strong></span> <span class='ocrx_word' id='word_1_677' title='bbox 1908 4532 2111 4572; x_wconf 78' lang='lat' dir='ltr'><strong>sacram</strong></span> 
     </span>
    </p>
   </div>
   <div class='ocr_carea' id='block_1_99' title="bbox 2219 3307 3742 3380">
    <p class='ocr_par' dir='ltr' id='par_1_99' title="bbox 2219 3307 3742 3380">
     <span class='ocr_line' id='line_1_99' title="bbox 2219 3307 3742 3380; baseline 0.003 -20"><span class='ocrx_word' id='word_1_678' title='bbox 2219 3307 2403 3361; x_wconf 85' lang='lat' dir='ltr'><strong>Leonis</strong></span> <span class='ocrx_word' id='word_1_679' title='bbox 2422 3323 2591 3380; x_wconf 80' lang='lat' dir='ltr'><strong>paptc,</strong></span> <span class='ocrx_word' id='word_1_680' title='bbox 2624 3324 2725 3361; x_wconf 87' lang='lat' dir='ltr'><strong>non</strong></span> <span class='ocrx_word' id='word_1_681' title='bbox 2747 3318 2862 3362; x_wconf 88' lang='lat' dir='ltr'><strong>sunt</strong></span> <span class='ocrx_word' id='word_1_682' title='bbox 2887 3324 2949 3362; x_wconf 81' lang='lat' dir='ltr'><strong>ea:</strong></span> <span class='ocrx_word' id='word_1_683' title='bbox 2975 3324 3182 3380; x_wconf 80' lang='lat' dir='ltr'><strong>corpore</strong></span> <span class='ocrx_word' id='word_1_684' title='bbox 3202 3325 3478 3364; x_wconf 84' lang='lat' dir='ltr'><strong>canonum.</strong></span> <span class='ocrx_word' id='word_1_685' title='bbox 3506 3307 3572 3364; x_wconf 85' lang='lat' dir='ltr'><strong>Ita</strong></span> <span class='ocrx_word' id='word_1_686' title='bbox 3592 3311 3685 3380; x_wconf 80' lang='lat' dir='ltr'><strong>lego</strong></span> <span class='ocrx_word' id='word_1_687' title='bbox 3702 3309 3742 3363; x_wconf 90' lang='lat' dir='ltr'><strong>in</strong></span> 
     </span>
    </p>
   </div>
   <div class='ocr_carea' id='block_1_100' title="bbox 2218 3379 3742 3451">
    <p class='ocr_par' dir='ltr' id='par_1_100' title="bbox 2218 3379 3742 3451">
     <span class='ocr_line' id='line_1_100' title="bbox 2218 3379 3742 3451; baseline 0.001 -19"><span class='ocrx_word' id='word_1_688' title='bbox 2218 3379 2527 3451; x_wconf 89' lang='lat' dir='ltr'><strong>apographo</strong></span> <span class='ocrx_word' id='word_1_689' title='bbox 2551 3380 2693 3451; x_wconf 83' lang='lat' dir='ltr'><strong>quod</strong></span> <span class='ocrx_word' id='word_1_690' title='bbox 2722 3394 2882 3446; x_wconf 90' lang='lat' dir='ltr'><strong>penes</strong></span> <span class='ocrx_word' id='word_1_691' title='bbox 2910 3395 2995 3434; x_wconf 94' lang='lat' dir='ltr'><strong>me</strong></span> <span class='ocrx_word' id='word_1_692' title='bbox 3021 3380 3217 3436; x_wconf 82' lang='lat' dir='ltr'><strong>habeo:</strong></span> <span class='ocrx_word' id='word_1_693' title='bbox 3245 3382 3403 3451; x_wconf 89' lang='lat' dir='ltr'><strong>cujus</strong></span> <span class='ocrx_word' id='word_1_694' title='bbox 3421 3382 3545 3436; x_wconf 89' lang='lat' dir='ltr'><strong>tituli</strong></span> <span class='ocrx_word' id='word_1_695' title='bbox 3567 3379 3742 3436; x_wconf 81' lang='lat' dir='ltr'><strong>sinceri-</strong></span> 
     </span>
    </p>
   </div>
   <div class='ocr_carea' id='block_1_101' title="bbox 2219 3450 3743 3522">
    <p class='ocr_par' dir='ltr' id='par_1_101' title="bbox 2219 3450 3743 3522">
     <span class='ocr_line' id='line_1_101' title="bbox 2219 3450 3743 3522; baseline 0.001 -20"><span class='ocrx_word' id='word_1_696' title='bbox 2219 3460 2378 3522; x_wconf 79' lang='lat' dir='ltr'><strong>tatem</strong></span> <span class='ocrx_word' id='word_1_697' title='bbox 2404 3450 2592 3518; x_wconf 88' lang='lat' dir='ltr'><strong>probat</strong></span> <span class='ocrx_word' id='word_1_698' title='bbox 2612 3450 2899 3522; x_wconf 75' lang='lat' dir='ltr'><strong>Catalogus</strong></span> <span class='ocrx_word' id='word_1_699' title='bbox 2921 3451 3179 3505; x_wconf 88' lang='lat' dir='ltr'><strong>librorum</strong></span> <span class='ocrx_word' id='word_1_700' title='bbox 3204 3450 3659 3522; x_wconf 77' lang='lat' dir='ltr'><strong>manuscriptoruut</strong></span> <span class='ocrx_word' id='word_1_701' title='bbox 3680 3451 3743 3505; x_wconf 85' lang='lat' dir='ltr'><strong>bi-</strong></span> 
     </span>
    </p>
   </div>
   <div class='ocr_carea' id='block_1_102' title="bbox 2217 3520 3743 3591">
    <p class='ocr_par' dir='ltr' id='par_1_102' title="bbox 2217 3520 3743 3591">
     <span class='ocr_line' id='line_1_102' title="bbox 2217 3520 3743 3591; baseline 0.001 -16"><span class='ocrx_word' id='word_1_702' title='bbox 2217 3520 2496 3576; x_wconf 66' lang='lat' dir='ltr'><strong>bliotheca:</strong></span> <span class='ocrx_word' id='word_1_703' title='bbox 2521 3520 2732 3591; x_wconf 83' lang='lat' dir='ltr'><strong>collegii</strong></span> <span class='ocrx_word' id='word_1_704' title='bbox 2759 3521 3050 3576; x_wconf 88' lang='lat' dir='ltr'><strong>Orieleusis</strong></span> <span class='ocrx_word' id='word_1_705' title='bbox 3084 3522 3334 3589; x_wconf 65' lang='lat' dir='ltr'><strong>Oxoniai,</strong></span> <span class='ocrx_word' id='word_1_706' title='bbox 3367 3520 3579 3579; x_wconf 88' lang='lat' dir='ltr'><strong>Loudini</strong></span> <span class='ocrx_word' id='word_1_707' title='bbox 3607 3523 3743 3577; x_wconf 70' lang='lat' dir='ltr'><strong>editus</strong></span> 
     </span>
    </p>
   </div>
   <div class='ocr_carea' id='block_1_103' title="bbox 2216 3592 3740 3665">
    <p class='ocr_par' dir='ltr' id='par_1_103' title="bbox 2216 3592 3740 3665">
     <span class='ocr_line' id='line_1_103' title="bbox 2216 3592 3740 3665; baseline -0.001 -20"><span class='ocrx_word' id='word_1_708' title='bbox 2216 3607 2355 3646; x_wconf 88' lang='lat' dir='ltr'><strong>armo</strong></span> <span class='ocrx_word' id='word_1_709' title='bbox 2406 3592 2565 3659; x_wconf 80' lang='grc'>1600,</span> <span class='ocrx_word' id='word_1_710' title='bbox 2605 3607 2729 3665; x_wconf 84' lang='lat' dir='ltr'><strong>pag.</strong></span> <span class='ocrx_word' id='word_1_711' title='bbox 2761 3595 2849 3665; x_wconf 62' lang='grc'><strong>45,</strong></span> <span class='ocrx_word' id='word_1_712' title='bbox 2892 3593 2982 3665; x_wconf 84' lang='lat' dir='ltr'><strong>ubi</strong></span> <span class='ocrx_word' id='word_1_713' title='bbox 3035 3593 3222 3665; x_wconf 85' lang='lat' dir='ltr'><strong>eadem</strong></span> <span class='ocrx_word' id='word_1_714' title='bbox 3283 3595 3539 3665; x_wconf 90' lang='lat' dir='ltr'><strong>leguntur.</strong></span> <span class='ocrx_word' id='word_1_715' title='bbox 3581 3593 3740 3648; x_wconf 66' lang='lat' dir='ltr'><strong>Cetera</strong></span> 
     </span>
    </p>
   </div>
   <div class='ocr_carea' id='block_1_104' title="bbox 2217 3663 3734 3737">
    <p class='ocr_par' dir='ltr' id='par_1_104' title="bbox 2217 3663 3734 3737">
     <span class='ocr_line' id='line_1_104' title="bbox 2217 3663 3734 3737; baseline -0.001 -20"><span class='ocrx_word' id='word_1_716' title='bbox 2217 3667 2492 3730; x_wconf 87' lang='lat' dir='ltr'><strong>utriusque</strong></span> <span class='ocrx_word' id='word_1_717' title='bbox 2519 3664 2717 3737; x_wconf 50' lang='lat' dir='ltr'><strong>codicis</strong></span> <span class='ocrx_word' id='word_1_718' title='bbox 2743 3663 3051 3720; x_wconf 88' lang='lat' dir='ltr'><strong>discrimina</strong></span> <span class='ocrx_word' id='word_1_719' title='bbox 3089 3664 3155 3718; x_wconf 88' lang='lat' dir='ltr'><strong>ad</strong></span> <span class='ocrx_word' id='word_1_720' title='bbox 3183 3664 3291 3720; x_wconf 86' lang='lat' dir='ltr'><strong>loci</strong></span> <span class='ocrx_word' id='word_1_721' title='bbox 3319 3663 3563 3737; x_wconf 75' lang='lat' dir='ltr'><strong>cujusque</strong></span> <span class='ocrx_word' id='word_1_722' title='bbox 3585 3665 3734 3733; x_wconf 56' lang='lat' dir='ltr'><strong>mat-gi-</strong></span> 
     </span>
    </p>
   </div>
   <div class='ocr_carea' id='block_1_105' title="bbox 2219 3733 2764 3788">
    <p class='ocr_par' dir='ltr' id='par_1_105' title="bbox 2219 3733 2764 3788">
     <span class='ocr_line' id='line_1_105' title="bbox 2219 3733 2764 3788; baseline 0.002 -1"><span class='ocrx_word' id='word_1_723' title='bbox 2219 3750 2338 3788; x_wconf 85' lang='lat' dir='ltr'><strong>nem</strong></span> <span class='ocrx_word' id='word_1_724' title='bbox 2376 3743 2552 3788; x_wconf 88' lang='lat' dir='ltr'><strong>notata</strong></span> <span class='ocrx_word' id='word_1_725' title='bbox 2579 3733 2764 3788; x_wconf 85' lang='lat' dir='ltr'><strong>habes.</strong></span> 
     </span>
    </p>
   </div>
   <div class='ocr_carea' id='block_1_106' title="bbox 2286 3803 3744 3875">
    <p class='ocr_par' dir='ltr' id='par_1_106' title="bbox 2286 3803 3744 3875">
     <span class='ocr_line' id='line_1_106' title="bbox 2286 3803 3744 3875; baseline 0 -17"><span class='ocrx_word' id='word_1_726' title='bbox 2286 3805 2726 3874; x_wconf 68' lang='lat' dir='ltr'><strong>Distinguendum</strong></span> <span class='ocrx_word' id='word_1_727' title='bbox 2759 3821 2917 3875; x_wconf 89' lang='lat' dir='ltr'><strong>porro</strong></span> <span class='ocrx_word' id='word_1_728' title='bbox 2955 3807 3010 3862; x_wconf 92' lang='lat' dir='ltr'><strong>in</strong></span> <span class='ocrx_word' id='word_1_729' title='bbox 3042 3805 3244 3864; x_wconf 88' lang='lat' dir='ltr'><strong>Codice</strong></span> <span class='ocrx_word' id='word_1_730' title='bbox 3274 3823 3535 3864; x_wconf 90' lang='lat' dir='ltr'><strong>canonum</strong></span> <span class='ocrx_word' id='word_1_731' title='bbox 3562 3821 3587 3861; x_wconf 85' lang='lat' dir='ltr'><strong>a</strong></span> <span class='ocrx_word' id='word_1_732' title='bbox 3619 3803 3744 3860; x_wconf 81' lang='lat' dir='ltr'><strong>nobis</strong></span> 
     </span>
    </p>
   </div>
   <div class='ocr_carea' id='block_1_107' title="bbox 2213 3877 3745 3947">
    <p class='ocr_par' dir='ltr' id='par_1_107' title="bbox 2213 3877 3745 3947">
     <span class='ocr_line' id='line_1_107' title="bbox 2213 3877 3745 3947; baseline -0.002 -15"><span class='ocrx_word' id='word_1_733' title='bbox 2213 3877 2358 3933; x_wconf 89' lang='lat' dir='ltr'><strong>edito</strong></span> <span class='ocrx_word' id='word_1_734' title='bbox 2391 3877 2529 3931; x_wconf 85' lang='lat' dir='ltr'><strong>inter</strong></span> <span class='ocrx_word' id='word_1_735' title='bbox 2550 3891 2613 3930; x_wconf 91' lang='lat' dir='ltr'><strong>ea</strong></span> <span class='ocrx_word' id='word_1_736' title='bbox 2638 3877 2832 3946; x_wconf 88' lang='lat' dir='ltr'><strong>quibus</strong></span> <span class='ocrx_word' id='word_1_737' title='bbox 2860 3879 3092 3947; x_wconf 88' lang='lat' dir='ltr'><strong>capitula</strong></span> <span class='ocrx_word' id='word_1_738' title='bbox 3118 3888 3406 3947; x_wconf 77' lang='lat' dir='ltr'><strong>Constant,</strong></span> <span class='ocrx_word' id='word_1_739' title='bbox 3433 3891 3486 3936; x_wconf 91' lang='lat' dir='ltr'><strong>et</strong></span> <span class='ocrx_word' id='word_1_740' title='bbox 3515 3881 3745 3934; x_wconf 69' lang='lat' dir='ltr'><strong>bistorcas</strong></span> 
     </span>
    </p>
   </div>
   <div class='ocr_carea' id='block_1_108' title="bbox 2213 3947 3746 4019">
    <p class='ocr_par' dir='ltr' id='par_1_108' title="bbox 2213 3947 3746 4019">
     <span class='ocr_line' id='line_1_108' title="bbox 2213 3947 3746 4019; baseline 0.001 -19"><span class='ocrx_word' id='word_1_741' title='bbox 2213 3947 2469 4016; x_wconf 88' lang='lat' dir='ltr'><strong>quasdam</strong></span> <span class='ocrx_word' id='word_1_742' title='bbox 2502 3947 2902 4019; x_wconf 66' lang='lat' dir='ltr'><strong>ob:ervationes</strong></span> <span class='ocrx_word' id='word_1_743' title='bbox 2929 3966 3049 4019; x_wconf 79' lang='lat' dir='ltr'><strong>quae</strong></span> <span class='ocrx_word' id='word_1_744' title='bbox 3075 3956 3307 4018; x_wconf 80' lang='lat' dir='ltr'><strong>Sparsim</strong></span> <span class='ocrx_word' id='word_1_745' title='bbox 3335 3961 3390 4006; x_wconf 92' lang='lat' dir='ltr'><strong>et</strong></span> <span class='ocrx_word' id='word_1_746' title='bbox 3417 3960 3558 4007; x_wconf 80' lang='lat' dir='ltr'><strong>extra</strong></span> <span class='ocrx_word' id='word_1_747' title='bbox 3584 3951 3746 4018; x_wconf 81' lang='lat' dir='ltr'><strong>capitu-</strong></span> 
     </span>
    </p>
   </div>
   <div class='ocr_carea' id='block_1_109' title="bbox 2216 4018 3747 4090">
    <p class='ocr_par' dir='ltr' id='par_1_109' title="bbox 2216 4018 3747 4090">
     <span class='ocr_line' id='line_1_109' title="bbox 2216 4018 3747 4090; baseline -0.001 -17"><span class='ocrx_word' id='word_1_748' title='bbox 2216 4019 2389 4073; x_wconf 54' lang='lat' dir='ltr'><strong>lorum</strong></span> <span class='ocrx_word' id='word_1_749' title='bbox 2422 4018 2616 4073; x_wconf 89' lang='lat' dir='ltr'><strong>seriem</strong></span> <span class='ocrx_word' id='word_1_750' title='bbox 2656 4020 2866 4088; x_wconf 73' lang='lat' dir='ltr'><strong>injecta:</strong></span> <span class='ocrx_word' id='word_1_751' title='bbox 2905 4018 3174 4090; x_wconf 86' lang='lat' dir='ltr'><strong>leguntur,</strong></span> <span class='ocrx_word' id='word_1_752' title='bbox 3204 4023 3306 4076; x_wconf 70' lang='lat' dir='ltr'><strong>etsi</strong></span> <span class='ocrx_word' id='word_1_753' title='bbox 3340 4038 3444 4079; x_wconf 90' lang='lat' dir='ltr'><strong>non</strong></span> <span class='ocrx_word' id='word_1_754' title='bbox 3488 4022 3747 4090; x_wconf 77' lang='lat' dir='ltr'><strong>frequentes</strong></span> 
     </span>
    </p>
   </div>
   <div class='ocr_carea' id='block_1_110' title="bbox 2216 4090 3747 4163">
    <p class='ocr_par' dir='ltr' id='par_1_110' title="bbox 2216 4090 3747 4163">
     <span class='ocr_line' id='line_1_110' title="bbox 2216 4090 3747 4163; baseline -0.001 -19"><span class='ocrx_word' id='word_1_755' title='bbox 2216 4090 2523 4163; x_wconf 87' lang='lat' dir='ltr'><strong>admodum.</strong></span> <span class='ocrx_word' id='word_1_756' title='bbox 2558 4090 2687 4163; x_wconf 61' lang='lat' dir='ltr'><strong>Istat</strong></span> <span class='ocrx_word' id='word_1_757' title='bbox 2724 4091 2865 4146; x_wconf 87' lang='lat' dir='ltr'><strong>enim</strong></span> <span class='ocrx_word' id='word_1_758' title='bbox 2895 4094 3178 4148; x_wconf 84' lang='lat' dir='ltr'><strong>recentiori</strong></span> <span class='ocrx_word' id='word_1_759' title='bbox 3209 4094 3354 4163; x_wconf 84' lang='lat' dir='ltr'><strong>stylo</strong></span> <span class='ocrx_word' id='word_1_760' title='bbox 3381 4101 3599 4148; x_wconf 58' lang='lat' dir='ltr'><strong>exarata</strong></span> <span class='ocrx_word' id='word_1_761' title='bbox 3635 4098 3747 4154; x_wconf 84' lang='lat' dir='ltr'><strong>sunt,</strong></span> 
     </span>
    </p>
   </div>
   <div class='ocr_carea' id='block_1_111' title="bbox 2219 4161 3748 4229">
    <p class='ocr_par' dir='ltr' id='par_1_111' title="bbox 2219 4161 3748 4229">
     <span class='ocr_line' id='line_1_111' title="bbox 2219 4161 3748 4229; baseline -0.003 -15"><span class='ocrx_word' id='word_1_762' title='bbox 2219 4181 2312 4214; x_wconf 62' lang='lat' dir='ltr'><strong>mw</strong></span> <span class='ocrx_word' id='word_1_763' title='bbox 2347 4161 2608 4215; x_wconf 67' lang='lat' dir='ltr'><strong>habentur</strong></span> <span class='ocrx_word' id='word_1_764' title='bbox 2641 4161 2738 4225; x_wconf 78' lang='lat' dir='ltr'><strong>nisi</strong></span> <span class='ocrx_word' id='word_1_765' title='bbox 2789 4163 2838 4215; x_wconf 88' lang='lat' dir='ltr'><strong>in</strong></span> <span class='ocrx_word' id='word_1_766' title='bbox 2885 4164 2999 4218; x_wconf 85' lang='lat' dir='ltr'><strong>solo</strong></span> <span class='ocrx_word' id='word_1_767' title='bbox 3030 4161 3326 4219; x_wconf 73' lang='lat' dir='ltr'><strong>Uxonietisi</strong></span> <span class='ocrx_word' id='word_1_768' title='bbox 3372 4165 3574 4229; x_wconf 77' lang='lat' dir='ltr'><strong>codice,</strong></span> <span class='ocrx_word' id='word_1_769' title='bbox 3608 4176 3678 4225; x_wconf 75' lang='lat' dir='ltr'><strong>Pl,</strong></span> <span class='ocrx_word' id='word_1_770' title='bbox 3707 4167 3748 4209; x_wconf 84' lang='lat' dir='ltr'><strong>ut</strong></span> 
     </span>
    </p>
   </div>
   <div class='ocr_carea' id='block_1_112' title="bbox 2217 4234 3748 4302">
    <p class='ocr_par' dir='ltr' id='par_1_112' title="bbox 2217 4234 3748 4302">
     <span class='ocr_line' id='line_1_112' title="bbox 2217 4234 3748 4302; baseline 0.001 -16"><span class='ocrx_word' id='word_1_771' title='bbox 2217 4235 2424 4300; x_wconf 54' lang='lat' dir='ltr'><strong>opinor,</strong></span> <span class='ocrx_word' id='word_1_772' title='bbox 2458 4234 2572 4301; x_wconf 81' lang='lat' dir='ltr'><strong>ejus</strong></span> <span class='ocrx_word' id='word_1_773' title='bbox 2608 4250 2798 4301; x_wconf 87' lang='lat' dir='ltr'><strong>opcta,</strong></span> <span class='ocrx_word' id='word_1_774' title='bbox 2830 4235 2915 4302; x_wconf 91' lang='lat' dir='ltr'><strong>qui</strong></span> <span class='ocrx_word' id='word_1_775' title='bbox 2949 4237 2998 4286; x_wconf 89' lang='lat' dir='ltr'><strong>iu</strong></span> <span class='ocrx_word' id='word_1_776' title='bbox 3043 4237 3309 4302; x_wconf 73' lang='lat' dir='ltr'><strong>superiori</strong></span> <span class='ocrx_word' id='word_1_777' title='bbox 3345 4239 3663 4290; x_wconf 72' lang='lat' dir='ltr'><strong>annotatimte</strong></span> <span class='ocrx_word' id='word_1_778' title='bbox 3688 4242 3748 4284; x_wconf 66' lang='grc' dir='ltr'><strong>ιε’</strong></span> 
     </span>
    </p>
   </div>
   <div class='ocr_carea' id='block_1_113' title="bbox 2220 4307 3750 4373">
    <p class='ocr_par' dir='ltr' id='par_1_113' title="bbox 2220 4307 3750 4373">
     <span class='ocr_line' id='line_1_113' title="bbox 2220 4307 3750 4373; baseline -0.003 -17"><span class='ocrx_word' id='word_1_779' title='bbox 2220 4315 2388 4356; x_wconf 58' lang='lat' dir='ltr'><strong>statur</strong></span> <span class='ocrx_word' id='word_1_780' title='bbox 2437 4309 2812 4373; x_wconf 82' lang='lat' dir='ltr'><strong>transcriptum</strong></span> <span class='ocrx_word' id='word_1_781' title='bbox 2858 4322 2885 4357; x_wconf 90' lang='lat' dir='ltr'><strong>a</strong></span> <span class='ocrx_word' id='word_1_782' title='bbox 2935 4328 2989 4357; x_wconf 69' lang='lat' dir='ltr'><strong>si;</strong></span> <span class='ocrx_word' id='word_1_783' title='bbox 3033 4310 3270 4360; x_wconf 80' lang='lat' dir='ltr'><strong>codicem</strong></span> <span class='ocrx_word' id='word_1_784' title='bbox 3326 4325 3388 4359; x_wconf 72' lang='lat' dir='ltr'><strong>cx</strong></span> <span class='ocrx_word' id='word_1_785' title='bbox 3442 4307 3750 4363; x_wconf 65' lang='lat' dir='ltr'><strong>vetustissimo</strong></span> 
     </span>
    </p>
   </div>
   <div class='ocr_carea' id='block_1_114' title="bbox 2218 4373 3746 4447">
    <p class='ocr_par' dir='ltr' id='par_1_114' title="bbox 2218 4373 3746 4447">
     <span class='ocr_line' id='line_1_114' title="bbox 2218 4373 3746 4447; baseline 0.001 -19"><span class='ocrx_word' id='word_1_786' title='bbox 2218 4374 2539 4447; x_wconf 72' lang='lat' dir='ltr'><strong>exemplari;</strong></span> <span class='ocrx_word' id='word_1_787' title='bbox 2575 4391 2687 4443; x_wconf 77' lang='lat' dir='ltr'><strong>quze</strong></span> <span class='ocrx_word' id='word_1_788' title='bbox 2719 4376 2929 4444; x_wconf 86' lang='lat' dir='ltr'><strong>quidem</strong></span> <span class='ocrx_word' id='word_1_789' title='bbox 2973 4392 3092 4431; x_wconf 88' lang='lat' dir='ltr'><strong>cum</strong></span> <span class='ocrx_word' id='word_1_790' title='bbox 3137 4392 3239 4430; x_wconf 87' lang='lat' dir='ltr'><strong>non</strong></span> <span class='ocrx_word' id='word_1_791' title='bbox 3286 4382 3395 4432; x_wconf 88' lang='lat' dir='ltr'><strong>sint</strong></span> <span class='ocrx_word' id='word_1_792' title='bbox 3423 4394 3538 4447; x_wconf 82' lang='lat' dir='ltr'><strong>pars</strong></span> <span class='ocrx_word' id='word_1_793' title='bbox 3569 4373 3746 4447; x_wconf 69' lang='lat' dir='ltr'><strong>codicis.</strong></span> 
     </span>
    </p>
   </div>
   <div class='ocr_carea' id='block_1_115' title="bbox 2220 4445 3752 4505">
    <p class='ocr_par' dir='ltr' id='par_1_115' title="bbox 2220 4445 3752 4505">
     <span class='ocr_line' id='line_1_115' title="bbox 2220 4445 3752 4505; baseline -0.001 -9"><span class='ocrx_word' id='word_1_794' title='bbox 2220 4448 2322 4499; x_wconf 76' lang='lat' dir='ltr'><strong>alio</strong></span> <span class='ocrx_word' id='word_1_795' title='bbox 2360 4445 2669 4500; x_wconf 78' lang='lat' dir='ltr'><strong>charactere</strong></span> <span class='ocrx_word' id='word_1_796' title='bbox 2712 4447 2902 4501; x_wconf 64' lang='lat' dir='ltr'><strong>excudi</strong></span> <span class='ocrx_word' id='word_1_797' title='bbox 2951 4449 3272 4502; x_wconf 66' lang='lat' dir='ltr'><strong>curavimus.</strong></span> <span class='ocrx_word' id='word_1_798' title='bbox 3315 4445 3434 4504; x_wconf 76' lang='lat' dir='ltr'><strong>Sed</strong></span> <span class='ocrx_word' id='word_1_799' title='bbox 3467 4465 3558 4505; x_wconf 86' lang='lat' dir='ltr'><strong>nec</strong></span> <span class='ocrx_word' id='word_1_800' title='bbox 3593 4445 3752 4502; x_wconf 75' lang='lat' dir='ltr'><strong>codicis</strong></span> 
     </span>
    </p>
   </div>
   <div class='ocr_carea' id='block_1_116' title="bbox 2224 4519 3750 4589">
    <p class='ocr_par' dir='ltr' id='par_1_116' title="bbox 2224 4519 3750 4589">
     <span class='ocr_line' id='line_1_116' title="bbox 2224 4519 3750 4589; baseline -0.002 -18"><span class='ocrx_word' id='word_1_801' title='bbox 2224 4526 2399 4585; x_wconf 77' lang='lat' dir='ltr'><strong>partes</strong></span> <span class='ocrx_word' id='word_1_802' title='bbox 2431 4532 2615 4572; x_wconf 64' lang='lat' dir='ltr'><strong>omnes</strong></span> <span class='ocrx_word' id='word_1_803' title='bbox 2644 4519 2713 4589; x_wconf 73' lang='grc' dir='ltr'><strong>(ο)</strong></span> <span class='ocrx_word' id='word_1_804' title='bbox 2739 4519 2975 4589; x_wconf 79' lang='lat' dir='ltr'><strong>ejusdem</strong></span> <span class='ocrx_word' id='word_1_805' title='bbox 3004 4534 3122 4574; x_wconf 82' lang='lat' dir='ltr'><strong>esse</strong></span> <span class='ocrx_word' id='word_1_806' title='bbox 3149 4523 3323 4576; x_wconf 80' lang='lat' dir='ltr'><strong>aetatis</strong></span> <span class='ocrx_word' id='word_1_807' title='bbox 3347 4519 3615 4577; x_wconf 73' lang='lat' dir='ltr'><strong>credenda:</strong></span> <span class='ocrx_word' id='word_1_808' title='bbox 3637 4525 3750 4573; x_wconf 86' lang='lat' dir='ltr'><strong>sunt.</strong></span> 
     </span>
    </p>
   </div>
   <div class='ocr_carea' id='block_1_117' title="bbox 1591 4651 2738 4712">
    <p class='ocr_par' dir='ltr' id='par_1_117' title="bbox 1591 4651 2738 4712">
     <span class='ocr_line' id='line_1_117' title="bbox 1591 4651 2738 4712; baseline 0.004 -5"><span class='ocrx_word' id='word_1_809' title='bbox 1591 4651 2154 4711; x_wconf 77' lang='lat' dir='ltr'><strong>BALLEBINIORUM</strong></span> <span class='ocrx_word' id='word_1_810' title='bbox 2191 4653 2738 4712; x_wconf 77' lang='lat' dir='ltr'><strong>ANNOTATIONES.</strong></span> 
     </span>
    </p>
   </div>
   <div class='ocr_carea' id='block_1_118' title="bbox 592 4784 3754 4868">
    <p class='ocr_par' dir='ltr' id='par_1_118' title="bbox 592 4784 3754 4868">
     <span class='ocr_line' id='line_1_118' title="bbox 592 4784 3754 4868; baseline 0.001 -23"><span class='ocrx_word' id='word_1_811' title='bbox 592 4789 706 4868; x_wconf 54' lang='lat' dir='ltr'><strong>(at</strong></span> <span class='ocrx_word' id='word_1_812' title='bbox 745 4785 1064 4868; x_wconf 77' lang='lat' dir='ltr'><strong>Quesnellus</strong></span> <span class='ocrx_word' id='word_1_813' title='bbox 1108 4787 1164 4868; x_wconf 86' lang='lat' dir='ltr'><strong>in</strong></span> <span class='ocrx_word' id='word_1_814' title='bbox 1215 4784 1529 4868; x_wconf 72' lang='lat' dir='ltr'><strong>prtefatione</strong></span> <span class='ocrx_word' id='word_1_815' title='bbox 1575 4787 1814 4868; x_wconf 75' lang='lat' dir='ltr'><strong>generali</strong></span> <span class='ocrx_word' id='word_1_816' title='bbox 1853 4786 2104 4868; x_wconf 76' lang='lat' dir='ltr'><strong>Eduardo</strong></span> <span class='ocrx_word' id='word_1_817' title='bbox 2132 4804 2186 4866; x_wconf 82' lang='grc' dir='ltr'>υ</span> <span class='ocrx_word' id='word_1_818' title='bbox 2211 4808 2431 4868; x_wconf 78' lang='lat' dir='ltr'><strong>canones</strong></span> <span class='ocrx_word' id='word_1_819' title='bbox 2455 4792 2560 4868; x_wconf 84' lang='lat' dir='ltr'><strong>alio</strong></span> <span class='ocrx_word' id='word_1_820' title='bbox 2587 4793 2925 4868; x_wconf 69' lang='lat' dir='ltr'><strong>referendam</strong></span> <span class='ocrx_word' id='word_1_821' title='bbox 2959 4795 3302 4866; x_wconf 83' lang='lat' dir='ltr'><strong>probavimus</strong></span> <span class='ocrx_word' id='word_1_822' title='bbox 3337 4806 3455 4855; x_wconf 91' lang='lat' dir='ltr'><strong>not.</strong></span> <span class='ocrx_word' id='word_1_823' title='bbox 3486 4798 3518 4854; x_wconf 90' lang='lat'>8</span> <span class='ocrx_word' id='word_1_824' title='bbox 3547 4797 3594 4854; x_wconf 89' lang='lat' dir='ltr'><strong>in</strong></span> <span class='ocrx_word' id='word_1_825' title='bbox 3623 4795 3754 4868; x_wconf 82' lang='lat' dir='ltr'><strong>ipsius</strong></span> 
     </span>
    </p>
   </div>
   <div class='ocr_carea' id='block_1_119' title="bbox 521 4857 2104 4932">
    <p class='ocr_par' dir='ltr' id='par_1_119' title="bbox 521 4857 2104 4932">
     <span class='ocr_line' id='line_1_119' title="bbox 521 4857 2104 4932; baseline -0.002 -13"><span class='ocrx_word' id='word_1_826' title='bbox 521 4857 736 4932; x_wconf 69' lang='lat' dir='ltr'><strong>scripSit</strong></span> <span class='ocrx_word' id='word_1_827' title='bbox 764 4878 777 4915; x_wconf 92' lang='lat'>:</span> <span class='ocrx_word' id='word_1_828' title='bbox 807 4875 876 4915; x_wconf 84' lang='lat' dir='ltr'><strong>ex</strong></span> <span class='ocrx_word' id='word_1_829' title='bbox 906 4859 1009 4932; x_wconf 85' lang='lat' dir='ltr'><strong>hoc</strong></span> <span class='ocrx_word' id='word_1_830' title='bbox 1028 4867 1206 4932; x_wconf 57' lang='lat' dir='ltr'><strong>angam</strong></span> <span class='ocrx_word' id='word_1_831' title='bbox 1232 4859 1352 4932; x_wconf 81' lang='lat' dir='ltr'><strong>loco</strong></span> <span class='ocrx_word' id='word_1_832' title='bbox 1371 4857 1566 4913; x_wconf 89' lang='lat' dir='ltr'><strong>ibidem</strong></span> <span class='ocrx_word' id='word_1_833' title='bbox 1593 4859 2104 4932; x_wconf 64' lang='lat' dir='ltr'><strong>notavimusjcgen-</strong></span> 
     </span>
    </p>
   </div>
   <div class='ocr_carea' id='block_1_120' title="bbox 522 4928 2101 4989">
    <p class='ocr_par' dir='ltr' id='par_1_120' title="bbox 522 4928 2101 4989">
     <span class='ocr_line' id='line_1_120' title="bbox 522 4928 2101 4989; baseline 0 -2"><span class='ocrx_word' id='word_1_834' title='bbox 522 4928 648 4989; x_wconf 86' lang='lat' dir='ltr'><strong>dum</strong></span> <span class='ocrx_word' id='word_1_835' title='bbox 680 4930 977 4985; x_wconf 79' lang='lat' dir='ltr'><strong>Edmunda.</strong></span> <span class='ocrx_word' id='word_1_836' title='bbox 1003 4933 1071 4985; x_wconf 85' lang='lat' dir='ltr'><strong>At</strong></span> <span class='ocrx_word' id='word_1_837' title='bbox 1100 4928 1347 4985; x_wconf 87' lang='lat' dir='ltr'><strong>Fabricio</strong></span> <span class='ocrx_word' id='word_1_838' title='bbox 1373 4937 1624 4985; x_wconf 86' lang='lat' dir='ltr'><strong>monente</strong></span> <span class='ocrx_word' id='word_1_839' title='bbox 1657 4940 1786 4985; x_wconf 93' lang='lat' dir='ltr'><strong>tom.</strong></span> <span class='ocrx_word' id='word_1_840' title='bbox 1823 4931 1868 4986; x_wconf 90' lang='lat' dir='ltr'><strong>ll</strong></span> <span class='ocrx_word' id='word_1_841' title='bbox 1903 4928 2101 4987; x_wconf 77' lang='lat' dir='ltr'><strong>Bibtio-</strong></span> 
     </span>
    </p>
   </div>
   <div class='ocr_carea' id='block_1_121' title="bbox 523 5000 2105 5069">
    <p class='ocr_par' dir='ltr' id='par_1_121' title="bbox 523 5000 2105 5069">
     <span class='ocr_line' id='line_1_121' title="bbox 523 5000 2105 5069; baseline 0.001 -12"><span class='ocrx_word' id='word_1_842' title='bbox 523 5010 694 5061; x_wconf 78' lang='lat' dir='ltr'><strong>theca:</strong></span> <span class='ocrx_word' id='word_1_843' title='bbox 720 5005 943 5069; x_wconf 65' lang='lat' dir='ltr'><strong>Graecze,</strong></span> <span class='ocrx_word' id='word_1_844' title='bbox 966 5017 1016 5056; x_wconf 92' lang='lat' dir='ltr'><strong>c.</strong></span> <span class='ocrx_word' id='word_1_845' title='bbox 1047 5003 1098 5069; x_wconf 87' lang='grc'><strong>1,</strong></span> <span class='ocrx_word' id='word_1_846' title='bbox 1129 5017 1184 5055; x_wconf 92' lang='lat' dir='ltr'><strong>n.</strong></span> <span class='ocrx_word' id='word_1_847' title='bbox 1207 5000 1300 5068; x_wconf 67' lang='lat'><strong>‘20,</strong></span> <span class='ocrx_word' id='word_1_848' title='bbox 1325 5015 1508 5055; x_wconf 82' lang='lat' dir='ltr'><strong>verum</strong></span> <span class='ocrx_word' id='word_1_849' title='bbox 1537 5015 1730 5055; x_wconf 91' lang='lat' dir='ltr'><strong>nomen</strong></span> <span class='ocrx_word' id='word_1_850' title='bbox 1753 5017 1874 5058; x_wconf 91' lang='lat' dir='ltr'><strong>esse</strong></span> <span class='ocrx_word' id='word_1_851' title='bbox 1894 5001 2105 5058; x_wconf 84' lang='lat' dir='ltr'><strong>Eduar-</strong></span> 
     </span>
    </p>
   </div>
   <div class='ocr_carea' id='block_1_122' title="bbox 523 5071 2105 5141">
    <p class='ocr_par' dir='ltr' id='par_1_122' title="bbox 523 5071 2105 5141">
     <span class='ocr_line' id='line_1_122' title="bbox 523 5071 2105 5141; baseline 0.001 -13"><span class='ocrx_word' id='word_1_852' title='bbox 523 5082 647 5129; x_wconf 85' lang='lat' dir='ltr'><strong>ttum</strong></span> <span class='ocrx_word' id='word_1_853' title='bbox 691 5074 1072 5140; x_wconf 83' lang='lat' dir='ltr'><strong>intelleximus,</strong></span> <span class='ocrx_word' id='word_1_854' title='bbox 1111 5071 1356 5141; x_wconf 90' lang='lat' dir='ltr'><strong>maleque</strong></span> <span class='ocrx_word' id='word_1_855' title='bbox 1399 5073 1499 5126; x_wconf 88' lang='lat' dir='ltr'><strong>hoc</strong></span> <span class='ocrx_word' id='word_1_856' title='bbox 1543 5074 1661 5126; x_wconf 93' lang='lat' dir='ltr'><strong>loco</strong></span> <span class='ocrx_word' id='word_1_857' title='bbox 1697 5071 2032 5128; x_wconf 87' lang='lat' dir='ltr'><strong>Edmundum</strong></span> <span class='ocrx_word' id='word_1_858' title='bbox 2074 5090 2105 5129; x_wconf 91' lang='lat' dir='ltr'><strong>a</strong></span> 
     </span>
    </p>
   </div>
   <div class='ocr_carea' id='block_1_123' title="bbox 522 5144 2104 5216">
    <p class='ocr_par' dir='ltr' id='par_1_123' title="bbox 522 5144 2104 5216">
     <span class='ocr_line' id='line_1_123' title="bbox 522 5144 2104 5216; baseline 0.001 -16"><span class='ocrx_word' id='word_1_859' title='bbox 522 5147 812 5215; x_wconf 77' lang='lat' dir='ltr'><strong>Quesuello</strong></span> <span class='ocrx_word' id='word_1_860' title='bbox 832 5144 1120 5216; x_wconf 87' lang='lat' dir='ltr'><strong>appellari;</strong></span> <span class='ocrx_word' id='word_1_861' title='bbox 1145 5157 1208 5198; x_wconf 92' lang='lat' dir='ltr'><strong>ac</strong></span> <span class='ocrx_word' id='word_1_862' title='bbox 1233 5150 1516 5216; x_wconf 76' lang='lat' dir='ltr'><strong>propterea</strong></span> <span class='ocrx_word' id='word_1_863' title='bbox 1540 5153 1670 5216; x_wconf 68' lang='lat' dir='ltr'><strong>tom,</strong></span> <span class='ocrx_word' id='word_1_864' title='bbox 1696 5144 1714 5197; x_wconf 95' lang='lat' dir='ltr'><strong>I</strong></span> <span class='ocrx_word' id='word_1_865' title='bbox 1743 5144 1897 5213; x_wconf 91' lang='lat' dir='ltr'><strong>hujus</strong></span> <span class='ocrx_word' id='word_1_866' title='bbox 1919 5146 2104 5202; x_wconf 78' lang='lat' dir='ltr'><strong>editio—</strong></span> 
     </span>
    </p>
   </div>
   <div class='ocr_carea' id='block_1_124' title="bbox 522 5213 2099 5289">
    <p class='ocr_par' dir='ltr' id='par_1_124' title="bbox 522 5213 2099 5289">
     <span class='ocr_line' id='line_1_124' title="bbox 522 5213 2099 5289; baseline 0 -16"><span class='ocrx_word' id='word_1_867' title='bbox 522 5213 608 5274; x_wconf 79' lang='lat' dir='ltr'><strong>nis</strong></span> <span class='ocrx_word' id='word_1_868' title='bbox 637 5213 989 5289; x_wconf 68' lang='lat' dir='ltr'><strong>delendaerit</strong></span> <span class='ocrx_word' id='word_1_869' title='bbox 1014 5225 1194 5289; x_wconf 72' lang='lat' dir='ltr'><strong>nostra</strong></span> <span class='ocrx_word' id='word_1_870' title='bbox 1224 5213 1498 5268; x_wconf 83' lang='lat' dir='ltr'><strong>annotatio</strong></span> <span class='ocrx_word' id='word_1_871' title='bbox 1526 5213 1843 5271; x_wconf 86' lang='lat' dir='ltr'><strong>duodecima</strong></span> <span class='ocrx_word' id='word_1_872' title='bbox 1873 5217 1925 5272; x_wconf 92' lang='lat' dir='ltr'><strong>in</strong></span> <span class='ocrx_word' id='word_1_873' title='bbox 1953 5217 2099 5288; x_wconf 85' lang='lat' dir='ltr'><strong>ejus-</strong></span> 
     </span>
    </p>
   </div>
   <div class='ocr_carea' id='block_1_125' title="bbox 522 5285 1710 5356">
    <p class='ocr_par' dir='ltr' id='par_1_125' title="bbox 522 5285 1710 5356">
     <span class='ocr_line' id='line_1_125' title="bbox 522 5285 1710 5356; baseline -0.004 -10"><span class='ocrx_word' id='word_1_874' title='bbox 522 5291 644 5346; x_wconf 90' lang='lat' dir='ltr'><strong>dem</strong></span> <span class='ocrx_word' id='word_1_875' title='bbox 672 5287 942 5356; x_wconf 80' lang='lat' dir='ltr'><strong>Quesnelli</strong></span> <span class='ocrx_word' id='word_1_876' title='bbox 971 5285 1337 5356; x_wconf 60' lang='lat' dir='ltr'><strong>praefationem</strong></span> <span class='ocrx_word' id='word_1_877' title='bbox 1363 5299 1484 5356; x_wconf 80' lang='lat' dir='ltr'><strong>pag.</strong></span> <span class='ocrx_word' id='word_1_878' title='bbox 1508 5300 1710 5341; x_wconf 79' lang='lat' dir='ltr'><strong>xxxvn.</strong></span> 
     </span>
    </p>
   </div>
   <div class='ocr_carea' id='block_1_126' title="bbox 594 5355 2102 5432">
    <p class='ocr_par' dir='ltr' id='par_1_126' title="bbox 594 5355 2102 5432">
     <span class='ocr_line' id='line_1_126' title="bbox 594 5355 2102 5432; baseline 0.001 -17"><span class='ocrx_word' id='word_1_879' title='bbox 594 5361 668 5432; x_wconf 76' lang='grc' dir='ltr'><strong>(ὁ)</strong></span> <span class='ocrx_word' id='word_1_880' title='bbox 700 5355 1196 5432; x_wconf 75' lang='lat' dir='ltr'><strong>Leonis’epistolas,</strong></span> <span class='ocrx_word' id='word_1_881' title='bbox 1229 5372 1348 5432; x_wconf 63' lang='lat' dir='ltr'><strong>quae</strong></span> <span class='ocrx_word' id='word_1_882' title='bbox 1366 5355 1712 5432; x_wconf 39' lang='lat' dir='ltr'><strong>’in’Tliuaneo</strong></span> <span class='ocrx_word' id='word_1_883' title='bbox 1740 5360 1927 5417; x_wconf 88' lang='lat' dir='ltr'><strong>codice</strong></span> <span class='ocrx_word' id='word_1_884' title='bbox 1950 5361 2102 5417; x_wconf 89' lang='lat' dir='ltr'><strong>aliis-</strong></span> 
     </span>
    </p>
   </div>
   <div class='ocr_carea' id='block_1_127' title="bbox 522 5429 2103 5504">
    <p class='ocr_par' dir='ltr' id='par_1_127' title="bbox 522 5429 2103 5504">
     <span class='ocr_line' id='line_1_127' title="bbox 522 5429 2103 5504; baseline 0 -16"><span class='ocrx_word' id='word_1_885' title='bbox 522 5429 905 5504; x_wconf 10' lang='lat' dir='ltr'><strong>quei&#39;pluribus</strong></span> <span class='ocrx_word' id='word_1_886' title='bbox 944 5439 998 5484; x_wconf 90' lang='lat' dir='ltr'><strong>et</strong></span> <span class='ocrx_word' id='word_1_887' title='bbox 1035 5429 1526 5504; x_wconf 73' lang='lat' dir='ltr'><strong>praestantioribus,</strong></span> <span class='ocrx_word' id='word_1_888' title='bbox 1559 5431 1697 5504; x_wconf 80' lang='lat' dir='ltr'><strong>sicut</strong></span> <span class='ocrx_word' id='word_1_889' title='bbox 1735 5442 1789 5485; x_wconf 91' lang='lat' dir='ltr'><strong>et</strong></span> <span class='ocrx_word' id='word_1_890' title='bbox 1824 5433 1878 5486; x_wconf 91' lang='lat' dir='ltr'><strong>in</strong></span> <span class='ocrx_word' id='word_1_891' title='bbox 1921 5442 2103 5489; x_wconf 86' lang='lat' dir='ltr'><strong>nostra</strong></span> 
     </span>
    </p>
   </div>
   <div class='ocr_carea' id='block_1_128' title="bbox 524 5500 2102 5572">
    <p class='ocr_par' dir='ltr' id='par_1_128' title="bbox 524 5500 2102 5572">
     <span class='ocr_line' id='line_1_128' title="bbox 524 5500 2102 5572; baseline 0 -12"><span class='ocrx_word' id='word_1_892' title='bbox 524 5500 787 5571; x_wconf 79' lang='lat' dir='ltr'><strong>editione,</strong></span> <span class='ocrx_word' id='word_1_893' title='bbox 817 5501 987 5572; x_wconf 87' lang='lat' dir='ltr'><strong>ipsam</strong></span> <span class='ocrx_word' id='word_1_894' title='bbox 1027 5500 1397 5556; x_wconf 90' lang='lat' dir='ltr'><strong>collectionem</strong></span> <span class='ocrx_word' id='word_1_895' title='bbox 1431 5501 1689 5556; x_wconf 87' lang='lat' dir='ltr'><strong>claudttnt</strong></span> <span class='ocrx_word' id='word_1_896' title='bbox 1727 5517 1757 5555; x_wconf 90' lang='lat' dir='ltr'><strong>a</strong></span> <span class='ocrx_word' id='word_1_897' title='bbox 1785 5516 1903 5572; x_wconf 88' lang='lat' dir='ltr'><strong>cap.</strong></span> <span class='ocrx_word' id='word_1_898' title='bbox 1931 5504 1998 5558; x_wconf 87' lang='grc'><strong>67</strong></span> <span class='ocrx_word' id='word_1_899' title='bbox 2033 5504 2102 5560; x_wconf 90' lang='lat' dir='ltr'><strong>ad</strong></span> 
     </span>
    </p>
   </div>
   <div class='ocr_carea' id='block_1_129' title="bbox 521 5571 2102 5644">
    <p class='ocr_par' dir='ltr' id='par_1_129' title="bbox 521 5571 2102 5644">
     <span class='ocr_line' id='line_1_129' title="bbox 521 5571 2102 5644; baseline -0.001 -13"><span class='ocrx_word' id='word_1_900' title='bbox 521 5588 642 5644; x_wconf 86' lang='lat' dir='ltr'><strong>cap.</strong></span> <span class='ocrx_word' id='word_1_901' title='bbox 666 5575 757 5642; x_wconf 82' lang='lat'><strong>98,</strong></span> <span class='ocrx_word' id='word_1_902' title='bbox 779 5571 1016 5644; x_wconf 86' lang='lat' dir='ltr'><strong>ejusdem</strong></span> <span class='ocrx_word' id='word_1_903' title='bbox 1040 5573 1371 5627; x_wconf 87' lang='lat' dir='ltr'><strong>collectionis</strong></span> <span class='ocrx_word' id='word_1_904' title='bbox 1395 5587 1517 5628; x_wconf 89' lang='lat' dir='ltr'><strong>esse</strong></span> <span class='ocrx_word' id='word_1_905' title='bbox 1550 5571 1874 5644; x_wconf 83' lang='lat' dir='ltr'><strong>portionem,</strong></span> <span class='ocrx_word' id='word_1_906' title='bbox 1903 5589 2021 5644; x_wconf 73' lang='lat' dir='ltr'><strong>qua:</strong></span> <span class='ocrx_word' id='word_1_907' title='bbox 2048 5577 2102 5630; x_wconf 92' lang='lat' dir='ltr'><strong>iu</strong></span> 
     </span>
    </p>
   </div>
   <div class='ocr_carea' id='block_1_130' title="bbox 440 5643 2100 5711">
    <p class='ocr_par' dir='ltr' id='par_1_130' title="bbox 440 5643 2100 5711">
     <span class='ocr_line' id='line_1_130' title="bbox 440 5643 2100 5711; baseline 0 -10"><span class='ocrx_word' id='word_1_908' title='bbox 440 5677 452 5686; x_wconf 87' lang='lat'><strong><em>-</em></strong></span> <span class='ocrx_word' id='word_1_909' title='bbox 522 5643 643 5701; x_wconf 86' lang='lat' dir='ltr'><strong>solo</strong></span> <span class='ocrx_word' id='word_1_910' title='bbox 669 5661 770 5701; x_wconf 90' lang='lat' dir='ltr'><strong>ms.</strong></span> <span class='ocrx_word' id='word_1_911' title='bbox 798 5645 1088 5700; x_wconf 76' lang='lat' dir='ltr'><strong>Oxoniensi</strong></span> <span class='ocrx_word' id='word_1_912' title='bbox 1119 5643 1224 5699; x_wconf 89' lang='lat' dir='ltr'><strong>alio</strong></span> <span class='ocrx_word' id='word_1_913' title='bbox 1253 5644 1475 5698; x_wconf 90' lang='lat' dir='ltr'><strong>consilio</strong></span> <span class='ocrx_word' id='word_1_914' title='bbox 1504 5650 1701 5698; x_wconf 87' lang='lat' dir='ltr'><strong>omissa</strong></span> <span class='ocrx_word' id='word_1_915' title='bbox 1745 5643 1872 5711; x_wconf 80' lang='lat' dir='ltr'><strong>fuit,</strong></span> <span class='ocrx_word' id='word_1_916' title='bbox 1915 5643 2100 5701; x_wconf 73' lang='lat' dir='ltr'><strong>Osten-</strong></span> 
     </span>
    </p>
   </div>
   <div class='ocr_carea' id='block_1_131' title="bbox 518 5713 2103 5784">
    <p class='ocr_par' dir='ltr' id='par_1_131' title="bbox 518 5713 2103 5784">
     <span class='ocr_line' id='line_1_131' title="bbox 518 5713 2103 5784; baseline -0.001 -10"><span class='ocrx_word' id='word_1_917' title='bbox 518 5715 698 5774; x_wconf 87' lang='lat' dir='ltr'><strong>dimus</strong></span> <span class='ocrx_word' id='word_1_918' title='bbox 719 5725 828 5772; x_wconf 88' lang='lat' dir='ltr'><strong>not.</strong></span> <span class='ocrx_word' id='word_1_919' title='bbox 858 5715 956 5771; x_wconf 79' lang='lat' dir='ltr'><strong>lin</strong></span> <span class='ocrx_word' id='word_1_920' title='bbox 982 5731 1100 5784; x_wconf 89' lang='lat' dir='ltr'><strong>cap.</strong></span> <span class='ocrx_word' id='word_1_921' title='bbox 1127 5715 1218 5783; x_wconf 84' lang='lat'><strong>67,</strong></span> <span class='ocrx_word' id='word_1_922' title='bbox 1242 5713 1332 5770; x_wconf 90' lang='lat' dir='ltr'><strong>ubi</strong></span> <span class='ocrx_word' id='word_1_923' title='bbox 1352 5715 1510 5770; x_wconf 89' lang='lat' dir='ltr'><strong>etiam</strong></span> <span class='ocrx_word' id='word_1_924' title='bbox 1534 5715 1918 5784; x_wconf 82' lang='lat' dir='ltr'><strong>explicavimus</strong></span> <span class='ocrx_word' id='word_1_925' title='bbox 1933 5731 2103 5772; x_wconf 86' lang='lat' dir='ltr'><strong>anno-</strong></span> 
     </span>
    </p>
   </div>
   <div class='ocr_carea' id='block_1_132' title="bbox 520 5785 2103 5854">
    <p class='ocr_par' dir='ltr' id='par_1_132' title="bbox 520 5785 2103 5854">
     <span class='ocr_line' id='line_1_132' title="bbox 520 5785 2103 5854; baseline -0.001 -10"><span class='ocrx_word' id='word_1_926' title='bbox 520 5790 802 5854; x_wconf 73' lang='lat' dir='ltr'><strong>ntionem,</strong></span> <span class='ocrx_word' id='word_1_927' title='bbox 825 5801 941 5854; x_wconf 79' lang='lat' dir='ltr'><strong>quae</strong></span> <span class='ocrx_word' id='word_1_928' title='bbox 972 5787 1178 5842; x_wconf 67' lang='lat' dir='ltr'><strong>videtur</strong></span> <span class='ocrx_word' id='word_1_929' title='bbox 1198 5786 1486 5854; x_wconf 70' lang='lat' dir='ltr'><strong>contraria,</strong></span> <span class='ocrx_word' id='word_1_930' title='bbox 1516 5785 1712 5854; x_wconf 86' lang='lat' dir='ltr'><strong>laudati</strong></span> <span class='ocrx_word' id='word_1_931' title='bbox 1735 5785 1936 5842; x_wconf 84' lang='lat' dir='ltr'><strong>codicis</strong></span> <span class='ocrx_word' id='word_1_932' title='bbox 1962 5790 2103 5843; x_wconf 49' lang='lat' dir='ltr'><strong>Oxo.</strong></span> 
     </span>
    </p>
   </div>
   <div class='ocr_carea' id='block_1_133' title="bbox 522 5850 2105 5930">
    <p class='ocr_par' dir='ltr' id='par_1_133' title="bbox 522 5850 2105 5930">
     <span class='ocr_line' id='line_1_133' title="bbox 522 5850 2105 5930; baseline -0.001 -12"><span class='ocrx_word' id='word_1_933' title='bbox 522 5855 745 5930; x_wconf 67' lang='lat' dir='ltr'><strong>niuosis.</strong></span> <span class='ocrx_word' id='word_1_934' title='bbox 769 5850 1070 5914; x_wconf 75' lang='lat' dir='ltr'><strong>Clausulam</strong></span> <span class='ocrx_word' id='word_1_935' title='bbox 1096 5868 1227 5914; x_wconf 81' lang='lat' dir='ltr'><strong>vero</strong></span> <span class='ocrx_word' id='word_1_936' title='bbox 1255 5850 1321 5912; x_wconf 82' lang='lat' dir='ltr'><strong>In</strong></span> <span class='ocrx_word' id='word_1_937' title='bbox 1348 5854 1549 5911; x_wconf 76' lang='lat' dir='ltr'><strong>nomine</strong></span> <span class='ocrx_word' id='word_1_938' title='bbox 1579 5853 1791 5912; x_wconf 82' lang='lat' dir='ltr'><strong>Domini</strong></span> <span class='ocrx_word' id='word_1_939' title='bbox 1818 5853 2105 5930; x_wconf 71' lang='lat' dir='ltr'><strong>sapllcitmt</strong></span> 
     </span>
    </p>
   </div>
   <div class='ocr_carea' id='block_1_134' title="bbox 2211 4865 2802 4934">
    <p class='ocr_par' dir='ltr' id='par_1_134' title="bbox 2211 4865 2802 4934">
     <span class='ocr_line' id='line_1_134' title="bbox 2211 4865 2802 4934; baseline -0.003 -14"><span class='ocrx_word' id='word_1_940' title='bbox 2211 4865 2544 4920; x_wconf 86' lang='lat' dir='ltr'><strong>collectionis</strong></span> <span class='ocrx_word' id='word_1_941' title='bbox 2569 4880 2688 4934; x_wconf 87' lang='lat' dir='ltr'><strong>cap.</strong></span> <span class='ocrx_word' id='word_1_942' title='bbox 2713 4865 2802 4921; x_wconf 80' lang='lat'><strong>65.</strong></span> 
     </span>
    </p>
   </div>
   <div class='ocr_carea' id='block_1_135' title="bbox 2289 4933 3754 5010">
    <p class='ocr_par' dir='ltr' id='par_1_135' title="bbox 2289 4933 3754 5010">
     <span class='ocr_line' id='line_1_135' title="bbox 2289 4933 3754 5010; baseline 0.001 -21"><span class='ocrx_word' id='word_1_943' title='bbox 2289 4933 2360 5007; x_wconf 81' lang='grc' dir='ltr'><strong>(ο)</strong></span> <span class='ocrx_word' id='word_1_944' title='bbox 2391 4936 2520 4992; x_wconf 87' lang='lat' dir='ltr'><strong>Cum</strong></span> <span class='ocrx_word' id='word_1_945' title='bbox 2567 4933 2885 5010; x_wconf 74' lang='lat' dir='ltr'><strong>Quesnellus</strong></span> <span class='ocrx_word' id='word_1_946' title='bbox 2929 4951 2995 4994; x_wconf 83' lang='lat' dir='ltr'><strong>ex</strong></span> <span class='ocrx_word' id='word_1_947' title='bbox 3036 4953 3138 4994; x_wconf 88' lang='lat' dir='ltr'><strong>una</strong></span> <span class='ocrx_word' id='word_1_948' title='bbox 3179 4948 3333 5010; x_wconf 91' lang='lat' dir='ltr'><strong>parte</strong></span> <span class='ocrx_word' id='word_1_949' title='bbox 3375 4941 3612 4998; x_wconf 89' lang='lat' dir='ltr'><strong>crederet</strong></span> <span class='ocrx_word' id='word_1_950' title='bbox 3644 4939 3754 4993; x_wconf 86' lang='lat' dir='ltr'><strong>hunc</strong></span> 
     </span>
    </p>
   </div>
   <div class='ocr_carea' id='block_1_136' title="bbox 2213 5007 3752 5080">
    <p class='ocr_par' dir='ltr' id='par_1_136' title="bbox 2213 5007 3752 5080">
     <span class='ocr_line' id='line_1_136' title="bbox 2213 5007 3752 5080; baseline 0.001 -19"><span class='ocrx_word' id='word_1_951' title='bbox 2213 5007 2377 5063; x_wconf 89' lang='lat' dir='ltr'><strong>fuisse</strong></span> <span class='ocrx_word' id='word_1_952' title='bbox 2408 5018 2658 5080; x_wconf 83' lang='lat' dir='ltr'><strong>veterem</strong></span> <span class='ocrx_word' id='word_1_953' title='bbox 2706 5008 2961 5063; x_wconf 81' lang='lat' dir='ltr'><strong>Romamn</strong></span> <span class='ocrx_word' id='word_1_954' title='bbox 3013 5007 3265 5066; x_wconf 79' lang='lat' dir='ltr'><strong>Ecclesia:</strong></span> <span class='ocrx_word' id='word_1_955' title='bbox 3313 5015 3551 5068; x_wconf 89' lang='lat' dir='ltr'><strong>codicem</strong></span> <span class='ocrx_word' id='word_1_956' title='bbox 3584 5010 3752 5080; x_wconf 74' lang='lat' dir='ltr'><strong>publica</strong></span> 
     </span>
    </p>
   </div>
   <div class='ocr_carea' id='block_1_137' title="bbox 2212 5075 3752 5152">
    <p class='ocr_par' dir='ltr' id='par_1_137' title="bbox 2212 5075 3752 5152">
     <span class='ocr_line' id='line_1_137' title="bbox 2212 5075 3752 5152; baseline -0.001 -19"><span class='ocrx_word' id='word_1_957' title='bbox 2212 5079 2532 5152; x_wconf 81' lang='lat' dir='ltr'><strong>auctoritate</strong></span> <span class='ocrx_word' id='word_1_958' title='bbox 2561 5080 2798 5152; x_wconf 91' lang='lat' dir='ltr'><strong>editum,</strong></span> <span class='ocrx_word' id='word_1_959' title='bbox 2847 5082 2933 5151; x_wconf 87' lang='lat' dir='ltr'><strong>qui</strong></span> <span class='ocrx_word' id='word_1_960' title='bbox 2969 5082 3234 5152; x_wconf 84' lang='lat' dir='ltr'><strong>vigueriut</strong></span> <span class='ocrx_word' id='word_1_961' title='bbox 3277 5085 3380 5138; x_wconf 83' lang='lat' dir='ltr'><strong>sub</strong></span> <span class='ocrx_word' id='word_1_962' title='bbox 3424 5075 3704 5139; x_wconf 79' lang='lat' dir='ltr'><strong>Innocentio</strong></span> <span class='ocrx_word' id='word_1_963' title='bbox 3737 5075 3752 5130; x_wconf 92' lang='lat' dir='ltr'><strong>l</strong></span> 
     </span>
    </p>
   </div>
   <div class='ocr_carea' id='block_1_138' title="bbox 2211 5150 3751 5222">
    <p class='ocr_par' dir='ltr' id='par_1_138' title="bbox 2211 5150 3751 5222">
     <span class='ocr_line' id='line_1_138' title="bbox 2211 5150 3751 5222; baseline 0.001 -19"><span class='ocrx_word' id='word_1_964' title='bbox 2211 5150 2438 5222; x_wconf 87' lang='lat' dir='ltr'><strong>aliisque</strong></span> <span class='ocrx_word' id='word_1_965' title='bbox 2477 5151 2646 5220; x_wconf 91' lang='lat' dir='ltr'><strong>ipsius</strong></span> <span class='ocrx_word' id='word_1_966' title='bbox 2694 5150 3096 5207; x_wconf 80' lang='lat' dir='ltr'><strong>succeSsoribus</strong></span> <span class='ocrx_word' id='word_1_967' title='bbox 3141 5153 3206 5207; x_wconf 91' lang='lat' dir='ltr'><strong>ad</strong></span> <span class='ocrx_word' id='word_1_968' title='bbox 3263 5153 3538 5211; x_wconf 88' lang='lat' dir='ltr'><strong>Gelasium</strong></span> <span class='ocrx_word' id='word_1_969' title='bbox 3586 5165 3751 5220; x_wconf 84' lang='lat' dir='ltr'><strong>usque.</strong></span> 
     </span>
    </p>
   </div>
   <div class='ocr_carea' id='block_1_139' title="bbox 2215 5222 3752 5297">
    <p class='ocr_par' dir='ltr' id='par_1_139' title="bbox 2215 5222 3752 5297">
     <span class='ocr_line' id='line_1_139' title="bbox 2215 5222 3752 5297; baseline 0.003 -23"><span class='ocrx_word' id='word_1_970' title='bbox 2215 5231 2335 5297; x_wconf 80' lang='lat' dir='ltr'><strong>post</strong></span> <span class='ocrx_word' id='word_1_971' title='bbox 2374 5222 2535 5297; x_wconf 67' lang='lat' dir='ltr'><strong>cujus</strong></span> <span class='ocrx_word' id='word_1_972' title='bbox 2569 5223 2941 5297; x_wconf 82' lang='lat' dir='ltr'><strong>pontiﬁcatum</strong></span> <span class='ocrx_word' id='word_1_973' title='bbox 2980 5224 3264 5296; x_wconf 70' lang='lat' dir='ltr'><strong>Dionysius</strong></span> <span class='ocrx_word' id='word_1_974' title='bbox 3321 5229 3559 5297; x_wconf 76' lang='lat' dir='ltr'><strong>Exiguus</strong></span> <span class='ocrx_word' id='word_1_975' title='bbox 3594 5234 3752 5279; x_wconf 79' lang='lat' dir='ltr'><strong>novum</strong></span> 
     </span>
    </p>
   </div>
   <div class='ocr_carea' id='block_1_140' title="bbox 2213 5292 3754 5368">
    <p class='ocr_par' dir='ltr' id='par_1_140' title="bbox 2213 5292 3754 5368">
     <span class='ocr_line' id='line_1_140' title="bbox 2213 5292 3754 5368; baseline -0.002 -21"><span class='ocrx_word' id='word_1_976' title='bbox 2213 5293 2454 5368; x_wconf 83' lang='lat' dir='ltr'><strong>codicem</strong></span> <span class='ocrx_word' id='word_1_977' title='bbox 2485 5292 2739 5368; x_wconf 73' lang='lat' dir='ltr'><strong>digessit;</strong></span> <span class='ocrx_word' id='word_1_978' title='bbox 2770 5309 2834 5349; x_wconf 82' lang='lat' dir='ltr'><strong>ex</strong></span> <span class='ocrx_word' id='word_1_979' title='bbox 2875 5294 2979 5368; x_wconf 82' lang='lat' dir='ltr'><strong>alia</strong></span> <span class='ocrx_word' id='word_1_980' title='bbox 3004 5292 3135 5350; x_wconf 77' lang='lat' dir='ltr'><strong>vero</strong></span> <span class='ocrx_word' id='word_1_981' title='bbox 3160 5303 3314 5364; x_wconf 88' lang='lat' dir='ltr'><strong>parte</strong></span> <span class='ocrx_word' id='word_1_982' title='bbox 3344 5292 3653 5368; x_wconf 67' lang='lat' dir='ltr'><strong>perspiceret</strong></span> <span class='ocrx_word' id='word_1_983' title='bbox 3671 5305 3754 5348; x_wconf 87' lang='lat' dir='ltr'><strong>non</strong></span> 
     </span>
    </p>
   </div>
   <div class='ocr_carea' id='block_1_141' title="bbox 2212 5365 3755 5438">
    <p class='ocr_par' dir='ltr' id='par_1_141' title="bbox 2212 5365 3755 5438">
     <span class='ocr_line' id='line_1_141' title="bbox 2212 5365 3755 5438; baseline -0.001 -19"><span class='ocrx_word' id='word_1_984' title='bbox 2212 5365 2393 5420; x_wconf 89' lang='lat' dir='ltr'><strong>omnia</strong></span> <span class='ocrx_word' id='word_1_985' title='bbox 2418 5367 2616 5438; x_wconf 59' lang='lat' dir='ltr'><strong>quaein</strong></span> <span class='ocrx_word' id='word_1_986' title='bbox 2645 5367 2833 5438; x_wconf 78' lang='lat' dir='ltr'><strong>eodem</strong></span> <span class='ocrx_word' id='word_1_987' title='bbox 2859 5366 3044 5421; x_wconf 91' lang='lat' dir='ltr'><strong>codice</strong></span> <span class='ocrx_word' id='word_1_988' title='bbox 3069 5365 3436 5436; x_wconf 74' lang='lat' dir='ltr'><strong>continentur,</strong></span> <span class='ocrx_word' id='word_1_989' title='bbox 3471 5365 3615 5438; x_wconf 82' lang='lat' dir='ltr'><strong>posse</strong></span> <span class='ocrx_word' id='word_1_990' title='bbox 3642 5379 3755 5438; x_wconf 62' lang='lat' dir='ltr'><strong>cutu-</strong></span> 
     </span>
    </p>
   </div>
   <div class='ocr_carea' id='block_1_142' title="bbox 2213 5434 3755 5506">
    <p class='ocr_par' dir='ltr' id='par_1_142' title="bbox 2213 5434 3755 5506">
     <span class='ocr_line' id='line_1_142' title="bbox 2213 5434 3755 5506; baseline -0.003 -15"><span class='ocrx_word' id='word_1_991' title='bbox 2213 5447 2396 5506; x_wconf 87' lang='lat' dir='ltr'><strong>petere</strong></span> <span class='ocrx_word' id='word_1_992' title='bbox 2437 5434 2647 5504; x_wconf 88' lang='lat' dir='ltr'><strong>publico</strong></span> <span class='ocrx_word' id='word_1_993' title='bbox 2691 5436 2933 5493; x_wconf 79' lang='lat' dir='ltr'><strong>Romano</strong></span> <span class='ocrx_word' id='word_1_994' title='bbox 2965 5438 3135 5493; x_wconf 90' lang='lat' dir='ltr'><strong>codici</strong></span> <span class='ocrx_word' id='word_1_995' title='bbox 3175 5439 3274 5494; x_wconf 89' lang='lat' dir='ltr'><strong>sub</strong></span> <span class='ocrx_word' id='word_1_996' title='bbox 3313 5434 3645 5502; x_wconf 81' lang='lat' dir='ltr'><strong>Innocentio,</strong></span> <span class='ocrx_word' id='word_1_997' title='bbox 3673 5434 3755 5489; x_wconf 81' lang='lat' dir='ltr'><strong>Zo-</strong></span> 
     </span>
    </p>
   </div>
   <div class='ocr_carea' id='block_1_143' title="bbox 2214 5507 3756 5574">
    <p class='ocr_par' dir='ltr' id='par_1_143' title="bbox 2214 5507 3756 5574">
     <span class='ocr_line' id='line_1_143' title="bbox 2214 5507 3756 5574; baseline -0.002 -12"><span class='ocrx_word' id='word_1_998' title='bbox 2214 5509 2370 5572; x_wconf 90' lang='lat' dir='ltr'><strong>simo,</strong></span> <span class='ocrx_word' id='word_1_999' title='bbox 2405 5508 2492 5562; x_wconf 75' lang='lat' dir='ltr'><strong>vel</strong></span> <span class='ocrx_word' id='word_1_1000' title='bbox 2533 5507 2738 5573; x_wconf 86' lang='lat' dir='ltr'><strong>Leone;</strong></span> <span class='ocrx_word' id='word_1_1001' title='bbox 2771 5516 2828 5563; x_wconf 86' lang='lat' dir='ltr'><strong>ut</strong></span> <span class='ocrx_word' id='word_1_1002' title='bbox 2874 5512 3052 5563; x_wconf 90' lang='lat' dir='ltr'><strong>omnia</strong></span> <span class='ocrx_word' id='word_1_1003' title='bbox 3081 5526 3200 5566; x_wconf 90' lang='lat' dir='ltr'><strong>cum</strong></span> <span class='ocrx_word' id='word_1_1004' title='bbox 3245 5525 3345 5565; x_wconf 87' lang='lat' dir='ltr'><strong>sua</strong></span> <span class='ocrx_word' id='word_1_1005' title='bbox 3377 5509 3656 5574; x_wconf 83' lang='lat' dir='ltr'><strong>sententia,</strong></span> <span class='ocrx_word' id='word_1_1006' title='bbox 3682 5517 3756 5560; x_wconf 80' lang='lat' dir='ltr'><strong>seu</strong></span> 
     </span>
    </p>
   </div>
   <div class='ocr_carea' id='block_1_144' title="bbox 2213 5578 3754 5651">
    <p class='ocr_par' dir='ltr' id='par_1_144' title="bbox 2213 5578 3754 5651">
     <span class='ocr_line' id='line_1_144' title="bbox 2213 5578 3754 5651; baseline -0.001 -19"><span class='ocrx_word' id='word_1_1007' title='bbox 2213 5579 2389 5648; x_wconf 90' lang='lat' dir='ltr'><strong>potius</strong></span> <span class='ocrx_word' id='word_1_1008' title='bbox 2417 5578 2724 5651; x_wconf 75' lang='lat' dir='ltr'><strong>prtejudicio</strong></span> <span class='ocrx_word' id='word_1_1009' title='bbox 2756 5582 2929 5651; x_wconf 88' lang='lat' dir='ltr'><strong>aliqua</strong></span> <span class='ocrx_word' id='word_1_1010' title='bbox 2961 5582 3167 5637; x_wconf 87' lang='lat' dir='ltr'><strong>ratione</strong></span> <span class='ocrx_word' id='word_1_1011' title='bbox 3194 5582 3532 5648; x_wconf 87' lang='lat' dir='ltr'><strong>conciliaret,</strong></span> <span class='ocrx_word' id='word_1_1012' title='bbox 3561 5581 3653 5634; x_wconf 83' lang='lat' dir='ltr'><strong>alia</strong></span> <span class='ocrx_word' id='word_1_1013' title='bbox 3676 5579 3754 5651; x_wconf 70' lang='lat' dir='ltr'><strong>tio-</strong></span> 
     </span>
    </p>
   </div>
   <div class='ocr_carea' id='block_1_145' title="bbox 2213 5649 3753 5724">
    <p class='ocr_par' dir='ltr' id='par_1_145' title="bbox 2213 5649 3753 5724">
     <span class='ocr_line' id='line_1_145' title="bbox 2213 5649 3753 5724; baseline -0.002 -20"><span class='ocrx_word' id='word_1_1014' title='bbox 2213 5660 2461 5724; x_wconf 82' lang='lat' dir='ltr'><strong>cumenta</strong></span> <span class='ocrx_word' id='word_1_1015' title='bbox 2484 5649 2654 5724; x_wconf 84' lang='lat' dir='ltr'><strong>codici</strong></span> <span class='ocrx_word' id='word_1_1016' title='bbox 2691 5649 2922 5724; x_wconf 83' lang='lat' dir='ltr'><strong>diversis</strong></span> <span class='ocrx_word' id='word_1_1017' title='bbox 2955 5653 3280 5724; x_wconf 90' lang='lat' dir='ltr'><strong>temporibus</strong></span> <span class='ocrx_word' id='word_1_1018' title='bbox 3311 5655 3491 5709; x_wconf 89' lang='lat' dir='ltr'><strong>addita</strong></span> <span class='ocrx_word' id='word_1_1019' title='bbox 3521 5649 3753 5719; x_wconf 78' lang='lat' dir='ltr'><strong>excogita-</strong></span> 
     </span>
    </p>
   </div>
   <div class='ocr_carea' id='block_1_146' title="bbox 2216 5720 3755 5793">
    <p class='ocr_par' dir='ltr' id='par_1_146' title="bbox 2216 5720 3755 5793">
     <span class='ocr_line' id='line_1_146' title="bbox 2216 5720 3755 5793; baseline 0.003 -19"><span class='ocrx_word' id='word_1_1020' title='bbox 2216 5720 2322 5788; x_wconf 89' lang='lat' dir='ltr'><strong>vit,</strong></span> <span class='ocrx_word' id='word_1_1021' title='bbox 2355 5735 2416 5775; x_wconf 90' lang='lat' dir='ltr'><strong>ac</strong></span> <span class='ocrx_word' id='word_1_1022' title='bbox 2461 5720 2726 5789; x_wconf 90' lang='lat' dir='ltr'><strong>ejusmodi</strong></span> <span class='ocrx_word' id='word_1_1023' title='bbox 2774 5720 3104 5779; x_wconf 82' lang='lat' dir='ltr'><strong>additiouuut</strong></span> <span class='ocrx_word' id='word_1_1024' title='bbox 3156 5735 3396 5793; x_wconf 87' lang='lat' dir='ltr'><strong>tempora</strong></span> <span class='ocrx_word' id='word_1_1025' title='bbox 3441 5725 3755 5792; x_wconf 62' lang='lat' dir='ltr'><strong>distinguens,</strong></span> 
     </span>
    </p>
   </div>
   <div class='ocr_carea' id='block_1_147' title="bbox 2215 5793 3752 5867">
    <p class='ocr_par' dir='ltr' id='par_1_147' title="bbox 2215 5793 3752 5867">
     <span class='ocr_line' id='line_1_147' title="bbox 2215 5793 3752 5867; baseline 0.004 -23"><span class='ocrx_word' id='word_1_1026' title='bbox 2215 5801 2337 5867; x_wconf 74' lang='lat' dir='ltr'><strong>octo</strong></span> <span class='ocrx_word' id='word_1_1027' title='bbox 2365 5800 2550 5867; x_wconf 73' lang='lat' dir='ltr'><strong>aetates</strong></span> <span class='ocrx_word' id='word_1_1028' title='bbox 2571 5793 2772 5848; x_wconf 90' lang='lat' dir='ltr'><strong>codicis</strong></span> <span class='ocrx_word' id='word_1_1029' title='bbox 2801 5795 3087 5867; x_wconf 80' lang='lat' dir='ltr'><strong>confluxit,</strong></span> <span class='ocrx_word' id='word_1_1030' title='bbox 3112 5811 3228 5867; x_wconf 65' lang='lat' dir='ltr'><strong>qua:</strong></span> <span class='ocrx_word' id='word_1_1031' title='bbox 3249 5795 3400 5853; x_wconf 89' lang='lat' dir='ltr'><strong>nullo</strong></span> <span class='ocrx_word' id='word_1_1032' title='bbox 3427 5795 3752 5867; x_wconf 66' lang='lat' dir='ltr'><strong>fundamento.</strong></span> 
     </span>
    </p>
   </div>
   <div class='ocr_carea' id='block_1_148' title="bbox 2217 5859 3757 5935">
    <p class='ocr_par' dir='ltr' id='par_1_148' title="bbox 2217 5859 3757 5935">
     <span class='ocr_line' id='line_1_148' title="bbox 2217 5859 3757 5935; baseline -0.004 -17"><span class='ocrx_word' id='word_1_1033' title='bbox 2217 5861 2311 5918; x_wconf 73' lang='lat' dir='ltr'><strong>sed</strong></span> <span class='ocrx_word' id='word_1_1034' title='bbox 2340 5862 2458 5920; x_wconf 82' lang='lat' dir='ltr'><strong>solo</strong></span> <span class='ocrx_word' id='word_1_1035' title='bbox 2482 5875 2780 5922; x_wconf 78' lang='lat' dir='ltr'><strong>memorato</strong></span> <span class='ocrx_word' id='word_1_1036' title='bbox 2811 5859 3359 5935; x_wconf 62' lang='lat' dir='ltr'><strong>prmjudicio&#39;innixai</strong></span> <span class='ocrx_word' id='word_1_1037' title='bbox 3400 5864 3576 5923; x_wconf 87' lang='lat' dir='ltr'><strong>fusiori</strong></span> <span class='ocrx_word' id='word_1_1038' title='bbox 3601 5859 3757 5917; x_wconf 80' lang='lat' dir='ltr'><strong>confu-</strong></span> 
     </span>
    </p>
   </div>
  </div>
