3998 6346
271 311 378 386 903

717 319 1026 380 DISSERT.
1067 321 1162 380 XII
1199 320 1609 392 QUESNELIJ.
1655 321 1744 379 DE
1783 318 2029 379 CODICE
2068 320 2397 380 CANONUM
2433 321 3135 382 ECCLESIASTICOBUM.

3442 322 3550 384 906

382 437 434 508 3
460 433 596 493 Alia:
647 434 768 493 aliis
799 437 1128 514 antiquiores
1162 438 1398 514 priorum
1426 447 1750 514 temporum
1766 451 1860 514 co-
1890 438 1942 498 Δ
1969 437 2050 514 (ᾴ)
2079 440 2253 497 nullos
2277 441 2414 498 alios
2438 456 2674 499 canones
2694 443 2976 514 regulasve
2993 443 3388 501 ecclesiasticas
3406 458 3553 499 com-

313 507 447 566 idem
469 519 919 577 composuerunt;
936 507 1084 576 aliae,
1106 507 1226 577 qua:
1243 509 1469 578 junioris
1489 511 1612 576 aevi,
1635 507 1862 564 subinde

275 597 369 649 per
383 578 723 635 succedentia
747 588 962 635 statum
983 580 1260 636 intervalla
1277 597 1501 636 annexaa
1522 591 1648 636 sunt
1669 580 1862 650 priori-

273 652 371 708 bus
383 651 654 722 capitulis,
668 649 740 723 ita
761 660 821 706 ut
837 650 1122 722 aliquando
1139 651 1354 708 tandem
1366 654 1431 706 ad
1445 649 1680 723 sexagen
1689 653 1858 707 arium

274 721 559 780 numerum
589 721 1123 794 codexipcrvenerit.
1161 724 1279 791 Quo
1308 739 1440 780 vero
1473 721 1699 794 quaeque
1737 737 1859 793 pars

275 805 522 863 tempore
559 793 645 848 vel
685 793 923 850 codicem
963 794 1219 863 conﬂare,
1251 794 1336 850 vel
1383 793 1552 850 codici
1601 793 1861 851 accedere

274 864 534 937 coeperit,
566 864 794 937 obscura
838 881 925 920 res
970 874 1270 937 est.quam
1315 875 1585 937 utcunque
1627 867 1857 937 aperire,

273 937 378 993 nzsi
407 936 752 1008 coniecturis,
777 951 936 993 nemo
966 936 1168 1007 possit:
1201 937 1342 1008 quod
1367 949 1422 993 et
1466 936 1563 993 nos
1591 936 1862 1008 periclita-

274 1008 454 1064 bimur
474 1007 715 1062 inferius.

347 1079 578 1135 Iudicem
602 1079 699 1164 qui
717 1079 812 1134 toti
842 1080 991 1164 operi
1023 1079 1335 1164 praeligitur,
1366 1079 1555 1136 eodem
1579 1080 1654 1164 (α)
1685 1089 1864 1164 poste-

275 1151 476 1208 riorem
503 1165 625 1206 esse
651 1151 854 1222 clarum
885 1160 969 1206 est
987 1165 1063 1222 ex
1092 1151 1366 1208 mentione
1408 1151 1690 1220 sexaginta
1717 1155 1864 1222 capi-

273 1222 530 1287 tulorum,
564 1237 626 1276 ac
658 1220 1198 1294 proinde‘quidquatn
1239 1223 1402 1278 statui
1438 1239 1506 1294 ex
1533 1238 1599 1278 eo
1629 1239 1732 1279 non
1765 1220 1862 1294 po-

273 1302 384 1350 test
411 1309 509 1365 pro
541 1308 722 1348 earum
767 1291 995 1363 partium
1027 1293 1217 1348 notitia
1260 1309 1380 1364 quae
1409 1293 1651 1350 codicem
1689 1291 1863 1366 primo

271 1368 700 1435 composuerint.

353 1433 426 1492 De
448 1436 675 1506 prologo
701 1433 840 1491 idem
869 1451 975 1490 non
998 1443 1082 1492 est
1107 1435 1247 1507 apud
1277 1451 1362 1491 me
1387 1436 1647 1506 judicium
1673 1455 1686 1493 :
1730 1439 1863 1494 nihil

273 1509 475 1580 quippe
496 1507 580 1634 (Σὺ)
607 1515 750 1562 vetat
770 1507 897 1576 quin
925 1507 1064 1562 circa
1095 1506 1266 1576 quinti
1295 1508 1476 1564 saeculi
1508 1510 1715 1564 initium
1745 1510 1862 1566 edi-

274 1588 364 1634 tus
403 1593 494 1634 cre
533 1588 673 1634 atur.
719 1577 1076 1634 prmiixusaue
1120 1579 1168 1632 ei
1213 1578 1384 1634 codici
1423 1581 1515 1634 oui
1565 1579 1861 1634 Innocentii

274 1577 673 1651 t'us'credatur,
719 1577 1076 1651 prmtixusque
1120 1579 1168 1632 ei
1213 1578 1384 1651 codici
1423 1581 1515 1651 qui
1565 1579 1861 1637 Innocentii

272 1665 430 1721 papae
460 1649 480 1704 I
508 1649 839 1717 temporibus
864 1650 914 1721 in
947 1664 1045 1721 usu
1064 1657 1181 1703 erat
1200 1650 1339 1718 apud
1364 1649 1656 1706 Romanam
1681 1653 1866 1708 Eccle-

273 1719 413 1777 siam
449 1737 464 1775 :
498 1721 634 1776 liber
677 1721 818 1775 enim
870 1719 1110 1775 decimus
1170 1721 1415 1776 Historiae
1473 1723 1864 1779 Ecclesiasticte

273 1790 794 1883 ΞΨΞῩΒἮᾸΞἾἾἯ
805 1792 1190 1883 ἒθίὲθέῗὲεέῑξξί
1212 1792 1633 1883 ῘὲῗέἶθιῖυἵῘΡέθέ
1674 1796 1864 1883 ιετετδ·
1895 1791 1945 1883 Β

275 1864 447 1930 tione,
471 1862 714 1933 pluribus
732 1872 856 1918 ante
886 1862 1180 1918 Innocentii
1205 1864 1408 1918 obitum
1433 1865 1588 1920 annis
1612 1867 1664 1921 in
1687 1867 1863 1922 lucem

276 1937 481 2008 missus
521 1943 662 2008 erat.
693 1933 759 2008 Si
785 1934 870 1989 cui
907 1933 1252 2008 nihilominus
1295 1936 1556 2006 placuerit
1585 1937 1866 2008 prologum

280 2006 448 2062 istum
469 2005 536 2081 ad
564 2005 858 2081 pos_t_eriora
889 2014 1130 2074 tempora
1154 2005 1391 2081 differre,
1417 2005 1602 2063 contra
1632 2024 1732 2081 ego
1751 2005 1865 2065 non

272 2075 767 2149 contendamnﬂoc
805 2085 983 2130 tamen
1013 2085 1217 2131 certum
1247 2077 1459 2149 videtur
1488 2093 1652 2149 pauca
1667 2075 1867 2136 admo-

272 2148 407 2204 dum
451 2147 682 2220 capitula
730 2149 1068 2218 complexum
1114 2162 1234 2204 esse
1259 2147 1501 2205 codiceni
1531 2153 1712 2220 istum,
1745 2167 1866 2207 cum

273 2220 328 2290 ei
355 2219 600 2290 prafatio
621 2233 829 2275 annexa
851 2229 934 2274 est
962 2235 977 2273 :
1004 2228 1112 2274 tum
1133 2221 1257 2290 quia
1282 2227 1390 2275 tota
1413 2221 1526 2278 fere
1549 2232 1635 2279 est
1662 2219 1731 2278 de
1751 2224 1870 2280 solo

272 2288 499 2366 Niceno
542 2290 833 2366 concilio,
862 2301 971 2344 tum
1023 2288 1162 2366 quod
1212 2291 1400 2366 eadem
1447 2294 1650 2350 indicet
1698 2311 1868 2366 pauca

273 2363 528 2434 quadam
555 2369 760 2436 tantum
807 2365 1024 2436 decreta
1084 2361 1314 2436 Nicanis
1335 2379 1457 2436 esse
1501 2361 1868 2436 superaddita,

275 2432 402 2518 vice
429 2432 763 2518 appendicis,
797 2448 897 2518 nec
935 2434 1006 2488 ita
1031 2435 1206 2518 quasi-
1231 2435 1446 2518 propria
1481 2432 1809 2518 synodorutn
1839 2432 1870 2492 a

319 2503 480 2562 uibus
504 2503 724 2560 condita
749 2513 903 2560 erant
924 2503 1243 2560 auctoritate
1274 2503 1448 2562 locum
1479 2503 1578 2563 sibi
1606 2509 1659 2564 in
1686 2510 1871 2565 codice

332 2590 534 2634 omano
554 2575 911 2644 vindicarent,
944 2574 1041 2630 sed
1068 2576 1211 2632 velut
1239 2576 1307 2632 ab
1337 2579 1631 2648 apostolica
1659 2580 1789 2636 sede
1817 2583 1869 2635 in
1929 2579 1932 2582 ’

275 2650 564 2720 proprium
600 2662 758 2720 usum
803 2655 1098 2720 assumpta,
1146 2655 1201 2720 et
1221 2648 1485 2720 Ecclesiae
1507 2665 1617 2705 sure
1647 2653 1875 2707 admini-

272 2717 530 2794 strationi
552 2719 825 2794 profutura
855 2735 870 2773 :
905 2717 1045 2772 Nam
1083 2728 1130 2772 et
1158 2717 1320 2792 ωά.
1352 2721 1638 2788 nonnullae,
1673 2723 1868 2794 inquit.

276 2791 357 2864 (ε)
388 2793 582 2864 regulte
620 2790 858 2864 snbnezag
897 2799 1228 2864 sunt,_quas
1278 2790 1557 2864 {tramutata
1593 2790 1873 2863 suscipiens

275 2861 604 2932 conﬁrmavit
650 2861 902 2935 Ecclesia.
931 2861 1398 2935 [Quibus__verbis
1438 2861 1874 2935 Carthagineusis

275 2931 521 2992 maxime
550 2933 740 3005 synodi
769 2947 1026 3005 canones,
1056 2934 1144 3005 qui
1174 2931 1406 2990 Nicaeuis
1436 2931 1876 2992 Sardicénsibus-

315 3019 392 3062 ue
432 3007 486 3060 in
517 3004 678 3060 unum
720 3004 960 3078 confusis
996 3004 1376 3078 subjiciuntur,
1410 3006 1632 3078 intelligi
1657 3023 1878 3078 persua-

319 3084 421 3132 ent
445 3079 607 3134 verba
629 3076 846 3147 capituli
867 3075 936 3148 de
962 3077 1133 3146 gratia
1154 3090 1341 3148 eorum
1373 3077 1529 3146 primi
1555 3075 1674 3148 quas
1701 3079 1878 3136 Coale-

272 3149 434 3205 stino
484 3149 643 3215 olim,
693 3163 838 3204 nunc
888 3147 1054 3204 Leoni
1119 3147 1480 3203 ascribuntur.
1537 3147 1668 3218 Quae
1715 3151 1876 3207 verba

277 3220 510 3277 eosdem
533 3207 658 3277 illos
681 3219 1124 3290 Carthaginensis
1163 3219 1417 3275 Ecclesia:
1460 3207 1696 3278 canbnes
1729 3231 1876 3286 tunc.
1903 3207 1955 3274 (Ξ

277 3299 342 3348 ut
373 3291 502 3366 olim
543 3300 690 3366 ante,
738 3289 1185 3366 codiciuﬂomano
1227 3293 1457 3366 insertos
1482 3291 1646 3366 fuisse
1678 3301 1882 3366 testan-

277 3372 399 3432 tur,
429 3362 510 3418 sic
537 3362 606 3419 de
636 3362 1026 3433 posterioribus
1056 3361 1306 3434 habentia
1330 3379 1346 3417 :
1370 3361 1456 3417 Ita
1483 3372 1539 3417 ut
1564 3364 1718 3419 etiam
1742 3361 1883 3434 Afri-

277 3449 540 3507 canorum
568 3434 905 3490 conciliorum
933 3433 1183 3505 quasdam
1216 3435 1492 3507 sententias
1521 3438 1878 3507 jnngeremus,

462 3506 636 3577 utique
673 3521 793 3560 suas
839 3503 1070 3577 [egerunt
1115 3503 1386 3577 apos_tolic_i
1431 3503 1704 3576 antistites,
1755 3507 1882 3562 dum

279 3575 408 3632 illas
439 3575 847 3648 comprobarunt
869 3575 1020 3648 (Cap.
1050 3577 1102 3642 1,
1131 3579 1194 3648 de
1211 3575 1408 3647 Grat.).

359 3648 545 3720 Facile
566 3649 726 3720 igitur
747 3649 801 3704 in
823 3647 942 3704 eam
963 3647 1284 3705 sententiam
1314 3647 1514 3704 inclino
1537 3665 1553 3720 ς
1579 3647 1878 3707 Romanum

280 3719 540 3777 codicem
567 3719 601 3775 a
626 3719 856 3776 Nicaznae
903 3720 1345 3790 Sardicensisque
1376 3719 1715 3790 synodorum
1748 3734 1882 3778 tem-

280 3790 515 3866 poribus
562 3790 632 3848 ad
677 3805 848 3862 usque
902 3790 1202 3848 Innocentii
1258 3789 1572 3862 ’Zosirnique
1622 3802 1835 3850 aetatem
1863 3835 1880 3862 ,

1968 509 2182 578 plexum
2223 527 2345 569 esse
2384 523 2580 584 prater
2607 509 2812 586 ,Nicaeiti
2853 514 3298 586 Sardicensisque
3341 516 3555 570 c0ucitii

1967 594 2201 662 canones
2225 601 2240 650 ;
2282 600 2456 662 neque
2483 585 2835 662 Sa_rd_icens_es
2864 585 2918 641 in
2948 587 3041 642 illo
3071 585 3246 642 locum
3275 586 3550 662 habuisse,

1967 654 2071 706 nisi
2089 654 2219 729 quia
2245 671 2342 729 pro
2361 658 2594 712 Nicmnis
2619 657 2784 712 habiti
2815 667 2960 725 sunt,
3004 673 3300 729 eorumque
3338 659 3554 729 nomine

1966 723 2172 791 vestiti,
2189 741 2258 798 Aac
2279 727 2358 781 eis
2387 730 2502 783 sine
2524 729 2629 782 ulla
2655 723 3003 784 distinctione
3027 723 3318 798 subjurfcti.
3335 727 3556 784 Clarum

1967 803 2140 871 est_ea
2171 796 2238 852 de
2277 813 2337 854 re
2383 798 2679 858 Innocentii
2725 800 2893 868 ipsius
2938 796 3307 856 testimonium
3337 841 3352 866 ,
3398 800 3554 871 cujus

1965 865 2129 920 verba
2159 877 2212 922 et
2250 871 2555 926 asserenda
2602 865 2802 926 codicis
2834 871 2990 942 hujus
3035 865 3554 942 sinceritatisulira-

1965 949 2181 1006 gautur,
2221 948 2277 995 et
2316 942 2547 997 vicissim
2579 957 2608 994 a
2639 943 2825 997 codice
2871 941 3041 1000 lucem
3082 944 3368 998 maximam
3412 941 3555 998 reci-

1966 1009 2139 1084 piunt.
2177 1009 2292 1065 Nos
2336 1013 2491 1078 enim,
2537 1013 2705 1082 inquit
2750 1014 3091 1074 Innocentius
3135 1016 3188 1068 in
3231 1014 3455 1084 epistola
3484 1013 3554 1067 ad

1965 1079 2170 1155 clerum
2202 1084 2563 1155 populumque
2601 1079 3281 1155 Constantinopolitanum,
3307 1094 3555 1155 quantum

1966 1151 2035 1204 ad
2062 1151 2320 1208 canonum
2362 1151 2728 1208 observantiam
2777 1151 2977 1222 attinet,
3024 1156 3131 1210 illis
3181 1151 3558 1220 obsequendum

1965 1237 2072 1298 esse
2097 1226 2365 1280 scribimus
2387 1225 2474 1296 qui
2494 1224 2545 1278 Ν
2551 1227 2688 1280 ima:
2712 1226 3033 1282 determinati
3057 1238 3196 1295 sunt,
3218 1229 3400 1298 quibus
3421 1228 3555 1282 solis

1967 1294 2329 1367 obtemperare,
2377 1294 2422 1349 et
2450 1313 2600 1351 suum
2637 1297 2940 1367 sulfragium
2985 1294 3187 1353 addere
3209 1294 3440 1353 Ecclesia
3469 1314 3558 1367 ca:-

1966 1364 2156 1439 titotica
2183 1371 2325 1421 debet
2355 1367 2478 1439 (Ep.
2507 1367 2595 1434 I5,
2623 1384 2688 1423 ea:
2715 1364 2924 1422 Sciam.
2953 1370 2992 1424 Ι.
3017 1384 3130 1434 VIII,
3169 1387 3216 1423 c.
3248 1369 3338 1436 26,
3371 1380 3496 1423 tam.
3539 1366 3558 1421 I

1968 1434 2137 1510 Epigr.
2167 1455 2299 1493 sum.
2329 1434 2474 1507 parit.
2507 1440 2630 1493 edit.
2656 1439 2948 1508 Romanis).
2975 1440 3119 1496 Idem
3150 1443 3201 1495 in
3231 1434 3458 1510 epistola
3490 1439 3560 1493 I6

1967 1510 2036 1579 ad
2066 1508 2423 1578 Theophilum
2457 1511 2918 1566 Alexandrinum:
2954 1513 3014 1566 Si
3041 1508 3368 1567 conscientia.-
3393 1511 3558 1579 conﬁ-

1966 1578 2148 1654 d_i_s,_tu
2176 1597 2379 1652 quoque
2391 1582 2596 1654 judicio
2628 1598 2840 1654 accurre
2868 1584 2936 1636 ad
2965 1584 3214 1654 synodum
3248 1586 3476 1652 proxime
3495 1578 3560 1634 in

1967 1649 2170 1706 Christo
2189 1649 2572 1724 celebrandam,
2603 1663 2651 1706 et
2680 1653 2790 1707 illic
2807 1657 2963 1724 juxta
2993 1649 3214 1708 'Ntcwni
3234 1649 3442 1724 concilii
3473 1669 3557 1706 ca-

1968 1738 2128 1797 nones
2156 1732 2203 1777 et
2230 1723 2435 1778 decreta
2458 1725 2731 1797 contende.
2762 1723 2906 1797 Alios
2944 1726 3135 1797 quippe
3159 1723 3320 1797 695
3344 1739 3563 1797 canones

1972 1793 2209 1848 Romana
2254 1811 2357 1848 non
2397 1795 2620 1848 admittit
2664 1795 2914 1851 Ecclesia.
2949 1793 3081 1861 His,
3111 1793 3349 1864 ἱιιιῙιιειῖιι,
3385 1793 3563 1849 verbis

1973 1866 2158 1935 opinio
2202 1875 2385 1920 nostra
2422 1867 2794 1938 conﬁrmatur,
2827 1882 2928 1938 qua
2967 1869 3260 1922 asserimus
3291 1882 3397 1922 non
3427 1867 3562 1920 alios

1975 1951 2211 1992 canones
2236 1951 2264 1990 a
2297 1938 2533 1992 Romana
2568 1936 2808 1993 Ecclesia
2847 1936 3144 1992 Innocentii
3185 1947 3345 1992 aetate
3380 1951 3564 1993 susce-

1974 2017 2117 2132 Rtos,
2150 2022 2353 2077 suoque
2396 2007 2648 2063 habuisse
2688 2008 2918 2063 insertos
2947 2009 3139 2072 codici.
3165 2023 3325 2079 quam
3356 2011 3446 2078 qui
3482 2008 3565 2062 vel

2025 2080 2176 2132 icaeni
2213 2094 2402 2132 revera
2441 2089 2616 2132 erant.
2658 2080 2740 2132 vel
2783 2095 2881 2132 ι)το
2925 2079 3159 2132 Nicaenis
3209 2080 3563 2132 habebantur.

2025 2080 2176 2134 icaeni
2213 2094 2402 2135 revera
2441 2089 2616 2144 erant.
2658 2080 2740 2134 vel
2783 2095 2881 2147 pro
2925 2079 3159 2134 Nicaeuis
3209 2080 3563 2142 habebantur,

1976 2151 2162 2221 eisque
2209 2152 2632 2223 accensebantur
2677 2167 2706 2204 a
2757 2151 3030 2223 Romanis,
3079 2165 3147 2206 eo
3189 2152 3349 2205 modo
3367 2152 3566 2223 quoin

1977 2231 2162 2278 nostro
2190 2221 2375 2278 codice
2407 2229 2881 2292 repraesentantur.
2928 2221 3035 2277 Sed
3065 2237 3130 2277 ex
3170 2223 3360 2278 eodem
3395 2221 3566 2277 vicis-

1977 2294 2080 2348 sim
2111 2294 2298 2348 codice
2337 2293 2656 2348 conciliatur
2696 2292 3039 2349 Innocentius
3067 2309 3188 2348 cum
3227 2293 3566 2354 Innocentio.

1977 2365 2066 2434 qui
2095 2365 2368 2420 multoties
2398 2364 2747 2420 Sardiceuses
2776 2378 3012 2420 canones
3031 2364 3249 2419 adducit
3273 2374 3329 2420 et
3348 2371 3568 2433 usurpat

1978 2434 2032 2490 iu
2063 2436 2307 2505 epistolis
2337 2437 2451 2490 suis
2483 2453 2496 2490 :
2531 2444 2589 2489 ut
2617 2436 2922 2500 ittepistola
2966 2434 3032 2490 ad
3064 2436 3374 2490 Victricium
3405 2449 3568 2489 cano-

1979 2520 2077 2561 nes
2101 2510 2156 2570 3,
2181 2507 2214 2560 4
2239 2508 2347 2562 et7
2395 2507 2464 2561 de
2504 2507 2954 2576 appellationibus
3001 2505 3064 2559 ad
3113 2506 3412 2561 Romanum
3457 2506 3570 2575 cpi.

1979 2592 2200 2648 scopum
2231 2587 2286 2633 et
2314 2580 2469 2648 epist.
2499 2579 2564 2638 l6
2607 2579 2675 2634 de
2721 2578 2934 2632 clericis
2973 2576 3198 2645 abjectis
3237 2579 3304 2632 ab
3333 2578 3441 2632 alio
3465 2594 3569 2631 non

1979 2649 2326 2718 recipiendis,
2359 2659 2415 2704 et
2445 2650 2512 2703 de
2542 2649 2748 2721 synodo
2773 2649 2840 2704 ad
2863 2662 3023 2720 quam
3051 2649 3410 2721 Theophilum
3438 2649 3570 2721 invi-

1981 2728 2079 2785 tat,
2111 2729 2164 2774 et
2195 2721 2313 2775 aliis
2344 2723 2396 2775 in
2428 2719 2581 2786 locis,
2611 2736 2838 2790 quorum
2884 2719 3135 2776 meminit
3184 2720 3418 2775 Joannes
3470 2720 3569 2774 Ila-

1981 2792 2093 2846 vid.
2120 2791 2231 2846 Hac
2257 2794 2417 2847 etiam
2440 2793 2528 2846 via
2552 2792 2690 2846 idem
2725 2791 2887 2846 David
2909 2807 3031 2846 cum
3062 2791 3236 2845 Marca
3261 2793 3311 2845 in
3343 2791 3572 2858 gratiam

1981 2863 2160 2929 redit;
2191 2874 2246 2918 et
2274 2872 2478 2918 asserta
2526 2863 2803 2931 utriusque
2831 2863 3105 2930 opinione,
3141 2863 3277 2917 alter
3307 2864 3376 2916 ab
3405 2863 3575 2918 altero

1981 2933 2155 2989 victus
2181 2935 2248 2990 de
2277 2935 2447 2990 altero
2477 2934 2634 2988 simul
2667 2935 2837 2988 victor
2877 2933 3056 2988 evadit
3087 2951 3098 2984 :
3128 2949 3249 2988 cum
3289 2942 3576 3003 utrumque

1985 3006 2330 3061 verissimum
2372 3008 2463 3073 sit,
2513 3013 2567 3060 et
2613 3004 2756 3058 solos
2783 3003 3028 3060 Nicatnos
3060 3018 3294 3058 canones
3325 3003 3394 3058 ab
3419 3005 3576 3060 Iuno-

1985 3077 2165 3132 centio
2191 3086 2436 3146 receptos
2465 3090 2606 3139 esse,
2625 3084 2680 3130 et
2706 3084 2882 3130 tamen
2914 3075 3262 3131 Sardicenses
3291 3075 3360 3130 ab
3384 3075 3577 3130 eodem

1987 3148 2254 3204 admissos
2283 3158 2338 3203 et
2356 3149 2406 3202 in
2429 3149 2606 3203 causis
2628 3146 3010 3202 ecclesiasticis
3036 3146 3390 3201 discutiendis
3421 3160 3578 3201 usur-

1987 3229 2143 3290 patos
2170 3239 2184 3274 :
2216 3219 2480 3290 siquidem
2509 3217 2860 3274 Sardicenses
2888 3217 3183 3286 recipiebat
3214 3217 3576 3286 Innocentius,

1990 3293 2085 3346 sed
2132 3291 2343 3348 habitos
2396 3307 2492 3361 pro
2544 3290 2775 3345 Nicaanis
2806 3299 2861 3344 ct
2915 3303 3102 3345 eorum
3156 3290 3374 3345 nomine
3419 3290 3579 3345 deco-

1989 3374 2156 3418 ratos.

2015 3477 2022 3484 .
2065 3435 2189 3490 Haec
2220 3433 2337 3494 fuit.
2387 3433 2600 3502 opinor,
2648 3432 2852 3488 codicis
2881 3431 3108 3488 Romani
3157 3441 3288 3488 aetas
3320 3433 3488 3501 prima
3519 3447 3581 3486 ac

1989 3506 2135 3562 velut
2166 3505 2410 3572 infantia,
2443 3505 2494 3558 iu
2527 3519 2629 3571 qua
2663 3504 2892 3572 primum
2923 3503 3260 3559 solummodo
3289 3503 3582 3573 capitulum

1990 3577 2192 3648 codicis
2221 3592 2401 3648 quem_
2426 3577 2656 3648 damus,
2690 3583 2872 3648 totum
2900 3573 3167 3648 conflabat
3215 3575 3361 3630 illius
3411 3577 3584 3648 :t-tatis

1991 3645 2354 3705 codicem'sub
2385 3646 2697 3716 Innocentio
2727 3645 2983 3716 pontilice
3020 3647 3262 3700 Romano
3297 3661 3311 3700 :
3344 3661 3409 3701 eo
3437 3646 3584 3701 scili-

1992 3733 2080 3778 cet
2111 3732 2353 3790 tempore
2383 3733 2489 3789 quo
2518 3715 2892 3790 Chrysostomi
2920 3731 3083 3772 causa
3109 3717 3489 3790 ventilabatur.
3519 3722 3584 3770 At

1993 3793 2094 3848 sub
2141 3787 2333 3848 eodem
2388 3787 2704 3846 Innocentio
2755 3789 2827 3860 (e)
2877 3787 3218 3860 postmodum
3282 3787 3585 3844 adolet-isse

255 3914 286 3955 ο·
1367 3907 1932 3970 BALLEBINIORUM
1970 3906 2524 3972 ANNO’I‘ATIONES.

278 4009 502 4068 latione
525 4021 634 4064 non
661 4014 841 4078 egent.
865 4003 924 4062 Si
952 4003 1094 4078 enim
1128 4003 1282 4078 hunc
1322 4004 1583 4078 codicem!
1599 4005 1667 4061 ad
1695 4007 1890 4062 Itoma-

279 4096 420 4139 nam
445 4075 740 4136 Eeclesiarit
769 4092 877 4133 non
905 4077 1230 4148 pertinuisse
1257 4075 1530 4133 evidenter
1553 4076 1891 4133 demonstra-

279 4153 500 4220 bimus,
529 4150 606 4206 uti
641 4148 1058 4205 demonstraturi
1097 4161 1283 4220 sumus
1325 4148 1377 4202 in
1412 4149 1889 4220 observationibus

281 4233 419 4296 post
466 4218 606 4279 hanc
650 4220 1081 4278 dissertationem
1125 4218 1515 4296 subjiciendis;
1558 4220 1649 4296 liae
1697 4235 1887 4276 omnes

277 4289 488 4352 Eetates
508 4308 576 4349 ex
617 4307 723 4347 uno
763 4300 1058 4362 memorato
1097 4289 1410 4359 pratjudicio
1443 4291 1718 4362 conﬁctaz,
1762 4308 1884 4348 cum

273 4365 494 4423 eodem
537 4372 814 4419 corruent.
852 4361 1051 4418 Coul‘er
1094 4369 1355 4430 praeterea
1403 4377 1522 4431 qua:
1562 4361 1711 4419 circa
1750 4363 1887 4419 hanc

277 4444 520 4494 multum
559 4433 898 4507 hypothesim
931 4432 1420 4507 animadvertemus
1459 4433 1891 4507 iu_obscrvatiu-

276 4509 460 4566 nibus
498 4504 674 4576 caplil
701 4547 716 4571 ,
747 4521 800 4560 n.
830 4505 866 4562 4
901 4516 955 4560 et
994 4505 1048 4571 5,
1083 4517 1182 4560 nec
1226 4520 1332 4576 non
1374 4519 1496 4573 cap.
1523 4504 1586 4567 2.
1615 4522 1672 4560 n.
1701 4511 1754 4570 8,
1796 4507 1888 4561 ubi

279 4575 578 4636 nonnullae
618 4577 915 4648 peculiares
957 4575 1379 4648 incongruentite
1419 4578 1756 4645 detegentur.
1806 4577 1892 4632 In-

276 4651 508 4721 signem
530 4646 692 4704 etiam
711 4648 981 4721 quosnelli
1002 4646 1482 4704 contradictionem
1509 4650 1891 4719 patetaciemus

278 4719 596 4804 notﬁlnin
618 4735 738 4804 cap.

1995 4007 2216 4062 tentiam
2260 4003 2570 4061 refellemus
2600 4015 2725 4074 qua
2737 3999 3053 4074 _Gelasium‘
3082 4014 3158 4074 ex
3212 3999 3315 4074 hoc
3363 4003 3586 4074 prologo

1994 4077 2348 4146 exscripsisse
2375 4070 2676 4146 contendit.
2708 4071 2844 4146 Num
2876 4087 3008 4146 vero
3039 4070 3126 4126 hic
3165 4070 3420 4146 prologus
3441 4070 3586 4130 eos-

1995 4165 2095 4205 vus
2125 4143 2196 4204 sit
2229 4159 2430 4203 nostra:
2455 4143 2782 4208 collectioni,
2809 4158 2876 4197 an
2905 4143 3080 4198 eidem
3110 4145 3381 4212 posterius
3406 4161 3590 4201 acces-

1993 4222 2126 4277 serit
2159 4221 2237 4290 (in
2265 4215 2801 4290 ms.Viudebon_ensi
2823 4212 3074 4290 gaesareo
3095 4214 3166 4270 39
3194 4216 3546 4290 n_o_n_l_egitur)
3571 4235 3588 4285 ;

1994 4303 2047 4349 et
2080 4284 2204 4346 num
2257 4289 2507 4360 praeﬁxos
2552 4284 2864 4360 fueritsoli
2895 4286 3066 4360 primo
3112 4286 3272 4354 capiti
3299 4284 3587 4360 _Niczena'm

1994 4355 2271 4436 synodum
2308 4359 2684 4436 complectenti
2715 4355 2940 4436 (dehac
2969 4356 3112 4436 enim
3142 4356 3351 4436 synodo
3381 4368 3588 4436 tantum

1996 4425 2263 4508 incudem
2295 4425 2520 4508 prologo
2545 4425 2885 4508 sermnem),
2907 4441 2974 4480 an
3021 4427 3093 4508 ad
3131 4427 3437 4508 universam
3468 4433 3588 4486 col-

1997 4497 2596 4574 lectionem'pertineat,
2627 4497 2888 4570 quidquid
2917 4497 3190 4567 credatur,
3232 4499 3459 4556 nihilum
3501 4518 3591 4559 re-

2034 4576 2371 4632 uanabimus.

1995 4591 2371 4648 pugnauimus.

2069 4647 2144 4720 (ε)
2182 4647 2325 4720 Solae
2363 4643 2594 4720 Nicena:
2636 4641 2836 4720 regulae
2874 4639 2998 4720 ﬁdei
3045 4642 3305 4720 symbolo
3335 4644 3592 4720 subnexa:

2001 4713 2105 4776 hoc
2126 4713 2283 4775 'textu
2314 4717 2641 4780 indicantur,
2673 4715 2750 4767 uti
2778 4713 3128 4769 ostendemus
3158 4713 3210 4769 in
3253 4714 3594 4771 observatio-

371 4792 451 4865 (α)
501 4791 633 4848 Cum
679 4783 842 4882 ἔμαθε
888 4789 1244 4882 epitritorum
1266 4861 1280 4882 .
1304 4791 1457 4882 ora!
1507 4791 1766 4882 ωερε
1793 4807 1888 4882 ,εει
1919 4821 1975 4882 υ
2001 4791 2162 4882 nitus
2185 4805 2310 4882 οαιξς
2341 4788 2396 4858 εν
2428 4783 3590 4882 εξ,ἐκ.ὶιξεέξαξιξ,ηοέῖηέεςξεϋεεὲηαίιξε,Ψρ

276 4861 566 4924 Thuaneo
595 4861 782 4920 codice
810 4862 1056 4932 designet
1081 4861 1315 4930 capitula
1338 4862 1408 4918 98
1430 4861 1588 4933 hujus
1617 4864 1892 4920 collectio-

279 4938 414 5018 slis,
443 4949 564 5018 quae
587 4949 854 5018 sanenon
890 4944 995 5018 tam
1033 4933 1087 4988 in
1124 4933 1571 5018 Thuaneo‘quatn
1604 4935 1656 4989 in
1683 4936 1893 5018 creteris

281 5004 602 5068 Oxoniensi
633 5004 1024 5076 antiquioribus
1049 5019 1127 5076 ac,
1151 5005 1615 5074 prmstantiuribus
1649 5005 1890 5076 ejusdem

277 5077 638 5136 collectionis
677 5075 1073 5146 exemplaribus
1117 5075 1490 5141 inveniuntur;
1547 5075 1892 5134 manifestum

277 5152 362 5208 ﬁt
407 5149 657 5214 eumdem
702 5147 933 5203 indicem
971 5149 1280 5218 primzevam
1332 5147 1704 5204 collectionem
1755 5149 1893 5204 indi-

275 5237 456 5288 care,
485 5217 772 5288 eidemque
800 5232 924 5274 esse
943 5233 1185 5276 coaavum
1206 5234 1222 5284 ;
1247 5220 1530 5288 posteriori
1551 5227 1729 5275 autem
1759 5230 1892 5277 tem-

277 5292 427 5367 pori
459 5289 796 5367 tribuendam
827 5304 950 5367 esse
977 5289 1382 5367 annotationem
1417 5290 1584 5346 solius
1617 5306 1718 5346 ms.
1753 5289 1895 5367 Oxo-

280 5361 536 5429 hiemis,
574 5362 628 5418 in
673 5376 776 5433 qua
831 5362 892 5416 Iit
936 5362 1140 5417 mentio
1185 5361 1542 5433 capitulorum
1588 5365 1892 5433 sexaginta.

278 5434 612 5561 Videsquat
657 5433 727 5490 de
771 5437 872 5490 hac
925 5433 1274 5490 annotatione
1324 5432 1563 5488 diximus
1609 5432 1742 5490 not.
1774 5433 1800 5486 I
1840 5436 1897 5490 in

278 5521 433 5561 can.
532 5544 548 5561 .
808 5547 810 5549 .

371 5522 570 5647 {ubi};
611 5575 698 5648 hic
744 5547 996 5648 prologus
1037 5576 1179 5632 circa
1207 5576 1401 5648 quinti
1453 5575 1636 5632 seculi
1684 5575 1896 5632 initium

272 5646 545 5718 scriptus
568 5646 852 5718 editosque
873 5646 1142 5717 credatur,
1166 5646 1294 5703 illud
1315 5648 1552 5703 maxime
1576 5654 1742 5715 Vetat,
1755 5647 1897 5717 quod

273 5735 374 5780 ex
409 5715 608 5790 Gelasii
637 5715 856 5774 decreto
884 5718 953 5774 de
1001 5715 1150 5775 libris
1173 5720 1520 5790 iapocrypltis
1551 5715 1805 5774 nonnulla
1843 5722 1898 5774 in

276 5804 440 5852 eum
470 5789 708 5848 traducta
753 5792 1115 5846 Inveniantur.
1157 5789 1799 5848 Conier’observationes
1839 5790 1897 5849 in

280 5865 456 5931 hanc
478 5861 914 5926 dissertationem
939 5876 1062 5924 can.
1084 5863 1141 5930 2.
1172 5877 1229 5921 η.
1258 5861 1322 5931 5.
1346 5862 1440 5922 ubi
1466 5862 1742 5935 Quesltelti
1769 5877 1870 5928 seu
1927 5901 1975 5923 «ς
2011 5861 2024 5865 ⁷
2059 5927 2067 5933 ,

581 5955 877 6026 ῬΔτιιυι..
917 5959 1054 6034 LVI

784 6093 816 6106 ο
845 6097 850 6102 .
869 6087 955 6103 ...ἀεί

2000 4879 2031 4918 a
2058 4861 2350 4932 Quesnello
2378 4856 2746 4930 proferuntur,
2771 4856 2956 4912 inanes
2984 4871 3105 4912 esse
3133 4857 3359 4927 quisque
3381 4858 3592 4927 perspi-

2001 4936 2128 4991 ciet.
2909 4938 2920 4944 ”

2074 5006 2154 5079 (d)
2193 5005 2380 5079 Nullos
2417 5001 2632 5079 quidem
2663 4999 2798 5055 alios
2817 5013 3081 5079 __canon_es
3118 5005 3318 5079 praeter
3343 4997 3590 5079 Nicaenos

2002 5085 2057 5134 et
2081 5069 2451 5134 'S'ardicenses'
2475 5075 2770 5128 liomanam
2816 5071 3113 5128 Ecclesiam
3143 5069 3272 5124 olim
3320 5071 3590 5135 recepisse

2002 5163 2111 5205 non
2160 5151 2332 5203 solum
2376 5160 2546 5216 usque
2581 5144 2649 5199 ad
2689 5141 2984 5216 Innocentii
3029 5150 3083 5216 et
3120 5139 3320 5216 Zosimi
3334 5148 3588 5216 aetatem,

2003 5221 2100 5277 sed
2129 5219 2328 5275 diutius
2374 5210 2534 5273 etiam
2590 5222 2804 5286 postea,
2854 5210 3198 5286 probavimus
3239 5213 3291 5266 in
3334 5211 3590 5286 Tractnttt

2002 5301 2231 5363 partui,
2254 5291 2389 5363 c._l.
2417 5291 2486 5343 At
2520 5283 3340 5363 lfiictenorum“versiondiversa
3370 5294 3493 5363 erat
3524 5285 3592 5339 ab

2001 5351 2066 5419 ea
2089 5351 2286 5432 qum'in
2314 5360 2414 5415 hac
2452 5358 2770 5432 collectione
2811 5369 2839 5406 a
2870 5352 3160 5432 Quesnello
3185 5351 3594 5432 edita_contine:

2003 5423 2120 5498 tur,
2146 5441 2204 5488 ut
2232 5432 2579 5489 ostendemus
2597 5429 2650 5482 in
2673 5423 3143 5481 ouervationibus
3170 5438 3292 5493 cap.
3328 5425 3352 5478 I
3386 5439 3534 5480 num.
3557 5424 3594 5479 2

2004 5520 2068 5562 ac
2094 5505 2148 5562 5.

2075 5576 2146 5649 (θ)
2177 5576 2254 5649 De
2282 5573 2383 5629 hac
2411 5581 2468 5628 et
2504 5572 2570 5649 de
2611 5567 2958 5649 sequentibus
2999 5565 3198 5649 codicis
3231 5567 3468 5649 ’βοωευί
3499 5584 3596 5649 ae-

2005 5638 2342 5704 cessionibus
2391 5659 2486 5699 seu
2535 5639 2804 5703 uitalibus,
2835 5652 2968 5706 quas
3014 5638 3334 5706 Quesnellus
3367 5641 3596 5694 commi-

2005 5655 2342 5704 cessionibus
2391 5659 2486 5699 seu
2535 5655 2804 5703 tctauuus,
2835 5655 2968 5763 quas
3014 5655 3334 5706 uuesneuus
3367 5655 3596 5694 commt-

2005 5719 2251 5783 niscitur.
2282 5715 2412 5772 satis
2442 5715 2676 5769 diximus
2702 5721 2814 5767 not.
2883 5747 2898 5764 .
2946 5709 3222 5783 QtLaedam
3248 5709 3598 5768 nihilominus

2007 5781 2296 5865 peculiaria
2326 5787 2378 5844 in
2403 5787 2545 5844 notis
2572 5783 2921 5856 sequentibus
2945 5781 3351 5840 observabimus

3197 5944 3278 6015 29
