3998 6346
702 333 1010 396 DISSERT.
1050 331 1148 394 xu
1186 328 1592 408 QUBSNELLI.
1632 334 1723 392 ns
1761 333 1859 392 ρο]

1972 327 2012 394 Ε
2051 328 2384 393 εΑΝοΝυκ
2423 328 3140 426 ECCLESIASTICORUM.

3459 340 3567 402 910

273 447 576 528 lnnocentij
620 450 838 508 decreta
854 451 928 528 _in
955 449 1194 528 codicem
1231 457 1364 505 tunc
1399 448 1656 528 tempatis
1699 451 1864 508 relata
1893 455 1948 513 Α
1971 452 2197 528 sunt_(a)
2225 450 2460 528 Nicginis
2479 453 2798 528 canonibns,
2824 471 2954 525 quas
2973 465 3254 513 memorato
3277 461 3563 528 suscipiens

273 528 449 586 erant,
481 521 676 576 saltem
701 529 825 576 ante
846 520 1342 592 Chalcedonensem
1365 520 1650 592 synodum.

273 592 565 662 admodum
595 607 661 647 ex
702 593 902 647 codicis
943 593 1130 648 ordine
1159 591 1529 662 dignoscitur?
1567 592 1674 646 Soli
1705 592 1863 648 vide-

273 659 400 718 licet
425 676 661 736 canones
689 664 1179 736 Νῑοωηῑθθείγελι
1207 659 1301 731 pro
1330 661 1557 718 Niczenis
1589 663 1775 730 habiti,
1805 673 1864 720 ut

273 747 382 789 non
413 733 584 789 semel
607 735 860 802 diximus,
888 733 1328 803 prejudiciorum
1359 735 1861 804 orilinationiimque

272 805 763 876 ecclesiasticarum
795 806 976 876 regula
1010 806 1341 876 habebantur
1379 804 1673 876 lniiocentii
1704 815 1861 862 :etate

272 875 328 930 in
369 875 605 930 Ecclesia
641 873 900 936 Romana.
947 877 1036 931 llis
1081 873 1424 945 postmodum
1466 875 1672 947 adjecta
1706 877 1863 932 Inno-

271 947 433 1002 centii
466 946 702 1014 decreta,
748 964 866 1018 qua:
909 948 1281 1004 conmentarii
1330 947 1445 1003 vice
1479 946 1661 1004 essent
1700 964 1862 1004 cano-

271 1019 432 1088 nibus
474 1018 854 1088 intelligendis.
898 1019 1031 1073 Tum
1070 1020 1170 1074 hoc
1213 1020 1462 1086 exemplo
1491 1020 1650 1074 etiam
1685 1019 1860 1076 Siricii

271 1086 588 1145 Innoi-entio
610 1086 930 1158 antiquioris
958 1090 1174 1146 decreta
1202 1091 1254 1144 in
1285 1089 1527 1145 codicem
1554 1090 1820 1159 conjecta.

346 1160 517 1216 Porro
546 1176 653 1216 non
675 1163 793 1216 sine
824 1161 1200 1216 observatione
1229 1165 1698 1216 commemoranda
1734 1172 1862 1218 sunt

270 1245 302 1286 a
341 1233 498 1288 nobis
537 1231 735 1288 Leonis
761 1233 922 1288 verba
955 1233 1200 1301 superius
1229 1233 1496 1302 descripta
1525 1250 1538 1286 :
1569 1232 1860 1288 Decretalia

269 1304 638 1359 constituta....
678 1319 792 1374 quia
817 1304 879 1358 de
907 1304 1264 1374 ecclesiasticis
1303 1302 1566 1374 ordinibus
1609 1313 1655 1357 et
1704 1321 1860 1358 cano-

271 1389 394 1446 num
420 1375 746 1446 promulgata
767 1383 884 1430 sunt
913 1373 1199 1446 disciplinis
1218 1390 1237 1429 :
1257 1389 1377 1445 qum
1403 1373 1615 1446 quidem
1643 1390 1671 1427 a
1703 1376 1860 1432 nobis

273 1443 568 1514 integritati
591 1443 704 1500 suae
731 1452 857 1500 sunt
888 1443 1112 1509 reddita,
1142 1443 1448 1511 cum—prius
1480 1445 1744 1515 legeretur
1775 1463 1863 1500 or-

273 1517 457 1571 dinata
492 1530 592 1586 pro
611 1518 956 1586 promulgata.
982 1517 1061 1571 Ae
1086 1517 1259 1582 primo
1296 1530 1398 1570 vox
1432 1517 1723 1586 constituta,
1755 1533 1858 1586 qua

271 1585 503 1660 decreta
530 1585 750 1643 suorum
782 1585 1238 1660 praedecessorum
1256 1587 1492 1660 _indicat_
1509 1585 1621 1660 Leo
1650 1585 1856 1655 noster,

271 1659 464 1714 eadem
494 1656 799 1727 usurpatur
815 1659 868 1712 in
911 1657 1066 1713 titulo
1095 1658 1297 1714 codicis
1328 1657 1494 1711 nostri
1525 1673 1538 1710 :
1573 1656 1860 1712 Constituto

269 1730 408 1784 sedis
449 1731 744 1798 apostolica:
768 1744 788 1784 :
819 1738 876 1784 ut
911 1730 996 1784 vel
1027 1730 1152 1784 liine
1180 1729 1442 1798 suspicari
1475 1728 1631 1783 liceat
1657 1729 1858 1784 indica-

271 1809 388 1858 tum
415 1815 446 1854 a
467 1800 646 1856 Leone
671 1801 918 1856 eumdem
942 1799 1203 1856 codicem.

340 1845 1606 1944 ἓὲὀῖξίῑηῑεῖςῑ;;;δῡιῑι·ιῑ;ῐῑῑι’νίάεωτειίεηι
1891 1845 1942 1909 ⁸

269 1942 420 2014 leges
448 1942 665 1998 easdem
694 1942 1091 1999 ecclesiasticas
1116 1943 1264 2013 prius
1289 1945 1357 1996 ad
1387 1942 1622 2013 singulos
1649 1944 1858 2013 episco-

269 2013 372 2086 pos
401 2013 808 2084 longinquarum
843 2016 1122 2084 regionum
1152 2015 1401 2082 scriptas,
1435 2013 1772 2086 postmodum
1801 2018 1854 2070 in

269 2084 544 2169 publicum
585 2086 1015 2168 constitutorum
1037 2084 1695 2169 pontificioilim'codicsm
1728 2101 1858 2169 cou-

266 2155 441 2228 ἰθείας
466 2171 584 2212 esse
610 2172 624 2211 :
649 2172 759 2228 quo
783 2157 834 2211 in
856 2155 1040 2214 earum
1063 2158 1303 2228 omnium
1328 2155 1692 2228 Ecclesiarum
1721 2160 1857 2213 tiOli-

271 2227 404 2282 tiam
427 2227 692 2293 venirent,
722 2243 844 2300 qua:
866 2228 1044 2300 legem
1074 2227 1375 2300 disciplinae
1396 2229 1465 2284 ab
1495 2227 1730 2284 Ecclesia
1754 2227 1861 2283 Ro-

269 2313 432 2370 mana
457 2297 762 2364 sumebant}
793 2299 940 2354 velut
967 2298 1031 2353 ad
1065 2300 1182 2368 ejus
1210 2297 1472 2370 synodum
1506 2302 1854 2366 pertinentes.

268 2368 444 2440 Hujus
464 2381 610 2427 certe
632 2373 780 2426 vocis
810 2370 1223 2440 explicationem
1242 2368 1496 2440 pluribus
1519 2373 1861 2440 prosequitur

267 2437 596 2497 Hincmarus
643 2437 924 2497 Rcmensis
971 2442 1025 2496 in
1071 2437 1331 2509 opusculo
1375 2437 1740 2510 Capit'ulomi'n
1787 2444 1860 2498 55

271 2513 532 2568 adversus
549 2513 893 2568 llincmarum
911 2512 1343 2577 Laudunensem,
1359 2513 1445 2581 qui
1463 2527 1525 2566 ex
1548 2511 1858 2580 pontificum

269 2583 515 2668 epistolis
541 2584 692 2666 plura
715 2584 1263 2668 diglibaverat.quibus
1292 2585 1564 2668 probaret.
1586 2585 1855 2668 neminem

269 2653 340 2710 iis
361 2655 718 2711 obedientiam
738 2655 854 2710 sine
879 2655 1198 2711 temeritatis
1217 2663 1340 2707 nota
1359 2668 1516 2720 pos~e
1535 2654 1858 2721 detrectare,

268 2735 433 2797 atque
455 2726 590 2782 adeo
617 2726 934 2781 Remensem
959 2725 1244 2796 prtesulem
1269 2725 1428 2794 hujus
1443 2725 1686 2797 criminis
1706 2742 1857 2781 reutn

271 2795 903 2865 traduceret.0perosins
937 2797 1094 2864 igitur
1118 2796 1335 2866 inquirit
1364 2798 1462 2850 iste
1493 2796 1544 2849 in
1570 2795 1715 2850 vocis
1736 2806 1857 2866 ety-

269 2882 422 2935 mon,
453 2868 764 2938 collatisque
787 2877 1030 2923 veterum
1067 2881 1130 2922 ea
1162 2865 1229 2921 de
1258 2881 1315 2920 rc
1348 2866 1654 2932 sententiis,
1686 2885 1704 2917 ι
1740 2865 1862 2938 pro-

270 2941 470 3012 mutgo,
492 2939 698 3012 scribit,
713 2939 784 3012 ita
811 2939 940 3012 dici,
953 2939 1114 3012 quasi
1126 2940 1494 3012 promovulgo,
1511 2938 1623 3012 sive
1638 2938 1859 3012 primum

269 3009 324 3081 in
345 3007 523 3081 vulgus
549 3011 664 3064 edo.
684 3010 854 3073 Unde,
875 3007 1067 3079 inquit,
1083 3007 1277 3081 Paulus
1307 3008 1360 3062 in
1378 3007 1579 3065 Glossis
1599 3009 1710 3063 suis
1731 3011 1861 3065 dicit

271 3080 378 3152 hoc
402 3079 561 3136 modo
587 3099 601 3134 :
628 3082 959 3152 Promulgari
986 3081 1130 3150 leges
1159 3079 1568 3152 dicuntur,cum
1594 3081 1645 3133 in
1669 3081 1858 3150 vulgus

271 3151 598 3222 eduntur....
639 3151 872 3207 Isidorus
910 3166 1141 3222 quoque,
1186 3158 1243 3204 ut
1289 3153 1401 3220 ipse
1449 3151 1595 3214 dicit,
1641 3159 1860 3206 auctore

271 3221 454 3279 Tullio
475 3224 724 3294 exposuit
752 3220 940 3278 dicens
962 3241 974 3274 :
999 3220 1393 3294 Promulgatum
1421 3232 1493 3276 cst
1516 3223 1656 3293 foras
1687 3223 1862 3292 prola-

272 3302 422 3361 tum;
459 3303 510 3347 ut
546 3293 633 3349 lea:
664 3295 853 3348 dicitur
882 3293 1243 3364 promulgata;
1282 3295 1659 3364 promulgatum
1688 3305 1857 3348 autem

271 3367 342 3419 ad
384 3368 611 3420 omnium
637 3363 950 3420 notitiant’et
987 3365 1140 3418 totius
1175 3365 1310 3434 vulgi
1357 3363 1667 3418 intiniatum.
1695 3363 1859 3420 Diffe-

272 3439 505 3493 renti'am
531 3451 662 3492 vero
689 3451 902 3503 sensus,
947 3435 1096 3490 addit
1131 3435 1472 3500 llincinarus,
1519 3437 1658 3490 inter
1685 3437 1855 3489 divul-

309 3518 397 3561 ala
425 3517 479 3562 et
509 3506 818 3578 provulgata
847 3521 940 3562 seu
965 3507 1298 3578 promulgata
1338 3506 1707 3578 enucleaimes
1735 3522 1859 3563 ver-

351 3595 467 3634 rum
508 3577 646 3633 banc
674 3579 960 3633 voluerunt
987 3592 1129 3645 esse,
1163 3588 1223 3632 ut
1251 3577 1512 3648 divulgata
1545 3577 1860 3647 simpliciter

273 3658 481 3706 tantum
507 3649 752 3705 dicantur
773 3650 838 3703 ad
870 3649 1110 3720 notitiam
1139 3648 1377 3720 omnium
1400 3652 1676 3720 propalata
1699 3666 1714 3714 ;
1737 3667 1859 3720 pro-

274 3721 482 3793 tmlgata
520 3737 651 3776 vero
691 3722 774 3776 vel
807 3719 1154 3793 promulgata,
1199 3717 1266 3774 ad
1295 3717 1860 3793 conservandum—de-

275 3791 447 3857 creta,
490 3801 543 3847 ct
571 3793 626 3848 in
656 3794 894 3847 omnium
936 3791 1202 3858 notitiam,
1237 3801 1294 3845 ut
1337 3791 1426 3846 illa
1464 3792 1579 3846 sine
1617 3793 1856 3863 refraga-

276 3864 422 3918 tione
451 3873 793 3929 conservent,
824 3863 1140 3933 deprompta
1173 3863 1556 3933 intelligantur.
1595 3883 1612 3915 i
1653 3865 1734 3916 lix
1775 3863 1858 3919 bis

277 3934 627 4004 intelligimus
653 3946 708 3990 et
733 3951 849 4004 quae
876 3935 1168 3990 necessitas
1194 3933 1293 3988 fuit
1319 3935 1611 4004 reponendi
1640 3934 1693 3988 in
1721 3934 1859 3991 Leo-

275 4007 331 4061 ni
343 4025 362 4059 ς
381 4017 522 4061 textu
537 4020 718 4062 vocem
738 4007 1086 4077 promulgata,
1099 4018 1225 4060 etea
1239 4006 1394 4061 nobis
1410 4009 1703 4061 ltomanum
1717 4007 1860 4066 codi-

276 4091 393 4132 cem
423 4093 685 4132 caniinum
710 4089 763 4130 et
782 4079 1192 4132 constitutorum
1220 4093 1330 4132 nou
1359 4077 1586 4133 obscure
1607 4077 1855 4136 indicari.

348 4149 603 4219 Eatndem
640 4148 841 4203 codicis
874 4158 1076 4217 partem
1110 4157 1358 4203 testatam
1392 4150 1553 4204 etiam
1593 4151 1716 4203 l‘acit
1745 4151 1859 4219 epi-

276 4220 414 4292 stola
447 4217 479 4274 6
506 4221 663 4292 (nunc
703 4220 754 4285 1,
803 4221 870 4273 ad
915 4220 1286 4292 Aquileiensem
1328 4221 1580 4290 episcop.)
1618 4217 1858 4288 ejusdem

275 4287 474 4346 Leonis
504 4287 694 4360 nostri,
728 4300 841 4346 tum
869 4287 988 4360 cap'.
1024 4293 1075 4356 1,
1110 4290 1198 4346 ubi
1230 4287 1364 4345 duas
1393 4298 1571 4360 partes
1595 4331 1610 4357 ,
1642 4287 1705 4346 ex
1738 4293 1858 4361 qni-

274 4361 379 4418 hus
406 4361 680 4429 coalescit,
706 4362 985 4430 indigitare
1008 4362 1214 4417 videtur
1239 4363 1319 4416 his
1349 4362 1527 4417 verbis
1553 4379 1566 4415 :
1595 4363 1740 4428 Quod
1771 4381 1859 4432 per

277 4437 635 4490 auctoritatem
689 4449 940 4487 canonum
996 4436 1411 4503 decretorumque
1465 4443 1752 4487 nostrorum
1801 4451 1860 4488 nc

275 4504 559 4575 insontibus
597 4505 800 4575 quidem
838 4505 1170 4571 conceditur;
1212 4513 1324 4559 tum
1365 4519 1483 4573 cap.
1526 4505 1582 4569 2,
1622 4505 1715 4559 ubi
1747 4506 1861 4559 haec

275 4574 443 4648 liabet
471 4596 484 4648 ξ
523 4574 710 4630 omnia
739 4575 939 4630 decreta
968 4576 1264 4648 synodalia,
1315 4592 1428 4645 qua:
1455 4576 1524 4628 ad
1553 4576 1858 4630 excisionem

275 4643 434 4720 liujus
463 4647 708 4703 hereseos
734 4643 1183 4720 apostolictizgsedis
1209 4643 1526 4720 can/irritavit
1544 4649 1851 4720 auctoritas.

276 4715 408 4776 Huc
435 4720 578 4775 enim
624 4735 688 4774 ex
719 4715 824 4773 illis
851 4733 972 4774 sunt
1014 4718 1081 4774 de
1111 4720 1302 4788 quibus
1339 4719 1389 4772 in
1425 4715 1736 4787 praefatione
1765 4733 1856 4773 co-

275 4787 416 4848 dicis
444 4791 514 4847 ita
553 4790 778 4862 legimus
813 4807 826 4844 :
866 4789 1007 4845 Nam
1032 4800 1080 4844 et
1111 4787 1370 4844 nonnullae
1397 4791 1590 4860 regulis
1617 4789 1859 4846 subnexa:

1676 533 1864 590 quem-
1893 559 1902 566 .
1919 557 1932 567 .

1885 4610 1939 4671 D

1972 523 2288 590 conﬁrmavit
2313 523 2563 590 Ecclesia,
2589 523 3073 586 Romana—scilicet.
3108 529 3231 584 llaec
3253 523 3562 588 etiuin'sunt

1970 592 2195 666 decreta
2239 596 2828 666 sytiodaliaﬂAfricatia,
2859 600 2928 656 de
2966 601 3159 666 quibus
3198 603 3275 656 sic
3321 602 3562 663 prela-tio

1971 665 2365 743 sententiarum
2401 669 2468 722 de
2511 665 2688 724 Gratia
2731 684 2888 732 ειη-ΠΙ
2922 689 2934 724 :
2975 665 3054 724 Ita
3085 682 3139 725 ut
3167 674 3321 726 etiam
3348 674 3559 743 Africa.

1971 747 2150 789 narum
2181 738 2514 815 conciliorum
2537 743 2784 808 quasdam
2814 748 3087 796 sententias
3113 738 3560 815 subjungercntus,

1969 822 2101 881 quas
2119 809 2290 876 u'ique
2303 809 2462 878 700
2480 827 2597 861 suns
2617 817 2839 878 foverunt
2864 815 3135 881 apostolici
3160 809 3411 869 antistites
3435 809 3561 872 dimi

1971 880 2280 946 probarunt;
2306 894 2356 932 et.
2385 897 2502 944 cap.
2537 881 2568 934 7
2597 898 2611 936 :
2643 883 2666 934 Ι
2675 885 2785 936 llud
2815 880 2989 949 etiam,
3018 889 3152 950 quod
3182 886 3318 939 intra
3341 886 3563 941 Cartha—

1969 949 2192 1028 gincnsis
2215 951 2397 1028 synodi
2419 953 2617 1028 decreta
2639 955 2971 1028 constitutum
2999 949 3093 1022 est,
3115 958 3263 1024 quasi
3289 960 3558 1028 proprium

1969 1021 2268 1099 apostolicus
2288 1022 2422 1099 sedis
2443 1025 2815 1099 amplectimur.
2845 1027 2968 1081 Hac
2996 1021 3138 1099 enim
3171 1021 3410 1092 decreta,
3435 1045 3558 1099 quae

1969 1092 2261 1159 aptistoliCi
2296 1093 2474 1158 sedes,
2507 1097 2950 1160 quetnadiiioilutn
2983 1113 3045 1151 ett
3078 1098 3256 1153 citatis
3285 1092 3559 1154 modo-te-

1969 1162 2236 1216 stimoniis
2275 1173 2438 1231 patet,
2484 1167 2722 1236 suscepit,
2775 1169 3114 1233 conﬁrmavit,
3165 1172 3416 1236 probarit,
3459 1186 3556 1225 sua

1967 1236 2108 1302 fecit,
2142 1239 2286 1302 quasi
2319 1234 2527 1302 propria
2558 1251 2640 1288 ain
2682 1237 2793 1289 laxa
2821 1249 2916 1305 est,
2961 1254 3020 1291 ac
3058 1234 3248 1304 regulis
3285 1234 3408 1294 suis
3431 1242 3554 1294 sub-

1968 1305 2162 1370 nexuit,
2209 1307 2456 1360 videntur
2492 1311 2708 1360 omnino
2747 1309 2798 1362 in
2829 1308 3066 1363 codicem
3097 1310 3393 1364 Romanum
3424 1326 3559 1366 eou-

1963 1373 2128 1452 jecta,
2155 1376 2246 1452 qui
2271 1376 2598 1452 instruendzs
2622 1378 3001 1452 ecclesiasticis
3017 1380 3258 1449 judiciis,
3279 1385 3554 1452 sacrisque

1967 1445 2406 1502 admlni~trandis
2438 1447 2791 1506 inserviebat.

2041 1516 2316 1587 anliceiu
2348 1519 2490 1573 enim
2540 1521 2858 1586 scriptorum
2899 1521 3041 1576 sedis
3082 1524 3390 1589 apostolica;
3416 1524 3556 1581 clas-

1966 1601 2105 1676 sem,
2139 1591 2191 1644 ni
2229 1591 2406 1676 fallor,
2438 1591 2832 1676 animadverto,
2860 1591 3162 1676 duplexque
3192 1597 3466 1676 archivuip
3495 1595 3549 1650 in

1967 1673 2074 1729 quo
2099 1670 2438 1715 monumenta
2462 1661 2820 1716 ecclesiastica
2838 1666 2975 1732 apud
2996 1667 3178 1717 sedem
3200 1661 3548 1723 anastnliéam

1967 1744 2331 1786 servarentur.
2381 1732 2552 1786 Unu-ii
2595 1733 2662 1786 de
2703 1749 2808 1802 quo
2849 1734 2950 1788 sub
2986 1735 3290 1788 scriniorum
3335 1738 3552 1793 nomine

1967 1815 2114 1874 saepe
2144 1804 2465 1874 mentionem
2496 1802 2696 1858 faciunt
2726 1805 3018 1870 scriptores
3037 1808 3242 1874 antiqui
3263 1823 3278 1870 ;
3302 1808 3551 1873 alterum,

1965 1872 2110 1941 quiid
2162 1872 2332 1928 Codex:
2381 1890 2633 1928 canonum
2674 1885 2721 1928 et
2751 1878 3144 1930 constitutorum
3172 1872 3308 1930 sedis
3347 1872 3557 1942 aposto-

1964 1943 2077 2015 lica:
2119 1956 2478 2015 nuncupatum
2527 1946 2741 2014 legitur.
2788 1946 3084 2015 Utrumque
3124 1963 3188 2002 ex
3233 1949 3460 2012 Imperio
3499 1950 3552 2004 in

1964 2013 2257 2070 Eccle~iam
2287 2013 2639 2079 translatum;
2675 2030 2731 2071 ut
2774 2028 2828 2073 et
2857 2021 2976 2072 alia.-
2999 2013 3143 2084 pene
3169 2034 3356 2074 omnes
3376 2021 3554 2074 el‘Cle-

1965 2085 2194 2141 siastica:
2222 2104 2380 2143 voces
2407 2105 2419 2141 :
2449 2091 2590 2143 unde
2613 2085 2791 2142 Codex
2817 2088 3226 2144 Theoilosiinus
3251 2109 3266 2144 :
3291 2103 3345 2144 ct
3368 2091 3418 2144 in
3445 2090 3552 2145 Νο-

1969 2157 2080 2228 titia
2116 2159 2325 2228 imperii
2357 2159 2549 2214 scrinia
2583 2161 2951 2227 epistolaruin,
2989 2159 3318 2226 libellorum,
3361 2170 3416 2215 et
3447 2163 3548 2217 alia

1968 2227 2140 2298 plura,
2194 2227 2585 2298 priiniceriique
2638 2230 2959 2285 scriniorum
3003 2232 3344 2298 multiplices.
3391 2233 3548 2288 Aliud

1965 2297 2125 2372 igitur
2158 2303 2351 2354 scrinia
2390 2297 2523 2354 sedis
2566 2302 2875 2372 apostolicae,
2915 2302 3062 2357 aliud
3102 2297 3273 2356 Codex
3303 2302 3553 2358 Romana:

2016 2373 2230 2443 cclesiw.
2263 2373 2317 2426 In
2350 2373 2435 2425 illa
2465 2373 2850 2442 conjiciebatur
2878 2373 3133 2443 quidquid
3167 2374 3458 2428 litterarum
3484 2389 3552 2430 ex

1965 2442 2126 2496 variis
2156 2443 2304 2497 orbis
2337 2443 2573 2512 partibus
2608 2445 2671 2496 ad
2718 2442 3062 2511 apostolicam
3092 2443 3274 2499 sedem
3307 2444 3550 2500 contine-

1966 2512 2077 2573 bat,
2111 2521 2168 2568 et
2205 2514 2460 2583 quidquid
2492 2521 2732 2568 actorum
2764 2515 3349 2584 instruitientorumque
3378 2516 3550 2572 eccle-

1965 2583 2301 2639 siasticarum
2335 2585 2657 2639 servandum
2689 2599 2811 2640 esse
2837 2585 3204 2640 testimabatur
3232 2583 3298 2639 ab
3338 2595 3553 2654 aposto-

1965 2654 2066 2726 lica
2099 2657 2246 2718 sede,
2275 2656 2421 2710 illinc
2443 2671 2540 2725 pro
2562 2655 2682 2710 data
2709 2660 2990 2710 occasione
3011 2656 3453 2726 depromenilum.
3472 2657 3550 2713 lia

1966 2723 2079 2781 Leo
2107 2737 2289 2782 no»ter
2317 2723 2580 2781 memorat
2611 2726 2894 2795 epistolam
2924 2723 3094 2782 sancti
3117 2727 3300 2797 (lyrilli
3326 2733 3391 2780 ait
3422 2728 3553 2784 Nes-

1951 2797 2162 2851 ‘lorium
2193 2813 2212 2850 :
2244 2798 2430 2862 Quam,
2467 2797 2657 2867 inquit,
2686 2798 2749 2851 ab
2779 2813 2837 2850 eo
2868 2800 3076 2851 missam
3102 2800 3397 2862 apostolica!
3416 2801 3552 2854 sedis

1965 2869 2160 2922 scrinia
2189 2879 2549 2938 susceperunt;
2575 2881 2621 2923 et
2657 2870 2712 2922 in
2733 2883 2821 2932 ep.
2843 2868 2913 2922 92
2945 2869 3127 2938 (Nunc
3157 2869 3279 2935 119)
3303 2869 3368 2922 ad
3392 2867 3555 2924 Maxi-

1964 2951 2110 2992 mum
2144 2942 2395 2994 Antioch.
2429 2940 2587 2994 aliam
2629 2938 2870 3007 ejusdem
2900 2939 3027 2992 citat
3056 2939 3362 3008 epistolam,
3395 2955 3553 3008 quam

1965 3009 2019 3061 in
2045 3020 2232 3068 nostra.
2283 3009 2474 3079 inquit,
2517 3012 2716 3064 scrinio
2753 3011 3052 3077 requisitam
3082 3027 3176 3064 nos
3207 3009 3553 3063 authenticam

1966 3083 2167 3153 noveris
2203 3080 2690 3153 reperisse..(b)iln
2730 3081 2970 3136 codicem
3015 3096 3140 3136 vero
3180 3080 3552 3136 reterebantur

1963 3165 2085 3275 quae
2105 3151 2170 3235 ad
2201 3151 2562 3221 quotidianam
2590 3152 2950 3234 Ecclesiarum
2973 3153 3308 3234 disciplinam
3327 3165 3550 3207 servan-

1888 3219 1936 3284 C
2002 3237 2109 3284 am.
2143 3239 2338 3284 iusque
2369 3223 2650 3278 dicendum
2701 3239 2757 3277 in
2799 3224 3176 3279 ecclesi.isticis
3205 3223 3367 3277 rebus
3391 3238 3550 3278 assu-

2002 3237 2109 3287 am,
2143 3223 2338 3292 jusque
2369 3223 2650 3278 dicendum
2701 3225 2757 3277 in
2799 3223 3176 3279 ecclesi.isticis
3205 3223 3367 3277 rebus
3391 3238 3552 3278 assu-

1967 3297 2158 3349 menda
2184 3303 2358 3361 erant,
2384 3295 2473 3349 vel
2493 3309 2558 3351 ea
2585 3310 2702 3364 quae
2731 3294 2796 3348 ad
2820 3295 2944 3350 ﬁdei
2973 3295 3431 3349 conﬁrmationem
3455 3309 3554 3350 seu

1964 3366 2164 3436 scripta
2195 3367 2264 3420 ab
2294 3369 2582 3436 episcopis,
2616 3381 2712 3420 seu
2741 3368 2945 3420 sancita
2974 3377 3128 3421 erant
3166 3366 3236 3421 ab
3264 3365 3554 3434 imperato-

1963 3435 2113 3491 ribus
2134 3435 2392 3492 adversus
2423 3437 2730 3492 baretieos.
2773 3436 2936 3491 Primi
2968 3437 3182 3506 generis
3217 3442 3344 3490 sunt
3368 3439 3420 3491 in
3448 3450 3550 3492 no-

1964 3516 2079 3562 stro
2110 3509 2295 3562 codice
2323 3523 2556 3562 canones
2577 3508 2926 3562 conciliorum
2949 3516 3006 3562 et
3026 3507 3390 3562 Romanorum
3419 3521 3554 3576 pon-

1965 3578 2164 3633 tilicuin
2195 3579 2445 3645 decreta;
2469 3579 2691 3634 alterius
2718 3579 2882 3633 libelli
2907 3577 3028 3633 Iidei
3049 3593 3079 3632 a
3100 3578 3234 3633 sede
3258 3579 3550 3648 apostolica

1963 3650 2199 3731 suscepti
2229 3660 2286 3705 et
2316 3651 2548 3731 probati,
2593 3650 3082 3731 imperatorumque
3122 3650 3298 3731 edicta
3341 3661 3401 3731 et
3423 3664 3552 3731 con-

1965 3719 2295 3776 stitutiones.
2320 3719 2414 3774 ’Ea
2453 3723 2663 3776 ratione
2707 3719 3017 3788 pontiﬁcum
3057 3721 3300 3788 epistola:
3338 3719 3403 3774 ad
3437 3719 3548 3787 pri-

1965 3801 2116 3846 vatas
2157 3803 2474 3862 exterasque
2517 3793 2784 3846 Ecclesias
2819 3791 3017 3858 missae,
3060 3807 3157 3860 per
3187 3791 3455 3846 Ecclesias
3482 3791 3550 3846 ad

1964 3863 2148 3918 sedem
2206 3861 2554 3933 apostolicam
2602 3865 2930 3933 pertinentes
2980 3863 3144 3916 robur
3206 3861 3554 3932 acquirebant

1966 3944 2128 4005 atque
2153 3934 2434 3990 obediendi
2461 3934 2766 3989 indicebant
2792 3934 3167 3989 necessitatem
3185 3972 3202 3997 ,
3232 3949 3352 3987 cum
3373 3947 3406 3988 e
3443 3934 3553 4000 pri-

1967 4005 2104 4062 vatis
2147 4005 2359 4061 scriniis
2390 4007 2444 4061 in
2480 4007 2750 4075 publicum
2785 4006 3028 4061 codicem
3067 4007 3275 4060 eductae
3314 4005 3554 4075 promul-

1965 4078 2083 4148 gari
2108 4091 2171 4133 ac
2196 4092 2292 4146 pro
2313 4074 2567 4133 decretali
2593 4080 2883 4133 constituto
2909 4076 3095 4131 haberi
3118 4085 3412 4143 coeperant.
3436 4074 3553 4130 Cat-

1969 4157 2084 4205 tera
2113 4151 2310 4218 scripta
2343 4149 2579 4219 quandiu
2610 4150 2734 4204 inde
2771 4164 2878 4203 non
2913 4148 3342 4218 proferebantur,
3375 4148 3552 4216 publi-

1966 4230 2101 4276 caue
2124 4220 2254 4290 legis
2285 4219 2390 4274 vim
2421 4221 2576 4290 701
2616 4221 2815 4275 habere
2854 4219 2961 4273 illic
3000 4235 3106 4290 non
3152 4227 3418 4289 poterant.
3449 4221 3553 4290 Sy-

1966 4289 2191 4346 nodalia'
2211 4305 2374 4358 porro
2404 4289 2776 4346 Africanorum
2801 4291 3041 4356 decreta,
3075 4289 3143 4345 de
3172 4291 3363 4357 quibus
3393 4289 3552 4344 nobis

1967 4376 2146 4418 sermo
2175 4371 2276 4428 est,
2305 4376 2427 4433 cum
2459 4371 2584 4416 ante
2612 4362 2802 4433 synodi
2843 4360 3296 4433 Chalcedonensis
3325 4360 3555 4433 acta_vel

1967 4433 2180 4488 decreta
2210 4433 2387 4488 locum
2412 4429 2719 4486 habeant'in
2741 4432 2947 4497 codice,
2975 4430 3229 4485 indicium
3257 4438 3342 4485 est
3359 4444 3421 4484 ea
3440 4429 3552 4499 jam

1965 4515 2089 4576 ante
2116 4505 2261 4576 illam
2290 4504 2554 4576 synodum
2583 4504 2823 4576 Romana
2851 4503 3066 4576 civitate
3095 4515 3217 4558 esse
3238 4501 3457 4569 donata,
3490 4514 3554 4556 ac

1965 4574 2228 4631 Romana:
2254 4574 2510 4630 Ecclesiae
2529 4575 2639 4644 juri
2669 4575 2957 4629 accensita.

2037 4643 2166 4704 Post
2190 4644 2631 4702 Chalcedonense
2653 4646 2934 4701 concilium
2981 4645 3179 4702 Leonis
3204 4660 3332 4702 cura
3364 4653 3420 4701 et
3448 4645 3556 4700 sol-

1966 4718 2273 4783 licitudine,
2316 4717 2392 4770 uti
2431 4732 2499 4772 ex
2541 4718 2658 4783 ejus
2678 4717 2920 4786 epistolis
2951 4733 3056 4772 non
3077 4717 3242 4773 semel
3269 4717 3556 4782 habemus,

1966 4791 2189 4848 collecta
2220 4787 2378 4859 hujus
2407 4786 2602 4860 synodi
2629 4799 2800 4858 gesta,
2831 4788 2904 4860 (c)
2931 4788 3118 4846 Latine
3145 4787 3374 4856 reddita,
3406 4795 3464 4842 et
3499 4788 3554 4841 in

1313 4953 1869 5012 BALLEBINIORUM
1909 4951 2460 5012 ANNOTA'I'IONES.

278 5055 474 5141 scopos
500 5055 706 5126 Gallia;
714 5055 849 5128 locis
865 5069 1095 5127 laudatis
1117 5069 1616 5141 sermonemt'acere
1645 5071 1711 5124 de
1733 5085 1862 5126 con-

277 5140 644 5199 stitutionibus
666 5158 764 5213 pro
785 5144 1038 5200 Ecclesiis
1060 5141 1310 5212 Hispanis
1327 5151 1379 5196 et
1400 5140 1709 5213 Gallicanis.
1723 5141 1858 5198 Num

279 5213 325 5284 si
358 5213 424 5268 ad
457 5212 938 5284 promulgationem
967 5213 1258 5284 requiritur
1287 5212 1530 5283 publicus
1559 5214 1728 5269 codex
1763 5228 1860 5284 pro

279 5283 541 5355 Ecclesiis
563 5283 966 5351 suburbicariis,
1001 5283 1098 5355 pro
1129 5285 1588 5354 longinquioribus
1616 5300 1720 5340 non
1750 5283 1862 5340 exi-

277 5354 472 5428 getur?
494 5354 592 5428 γει
628 5357 672 5410 si
713 5373 808 5428 pro
838 5354 1349 5428 longe'distautibus
1377 5357 1507 5428 satis
1535 5365 1616 5428 est
1645 5371 1706 5410 ea
1740 5371 1862 5428 pro-

280 5425 542 5496 mulgatio
561 5467 575 5492 ,
604 5425 848 5498 qua’sine
863 5425 1097 5484 editione
1122 5429 1318 5499 publici
1345 5427 1546 5482 codicis
1568 5425 1780 5499 decreta
1803 5427 1859 5480 in

281 5511 653 5570 eas‘regiones
677 5501 850 5570 palam
880 5498 1156 5555 mittantur
1183 5511 1238 5554 et
1267 5499 1320 5554 in
1346 5500 1596 5570 omnium
1619 5498 1859 5570 notitiam

282 5567 654 5640 perferantur;
678 5567 868 5642 'qitidni
899 5573 1037 5625 idem
1068 5571 1266 5627 valebit
1293 5572 1344 5624 in
1373 5569 1630 5624 Ecclesiis
1656 5568 1721 5622 ad
1745 5568 1860 5642 ito-

280 5638 496 5696 inanam
546 5638 808 5712 synodum
849 5643 1257 5713 pertinentibus,
1310 5643 1375 5696 ad
1411 5657 1556 5713 quas
1588 5638 1864 5713 pontiﬁces

277 5725 384 5787 qua
397 5709 684 5787 constituta
711 5709 1020 5787 plerumque
1037 5730 1068 5768 e
1082 5715 1293 5787 publica
1308 5709 1518 5787 synodo
1530 5709 1864 5782 dirigebant?

278 5779 366 5848 ιι
394 5786 494 5856 liae
513 5779 875 5851 Quesnelliani
904 5779 1196 5840 commenti
1222 5779 1482 5856 particula
1507 5779 1668 5840 totius
1695 5790 1866 5852 syste-

283 5855 450 5912 ηαδ
475 5863 838 5914 commentum
869 5857 1145 5916 sluccscit.

2041 5070 2119 5142 (a)
2147 5069 2298 5127 Sicut
2339 5067 2602 5124 nonnulla:
2629 5068 2824 5139 regulis
2851 5080 2916 5122 ex
2947 5064 3274 5134 putationis
3299 5069 3554 5118 contextu

1969 5141 2214 5199 Nimim
2240 5157 2458 5196 canones
2489 5141 2574 5208 (ut
2616 5139 2924 5196 monuimus
2962 5144 3093 5208 not.
3119 5149 3147 5188 c
3184 5132 3412 5208 βαρεῖα,
3450 5134 3553 5190 col.

1967 5211 2130 5285 906])
2170 5211 2436 5285 indicant;
2478 5205 2554 5266 ita
2585 5226 2692 5266 vox
2735 5210 2972 5285 saltum
3007 5205 3242 5285 refertur
3289 5205 3355 5259 ad
3405 5217 3557 5276 sym-

1966 5277 2148 5359 bolum
2177 5277 2622 5359 _Nic:enurn_,_cui
2674 5281 2878 5359 eaedem
2927 5277 3278 5359 regularuseu
3315 5288 3553 5359 canones

1966 5356 2192 5413 subnexi
2229 5367 2404 5412 erant.
2437 5346 2573 5410 Iule
2611 5366 2740 5423 ergo
2767 5349 3088 5423 Quosnellus
3125 5346 3360 5423 Hicwnis
3389 5361 3551 5423 cano.

1968 5429 2116 5481 nibus
2145 5430 2336 5496 inquit.
2365 5416 2728 5482 Siibstituatiir
2755 5416 2972 5476 Niceno
2998 5417 3252 5492 symbolo,
3279 5425 3336 5474 et
3359 5416 3440 5474 sic
3467 5429 3554 5472 re-

1971 5500 2112 5568 liqua
2143 5497 2538 5568 argumentatio
2561 5502 2867 5550 evanescet.

2048 5568 2122 5640 (b)
2153 5560 2268 5621 Hoc
2314 5579 2482 5622 totum
2528 5581 2652 5640 cum
2680 5563 3030 5640 sequentibus
3054 5575 3261 5617 merum
3294 5569 3376 5616 est
3405 5560 3556 5640 inge:

1972 5628 2181 5694 niosum
2213 5639 2450 5708 quidem,
2483 5636 2578 5691 sed
2609 5651 2715 5708 non
2742 5628 2870 5689 satis
2905 5641 3116 5708 tirmum
3138 5628 3557 5704 systema,qtiod

1971 5726 2038 5768 ex
2063 5706 2398 5766 antecedenti
2432 5721 2545 5762 n0t.
2570 5706 2699 5761 satis
2727 5707 3054 5761 extruditur.

2047 5780 2123 5852 (c)
2143 5781 2254 5835 Leo
2279 5781 2496 5852 quidem
2515 5795 2542 5831 a
2573 5778 2788 5852 Juliano
2815 5778 2966 5852 petiit
2988 5776 3280 5852 epist._H5
3301 5781 3358 5830 ut

1975 5845 2132 5920 gesta
2184 5845 2652 5908 Cbalcedonensia
2704 5845 3090 5905 absolutissirna
3145 5845 3572 5911 mmmam
3671 5933 3679 5943 .
