3998 6346
189 442 300 502 913

618 438 928 498 DISSERT.
970 439 1068 497 Xll
1105 435 1512 509 QUESNELLI.
1554 432 1642 495 DE
1678 434 1927 494 CODICE
1963 436 2296 497 CANONUM
2334 435 3046 500 ECCLESIASTICORUM.

3371 445 3480 501 914

189 571 370 627 gnum,
406 559 631 627 ut‘patet
654 568 717 627 ea:
739 551 1095 627 ejusepistola
1126 552 1197 627 ad
1220 552 1493 627 lulianum
1510 551 1783 627 presbyic-
1809 548 1865 613 Α
1889 549 2006 627 Non
2029 550 2102 607 ita
2130 554 2481 627 censuissent,
2509 552 2668 627 sive]
2700 562 2821 624 post
2845 568 3099 627 excusum
3127 553 3366 627 Dionysii
3384 570 3481 613 co-

188 622 303 682 rum
326 628 380 679 in
402 625 543 679 calce
558 625 679 677 dicti
703 622 930 687 codicis;
968 640 1117 694 queat
1142 625 1389 679 claruisse
1417 622 1781 694 dicitﬂ‘Tritlte-

190 700 326 752 mins
367 698 504 751 circa
539 712 733 767 annum
765 693 989 767 Domini
1018 695 1140 751 550.
1174 696 1376 767 γγεγεὶο
1417 693 1580 767 7M
1620 693 1779 763 hujus

189 770 328 824 sexti
356 768 581 823 canonis
607 765 807 821 Nicaeni
830 766 1017 822 eadem
1040 766 1271 821 omnino’
1289 775 1371 820 est
1407 765 1528 836 qua:
1549 765 1771 832 nostra,

190 852 353 910 atque
382 854 447 894 ex
476 837 637 910 simili
663 840 885 892 omnino
906 839 1092 893 codice
1123 838 1427 910 desumpta.
1447 837 1599 905 Quod
1621 837 1782 910 longe

187 908 393 966 clarius
430 924 495 963 ac
543 908 846 963 distinctius
887 910 1169 979 probatum
1216 908 1477 963 habemus
1516 923 1579 964 ex
1626 908 1781 962 ΑΙηηί

190 983 325 1053 Copi
356 979 719 1053 Londinensis
737 980 954 1051 dialogo
980 998 996 1035 ι
1022 980 1279 1053 adversus
1320 979 1614 1053 Novatores
1654 991 1783 1053 ante

189 1049 410 1110 centum
439 1066 610 1105 annos
638 1052 783 1106 etlizo
818 1071 831 1107 :
865 1049 934 1107 ita
976 1052 1119 1107 enim
1174 1051 1333 1107 habet
1377 1066 1496 1119 cap.
1546 1051 1609 1104 l2
1644 1049 1777 1106 :Ca-

192 1142 296 1179 non
320 1124 412 1179 ille
433 1122 654 1194 (Nicmni
683 1122 919 1192 concilii)
950 1122 1100 1194 vulgo
1126 1133 1319 1188 sextus,
1348 1122 1436 1176 sed
1462 1122 1513 1176 in
1542 1122 1635 1176 hac
1659 1121 1785 1176 Dio-

191 1198 328 1266 nysii
361 1196 779 1264 interpretatione
798 1196 1042 1266 decimus,
1067 1196 1151 1248 cui
1171 1195 1347 1248 titulus
1377 1204 1448 1247 est
1472 1194 1744 1262 inscriptus
1766 1210 1781 1248 :

189 1265 258 1323 de
290 1268 520 1335 primatu
553 1267 806 1320 llomante
826 1265 1082 1321 Ecclesia:
1106 1282 1122 1320 :
1156 1266 1236 1319 Itis
1258 1266 1420 1319 verbis
1440 1266 1746 1336 exprimitur
1763 1280 1782 1319 :

196 1357 217 1391 ι
258 1339 496 1394 Ecclesia
524 1337 760 1391 limnana
789 1351 1005 1407 semper
1027 1336 1215 1391 habuit
1244 1335 1550 1404 primatum.
1575 1335 1781 1391 Teneat

191 1419 375 1464 autem
406 1419 463 1465 et
492 1409 756 1480 [Egyptus
787 1409 965 1479 Libyae
993 1419 1046 1463 et
1081 1408 1435 1480 Pentapolis:
1477 1408 1544 1461 ita
1591 1414 1645 1460 et
1670 1408 1785 1475 epi-

192 1496 394 1550 scopus
432 1478 770 1535 Alexandriae
818 1481 1006 1534 harum
1047 1479 1286 1534 omnium
1318 1478 1510 1534 habeat
1549 1487 1785 1549 patestao

192 1560 301 1608 tem
337 1569 351 1607 :
382 1552 632 1614 quoniam
663 1561 717 1606 ct
740 1552 980 1605 Romano
1003 1550 1256 1619 episcopo
1289 1550 1403 1604 lucc
1429 1560 1512 1605 est
1548 1564 1783 1605 consue-

190 1624 347 1678 tudo.
377 1621 639 1679 Similiter
659 1633 838 1678 autem
870 1632 924 1677 et
953 1624 1041 1691 qui
1063 1623 1117 1675 in
1141 1621 1421 1677 Antiochia
1454 1620 1781 1675 constitutus

190 1706 300 1749 est.
334 1695 518 1762 Itaque
545 1703 602 1748 et
644 1695 696 1747 in
727 1696 937 1748 czcteris
984 1694 1279 1762 provinciis
1326 1692 1599 1763 privilegia
1637 1694 1781 1748 salva

188 1765 301 1821 sint
334 1766 789 1820 Erclesiarum....
826 1785 846 1819 ι
889 1764 1080 1819 Verum
1102 1764 1185 1817 hic
1215 1768 1429 1834 fortasse
1451 1779 1671 1834 qua’res,
1692 1764 1781 1818 ubi

188 1837 398 1892 deliteat
418 1837 528 1890 htec
548 1835 885 1891 ‘Nictenorum
912 1853 1165 1889 conc-num
1187 1836 1537 1907 interpretatio
1556 1843 1662 1888 tam
1688 1852 1782 1889 an-

187 1909 337 1996 tiqua
362 1908 497 1961 unde
516 1911 755 1990 eamOsim
775 1917 974 1991 nactus.
997 1907 1165 1992 istum
1186 1924 1306 1996 sane
1333 1910 1681 1996 illesuttrumje
1702 1917 1779 1989 με·
1809 1933 1859 1996 Β

187 1978 363 2035 nebris
386 1995 551 2048 nuper
578 1980 774 2047 primus
803 1982 934 2035 eruit
960 1980 1037 2033 vir
1075 1979 1317 2044 praeclare
1354 1978 1565 2044 doctus,
1593 1978 1662 2030 ad
1697 1978 1777 2033 in-

184 2052 524 2106 staurandum
550 2061 768 2106 ueterum
797 2051 1170 2121 Theoloqorum
1204 2048 1573 2103 Bibliothecam
1603 2058 1773 2121 notus,

184 2122 417 2177 Iacobus
445 2121 706 2176 Pamclius
730 2138 747 2174 :
773 2138 923 2194 quem
953 2119 1008 2176 ut
1034 2122 1076 2175 is
1108 2137 1334 2194 mecum,
1373 2137 1474 2189 qua
1494 2119 1777 2194 estrbunta-

189 2195 377 2260 nitate,
405 2204 585 2266 sponte
621 2209 716 2248 sua
746 2192 1155 2266 communicavit,
1185 2192 1259 2245 ita
1278 2208 1370 2261 ego
1391 2208 1527 2266 nunc
1550 2192 1777 2266 libentiae

185 2267 319 2319 sime
347 2262 513 2319 tecum
539 2280 559 2319 :
580 2274 636 2318 ut
659 2265 776 2319 hinc
802 2267 959 2320 etiam
978 2263 1234 2334 intelligas
1258 2265 1364 2317 alia
1391 2264 1553 2332 fuisse
1574 2262 1778 2318 Nicieni

186 2337 399 2391 concilii
418 2352 575 2407 quam
612 2353 747 2390 nunc
789 2338 940 2408 vulgo
982 2334 1413 2408 circumferuntur
1437 2335 1775 2404 exemplaria,

185 2408 432 2476 eaqueab
459 2408 668 2462 histum
697 2409 752 2461 in
792 2412 998 2473 ordine,
1032 2418 1140 2461 tant
1174 2407 1227 2459 in
1272 2421 1482 2459 numero
1523 2422 1778 2460 canonum

185 2480 415 2535 diuersa.
445 2478 583 2534 Nam
613 2481 665 2533 in
694 2479 790 2533 hac
821 2479 1055 2551 Dionysii
1074 2476 1487 2548 interpretatione
1512 2493 1778 2551 recensen-

187 2562 277 2621 tur
321 2566 545 2604 canones
581 2551 923 2621 quadraginta
960 2548 1196 2619 septem,
1245 2564 1475 2621 quorum
1505 2548 1692 2621 uiginti
1724 2549 1778 2602 in

184 2619 386 2677 Graecis
406 2631 512 2678 tum
537 2618 905 2691 exemplaribus
927 2621 1149 2692 defuisse
1178 2629 1431 2673 testantur
1454 2618 1569 2674 tm
1587 2618 1775 2674 ibidem

185 2694 373 2758 verba,
396 2708 515 2759 qua:
551 2709 796 2747 canonem
840 2693 1129 2747 uicesimum
1163 2692 1431 2758 septimum
1461 2706 1778 2759 consequun-

186 2775 276 2818 tur
303 2780 323 2819 :
352 2782 372 2815 ι
400 2762 530 2819 Item
559 2780 679 2834 qua:
706 2766 761 2819 in
791 2764 993 2820 Graecis
1020 2763 1443 2834 non_ltabentur,
1468 2762 1563 2817 Sed
1596 2764 1647 2815 in
1677 2764 1777 2816 La-

187 2835 317 2890 tinis
341 2831 623 2891 codicibus
662 2837 1023 2907 reperiuntur.
1063 2853 1083 2887 ι
1125 2831 1192 2886 1η
1229 2833 1414 2907 horum
1452 2842 1624 2907 autem
1650 2834 1778 2887 serie

183 2923 413 2963 canones
441 2904 797 2961 tricesimus'et
832 2906 1117 2960 tricesimus
1162 2914 1375 2975 quartus
1401 2904 1778 2975 inscribuntur:

184 2980 344 3046 alter,
374 2978 444 3036 de
482 2978 929 3047 appellationibus
971 2977 1037 3031 ad
1080 2974 1387 3045 episcopum
1423 2974 1723 3029 Romanum
1761 2993 1776 3031 :

183 3048 348 3113 alter,
380 3051 451 3105 de
476 3049 812 3122 retractanda
843 3048 1050 3122 synodo
1085 3047 1394 3122 provinciali
1429 3062 1523 3116 per
1546 3047 1779 3122 vicarios

185 3122 435 3192 episcopi
474 3120 839 3192 urbisiionuc
861 3116 888 3185 ,⁷
912 3121 955 3175 si
1004 3119 1163 3174 fuerit
1206 3118 1551 3192 appellatum.
1603 3116 1781 3173 Monet

184 3190 369 3248 adhu‘c
389 3189 598 3248 'Alanus
624 3190 803 3262 Copus
834 3194 886 3245 in
915 3201 1157 3247 extremo
1187 3189 1538 3262 quadraginta
1569 3199 1777 3258 septem

1889 623 2065 678 dicem
2100 624 2359 680 vixissent
2385 667 2398 687 ,
2437 626 2520 680 vel
2564 623 2713 680 illum
2739 625 3136 682 consuluissent
3168 623 3331 694 quem
3363 626 3481 686 Mos

1886 695 2254 767 gunti:egann.
2286 695 2428 753 l525
2461 696 2626 752 edidit
2657 696 2892 753 Joannes
2926 697 3360 767 Wendelstinus,
3386 699 3479 758 vel

1893 765 2267 839 meminissent
2294 767 2489 823 Leonis
2521 783 2670 837 papm
2693 768 2896 839 legatos
2924 785 3042 823 eam
3070 765 3478 827 translationem

1888 838 2177 911 protulisse
2230 838 2281 893 in
2343 840 2570 894 concilio
2618 838 3041 896 Chalcedonensi
3086 841 3480 911 quinquaginta

1887 909 2110 985 circite:
2130 911 2288 964 annis
2307 920 2440 985 ante
2465 912 2742 985 conditum
2769 912 3006 985 Dionysii
3031 909 3282 985 codicem
3306 909 3475 968 cano-

1888 996 2038 1035 num.
2072 981 2231 1036 Errat
2251 982 2410 1036 etiam
2448 980 2650 1037 Alanus
2679 998 2800 1037 cum
2832 980 3194 1051 ex'capitibus
3222 986 3289 1040 50
3312 994 3369 1039 et
3406 985 3477 1040 51»

1888 1053 2091 1107 codicis
2117 1053 2199 1106 sui
2230 1053 2508 1119 nostrique
2529 1054 2731 1118 colligit
2756 1055 2891 1109 alios
2921 1054 3119 1110 Nicatni
3150 1056 3361 1111 concilii
3388 1071 3480 1110 ca-

1890 1139 2058 1195 nones
2088 1122 2252 1178 fuisse
2284 1133 2477 1193 praeter
2505 1125 2710 1191 viginti,
2739 1127 2829 1195 qui
2856 1130 2910 1181 in
2938 1125 3139 1182 Grzecis
3160 1127 3481 1194 exemplari-

1887 1194 1989 1249 bus
2012 1194 2295 1250 habentur.
2322 1196 2478 1250 Errat
2505 1195 2737 1263 denique
2758 1198 2884 1250 dum
2905 1196 3267 1253 'Sardicenses
3291 1199 3478 1254 Patres

1887 1281 2148 1321 canonem
2188 1281 2341 1320 suum
2384 1267 2452 1321 de
2490 1267 2936 1335 appellationibus
2976 1277 3249 1324 mutuatos
3284 1284 3406 1325 esse
3444 1285 3476 1325 a

1886 1336 2119 1410 [flictenis
2164 1338 2463 1410 verisimile
2503 1346 2651 1406 putat
2692 1340 2744 1393 in
2784 1340 3233 1410 consequentibus
3274 1341 3474 1395 verbis.

1887 1407 1992 1463 Sed
2025 1408 2142 1463 haec
2169 1409 2415 1463 instituto
2450 1420 2634 1464 nostro
2662 1425 2769 1465 non
2800 1407 3021 1472 nocent.
3054 1426 3153 1465 nec
3182 1410 3480 1475 impediunt

1886 1481 2013 1549 quin
2047 1478 2178 1535 fides
2205 1482 2437 1536 maxima
2463 1481 2635 1537 codici
2668 1491 2854 1537 nostro
2874 1497 2939 1537 ex
2969 1482 3063 1537 illo
3094 1482 3311 1537 Pamclii
3345 1482 3473 1537 Ala-

1886 1550 2051 1620 nique
2078 1552 2264 1607 codice
2288 1552 2623 1607 concilietur.
2647 1552 2798 1608 Alter
2820 1554 2961 1607 enim
2990 1553 3141 1607 alteri
3170 1554 3477 1608 simillimus

1887 1633 1990 1677 est.
2028 1623 2227 1677 Eadem
2256 1624 2454 1694 quippe
2493 1626 2628 1679 sexti
2672 1626 2894 1680 canonis
2925 1623 3068 1679 illius
3093 1624 3299 1689 versio,
3336 1625 3475 1679 idem

1886 1694 2094 1749 ordinis
2136 1710 2391 1750 numerus
2433 1696 2523 1764 qui
2562 1695 2614 1750 in
2645 1707 2872 1766 utroque
2906 1696 3147 1752 decimus
3174 1703 3290 1760 est;
3331 1696 3473 1751 idem

1887 1767 2047 1819 etiam
2075 1780 2249 1821 canon
2281 1768 2586 1821 tricesimus
2615 1782 2738 1821 cum
2766 1765 2955 1822 eodem
2986 1767 3140 1822 titulo
3168 1785 3180 1819 :
3216 1765 3356 1821 idem
3384 1767 3478 1820 tri-

1885 1837 2122 1891 cesimus
2162 1846 2413 1907 quartus,
2456 1840 2554 1892 etsi
2603 1838 2828 1893 levicula
2876 1838 2927 1892 in
2970 1838 3127 1893 titulo
3168 1837 3473 1892 diversitas.

1886 1907 2133 1963 Totidem
2160 1924 2397 1964 canones
2421 1909 2621 1964 NiC‘J'lli
2652 1918 3021 1974 numerantur,
3056 1909 3307 1964 nimirum
3344 1923 3478 1978 qua-

1884 1979 2130 2048 draginta
2150 1989 2359 2049 septem
2381 1994 2500 2035 cum
2527 1983 2626 2035 hac
2647 1980 2710 2034 ad
2737 1982 2935 2036 calcem
2962 1981 3177 2036 illorum
3200 1981 3474 2036 clausula:

1886 2049 1956 2104 lli
1987 2068 2204 2106 canones
2224 2061 2343 2105 sunt
2369 2052 2448 2106 vel
2477 2053 2675 2107 decreta
2700 2051 2904 2107 Nicteni
2925 2052 3148 2107 concilii.

1956 2121 2218 2178 Eumdem
2278 2121 2519 2179 codicem
2575 2122 2984 2179 Atrebatensem
3039 2123 3251 2178 venisse
3306 2123 3470 2177 etiam

1882 2194 2130 2263 suSpicor
2169 2194 2220 2248 in
2262 2209 2454 2248 manus
2488 2194 2705 2250 Henrici
2737 2195 2915 2251 Gravii
2950 2194 3270 2264 professoris
3301 2194 3474 2248 Lova-

1883 2264 2105 2332 niensis,
2132 2264 2378 2336 bnncque
2399 2281 2463 2320 ex
2490 2266 2583 2320 illo
2608 2266 3008 2336 deprompsisse
3032 2266 3472 2321 constitutionem

1883 2335 2108 2391 Honorii
2144 2335 2487 2405 imperatoris
2516 2337 2580 2391 ad
2615 2335 2910 2391 Palladium
2950 2336 3050 2391 PI'.
3084 2339 3342 2392 adversus
3373 2337 3476 2392 Pe-

1883 2406 2146 2476 lagianos,
2177 2423 2336 2475 quam
2364 2423 2484 2463 cum
2517 2408 2790 2463 cardinale
2813 2408 3041 2463 Btronio
3071 2407 3197 2463 olim
3225 2423 3473 2463 commu-

1882 2478 2098 2550 nicavit.
2131 2477 2451 2550 Rescriptum
2487 2479 2651 2546 illud,
2687 2480 2854 2549 inquit
2888 2479 2935 2533 is
2966 2479 3251 2534 Annalium
3282 2478 3473 2533 condi-

1884 2558 1970 2604 tor
2006 2549 2071 2604 ad
2120 2565 2318 2604 annum
2356 2550 2556 2605 Christi
2603 2551 2749 2618 “8,
2786 2566 2934 2604 nttm.
2983 2551 3083 2615 i9,
3124 2550 3411 2618 accepimus
3446 2566 3477 2603 e

1884 2621 2091 2676 latebris
2138 2620 2483 2690 antiquitatis
2511 2632 2711 2675 erutum
2760 2639 2794 2674 a
2844 2621 2952 2674 viro
2999 2621 3329 2675 disertissimo
3374 2620 3475 2685 pia:

1885 2693 2158 2756 memoriae,
2192 2689 2417 2746 Henrico
2452 2689 2641 2763 Gravia
2668 2694 2956 2763 pro/essem
2994 2691 3323 2755 Lovaniensi,
3353 2691 3478 2745 dum

1886 2763 2065 2817 Roma:
2089 2774 2262 2832 ageret
2299 2764 2390 2817 sub
2436 2760 2686 2828 Gregorio
2723 2760 2837 2817 χίν
2871 2762 3022 2817 Rom.
3067 2763 3336 2831 pontiﬁce.
3360 2764 3478 2831 jam

1883 2847 2005 2905 ante
2022 2843 2224 2905 vocatus
2241 2850 2273 2887 a
2297 2835 2467 2890 Sixto.
2502 2833 2701 2889 Nactus
2725 2843 2799 2888 est
2817 2834 3003 2905 ipseetc
3028 2835 3197 2888 codice
3225 2843 3477 2887 monaste-

1882 2906 1949 2959 rii
1978 2904 2040 2959 S.
2072 2903 2277 2959 Vedasti
2304 2906 2669 2959 Atrebatensis.

1956 2976 2120 3047 706
2147 2977 2201 3032 ὅ.
2236 2974 2625 3044 Antiquitatem
2653 2990 2717 3030 ac
2738 2976 3098 3031 sinceritatem
3122 2974 3326 3030 endicis
3348 2989 3475 3042 pro-

1844 3074 1850 3079 -
1886 3046 2267 3124 lwnt’ahquot
2310 3056 2655 3102 monumenta
2681 3062 2819 3124 quae
2863 3047 3061 3124 in_il|o
3107 3048 3474 3124 inveniuntur,

1885 3116 1972 3174 v'el
2016 3121 2245 3173 antehac
2285 3134 2580 3188 nunquam,
2612 3118 2696 3172 vel
2722 3116 2765 3171 7a
2798 3120 2980 3187 paucis
3012 3117 3169 3172 annis
3197 3118 3359 3182 edita,
3391 3116 3476 3173 vel

1889 3191 2046 3261 longe
2080 3191 2294 3247 excusis
2322 3189 2720 3261 exemplaribus
2747 3188 3137 3261 emendatiora.
3170 3188 3319 3261 Talia
3350 3197 3478 3242 sunt

188 3279 465 3350 canonum
494 3264 630 3350 hanc
657 3259 951 3350 clausulam
969 3276 1089 3349 esse
1109 3259 1785 3350 apposi‘tam’iitianqn‘es
1805 3286 1854 3350 ρ
1886 3259 2570 3350 rescgiptalimpetz't‘orum
2597 3259 2841 3350 Honorii.
2863 3268 2923 3350 et.
2957 3260 3277 3350 Theodosii,
3310 3273 3477 3350 unum

183 3336 312 3391 sive
335 3335 554 3391 decreta
581 3336 796 3391 concilii
823 3334 1045 3389 Niczeni.
1088 3353 1105 3386 ι
1142 3330 1384 3402 Denique
1414 3330 1528 3386 haec
1549 3331 1729 3387 subdit
1758 3348 1775 3389 :

183 3405 369 3462 Codex
389 3422 506 3462 vero
522 3406 578 3460 in
596 3423 695 3477 quo
721 3408 829 3477 hinc
855 3404 1279 3477 Nicarnieoncllii
1311 3405 1662 3477 interpretatio
1682 3403 1776 3458 a‘e-

183 3477 385 3549 scripta
414 3485 508 3543 est,
538 3477 594 3531 in
609 3474 936 3549 Bibliotheca
958 3474 1027 3529 υ.
1067 3475 1272 3549 l’edasti
1302 3474 1644 3549 Atrebatensis
1668 3492 1778 3529 ser-

183 3547 367 3610 uatur,
390 3551 480 3618 qui
509 3565 620 3603 eam
646 3548 961 3619 antiquitatis
986 3548 1204 3617 speciem
1229 3547 1405 3619 refert,
1434 3555 1780 3619 utcenseatur

182 3620 252 3674 ab
283 3616 502 3691 illis'qui
519 3616 773 3691 judicare
802 3619 867 3674 de
894 3635 953 3672 eo
998 3616 1421 3691 possunt,annis
1442 3616 1637 3691 abhinc
1665 3618 1780 3683 plus

183 3695 366 3747 minus
394 3688 694 3758 octingentis
723 3690 881 3758 fuisse
914 3699 1176 3744 exoratus.
1206 3688 1414 3744 Citatur
1440 3688 1581 3744 idem
1619 3691 1778 3743 Atre-

182 3762 434 3819 batensis
458 3759 632 3818 codex
664 3777 694 3815 a
716 3762 976 3819 Severino
1004 3761 1156 3815 Binio
1179 3760 1230 3815 in
1262 3759 1401 3814 notis
1418 3760 1483 3814 ad
1512 3774 1775 3815 canonem

181 3834 220 3890 6
249 3833 529 3890 Nicanum
559 3843 625 3907 et.
638 3835 703 3889 ad
733 3834 1017 3907 concilium
1043 3831 1361 3907 Sardieense
1389 3849 1402 3885 :
1437 3846 1595 3901 quem
1625 3831 1777 3907 codi-

180 3919 313 3978 cem
342 3900 741 3978 Dionysia'ntun
781 3905 1040 3978 similiter
1068 3917 1139 3978 ac
1166 3902 1253 3978 illi
1282 3918 1420 3978 esse
1444 3900 1637 3978 putat._
1668 3900 1776 3955 Re-

180 3977 406 4057 fer_t_(a)
433 3972 629 4057 ibidem
653 3976 864 4057 latitare
894 3974 1294 4057 inhibliotheca
1329 3974 1489 4057 705
1524 3972 1778 4057 Vaticana

179 4044 433 4104 codicem
455 4063 562 4104 ms.
593 4048 646 4103 in
674 4063 778 4117 quo
800 4044 1055 4117 descripti
1081 4044 1420 4113 reperiuntur
1437 4044 1672 4100 canones
1690 4044 1778 4117 Ni-

176 4120 326 4174 czni
354 4128 413 4173 ct
441 4116 792 4176 Sard'ceuscs
817 4118 916 4173 sibi
950 4116 1184 4172 invicem
1209 4117 1401 4171 annexi
1428 4117 1547 4172 sine
1569 4117 1673 4170 ulla
1697 4116 1777 4171 di-

178 4189 496 4247 stinctionis
523 4202 667 4257 ncta,
688 4191 838 4259 quasi
869 4188 1025 4244 unius
1046 4188 1257 4243 concilii
1277 4202 1515 4243 canones
1541 4188 1741 4259 fuerint.
1760 4205 1774 4242 :

177 4262 560 4385 utlsuspicari
609 4262 767 4317 liceat
809 4260 1050 4318 codicem
1102 4261 1263 4315 istum
1308 4268 1493 4315 nostro
1529 4273 1651 4314 esse
1701 4258 1779 4313 si-

177 4347 259 4385 ωι
288 4348 401 4385 ent.

174 4347 401 4389 mntem.

255 4402 320 4459 In
359 4404 443 4459 his
471 4404 628 4460 Alani
665 4413 720 4461 et
752 4403 973 4460 Pamclii
1006 4403 1188 4459 verbis
1220 4402 1372 4472 plura
1405 4400 1621 4471 quidem
1657 4408 1785 4457 sunt

172 4475 554 4531 emendanda.
588 4476 748 4532 Errat
770 4475 977 4531 scilicet
1008 4483 1260 4545 uterque,
1288 4488 1413 4529 cum
1449 4472 1590 4529 hanc
1627 4488 1785 4545 cano-

172 4548 272 4604 nis
304 4547 511 4604 Nicteni
537 4547 571 4604 6
597 4548 900 4605 versionem
932 4544 1313 4618 Dionysi’auam
1343 4560 1464 4600 esse
1486 4544 1780 4600 existimat.

1888 3332 1955 3387 ad
1996 3329 2293 3388 Palladium
2339 3331 2468 3397 PP.,
2502 3332 2728 3388 alterum
2779 3332 2844 3385 ad
2892 3332 3168 3387 Aurelium
3201 3329 3476 3401 Carthagi-

1887 3419 2108 3459 nensem
2140 3404 2465 3471 episcopum.
2503 3405 2632 3459 Item
2662 3401 2805 3458 aliud
2848 3401 3187 3471 imperatoris
3214 3399 3478 3456 Constan-

1888 3475 1946 3529 tii
1977 3476 2043 3530 ad
2076 3474 2420 3529 Volusianum
2453 3475 2760 3543 prtefectum
2790 3472 2950 3536 Urbi,
2986 3489 3088 3527 una
3118 3487 3240 3527 cum
3270 3471 3467 3527 edictis

1890 3545 2111 3601 Palladii
2140 3555 2196 3600 et
2227 3545 2524 3610 Volusiani,
2554 3552 2610 3600 et
2638 3544 2839 3599 Aurelii
2871 3544 3064 3598 litteris
3098 3561 3111 3596 :
3145 3557 3264 3612 qua:
3293 3545 3475 3598 omnia

1888 3618 2030 3671 edita
2077 3626 2203 3671 sunt
2252 3618 2319 3670 ab
2365 3616 2531 3671 etnin.
2563 3616 2713 3670 card.
2756 3615 2987 3670 Baronio
3025 3614 3092 3669 ad
3138 3628 3308 3668 annos
3344 3612 3474 3679 H8,

1889 3688 1994 3744 419
2024 3698 2078 3744 et
2107 3687 2231 3752 420,
2257 3702 2324 3744 ex
2355 3687 2698 3742 Atrebatensi
2727 3686 2909 3742 codice
2935 3686 3045 3753 jam
3077 3684 3315 3749 laudato,
3338 3699 3479 3754 qua:-

1889 3775 1995 3827 que
2034 3775 2066 3814 e
2103 3760 2306 3814 nostris
2344 3759 2669 3815 correctiora
2705 3759 2864 3812 modo
2904 3756 3190 3825 prodeunt.
3224 3756 3353 3827 Tale
3395 3762 3481 3809 est

1887 3826 2051 3885 etiam
2082 3830 2371 3900 oblongum
2413 3828 2611 3885 Gelasii
2653 3843 2806 3899 papa)
2836 3826 3478 3900 fragmentumepistolae

1888 3902 1955 3956 ad
2006 3898 2308 3957 Orientales
2355 3898 2667 3971 episcopos,
2708 3899 2846 3969 quod
2894 3898 3261 3971 aisirmondo
3308 3912 3482 3966 nuper

1889 3973 2091 4029 editum
2130 3981 2252 4043 post
2280 3969 2628 4041 appendicem
2658 3971 2867 4025 Codicis
2897 3969 3255 4043 Theodosiani
3276 4010 3291 4029 .
3324 3983 3481 4037 repe-

1890 4046 2027 4099 ritur
2075 4041 2149 4099 in'
2180 4054 2366 4099 nostro
2404 4044 2592 4099 codice
2632 4043 2823 4098 iisdem
2867 4041 3105 4109 partibus
3151 4048 3477 4095 truncatum.

1893 4116 2132 4186 Denique
2176 4116 2297 4169 fidei
2339 4114 2600 4184 professio
2643 4112 3222 4186 Faustinipresbyteri
3262 4121 3316 4186 et
3360 4111 3481 4165 aliae

1891 4186 2015 4242 fidei
2046 4182 2303 4241 'formnlze
2340 4182 2577 4241 nondum
2620 4186 2779 4240 editte
2815 4182 3097 4251 codicem,
3140 4183 3222 4237 cui
3262 4182 3481 4237 insertat

1886 4266 2048 4321 sunt,
2089 4272 2120 4311 a
2164 4258 2415 4313 novitatis
2456 4260 2539 4311 vel
2580 4255 2966 4327 suppositionis
2993 4263 3152 4327 nota
3184 4253 3478 4327 vindicant.

1886 4328 2080 4384 Nescio
2119 4330 2263 4383 enim
2302 4343 2369 4383 an
2410 4324 2764 4383 hactenus—ex
2807 4324 3099 4379 subtlititiis
3130 4324 3325 4379 fetibus
3356 4339 3480 4392 pro-

1888 4400 2083 4457 dierint
2113 4400 2342 4470 genuina
2371 4398 2706 4468 antiquitatis
2736 4398 3069 4452 monimenta
3098 4396 3181 4450 vel
3213 4404 3339 4450 ante
3369 4409 3479 4450 non

1888 4484 2112 4535 excusa,
2144 4471 2227 4526 vel
2258 4470 2466 4525 mendis
2495 4476 2739 4539 purgata.

1959 4544 2015 4598 4.
2049 4541 2285 4598 Accedat
2313 4551 2370 4597 et
2396 4536 2538 4597 aliud
2568 4536 2941 4610 argumentum
2970 4552 3039 4595 ex
3080 4536 3155 4611 (ὁ)
3200 4536 3480 4595 Ferrando

1231 4658 1793 4718 BALLERINIORUM
1833 4656 2381 4718 ANNOTATIONES.

284 4757 342 4829 α)
371 4757 556 4813 Binius
574 4757 791 4829 quidem
814 4757 866 4811 in
893 4755 1034 4812 notis
1058 4755 1127 4829 ad
1151 4756 1441 4829 concilium
1460 4754 1783 4829 Sgrdicense
1809 4758 1865 4820 D
1889 4753 2080 4810 diebus
2111 4747 2406 4807 Dominicis
2443 4756 2499 4805 et
2538 4747 2858 4829 Pentecoste
2885 4746 3129 4829 _prim_us_
3147 4746 3481 4829 Sardieensis

168 4825 332 4885 duos
359 4830 577 4885 codices
592 4825 813 4893 laudat,
842 4828 1071 4883 alterum
1115 4826 1454 4882 bibliotheca:
1500 4825 1778 4892 Romamn,

164 4902 423 4957 alterum
454 4902 891 4959 Atrebatensem.
926 4901 977 4952 in
1010 4898 1201 4967 quibus
1227 4912 1462 4952 canones
1491 4897 1779 4953 Sardicen-

162 4988 279 5029 ses
304 4987 430 5026 cum
457 4972 682 5028 Nicaenfs
710 4972 783 5027 ita
815 4969 1087 5040 conjuncti
1111 4979 1256 5035 sunt,
1285 4968 1435 5040 quasi
1460 4969 1616 5023 unius
1643 4983 1780 5024 con-

160 5044 298 5101 cilii
325 5056 565 5099 canones
599 5044 817 5099 fuerint.
863 5039 1080 5098 Certum
1125 5040 1339 5109 quidem
1382 5039 1431 5093 id
1464 5048 1546 5094 est
1578 5040 1645 5094 de
1673 5056 1776 5094 ms.

162 5114 558 5179 Atrebatensi,
590 5115 680 5184 qui
723 5115 790 5168 ad
836 5122 1074 5184 nostram
1106 5111 1489 5184 collectionem
1523 5112 1777 5184 pertinet.

164 5191 252 5242 At
287 5187 495 5241 nullum
535 5181 818 5256 exemplar
858 5202 959 5240 ms.
1000 5181 1314 5256 Vaticanum
1350 5190 1442 5235 aut
1480 5182 1777 5252 cujuspiant

162 5257 539 5313 bibliotheca:
585 5255 841 5311 Romana:
889 5260 1167 5326 superest,
1199 5255 1251 5327 in
1280 5268 1385 5324 quo
1413 5268 1473 5327 ea
1512 5267 1778 5327 canonum

158 5329 533 5386 Nicanorum
565 5343 629 5384 ac
663 5327 1061 5383 Sardicensium
1114 5326 1419 5395 conjunctio
1456 5325 1778 5395 inveniatur,

161 5401 295 5457 nisi
340 5400 515 5456 codex
553 5398 676 5455 Vat.
713 5398 934 5469 Reginae
980 5397 1111 5454 I997
1161 5394 1777 5469 alteritts_collection_is,

156 5471 280 5543 qui
309 5479 492 5543 tamen
518 5472 687 5543 multo
717 5467 1001 5543 postisinii
1026 5476 1238 5524 aetatem
1269 5471 1321 5543 in
1361 5467 1672 5543 vaticanam
1700 5467 1775 5543 bi-

157 5537 521 5600 lilimhecam
554 5537 756 5608 illatus,
788 5540 863 5595 uti
889 5540 1163 5595 Romanus
1187 5538 1357 5596 codex
1387 5540 1455 5593 ab
1485 5537 1677 5594 eodem
1701 5538 1787 5594 Bi-

162 5614 291 5673 ιιἰο
319 5613 525 5684 laudari
555 5626 664 5668 non
694 5612 888 5684 potuit.

261 5683 349 5755 (ὁ)
378 5679 1122 5755 Ferrandus'Quesnelliano
1143 5682 1314 5755 codici
1331 5753 1338 5755 ξ
1355 5681 1489 5755 nihil
1527 5679 1784 5755 suifraga-

162 5751 511 5816 tori'fmmo
546 5756 595 5813 si
634 5770 699 5811 ex
737 5751 980 5811 Romano
1006 5753 1191 5810 codice
1220 5754 1274 5809 in
1314 5752 1549 5809 Africam
1584 5751 1783 5819 delato,

153 5833 229 5889 in
265 5842 386 5897 quo
418 5827 624 5884 Nicasni
652 5836 708 5883 et
738 5826 1086 5883 Sardicenses
1120 5839 1354 5897 canones
1374 5825 1543 5894 juncti
1580 5832 1782 5897 essent,

152 5894 428 5960 subinde
463 5898 601 5957 facta
645 5898 744 5954 fuit
782 5899 873 5955 illa
907 5895 1230 5954 earumdem
1266 5909 1529 5953 canonum
1573 5894 1780 5960 divisio,

154 5988 305 6045 gua
336 5972 558 6032 ultimus
589 5969 841 6030 Nicaenus
877 5983 1049 6029 canon
1086 5967 1153 6026 de
1189 5982 1299 6030 non
1339 5965 1607 6025 ﬂectendo
1641 5981 1787 6037 genu

1887 4833 2225 4894 computatus
2248 4831 2365 4885 est,
2398 4820 2625 4894 utqapud
2657 4817 2992 4894 Ferrandum
3027 4817 3286 4894 legimus,
3321 4817 3479 4894 huius

1886 4890 2179 4951 auctoritas
2223 4892 2607 4961 Quesnelliano
2651 4890 2826 4947 codici
2884 4891 3059 4959 potius
3111 4892 3284 4945 obest.
3341 4891 3475 4945 tlinc

1885 4968 2029 5022 enim
2060 4965 2402 5022 evinceretur
2429 4963 2671 5019 codicem
2703 4962 3027 5026 Romanum,
3052 4976 3119 5016 ex
3160 4976 3265 5028 quo
3301 4974 3363 5012 ea
3396 4962 3478 5013 di-

1885 5038 2024 5093 visio
2052 5037 2188 5092 facta
2216 5036 2477 5101 creditur,
2503 5034 2814 5091 exhibuisse
2837 5046 3099 5090 canonem
3130 5031 3279 5101 illum
3305 5030 3479 5084 Niem-

1887 5124 2035 5176 num,
2059 5109 2149 5178 qui
2171 5122 2399 5164 erronea
2421 5100 2687 5178 divisione
2705 5105 2908 5178 primus
2930 5100 3263 5178 ﬁardicensis
3284 5102 3476 5178 evasit.

1884 5181 1984 5236 Hic
2009 5171 2189 5236 autem
2221 5194 2395 5235 canon
2426 5192 2547 5235 cum
2576 5171 2720 5233 desit
2757 5175 2811 5231 in
2852 5174 3039 5230 codice
3067 5171 3473 5238 Quesnelliann,

1886 5253 2048 5307 istum
2081 5252 2264 5322 procul
2292 5249 2456 5306 dubio
2481 5249 2720 5304 codicem
2748 5260 2852 5303 non
2882 5244 3046 5299 fuisse
3067 5242 3450 5322 Romanum_se

1927 5312 2162 5380 ueretur.
2204 5322 2537 5378 Ferrandum
2568 5334 2697 5375 vero
2731 5332 2853 5374 cum
2879 5328 3140 5371 canonem
3182 5315 3321 5367 inter
3352 5312 3478 5368 Sar-

1927 5339 2162 5380 ueretur.
2207 5339 2537 5378 rerranaum
2568 5339 2697 5375 vero
2731 5339 2853 5374 cum
2879 5339 3140 5371 catlutlcul
3182 5339 3321 5367 ttttcr
3352 5339 3476 5368 Dar-

1886 5339 2134 5451 gicenses
2170 5394 2346 5463 primo
2376 5394 2499 5449 loco
2524 5391 2822 5463 allegasse,
2866 5396 3157 5463 propterea
3173 5384 3315 5463 quod
3346 5385 3476 5441 Sar-

1887 5455 2186 5539 dicensiuni
2210 5466 2459 5539 exemplo
2484 5477 2616 5539 usus
2638 5455 2746 5527 est,
2769 5455 2824 5515 in
2846 5455 2952 5529 quo
2972 5456 3101 5539 dum
3123 5455 3476 5539 Sardicenses

1887 5551 1917 5592 a
1960 5536 2190 5593 Nictenis
2219 5530 2451 5605 separati
2494 5536 2727 5605 fuerunt,
2770 5530 3096 5605 acproprio
3137 5530 3355 5583 nomine
3390 5530 3477 5583 itt-

1887 5609 2100 5676 scripti,
2125 5601 2311 5663 errore
2338 5606 2519 5675 aliquo
2537 5604 2605 5659 2b
2630 5602 2819 5676 ul_timo
2849 5601 3066 5656 Nicaeno
3090 5612 3296 5654 canone
3322 5612 3477 5676 sepa-

1891 5670 2030 5751 ratio
2067 5670 2259 5751 copit,
2292 5670 2525 5751 diximus
2561 5675 2612 5729 in
2656 5673 2908 5751 Tractatu
2950 5679 3092 5751 part.
3137 5686 3211 5751 ῃ,
3256 5684 3375 5736 cap.
3424 5670 3476 5724 l.

1892 5750 2031 5807 Num
2060 5742 2188 5807 vero
2214 5742 2281 5805 ex
2302 5748 2545 5803 Romano
2598 5759 2664 5799 an
2689 5759 2758 5802 ex
2788 5745 2896 5801 alio
2922 5742 3109 5799 codice
3144 5743 3195 5797 in
3226 5756 3332 5812 quo
3352 5756 3475 5796 eum

1896 5821 2123 5878 Nicaeuis
2144 5820 2493 5878 Sardicenses
2510 5817 2890 5888 iungebantur,
2917 5814 3081 5873 fuerit
3100 5813 3237 5871 facta
3262 5812 3475 5881 divisio,

1895 5894 2133 5952 ivnotum
2159 5900 2259 5949 est.
