3998 6346
267 329 365 389 917

690 327 998 384 DISEERT.
1043 329 1136 384 XII
1171 329 1571 398 QUESNELLI.
1616 331 1702 388 DE
1739 329 1988 389 CODICE
2021 330 2354 388 CANONUM
2394 315 3094 392 ECCLESlAb'l'tCUKUM.

3411 341 3514 400 918

264 447 551 521 vigesimus
573 446 819 521 Nicaeus
860 453 916 502 et
939 443 1265 521 Gangrensis
1289 456 1537 521 quartus;
1564 447 1655 521 alii
1685 447 1829 516 ejus-
1853 448 1911 512 Α,
1935 446 2074 513 nius,
2107 455 2160 521 et
2187 446 2372 521 Isidori
2397 446 2704 504 Mercatoris
2725 450 2916 517 codex,
2947 465 3105 521 quem
3138 454 3319 521 procul
3347 456 3510 514 dubio

261 518 378 577 dem
401 519 615 575 concilii
635 519 873 573 in‘unum
901 518 1229 582 conﬂantur;
1258 519 1471 588 quidam
1504 519 1664 572 etiam
1690 535 1827 574 nou-

263 593 526 648 nuliorum
555 589 904 645 conciliorum
927 592 1219 643 miscemur
1243 591 1469 643 aliorum
1498 591 1824 654 canonibus;

262 663 476 736 quidam
503 669 834 736 truncantur,
863 659 1078 728 quidam
1110 659 1524 736 ampliﬁcantur.
1559 663 1619 715 5ο
1653 662 1831 736 Quan-

261 730 368 790 tum
411 733 480 789 ad
520 732 763 788 ordinem
784 777 799 800 ,
829 745 951 786 cum
991 730 1335 789 conciliorum
1367 731 1583 787 decreta
1618 733 1831 802 pontifi-

260 822 378 862 cum
403 805 638 862 decretis
671 804 1014 867 misceantur,
1045 817 1145 857 nec
1170 817 1266 872 pro
1295 803 1467 856 aetatis
1502 819 1614 858 suae
1641 804 1830 859 ordine

259 879 606 942 collocentur,
639 874 734 931 sed
767 873 1063 942 posteriora
1100 881 1479 941 prteponantur
1523 875 1827 942 prioribus,

259 950 433 1020 topica
465 946 834 1020 (ecumenicis.
858 945 1249 1020 _Neque_taiiten
1279 944 1391 1000 haec
1412 946 1656 1000 confusio
1685 947 1832 1020 codi-

255 1015 334 1075 cis
361 1019 665 1076 auctoritati
702 1016 936 1072 detrahit
968 1015 1258 1085 quidquam
1281 1033 1297 1070 :
1318 1031 1414 1070 sua
1446 1019 1589 1071 enim
1622 1017 1830 1072 ratione

259 1092 376 1146 haec
405 1091 652 1146 confusio
693 1089 900 1154 nititur,
940 1101 1040 1142 nec
1067 1087 1259 1142 ordine
1286 1096 1439 1142 vacat
1466 1089 1579 1155 ipsa
1625 1088 1831 1142 ordinis

259 1164 623 1232 perturbatio;
667 1161 790 1215 inde
831 1159 1082 1214 nimirum
1113 1169 1256 1232 orta,
1297 1159 1442 1232 quod
1487 1160 1829 1232 obscuriores

256 1229 575 1304 quandoque
601 1247 866 1304 «nonum
897 1233 1090 1304 regule
1111 1229 1230 1285 iure
1262 1230 1600 1304 paraphrasis
1630 1231 1833 1304 indigef

255 1301 379 1361 rent
397 1323 410 1359 :
428 1301 572 1375 quod
591 1312 716 1359 ante
735 1301 1240 1375 Chalcedonensemm
1249 1303 1510 1375 synodum
1542 1301 1702 1375 nullis
1728 1301 1829 1356 nisi

254 1371 486 1432 Niccnis
523 1375 816 1432 canonibus
863 1374 1082 1442 astringi
1120 1386 1178 1426 se
1217 1372 1439 1426 Romani
1482 1371 1828 1428 existimave-

257 1456 401 1513 runt,
425 1463 525 1502 nec
545 1448 622 1503 eis
643 1447 774 1501 alias
802 1445 1006 1514 regulas
1028 1443 1308 1498 admittere
1339 1443 1552 1512 placuit,
1577 1443 1678 1496 nisi
1699 1459 1830 1512 quas

254 1519 511 1575 Ecclesia:
531 1533 640 1573 sua:
663 1516 1031 1572 consuetudini
1055 1529 1118 1569 ac
1139 1515 1376 1569 moribus
1396 1515 1684 1568 convenire
1705 1530 1828 1568 cen-

253 1599 498 1646 suerunt.
525 1589 653 1645 Inde
679 1589 873 1642 factum
902 1596 962 1643 ut
985 1600 1078 1642 eas
1098 1586 1273 1654 aliqua
1299 1586 1667 1640 immutatione
1691 1585 1826 1640 facta

253 1664 370 1717 suis
401 1662 586 1716 u~ibus
613 1659 1088 1725 accommodarint,
1121 1673 1219 1711 nec
1248 1658 1354 1711 alio
1385 1658 1576 1711 ordine
1607 1657 1829 1725 digestae

251 1734 594 1802 reperiantur
613 1731 665 1786 in
687 1731 892 1792 conice,
915 1745 1072 1796 quam
1095 1728 1236 1782 serie
1264 1731 1538 1802 temporis,
1570 1743 1661 1797 per
1689 1727 1828 1798 quod

251 1801 427 1860 visum
452 1813 538 1859 εει
561 1818 744 1856 earum
774 1814 1145 1869 unasquasque
1165 1801 1218 1854 in
1240 1813 1392 1854 usum
1423 1801 1681 1867 recipere.

321 1875 379 1930 ξ.
419 1875 634 1930 Codicis
656 1873 744 1944 (a)
772 1873 1010 1943 prazfatio
1035 1871 1273 1926 declarat
1300 1871 1364 1924 ad
1395 1886 1547 1944 usum
1572 1870 1826 1944 Ecclesia;

253 1947 511 2002 “ornans
552 1941 732 2014 ipsum
752 1941 870 1998 esse
903 1944 1300 1996 concinnatum.
1342 1942 1478 2014 Quid
1508 1941 1653 2014 enim
1684 1941 1827 2014 aliud

249 2017 494 2074 indicant
516 2013 628 2070 haec
645 2015 804 2071 verba
829 2015 894 2069 de
918 2014 1127 2068 Merena
1149 2015 1310 2083 710
1327 2013 1447 2067 lidei
1469 2028 1531 2067 ex
1542 2013 1828 2081 positione?

251 2091 424 2155 Quam
456 2101 654 2151 sancta,
689 2087 880 2154 inquit,
913 2097 960 2139 et
986 2090 1382 2138 reverentissimo
1415 2083 1654 2155 Romana
1683 2100 1825 2136 cont-

248 2154 491 2229 plectitur
513 2170 560 2213 et
579 2170 845 2229 veneratur
876 2155 1123 2229 Ecclesia.
1155 2155 1293 2229 Quid
1323 2154 1462 2229 quod
1493 2155 1825 2229 mediautibtts

261 2229 462 2286 Victore
489 2239 641 2299 atoue
677 2228 939 2282 Vincentio
978 2227 1368 2299 religiosissimis
1407 2225 1651 2299 Romana:
1689 2227 1823 2280 sedis

247 2297 714 2371 presbyteris-esse
762 2299 1023 2368 prolatam
1070 2297 1300 2352 assvrit?
1343 2297 1634 2371 Nonnullas
1664 2299 1823 2371 etiam

246 2368 502 2428 subtrahas
523 2388 628 2425 esse
649 2371 869 2438 regulas,
895 2385 1020 2437 quas
1044 2377 1321 2422 memorata
1339 2368 1618 2437 suscipiens
1640 2369 1827 2435 conﬁr-

246 2445 404 2498 mavit
434 2443 682 2497 Ecclesia.
703 2429 963 2496 Eamdein
995 2441 1149 2494 nullis
1181 2439 1437 2509 synodicis
1463 2429 1698 2505 decretis,
1735 2429 1824 2492 sed

247 2515 536 2570 Saluatoris
563 2529 683 2568 voce
711 2530 814 2567 ess»
843 2513 1112 2580 praelata»:
1139 2527 1198 2564 ac
1220 2511 1496 2577 primatum
1527 2510 1822 2563 obtinuisse.

246 2586 493 2656 Denique
515 2585 770 2654 quidquid
791 2584 860 2638 ibi
878 2583 946 2638 de
964 2583 1219 2656 Romana:
1240 2581 1496 2656 Ecclesia:
1517 2581 1825 2636 tundatiOne

244 2672 309 2712 ac
356 2654 728 2712 fu‘ndtitoribus
759 2654 1152 2724 privilegiisque
1181 2654 1465 2720 scribitur,
1510 2661 1824 2722 argumento

244 2737 332 2783 est
362 2743 462 2797 pro
483 2728 574 2782 illa
595 2727 834 2783 codicem
861 2741 982 2782 esse
1003 2735 1300 2780 exaratum.

321 2795 440 2855 Erit
465 2809 642 2852 tamen
670 2800 757 2868 qui
791 2799 873 2852 vel
910 2813 974 2852 ex
1007 2798 1104 2850 hac
1131 2797 1442 2868 piaefat=one
1478 2801 1647 2848 totum
1677 2795 1824 2868 cog'i-

243 2885 367 2926 cem
394 2872 674 2940 explosum
689 2865 852 2924 'velit.
891 2869 1168 2937 Siquidem
1197 2866 1708 2940 et__anacbronismts
1745 2865 1824 2920 la-

243 2940 426 3008 borat,
455 2937 590 3011 quos
619 2942 898 2995 admisisse
924 2940 1144 2993 Romani
1173 2937 1374 3011 codicis
1399 2952 1668 3011 auctores,
1701 2953 1822 3011 pro-

243 3011 428 3068 babile
459 3007 563 3066 non
593 3022 708 3067 est:
732 3022 782 3066 et
815 3021 1069 3081 praeterea
1117 3008 1354 3078 praefatio
1396 3009 1483 3062 illa
1515 3007 1822 3076 impostoris

237 3083 439 3150 isidori
473 3083 610 3139 fetus
646 3098 767 3138 e-se
805 3083 1044 3146 videtur;
1087 3095 1210 3135 cum
1247 3095 1363 3134 eam
1405 3093 1518 3134 suae
1555 3093 1820 3134 canonum

242 3149 588 3210 Nicanorum
620 3155 836 3209 editioni
876 3153 1182 3222 prmiixerit.
1213 3149 1365 3218 Quod
1395 3151 1534 3204 enim
1564 3153 1822 3205 adversus

1931 533 1998 572 ex
2017 518 2779 592 autirptioribustranscripsit.
2809 521 2950 576 Istud
2965 518 3378 590 'porro'dubium
3403 544 3510 584 non

1932 597 2104 665 estex
2147 590 2376 665 Eusebio
2407 590 2688 665 haustum,
2737 608 2842 665 quo
2888 606 3012 648 tunc
3057 597 3311 665 temporis
3355 601 3512 656 unico

1933 657 2048 739 [cro
2107 659 2392 739 utebantur
2442 657 2821 739 _Occidentales_
2869 673 2989 733 post
3037 657 3510 739 liieronymianam

1934 729 2184 785 Chronici
2218 731 2654 809 translationem;
2682 735 2823 809 quod
2863 729 2915 790 et
2947 729 3272 809 prmfationi's
3317 742 3508 809 hujus,

1933 816 2094 865 quam
2118 802 2487 871 expendimus,
2521 804 2641 859 finis
2669 802 3021 861 demonstrat.
3055 807 3222 862 Porro
3251 802 3513 868 Eusebius

1933 871 2202 950 [Sicatnam
2266 876 2525 950 synodum
2584 879 2960 932 trecentesimo
3015 879 3274 934 vicesimo
3321 893 3512 950 quarto

1935 942 2130 997 Christi
2162 942 2307 1019 anno
2335 947 2588 1019 assignat,
2617 958 2708 1002 aut
2740 949 3016 1019 assignare,
3042 951 3282 1017 videtur,
3322 942 3512 1009 [Licinii

1934 1029 2063 1069 vero
2094 1016 2324 1069 senioris
2350 1016 2553 1071 obitum
2573 1032 2713 1072 anno
2741 1016 3114 1074 trecentesimo
3143 1016 3398 1076 vicesimo
3429 1040 3512 1079 se-

1933 1084 2122 1166 ptimo.
2157 1085 2460 1166 secundum
2492 1103 2648 1155 quant
2687 1091 2979 1166 epgcliam,
3026 1093 3192 1162 liquet
3241 1093 3510 1166 Lit-inium

1934 1158 2170 1226 potuisse
2200 1158 2292 1235 (_c)
2334 1158 2914 1235 imperatorein’jll
2957 1177 3026 1235 eo
3064 1158 3204 1235 anno
3247 1165 3510 1235 appellari

1931 1242 2038 1307 quo
2067 1226 2306 1307 synodus
2342 1239 2680 1307 congregata,
2713 1226 2916 1307 alisque
2953 1233 3176 1289 ἱιιεείιὶεε
3211 1226 3336 1290 tioia
3356 1277 3372 1304 ,
3403 1253 3508 1307 qua

1937 1298 2100 1354 simul
2131 1314 2234 1352 non
2265 1310 2578 1368 aspergatur
2606 1298 2882 1357 Eusebius.

2003 1369 2108 1424 Sed
2145 1379 2200 1424 et
2241 1370 2389 1425 ldatii
2424 1369 2566 1424 Fasti
2614 1372 2922 1428 consulares
2969 1376 3202 1431 occisum
3241 1376 3504 1434 Licinium

1936 1441 2168 1516 produnt
2189 1442 2286 1516 sub
2310 1441 2512 1516 Paulini
2541 1451 2596 1496 et
2619 1442 2682 1496 Ju
2709 1443 2814 1516 iani
2839 1446 3135 1515 consulatu,
3161 1448 3508 1516 qui-Nicena:

1931 1511 2139 1593 synodo
2177 1513 2332 1593 vulgo
2377 1515 2676 1593 assignatur
2706 1523 2761 1569 et
2796 1515 2849 1568 in
2881 1511 3306 1593 trecentesimum
3356 1524 3505 1577 vice-

1931 1583 2125 1661 simum
2154 1583 2397 1661 quintum
2439 1584 2633 1640 Christi
2683 1599 2882 1640 annum
2912 1587 3114 1643 incidit.
3147 1590 3263 1657 Quo
3309 1593 3504 1661 posito,

1931 1654 2059 1724 quid
2103 1664 2259 1732 vetat
2293 1655 2482 1732 eodem
2511 1671 2683 1732 _ann_o
2726 1654 3190 1732 etcougregatani
3239 1654 3504 1732 synodum

1931 1741 2116 1798 mense
2141 1724 2320 1798 Junio,
2354 1725 2561 1780 Licinio
2589 1727 2763 1798 adhuc
2794 1730 2845 1782 in
2877 1724 3250 1798 vii-is'agente,
3270 1724 3336 1787 ἐι
3355 1750 3504 1789 eum-

1932 1797 2052 1870 detu
2083 1795 2345 1870 Licinium
2373 1806 2555 1865 postea
2582 1797 2852 1853 occisum?
2885 1800 2995 1854 Etsi
3025 1795 3183 1870 porro
3213 1819 3312 1858 nec
3344 1805 3508 1860 Euse«

1931 1867 2022 1932 bii,
2069 1883 2168 1922 nec
2197 1866 2347 1921 ldatii
2379 1870 2699 1924 numerandi
2728 1872 2864 1925 ratio
2891 1866 3166 1940 probetur,
3198 1877 3395 1928 suflicit
3423 1890 3508 1930 ta-

1929 1953 2054 1993 men
2078 1948 2134 1992 ut
2159 1948 2284 2016 nota
2315 1940 2620 2016 temporalis
2644 1956 2706 1996 ex
2733 1947 2908 2016 altero
2936 1958 3118 2016 eorum
3153 1946 3206 1998 in
3237 1946 3506 2016 praefatio-

1929 2026 2052 2066 nem
2092 2010 2292 2082 codicis
2321 2013 2660 2077 transcripta,
2696 2013 2827 2067 nihil
2860 2014 3014 2082 hujus
3047 2017 3166 2070 tidei
3196 2010 3253 2070 εἰ
3276 2017 3509 2072 διιειοτίη

1928 2082 2024 2136 tati
2053 2080 2334 2135 detrahere
2366 2097 2520 2149 posse
2546 2083 2812 2151 judicetur
2841 2102 2853 2138 :
2879 2080 3001 2139 cum
3028 2085 3180 2140 facile
3209 2087 3369 2142 fuerit
3397 2100 3503 2143 tam

1927 2153 2216 2226 celebrium
2262 2153 2580 2226 scriptorum
2623 2169 2805 2210 errore
2844 2156 3013 2225 abripi
3056 2158 3379 2226 prtnfationis
3408 2176 3506 2215 au-

1929 2235 2156 2297 ctorem,
2189 2221 2490 2297 hujusmodi
2519 2225 2912 2296 chronologicis
2939 2221 3177 2297 apicibus
3205 2230 3503 2287 discutien-

1927 2295 2008 2348 dis
2039 2297 2255 2347 minime
2284 2295 2663 2350 assuefactum.

1998 2365 2111 2443 Sed
2134 2364 2434 2443 hujusmodi
2466 2369 2763 2443 responsis
2801 2369 3030 2443 alterum
3079 2371 3345 2443 addimus,
3397 2387 3504 2443 quo

1925 2435 2164 2508 Joannis
2179 2435 2393 2508 Davidis
2427 2435 2676 2506 objectio,
2713 2440 2813 2494 nisi
2843 2456 2964 2508 Spes
2995 2457 3081 2496 me
3107 2442 3275 2508 fallat,
3308 2435 3501 2498 exsuf-

1926 2507 2100 2562 fletur.
2135 2504 2273 2583 Quid
2300 2507 2441 2583 enim
2476 2504 2616 2563 vetat
2646 2504 2928 2583 quominus
2955 2513 3021 2566 de
3059 2504 3271 2569 Licinio
3284 2514 3503 2583 juniore

1925 2592 2228 2655 sermonem
2262 2576 2346 2655 hic
2373 2593 2492 2634 esse
2519 2576 2836 2655 contendam
2863 2583 2940 2635 is?
2972 2583 3017 2638 ls
3043 2589 3238 2655 quippe
3266 2576 3505 2641 Licinius

1924 2663 2046 2704 cum
2080 2649 2268 2718 Crispo
2303 2649 2482 2725 Ctesar
2514 2652 2832 2725 jampridem
2863 2664 2978 2708 erat
3005 2649 3328 2725 ap'pe'll'atos;
3362 2673 3504 2712 cum-

1925 2736 2029 2789 que
2077 2738 2142 2776 ex
2190 2724 2407 2779 Eusebii
2439 2723 2704 2778 Chronico
2746 2741 2912 2792 usque
2953 2728 3017 2780 ad
3044 2723 3264 2781 annum
3303 2726 3505 2782 Christi

1927 2800 2360 2850 trecentesimum
2412 2795 2724 2849 vicesimum
2780 2810 2976 2850 nonum
3041 2798 3247 2852 Licinio
3299 2798 3505 2853 seniori

1963 2865 2064 2918 atri
2095 2879 2193 2939 suo
2223 2868 2678 2939 supervixerit,et
2708 2867 2808 2934 ipsi
2839 2866 3044 2935 synodo
3074 2869 3302 2939 Nicaeum
3330 2870 3504 2939 pluri-

1965 2949 2026 2989 us
2063 2938 2224 2992 etiam
2262 2938 2446 3000 annis,
2486 2937 2826 2991 manifestum
2863 2948 2945 2991 est
2979 2939 3116 2995 hanc
3145 2937 3503 2995 Constantino

1925 3016 1980 3060 et
2024 3005 2228 3063 Licinio
2275 3007 2575 3062 Caes-aribus
2632 3022 2748 3062 esse
2793 3010 3121 3066 celebratam
3168 3025 3234 3066 ex
3278 3010 3503 3066 Eusebii

1926 3086 2127 3133 mente.

1995 3149 2209 3223 Jamad
2249 3151 2479 3206 alterum
2518 3149 2837 3223 objectionis
2879 3159 3040 3223 caput
3086 3152 3229 3222 quod
3274 3153 3502 3221 attinet,

242 3225 628 3281 Justellianum
657 3218 896 3280 codicem
927 3225 1123 3294 excipit
1147 3223 1382 3277 Joannes
1410 3222 1609 3294 David,
1629 3239 1696 3277 ne
1726 3237 1820 3290 pro
1846 3218 1894 3282 C
1925 3221 2168 3294 quamvis
2199 3223 2516 3294 lsidoriantc
2537 3218 2726 3289 synodi
2759 3218 2986 3278 Nicanth
3011 3218 3232 3279 editioni
3284 3218 3503 3294 praefixa

241 3299 465 3367 antiqua
511 3297 827 3352 collectione
870 3293 1061 3357 Latina
1096 3294 1382 3367 habeatur,
1429 3293 1616 3367 procul
1661 3295 1824 3367 dubio

241 3364 508 3423 adversus
539 3379 777 3422 nostrum
809 3383 997 3437 urgere
1025 3382 1133 3421 non
1158 3365 1407 3437 emittet:
1437 3364 1643 3419 scilicet
1670 3366 1725 3419 in
1752 3366 1822 3420 in-

241 3439 542 3508 scriptione
578 3440 788 3494 concilii
818 3435 1017 3493 Nicaani
1049 3437 1242 3508 legitur
1281 3435 1512 3490 habitam
1555 3450 1671 3508 eam
1703 3450 1824 3491 esse

241 3506 581 3581 Constantino
605 3514 833 3581 Augusto
853 3520 900 3564 et
921 3506 1118 3564 Licinio
1144 3506 1462 3581 Caesareum
1490 3522 1626 3581 quae,
1654 3507 1824 3581 inquit

240 3580 360 3646 ille,
385 3578 698 3649 intpostoris'
723 3583 932 3636 inscitia
959 3599 968 3632 :
999 3584 1183 3650 quisve
1213 3594 1328 3632 eam
1362 3579 1497 3650 ferat
1526 3578 1684 3650 tribui
1716 3580 1824 3648 pri-

239 3667 351 3706 mm
382 3648 694 3706 Latinorum
724 3648 1061 3706 collectioni?
1108 3649 1329 3704 Constat
1371 3649 1513 3704 enim
1555 3648 1820 3705 Licinium

239 3733 376 3778 ante
428 3739 627 3777 annum
655 3722 852 3777 Christi
883 3723 989 3779 525
1035 3736 1155 3776 esse
1184 3721 1419 3783 occisum
1443 3761 1458 3786 ,
1504 3736 1566 3772 ac
1599 3722 1822 3789 proinde

278 3795 309 3847 b
329 3791 351 3862 )
373 3797 707 3848 consulatum
730 3809 918 3863 gerere
947 3809 1052 3848 non
1083 3794 1321 3860 potuisse
1347 3806 1487 3846 anno
1516 3791 1608 3845 illo
1635 3790 1707 3847 25
1735 3792 1822 3849 vel

287 3866 313 3919 Β
346 3881 574 3932 quorum
605 3866 738 3918 alter
763 3865 975 3919 concilii
1021 3863 1369 3919 celebrationi
1408 3863 1707 3932 assignatur
1755 3865 1823 3919 ab

239 3937 498 3991 omnibus
526 3935 876 4004 scriptoribus
906 3952 1001 3990 seu
1030 3935 1394 4003 chronologis.

314 4006 385 4060 At
418 4023 607 4062 vereor
634 4023 734 4077 ego
762 4022 831 4060 ne
863 4022 1044 4074 parum
1077 4007 1206 4059 scita
1237 4009 1308 4060 sit
1341 4005 1708 4077 haecinscitite
1733 4021 1824 4062 ac-

238 4079 475 4144 cusatio,
505 4094 623 4148 qua:
643 4076 697 4133 et
724 4078 965 4145 pluribus
993 4077 1270 4131 codicibus
1297 4092 1428 4131 mss.
1458 4076 1744 4148 irrogatur,
1767 4089 1822 4133 et

239 4148 539 4204 Eusebium
589 4149 836 4204 Historiae
883 4149 1260 4203 ecclesiasticae
1315 4148 1606 4216 principem
1666 4152 1816 4214 petit.

239 4217 364 4274 Non
394 4220 542 4276 solus
562 4220 705 4274 enim
725 4220 893 4274 codex
920 4219 1265 4275 Justellianus
1291 4233 1412 4274 eam
1442 4221 1702 4288 epochain
1725 4219 1820 4274 ba-

237 4289 358 4360 bet,
383 4291 481 4348 sed
511 4299 566 4348 et
592 4291 730 4346 alius
755 4305 914 4362 quem
942 4290 1361 4347 Cresconianum
1391 4290 1622 4359 appellat
1655 4291 1818 4347 Baro-

1930 3291 2226 3348 inieniatur
2258 3295 2356 3348 ista
2385 3293 2641 3362 praefatio,
2669 3310 2775 3348 non
2798 3309 2915 3348 eam
2943 3297 3013 3349 ob
3038 3310 3150 3352 rem
3180 3291 3478 3365 suppositio

1932 3366 2013 3417 nis
2037 3369 2184 3434 argui
2208 3365 2401 3430 debet;
2431 3365 2525 3418 sed
2549 3377 2734 3418 contra
2761 3366 3218 3421 verosimillimum
3243 3378 3325 3421 est
3347 3383 3504 3434 pseu-

1925 3433 2284 3493 do-lsidorum
2307 3436 2456 3490 illum
2479 3445 2555 3490 tot
2575 3438 2954 3507 commentitiis
2976 3440 3190 3507 scriptis
3211 3433 3502 3505 celebrem,

1928 3507 2294 3588 pratiationem
2329 3510 2481 3561 istam
2515 3505 3030 3589 sufl‘uratumesse,
3055 3505 3338 3589 v‘trumque
3389 3509 3505 3579 pla-

1925 3577 2091 3650 giatui
2130 3588 2401 3650 assuetum
2432 3593 2550 3634 eam
2577 3592 2674 3633 suo
2705 3579 2854 3646 operi
2882 3579 3033 3650 quasi
3065 3578 3335 3649 propriam
3369 3577 3504 3648 βαε-
3581 3577 3600 3600 ⁸

1927 3649 2108 3730 tixisse
2156 3649 2346 3719 :quod
2403 3649 2644 3720 pluribus
2685 3650 2786 3720 (α)
2835 3649 3163 3721 argumentis
3219 3649 3504 3720 probatum

1928 3734 2088 3774 unus.

1999 3792 2052 3846 1.
2091 3790 2327 3848 Isidorus
2351 3807 2469 3847 eam
2491 3792 2658 3863 solius
2684 3793 2895 3849 concilii
2917 3790 3114 3847 Nicatoi
3137 3789 3504 3863 praelationem

1929 3862 2208 3918 inscribit:
2234 3863 2487 3934 Prwfatio
2514 3862 2715 3919 Nicwni
2745 3865 2988 3918 concilii:
3014 3862 3172 3935 quam
3223 3875 3401 3919 tamen
3437 3878 3506 3921 eo

1929 3935 2034 3990 fine
2069 3939 2322 4019 scriptam
2351 3937 2536 4017 liquet,
2571 3939 2732 4019 712
2765 3945 2820 4018 ut
2854 3937 3060 4019 integro
3090 3935 3506 4019 elicuit-egula-

1929 4021 2046 4062 rum
2075 4008 2563 4063 ecclesiasticarum
2579 4006 2776 4063 'cotﬁci
2823 4012 3185 4077 prmtigeretur
3211 4024 3224 4061 :
3249 4006 3320 4074 ita
3358 4007 3506 4062 enim

1929 4077 1981 4133 in
2002 4077 2338 4152 praefatione
2366 4095 2380 4131 :
2406 4077 2548 4132 Nam
2573 4089 2619 4131 et
2648 4078 2741 4152 (e)
2772 4081 3051 4152 nonnulla?!
3098 4078 3285 4148 inquit,
3312 4080 3507 4152 regula:

1925 4150 2165 4222 ριὺιιεπω
2192 4159 2332 4222 sunt,
2373 4166 2499 4219 quas
2541 4149 2822 4205 memorata
2864 4149 3148 4222 suscipiens
3191 4150 3509 4218 conﬁrmavit

1928 4219 2160 4273 Ecclesia
2185 4219 2438 4274 Romana.

1996 4293 2052 4346 2.
2091 4290 2233 4346 Nihil
2255 4291 2343 4362 (f)
2365 4299 2447 4347 est
2473 4290 2527 4347 in
2565 4291 2858 4348 lsidoriano
2885 4291 3070 4349 codice
3095 4292 3238 4363 quod
3261 4306 3384 4349 eum
3406 4292 3508 4350 Ec~

1288 4402 1842 4466 BALLERlNlORUM
1879 4403 2422 4467 ANNOTATIONES.

352 4496 418 4567 ιι)
455 4496 592 4552 Vide
612 4497 1016 4553 observationes
1046 4511 1164 4564 cap.
1194 4495 1252 4562 2,
1280 4513 1334 4551 ιι.
1365 4497 1420 4551 2.

315 4543 433 4642 lii
459 4543 1338 4642 ιἰἱ’ᾆτξεῗᾶῖῖοιῖἑίἰξῖῶἐῷἳίζὶιὸἰί
1366 4543 1580 4642 libatur
1607 4572 1821 4642 quidem

235 4637 561 4711 consulatus
605 4637 940 4694 Cuttstatttiiti
983 4646 1038 4694 et
1076 4637 1297 4708 Licinii,
1341 4643 1430 4710 qui
1479 4637 1720 4711 signatur
1770 4647 1824 4698 in

235 4709 483 4768 editione
507 4710 817 4766 Justelliana
837 4711 1100 4766 versionis
1128 4711 1336 4780 priscae.
1360 4709 1440 4766 ’At
1462 4709 1601 4767 idem
1623 4728 1821 4770 consu-

237 4782 390 4838 latus
413 4783 465 4836 in
489 4793 669 4836 nostra
692 4783 1006 4852 collectione
1028 4781 1282 4852 inseritur
1308 4782 1359 4836 in
1381 4783 1485 4837 alia
1520 4784 1824 4852 praafatiun-

237 4852 366 4907 cula
405 4867 500 4908 seu
537 4854 885 4908 annotatione
921 4849 1154 4907 Nicmnis
1180 4853 1474 4908 canonibus
1501 4849 1737 4923 praeﬁxa,
1767 4858 1821 4912 in

237 4939 410 4994 quam
436 4923 560 4977 vide
587 4933 697 4978 not.
725 4924 814 4992 45,
841 4924 930 4977 tibi
970 4923 1127 4992 hujus
1158 4925 1369 4980 erronei
1399 4928 1708 4983 consulatus
1738 4943 1821 4984 ra-

238 4998 450 5050 tionem
481 4995 742 5063 expiscari
772 4994 1094 5049 studuimus.

322 5067 341 5136 (
357 5066 420 5135 c)
461 5065 516 5119 In
545 5065 720 5138 verbis
747 5080 814 5120 ex
845 5064 1156 5136 praefatione
1179 5078 1210 5118 a
1229 5063 1519 5138 Quesnello
1549 5071 1818 5138 recitatis,

240 5136 488 5192 Licinius
515 5151 620 5190 non
661 5136 933 5206 imperator
963 5146 1210 5200 vocator,
1242 5137 1340 5192 sed
1369 5138 1540 5192 Cwsar
1571 5149 1773 5200 tantum
1800 5136 1816 5207 ξ

237 5223 313 5262 ac
351 5207 981 5281 preptereadegbteinio
1010 5212 1249 5281 AuguSto
1287 5209 1372 5281 hic
1413 5211 1562 5266 locus
1601 5213 1822 5281 intelligi

238 5282 458 5347 nequit.
493 5278 568 5332 De
594 5278 800 5352 bicinio
829 5287 1008 5352 autem
1043 5278 1256 5352 Ctesare
1286 5280 1402 5349 ejus
1432 5282 1568 5349 lilio,
1601 5287 1692 5352 qui
1735 5278 1824 5340 Ni-

241 5364 414 5406 caenae
436 5349 629 5425 synodi
654 5357 894 5425 tempore
924 5349 1156 5425 vivebat,
1187 5353 1353 5422 accipi
1377 5354 1590 5425 quidem
1618 5349 1819 5425 potest.

243 5427 321 5475 At
347 5435 443 5475 cur
472 5419 647 5494 solum
677 5419 933 5494 Licinium
976 5421 1238 5494 Caesarem
1285 5419 1458 5492 potius
1489 5419 1645 5494 quam
1675 5428 1821 5482 Cris-

243 5507 401 5561 pum,
427 5501 520 5546 aut
548 5492 680 5566 alios
710 5491 946 5566 Caesares
973 5491 1473 5566 Constantiniiilios
1499 5491 1822 5566 praefationis

243 5570 439 5638 auctor
480 5562 782 5638 appellarit,
816 5579 1046 5638 congrua
1087 5563 1222 5618 ratio
1259 5564 1436 5621 afferri
1467 5562 1571 5623 non
1606 5573 1820 5638 poterit.

243 5634 385 5690 lllud
411 5649 572 5708 unum
596 5637 750 5688 nobis
772 5636 1214 5708 verosnnileest,
1244 5639 1488 5693 eumdem
1517 5634 1786 5695 auctorem
1804 5682 1821 5708 ,

244 5719 374 5774 cum
401 5705 667 5774 duplicem
695 5707 1018 5761 notationem
1051 5705 1358 5763 chronicam
1381 5711 1432 5764 in
1463 5711 1691 5766 diversis
1713 5705 1823 5766 coll

246 5772 600 5856 lectionibus,
631 5792 762 5845 quas
791 5777 1052 5856 adhibuit,
1090 5780 1409 5856 reperisset,
1433 5783 1658 5856 alterum
1688 5799 1824 5853 prte-

250 5846 476 5905 missam
517 5846 736 5904 Nicaeae
778 5849 1023 5916 symbolo
1064 5863 1186 5906 cum
1226 5846 1505 5911 consulatu
1547 5846 1740 5911 Juliani
1771 5863 1825 5912 et

1850 4505 1906 4566 D
1931 4503 2161 4575 Paulini,
2190 4505 2410 4560 alteram
2441 4504 2738 4575 canonibus
2775 4503 3049 4575 praefixam
3078 4517 3200 4559 cum
3228 4505 3508 4567 consulatu

1926 4574 2266 4648 Constantini
2291 4575 2518 4646 Augusti
2560 4587 2613 4631 et
2640 4573 2830 4648 Licinii
2855 4573 3104 4648 Caesaris,
3140 4587 3422 4648 utramque
3451 4579 3506 4636 in

1927 4647 2420 4721 unumcopulasse,
2444 4655 2651 4721 retento
2681 4646 2886 4721 Paulini
2903 4656 2955 4701 et
2975 4645 3170 4702 Juliani
3199 4645 3504 4721 consulatu,

1924 4719 2014 4786 qui
2044 4717 2272 4772 Nicaeum
2303 4717 2511 4789 synodo
2540 4720 2810 4788 congruit,
2843 4733 3128 4789 suppressa
3167 4731 3344 4774 autem
3371 4717 3505 4777 voce

1923 4789 2230 4843 consulatus
2255 4789 2306 4843 in
2329 4788 2680 4861 Consmntino
2711 4788 2947 4860 Augusto
2969 4799 3023 4843 et
3044 4789 3250 4846 Licinio
3271 4789 3504 4861 Caesare,

1925 4873 2151 4929 quorum
2181 4860 2518 4926 consulatus,
2562 4862 2804 4917 incidens
2842 4862 2895 4916 in
2927 4876 3126 4916 annum
3157 4862 3284 4929 519,
3315 4863 3384 4917 ab
3412 4860 3506 4918 eaé-

1926 4934 2048 4986 dem
2075 4932 2287 5002 synodo
2315 4932 2602 5002 plurimum
2636 4933 2821 4988 distat.

1996 5001 2710 5076 (d)r'rUnum’argutnentum
2742 5019 2847 5076 quo
2883 5003 2999 5059 haec
3029 5001 3270 5073 prmfatio
3303 5002 3371 5058 ab
3411 5001 3480 5076 isi

1925 5073 2060 5126 doro
2095 5075 2391 5130 Mercatore
2420 5090 2484 5130 ex
2517 5087 2696 5132 nostra
2727 5073 3043 5131 collectione
3069 5084 3279 5142 sumpta
3311 5075 3504 5143 proba-

1926 5153 2031 5212 tur,
2060 5144 2201 5199 istud
2229 5155 2342 5213 est,
2373 5145 2517 5216 quod
2557 5147 2745 5204 eadem
2783 5146 3029 5201 collectio
3067 5145 3504 5213 pseudo-lsidoro

1925 5225 2007 5270 est
2036 5217 2324 5285 antiquior,
2359 5233 2467 5273 non
2496 5227 2676 5275 autem
2714 5227 2957 5273 econtra.
2999 5217 3200 5270 Auctor
3241 5229 3370 5285 vero
3408 5231 3502 5271 no-

1925 5283 2404 5359 strmcoll‘ectionis
2426 5303 2542 5344 eam
2569 5289 2932 5359 praefationem
2955 5287 3150 5359 partim
3176 5300 3240 5359 ex
3265 5283 3502 5359 Gelasio,

1926 5358 2120 5427 partim
2150 5375 2216 5413 ex
2246 5360 2445 5416 Ruﬁno
2473 5357 2780 5431 exscripsit,
2809 5367 2862 5414 ut
2891 5357 2946 5413 in
2972 5357 3113 5414 notis
3149 5358 3218 5412 ad
3260 5357 3504 5413 eamdem

1926 5431 2421 5486 animadvertimus.

1999 5501 2104 5572 (e)
2145 5501 2271 5556 Haec
2302 5501 2632 5572 pratfationis
2659 5499 2927 5569 particula
2955 5511 3165 5570 sumpta
3197 5507 3281 5555 est
3309 5513 3376 5556 ex
3405 5499 3504 5556 de-

1925 5583 2074 5628 creto
2097 5573 2382 5628 Gelasiano
2402 5573 2471 5628 de
2491 5572 2833 5642 apocryphis,
2860 5575 2914 5628 in
2935 5589 3039 5641 quo
3055 5586 3214 5627 voces
3240 5572 3505 5626 nonnulla

1925 5645 2118 5715 regula:
2149 5645 2385 5698 subnexa:
2413 5653 2529 5698 sunt
2558 5642 2626 5697 ad
2658 5642 2900 5700 Nicaanos
2935 5658 3170 5715 canones
3192 5643 3317 5700 ﬁdei
3350 5659 3502 5715 sym-

1926 5714 2049 5770 bolo
2078 5716 2350 5787 subjectos
2379 5716 2716 5787 referuntur,
2753 5723 2811 5770 ut
2837 5730 2907 5770 ex
2937 5714 3166 5771 lectione
3211 5714 3390 5787 ipsius
3410 5715 3506 5772 de-

1926 5788 2058 5840 creti
2078 5786 2418 5852 manifestum
2451 5786 2562 5841 flet.

2007 5853 2085 5921 'f)
2123 5856 2266 5939 Nihil
2303 5857 2485 5926 potius
2528 5863 2612 5914 est
2651 5858 2707 5914 in
2737 5872 2798 5915 ea
2829 5857 3162 5930 praefatione,
3206 5857 3350 5930 quod
3389 5871 3506 5917 eam
