3998 6346
449 335 552 393 919
949 311 998 359 .l.

1389 333 1476 390 AD
1514 331 1742 390 OPERA
1780 331 1835 390 S.
1881 329 2124 392 LEONIS
2163 331 2378 391 MAGNI
2414 333 2775 394 APPENDIX.

447 454 626 512 clesim
665 454 922 511 Romanae
960 451 1230 524 proprium
1263 448 1460 504 iudicet
1496 467 1512 524 _:
1545 447 1678 504 nihil
1710 455 1945 524 econtra
1973 449 2026 504 in
2057 452 2104 512 Α
2133 449 2297 524 tibus,
2327 465 2448 506 cum
2470 449 2526 524 in
2554 447 3043 524 epistolaRomsni
3083 457 3353 524 ponimus
3389 449 3593 524 δικιῳὰ
3631 451 3738 508 ad-

446 526 761 596 praefatione
791 519 1130 592 elucet'quod
1165 536 1281 578 eam
1316 536 1421 577 non
1459 520 1654 577 clamet
1699 519 1868 575 codici
1911 519 2023 574 Ro-

447 612 610 653 mano
632 613 943 668 appensam.

518 671 572 726 5.
617 662 803 725 lsidori
830 683 963 738 opus
992 681 1102 722 non
1125 679 1249 738 esse?
1273 663 1611 738 manifestum
1639 672 1719 719 cst
1740 677 1806 718 ex
1830 662 2026 738 Ge_l_asii

445 755 597 810 papae
628 740 846 795 decreto
869 734 960 793 'de
998 737 1323 810 apocryphis
1362 735 1662 810 scripturis,
1705 737 1870 810 quod
1895 734 2033 788 Hor-

445 805 633 866 inisdrc
660 813 726 866 ab
755 811 872 865 aliis
903 805 1183 865 tribuitur:
1208 805 1407 863 Totum
1438 807 1580 862 enim
1615 805 1727 860 fere
1766 805 2030 875 scriptum

446 883 586 936 istud
616 883 809 950 legitur
835 880 1166 949 praelationis
1193 879 1307 934 vice
1339 880 1556 950 decreto
1583 876 1706 950 huic
1736 892 2028 950 annexum.

443 958 512 1008 At
534 955 646 1008 sive
669 947 933 1018 Gelasi‘us,
960 952 1074 1008 sive
1094 951 1406 1006 Horniisdas
1429 947 1587 1019 hujus
1609 949 1810 1002 decreti
1844 958 2034 1002 auctor

445 1024 514 1077 sit
546 1023 727 1094 (quod
759 1033 1090 1093 postremum
1121 1022 1292 1077 codex
1328 1029 1544 1084 noster,
1588 1029 1640 1094 ut
1673 1029 1735 1094 et
1752 1019 2036 1094 Dionysia-

445 1090 854 1164 ntts'p'robabile
893 1095 1158 1158 reddunt,
1203 1094 1293 1160 qtti
1333 1108 1453 1147 cum
1498 1090 2034 1164 multaGclasiiha-

445 1161 624 1231 beant,
647 1167 744 1238 (a)
767 1167 1044 1238 decretum
1069 1176 1244 1238 tamen
1269 1164 1406 1218 istud
1434 1172 1542 1238 tam
1562 1161 1731 1216 codici
1760 1163 2031 1238 proprium

446 1253 552 1291 non
575 1232 886 1303 continent)
909 1256 922 1293 :
947 1245 1196 1299 uterque,
1223 1237 1462 1304 inquam,
1491 1232 1701 1287 illorum
1726 1234 2034 1301 pontiﬁcum

445 1319 666 1366 auctore
711 1309 1046 1364 collectionis
1076 1307 1388 1361 Isidoriante
1431 1305 1703 1374 antiquior
1745 1315 1860 1372 est,
1906 1315 1962 1358 ut
1993 1309 2035 1360 is

446 1381 622 1448 potius
652 1382 719 1434 ah
761 1382 866 1436 illis
900 1381 982 1436 vel
1012 1395 1041 1432 a
1076 1387 1261 1433 nostro
1291 1376 1478 1432 codice
1503 1374 1775 1445 accepisse
1803 1375 2033 1431 creden-

448 1451 550 1523 dus
578 1455 661 1518 sit,
694 1468 852 1523 quam
882 1468 947 1507 ex
981 1466 1049 1523 eo
1076 1450 1185 1523 alii.

521 1517 908 1594 Finna'igitur,
943 1522 996 1577 ni
1031 1521 1209 1588 fallor,
1238 1527 1420 1594 manet
1467 1517 1730 1594 probatio,
1776 1533 1934 1594 quam
1967 1533 2033 1594 ex

447 1590 770 1663 prml'atiune
806 1596 1082 1659 elicimus,
1125 1603 1182 1646 ut
1209 1592 1447 1647 codicem
1481 1591 1737 1645 Romana:
1781 1590 2034 1645 Ecclesiae

446 1666 739 1735 probemus
769 1666 930 1720 fuisse
963 1668 1255 1733 proprium.

520 1737 755 1791 Tertiam
785 1730 1151 1804 probationem
1178 1734 1501 1789 arcessimus
1524 1749 1589 1786 ex
1617 1732 1781 1787 citato
1813 1730 1909 1802 (b)
1930 1731 2037 1787 Ge-

446 1807 565 1896 lasi'i
599 1825 693 1862 seu
713 1803 1023 1896 Illormisdic
1039 1807 1269 1896 decreto
1291 1823 1303 1858 :
1331 1821 1395 1896 ex
1430 1805 1620 1896 alieno
1654 1803 2032 1896 enim_cotl‘ice
2062 1834 2110 1896 Β

448 1879 621 1948 pudor
646 1881 728 1934 Vel
765 1879 948 1946 religio
976 1878 1164 1933 fuisset
1202 1877 1445 1932 alterutri
1485 1874 1853 1948 praefationem
1887 1876 2030 1929 inte—

447 1947 600 2018 grant
632 1952 683 2004 iu
709 1966 863 2004 suum
891 1950 1201 2011 transferre,
1229 1957 1284 2002 at
1306 1963 1370 2002 ex
1400 1962 1499 2002 suo
1525 1961 1632 2002 non
1659 1947 1807 2018 item.

521 2020 576 2075 4.
615 2022 797 2076 Canon
827 2023 916 2093 (c)
951 2029 1135 2093 sextus
1165 2019 1365 2093 Nicaeni
1403 2019 1616 2093 concilii
1650 2033 1679 2072 a
1707 2017 2030 2093 Pascltasino

449 2091 626 2163 legato
655 2094 800 2148 sedis
828 2088 1136 2161 apostolicae
1157 2091 1347 2146 eodem
1372 2090 1531 2163 modo
1557 2090 1725 2163 lectus
1755 2098 1837 2163 est
1858 2088 2028 2143 aetio-

447 2161 525 2217 ne'
550 2165 617 2218 l6
638 2164 851 2219 concilii
881 2163 1357 2227 Chalcedonensis,
1385 2177 1492 2232 quo
1516 2161 1744 2215 habetur
1763 2162 2032 2232 inrnostro

449 2234 660 2298 codice;
694 2246 749 2290 ut
780 2251 844 2290 ex
865 2234 1054 2290 eodem
1085 2235 1306 2289 omnino
1334 2231 1649 2302 desumptus
1682 2247 1802 2286 esse
1830 2231 2030 2287 intelli-

447 2315 624 2366 gatur.
657 2307 726 2362 At
759 2307 977 2360 dubium
1011 2321 1117 2361 non
1150 2314 1234 2361 est
1273 2305 1401 2375 quin
1429 2319 1497 2360 ex
1527 2303 1746 2375 proprio
1776 2303 2032 2375 Romanae

447 2375 921 2433 Ecclesimcodice
947 2392 1209 2432 canonem
1231 2374 1388 2432 istum
1411 2374 1769 2444 decerpstsset
1802 2374 2034 2429 Pascha-

447 2448 629 2515 sinus,
665 2451 738 2502 titi
770 2449 1352 2516 Constantinupolitani
1393 2463 1458 2500 ex
1489 2461 1587 2501 suo
1617 2445 1864 2500 eumdem
1911 2461 2032 2514 pro-

448 2520 638 2574 tulere.
671 2519 848 2575 Unum
889 2521 1104 2575 obstare
1129 2521 1370 2584 videtur,
1402 2517 1542 2588 quod
1573 2516 1823 2588 videlicet
1847 2527 2033 2571 sextus

448 2603 623 2644 canon
656 2609 682 2642 ιι
721 2590 1049 2646 Paschasino
1088 2587 1431 2652 numeretur,
1461 2588 1552 2657 qui
1583 2587 1825 2642 decimus
1863 2597 1947 2642 est
1977 2588 2031 2642 in

449 2661 655 2714 codice.
689 2660 831 2716 Istud
877 2678 1037 2730 porro
1079 2678 1182 2715 non
1223 2669 1308 2716 est
1344 2674 1506 2730 gravo
1533 2669 1884 2730 momentum.
1918 2659 2032 2712 Pri-

448 2746 598 2804 mum
628 2733 770 2786 enim
804 2729 963 2804 taeile
982 2731 1078 2786 fuit
1100 2733 1260 2804 713
1289 2729 1496 2786 sextum
1521 2745 1616 2804 pro
1637 2729 1849 2804 decimo
1878 2745 2035 2799 repo-

448 2802 612 2856 situm
647 2819 767 2857 es~e
795 2819 824 2856 a
865 2803 1037 2858 scriba
1072 2799 1372 2873 vél—aliquo
1415 2799 1606 2872 synodi
1651 2799 2031 2873 emendatorc,

447 2874 541 2940 qui
570 2873 1001 2929 animadvertens
1028 2875 1080 2929 in
1109 2875 1227 2929 aliis
1255 2872 1506 2928 omnibus
1535 2873 1648 2926 sive
1669 2872 1894 2938 Graecis,
1919 2873 2035 2929 sive

449 2942 686 3009 Latinis,
724 2947 836 3000 sive
880 2947 1107 2999 aliarum
1140 2947 1418 3014 regionum
1449 2943 1725 2998 codicibus
1767 2957 2032 2999 cauonctn

447 3015 608 3086 istum
643 3031 738 3084 pro
769 3028 921 3072 sexto
957 3017 1174 3079 haberi,
1221 3025 1380 3086 atque
1419 3031 1485 3069 eo
1522 3030 1750 3069 numero
1793 3023 2033 3069 notatum

447 3085 614 3157 luisse
635 3103 663 3142 a
686 3085 1566 3157 ConstantitmpulitanmEcclesia:
1587 3087 1903 3149 secretario,
1929 3102 2032 3140 nou

447 3156 708 3212 dubitavit
741 3156 1056 3213 mendosum
1086 3175 1205 3214 esse
1249 3161 1548 3212 Romanum
1595 3172 1916 3211 numerum'
1954 3167 2023 3212 at~

2136 522 2356 583 dobant,
2389 523 2532 592 quod
2555 523 2622 575 ad
2651 521 2769 591 ejus
2790 521 3205 578 illustrationem
3233 522 3462 579 faceret.
3495 522 3608 579 Nec
3649 533 3736 580 te-

2135 609 2281 649 mere
2301 595 2420 664 quis
2449 593 2835 649 existimaverit
2865 609 2931 650 ex
2966 594 3066 650 hoc
3095 594 3241 650 fonte
3272 594 3418 649 illam
3436 593 3736 664 parenthe-

2135 665 2234 720 sim
2280 665 2333 720 in
2382 665 2562 735 plures
2614 664 2812 720 deinde
2853 664 3122 722 editiones
3164 665 3486 720 denivatam.
3545 665 3732 722 Potuit

2135 737 2295 792 etiam
2327 735 2670 806 parenthesis
2702 736 2790 790 illa
2830 739 2882 791 in
2921 747 3122 792 textum
3170 737 3452 806 irrepsisse
3495 752 3564 793 ex
3601 746 3738 792 nota

2137 807 2418 877 marginali
2448 806 2670 862 studiosi
2697 808 2962 876 alicujus.
3003 809 3094 878 qui
3127 807 3239 863 Osii
3279 808 3605 863 meminerat
3650 809 3738 862 di-

2095 870 2110 892 “
2136 870 2308 934 centis
2337 880 2390 934 in
2421 878 2726 935 Sardicensi
2757 870 2989 934 concilio
3020 870 3034 931 Ξ
3076 879 3136 935 Si
3175 880 3373 950 placet,
3397 879 3568 934 sancti
3607 895 3740 950 apo-

2137 951 2253 1005 stoli
2282 950 2424 1005 Petri
2451 951 2746 1004 memoriam
2765 950 3097 1006 honoremus.

2211 1021 2578 1093 6.Vigesimus
2597 1032 2820 1093 octavus
2845 1019 3303 1079 Chalcedonensis
3323 1021 3539 1077 concilii
3559 1035 3738 1077 canon

2141 1093 2192 1147 in
2223 1109 2289 1147 eo
2309 1091 2495 1148 codice
2528 1092 2632 1164 (ε)
2662 1091 3004 1164 desideratur
3035 1111 3047 1147 :
3073 1109 3233 1164 quem
3263 1108 3454 1152 revera
3487 1093 3740 1149 Romano

2139 1164 2309 1219 codici
2337 1163 2596 1220 insertum
2624 1178 2734 1219 non
2757 1163 2920 1219 fuisse
2941 1163 3148 1220 certum
3174 1174 3277 1220 est.

2211 1237 2261 1289 7.
2297 1236 2373 1291 Ex
2407 1235 2648 1306 pluribus
2677 1236 2974 1304 priscorum
3003 1235 3190 1292 Romae
3210 1239 3592 1307 episcoporum
3614 1235 3737 1306 epi-

2139 1307 2313 1374 stolis,
2337 1321 2586 1378 atqueiex
2614 1307 2911 1362 canonibus
2937 1307 2989 1361 in
3021 1307 3258 1363 Africam
3289 1325 3318 1362 a
3345 1309 3568 1364 Zosimo
3594 1323 3734 1377 papa

2139 1380 2319 1433 missis
2349 1377 2447 1434 sub
2479 1377 2816 1432 Nictetiorum
2858 1393 3125 1433 canonum
3172 1381 3390 1435 nomine
3413 1421 3430 1445 ,
3481 1379 3739 1448 quamvis

2139 1449 2488 1505 Sardicenses
2514 1464 2611 1504 eos
2641 1449 2807 1504 fuisse
2829 1449 2940 1518 jam
2971 1451 3025 1504 in
3064 1451 3312 1507 confesso
3351 1452 3468 1516 sit,
3518 1460 3736 1506 certum

2140 1535 2278 1590 pene
2308 1521 2566 1576 hactenus
2610 1519 2707 1574 fuit
2733 1519 2874 1589 apud
2915 1521 3153 1577 eruditos
3198 1521 3496 1578 Romanam
3547 1521 3739 1577 Eccle-

2138 1593 2272 1665 siam
2297 1593 2574 1665 utriusque
2599 1592 2814 1665 concilii
2837 1607 3072 1665 canones
3121 1593 3371 1647 habuisse
3418 1592 3588 1665 ’114
3626 1592 3735 1665 sibi

2138 1663 2365 1718 invicem
2398 1665 2482 1719 vel
2508 1663 2785 1718 immixtos
2823 1665 2905 1718 vel
2943 1663 3218 1732 subjectos
3247 1665 3364 1720 sine
3394 1663 3738 1718 ulla‘distin-

2137 1735 2330 1790 ctionis
2356 1735 2496 1790 inter
2527 1743 2784 1805 utrosque
2814 1744 2939 1789 nota
2974 1750 3243 1805 :cutnque
3289 1744 3588 1790 novatores
3619 1733 3734 1788 Zo-

2138 1807 2275 1860 simo
2297 1805 2530 1862 allectati
2551 1805 2818 1860 mendacii
2847 1821 2911 1860 ac
2948 1805 3222 1861 meditata:
3267 1807 3589 1875 impostura:
3625 1807 3737 1861 cri-

2137 1892 2262 1932 men
2299 1878 2614 1949 procacibus
2667 1876 2850 1949 verbis
2890 1876 3207 1949 impingere,
3232 1886 3735 1949 praesumpserunt,

2138 1949 2272 2003 nihil
2302 1948 2498 2004 melius
2527 1948 2696 2001 nostri
2728 1948 2972 2004 habuere
3003 1964 3108 2016 quo
3133 1948 3458 2004 calumniam
3496 1949 3735 2019 repelle-

2136 2029 2275 2085 rent,
2298 2034 2456 2089 quatn
2491 2028 2545 2073 ut
2569 2019 2809 2074 modeste
2832 2019 3132 2074 faterentur
3163 2035 3259 2090 pro
3295 2019 3532 2075 Nicmnis
3570 2035 3736 2075 cano-

2137 2092 2295 2146 nibus
2321 2090 2670 2145 Sardicenses
2700 2091 2768 2145 ab
2798 2091 2888 2145 illo
2909 2090 3140 2152 habitos,
3164 2103 3218 2146 et
3239 2100 3554 2147 assererent
3587 2091 3645 2144 id
3664 2108 3731 2146 ex

2137 2179 2194 2218 eo
2216 2166 2522 2234 profectum,
2553 2172 2608 2215 ut
2636 2162 2822 2216 scribit
2847 2161 3022 2234 Mat-ca
3055 2160 3171 2231 (Lib
3191 2205 3208 2228 ,
3248 2178 3320 2217 vri
3366 2162 3430 2216 de
3473 2162 3729 2234 Concord.

2135 2232 2240 2289 sae.
2274 2232 2321 2289 et
2348 2235 2495 2304 imp.,
2528 2249 2643 2304 cap.
2672 2234 2784 2303 ‘16),
2815 2232 2951 2304 quod
2975 2249 3033 2287 ea
3061 2243 3356 2302 tempestate
3383 2249 3609 2288 canones
3631 2232 3732 2288 Νἰι

2139 2307 2266 2360 aeni
2295 2313 2343 2359 et
2373 2303 2771 2376 Sardicensesrin
2794 2303 2973 2358 eodem
2991 2305 3248 2358 volumine
3281 2304 3534 2376 descripti
3568 2309 3723 2360 esset!

2137 2378 2280 2431 nullo
2307 2377 2600 2429 discrimine
2623 2375 2875 2439 adhibito,
2909 2376 3002 2429 sub
3023 2377 3173 2429 titulo
3199 2375 3457 2429 canonum
3486 2375 3738 2431 Nicomo-

2137 2465 2272 2501 rum.
2299 2445 2592 2501 Probabilis
2617 2446 2840 2516 quidem,
2878 2445 3017 2500 addit
3048 2446 3159 2512 ille,
3193 2448 3490 2518 conjectura
3511 2491 3528 2516 ,
3562 2448 3609 2500 si
3648 2463 3734 2502 ve-

2138 2520 2260 2573 tusti
2281 2519 2472 2572 codicis
2501 2519 2805 2571 auctoritate
2826 2518 3092 2580 niteretur,
3119 2518 3206 2588 qui
3227 2518 3456 2571 nondum
3479 2520 3689 2572 emersit
3708 2535 3736 2573 e

2138 2590 2373 2644 tenebris.
2394 2589 2562 2642 Immo
2591 2604 2720 2642 vero
2743 2587 2853 2658 jam
2887 2603 2950 2644 ex
2982 2587 3137 2658 parte
3153 2591 3542 2659 emerserat(f)
3567 2603 3735 2658 opera

2140 2662 2298 2716 Alani
2327 2661 2482 2729 Copi,
2511 2659 2565 2714 in
2616 2660 2789 2728 primo
2840 2659 3087 2728 dialogo,
3146 2659 3560 2731 sufﬁciebatque
3611 2675 3736 2731 pars

2137 2732 2302 2796 edita,
2337 2742 2392 2784 ut
2422 2731 2796 2786 haereticorum
2846 2733 3144 2798 pervicacia
3189 2730 3736 2797 retundereturised

2139 2819 2280 2858 nunc
2309 2803 2521 2857 tandem
2551 2801 2721 2858 codex
2749 2803 2957 2870 integer
2983 2803 3158 2871 prodit
3183 2803 3236 2857 in
3263 2803 3462 2869 lucem,
3495 2805 3731 2872 ejusque

2139 2891 2240 2942 ope
2266 2874 2562 2944 probabilis
2601 2874 2990 2944 catholicorum
3033 2874 3354 2944 scriptorum
3403 2874 3727 2943 conjectura

2138 2945 2190 2999 in
2213 2943 2417 3000 certum
2441 2945 2548 3014 jam
2579 2943 2758 2998 evadit
2783 2943 3182 3013 argumentum,
3217 2960 3322 3011 quo
3349 2944 3510 2998 simul
3545 2954 3604 3000 et
3643 2945 3727 3015 pia

2139 3016 2409 3085 pontificis
2437 3015 2695 3071 memoria
2731 3015 3177 3087 maledicentibus
3218 3015 3414 3086 linguis
3435 3017 3729 3087 eripiatur,

2139 3097 2192 3143 et
2220 3088 2390 3142 codex
2425 3090 2537 3156 ipse
2575 3088 2844 3142 Romanus
2885 3086 3052 3140 fuisse
3110 3086 3536 3156 pronuntietur.
3577 3087 3730 3157 Quod

2139 3160 2283 3214 enim
2312 3159 2366 3212 in
2398 3158 2676 3228 marginali
2699 3158 3044 3212 annotatione
3073 3157 3177 3213 loci
3201 3157 3450 3226 superius
3471 3157 3732 3227 descripti

446 3244 554 3300 que
581 3231 651 3283 ita
695 3231 976 3296 utrobique
1021 3241 1230 3284 sextum
1261 3245 1381 3284 esse
1413 3228 1596 3300 toluit.
1637 3227 1841 3282 Deinvle
1877 3227 2030 3284 facile
2055 3226 2104 3291 C
2136 3229 2439 3298 Stephanus
2470 3226 2714 3300 Baluzius
2740 3228 2880 3283 istud
2908 3229 2960 3284 in
2980 3229 3216 3285 codicem
3239 3226 3732 3300 Christophorilu-

445 3299 548 3354 fuit
570 3309 628 3352 ut
659 3300 712 3354 in
739 3301 926 3355 Graeco
957 3300 1251 3368 exemplari
1277 3301 1415 3362 ἕκτος
1437 3315 1536 3369 pro
1567 3297 1775 3360 δέκατος
1803 3299 2028 3366 irrepse-

445 3372 538 3437 rit,
569 3371 802 3441 demptis
829 3372 1038 3429 scilicet
1063 3388 1126 3427 ex
1168 3372 1452 3441 po<teriori
1483 3371 1692 3425 duabus
1725 3371 1971 3425 litterulis
2001 3370 2032 3426 δ

446 3453 499 3496 et
529 3466 578 3508 α,
610 3458 674 3498 ac
703 3442 899 3500 deinde
927 3459 990 3498 ex
1025 3443 1215 3498 Graeco
1243 3442 1494 3497 Latinum
1518 3443 1656 3496 male
1677 3441 1894 3511 corrigi.
1927 3441 2026 3498 De-

445 3518 614 3584 nique
645 3515 1004 3571 Pascliasinus
1038 3517 1173 3583 ipse,
1197 3515 1289 3583 qui
1321 3529 1426 3568 non
1455 3513 1736 3583 ignorabat
1763 3527 2028 3567 canoncm

443 3585 608 3640 istum
641 3589 839 3655 passim
870 3601 967 3655 pro
997 3596 1182 3654 sexto,
1223 3595 1276 3640 et
1305 3585 1443 3640 forte
1473 3587 1527 3639 in
1563 3599 1658 3640 sua
1689 3584 1891 3655 Sicilia:
1924 3584 2028 3640 Ec-

443 3653 883 3728 clesia,rltaberi,i
909 3671 1118 3714 sextum
1149 3653 1312 3713 etiam
1338 3673 1368 3711 a
1405 3671 1464 3711 se
1480 3653 1874 3728 nominandum
1910 3670 2032 3728 esse

444 3731 696 3784 censuit:
723 3746 791 3785 ne
823 3726 1168 3788 contentione
1212 3744 1280 3784 ex
1326 3729 1414 3782 illa
1457 3727 1774 3782 diversitate
1821 3726 2031 3781 numeri

442 3801 534 3854 vel
574 3801 777 3856 codicis
806 3812 1025 3869 exorta,
1073 3799 1375 3856 Orientales
1427 3798 1684 3853 adversus
1729 3797 2031 3869 Romanum

442 3871 684 3926 codicem
717 3872 862 3929 velut
889 3868 1198 3940 corruptum
1231 3873 1608 3938 insurgerent:
1636 3868 1779 3938 quod
1811 3870 2031 3940 sapien-

443 3942 638 3996 tissimi
669 3943 844 4011 legat's
858 3945 956 4000 fuit
977 3945 1319 4013 praevenissc.

515 4014 568 4066 5.
603 4010 869 4068 Nonnulla
897 4010 1024 4070 sunt
1049 4017 1210 4067 etiam
1239 4015 1292 4066 in
1327 4019 1580 4066 contextu
1626 4010 1830 4066 codicis
1872 4027 1992 4081 qua:
2015 4056 2028 4077 ,

443 4083 498 4152 in
521 4083 747 4151 gratiam
781 4084 1040 4138 Ecclesia:
1070 4085 1324 4137 Romanae
1352 4081 1534 4136 addita
1554 4121 1569 4145 ,
1599 4096 1720 4135 eum
1747 4088 1843 4149 pro
1881 4081 2028 4152 ejus-

443 4151 566 4206 dem
589 4169 686 4206 usu
716 4154 1017 4210 confectum
1047 4169 1171 4209 esse
1199 4153 1467 4218 indicant;
1501 4153 1649 4207 velut
1679 4153 1788 4222 (ά)
1826 4151 1919 4206 illa
1947 4163 2032 4207 est

441 4224 781 4296 parenthesis
809 4241 926 4296 qum
955 4226 1007 4282 in
1029 4225 1255 4294 epistola
1285 4223 1576 4296 Innocentii
1603 4238 1752 4296 papa:
1783 4223 1889 4278 lad
1911 4223 2033 4296 Vic-

444 4293 658 4350 tricium
683 4293 1170 4367 RotliomagenSem
1204 4296 1431 4367 legitur:
1456 4293 1616 4359 Cuius
1633 4295 1908 4363 (Ecclesia:
1926 4295 2032 4350 Ro-

441 4367 640 4438 manae)
667 4370 722 4422 in
754 4370 989 4424 omnibus
1033 4369 1204 4423 causis
1243 4367 1385 4422 debet
1431 4367 1713 4422 reuerentia
1763 4367 2028 4421 custodiri.

439 4437 576 4509 Cum
605 4441 745 4494 enim
778 4441 893 4497 hcce
922 4440 1262 4496 desideretur
1291 4440 1344 4494 in
1373 4439 1561 4494 codice
1593 4437 1828 4509 Dionysii
1871 4438 2034 4509 abba~

445 4508 535 4576 tis,
573 4524 672 4564 nec
709 4526 828 4566 eam
857 4513 909 4567 in
939 4512 1259 4569 veneranda:
1295 4510 1629 4576 antiquitatis
1670 4508 1856 4566 codice
1896 4508 2032 4564 San-

2135 3303 2274 3356 stelli
2303 3301 2595 3355 transferre
2624 3299 2858 3372 videtur,
2890 3315 3020 3366 pace
3052 3302 3192 3372 illius
3213 3299 3484 3372 dixerim,
3523 3301 3608 3372 (g)
3636 3301 3726 3372 dea

2133 3373 2276 3428 tendi
2305 3387 2412 3426 non
2435 3381 2632 3442 potest.
2655 3371 2792 3425 Nihil
2824 3372 3022 3442 quippe
3042 3381 3126 3427 est
3147 3371 3200 3426 in
3223 3386 3290 3428 eo
3312 3371 3503 3427 codice
3519 3371 3729 3428 Justclli

2132 3445 2276 3512 quod
2304 3443 2574 3498 Zosimum
2603 3443 2658 3496 in
2686 3457 2925 3513 errorem
2956 3445 3214 3510 potuisset
3245 3442 3524 3498 inducere.
3551 3443 3729 3513 Subii-

2133 3505 2350 3570 ciuntur
2377 3514 2594 3583 quidem
2625 3505 2976 3569 Sardicen‘ses
3014 3529 3252 3569 canones
3295 3514 3560 3579 Nicaeuis;
3594 3505 3729 3571 at'et

2133 3588 2245 3641 suis
2269 3585 2481 3655 utrique
2505 3586 2742 3640 numeris
2767 3585 3039 3655 titulisque
3061 3586 3460 3649 discernuntur,
3479 3596 3536 3640 et
3552 3585 3725 3641 Nicas-

2134 3672 2324 3712 norum
2355 3656 2796 3725 subscriptiones.
2823 3672 2942 3727 quge
2975 3657 3162 3712 horum
3201 3657 3334 3712 calci
3366 3657 3716 3725 adjiciuntur,

2135 3739 2392 3798 utrosque
2421 3728 2737 3798 abinvicetn
2771 3726 3037 3792 dividunt,
3087 3735 3380 3798 velantque
3434 3744 3506 3783 ne
3538 3727 3716 3784 Sardi-

2135 3797 2328 3856 censes
2360 3814 2456 3869 pro
2485 3797 2736 3869 Niemnis,
2771 3799 2854 3854 vel
2883 3798 2936 3852 hi
2959 3813 3056 3868 pro
3078 3799 3182 3853 illis
3204 3797 3567 3867 accipiantur.

2144 3899 2150 3907 ι
2205 3872 2258 3926 8.
2288 3868 2511 3925 Constat
2553 3884 2619 3926 ex
2667 3868 2961 3924 Innocentii
3012 3884 3163 3939 papae
3221 3871 3470 3939 epistolis
3520 3871 3724 3927 duabus

2135 3941 2217 4013 (Ii)
2247 3942 2610 3996 Antiochenos
2630 3955 2864 4014 canones
2879 3941 3046 4014 Aab~eo
3072 3940 3306 4011 rejectos
3343 3940 3514 4014 fuisse
3544 3942 3722 4014 :quod

2135 4011 2453 4083 argumento
2497 4021 2579 4066 est
2627 4012 2845 4068 eosdem
2877 4011 3202 4083 inRomano
3226 4021 3350 4067 tunc
3381 4013 3574 4070 codice
3603 4011 3722 4070 'non

2135 4082 2466 4154 apparuisse.
2500 4083 2614 4138 Non
2637 4083 2832 4137 absunt
2857 4082 3070 4154 quidem
3098 4083 3260 4138 iidem
3293 4099 3538 4142 canones
3566 4101 3597 4140 a
3631 4101 3724 4141 no-

2137 4166 2252 4210 stro
2276 4173 2289 4220 ;
2317 4155 2412 4210 sed
2444 4159 2514 4209 ita
2533 4164 2685 4209 extra
2711 4155 2954 4209 ordinem
2988 4155 3168 4223 positi,
3198 4155 3386 4224 rejecti
3420 4158 3632 4212 scilicet
3657 4156 3721 4210 ad

2135 4227 2359 4289 calcem,
2386 4235 2445 4279 ut
2467 4225 2807 4280 manifestum
2832 4227 2901 4280 sit
2931 4227 3144 4280 nonnisi
3177 4238 3298 4295 post
3319 4227 3637 4283 diuturnum
3659 4227 3723 4281 ab

2136 4307 2294 4352 actate
2321 4297 2614 4352 Innocentii
2647 4297 3012 4361 intervallum,
3067 4297 3230 4352 immo
3270 4307 3326 4352 et
3371 4310 3499 4367 post
3532 4297 3723 4356 Gelasii

2136 4377 2603 4440 tetatemcauones
2629 4367 2797 4440 luisse
2834 4367 3210 4435 superatlditos
3244 4387 3257 4423 :
3309 4371 3454 4440 quod
3514 4371 3568 4425 iti
3617 4371 3721 4426 ullo

2136 4441 2242 4494 alio
2264 4439 2450 4494 codice
2483 4454 2588 4494 non
2611 4439 3046 4508 deprehenditur.

2207 4511 2260 4565 9.
2293 4510 2368 4565 Ex
2395 4509 3001 4580 Constantinopolitanis
3028 4512 3328 4582 canonibus
3343 4522 3721 4582 argumentum

444 4575 1008 4672 germatiiarrionquem
1031 4583 1179 4637 mille
1196 4595 1469 4672 annorum
1502 4595 1624 4672 esse
1658 4582 1856 4672 ἐπίμενε,
1883 4580 2033 4672 ipve:
2058 4610 2112 4672 Β
2139 4575 2903 4672 nouabsimile‘c‘.icitur,‘qui
2951 4581 3158 4672 scilicet
3193 4581 3260 4672 ad
3284 4575 3511 4672 ‘iineinn
3525 4593 3722 4640 tantum

444 4649 704 4724 perimus,
730 4649 882 4708 facile
902 4655 1129 4724 quisque
1155 4654 1450 4708 adducetur
1471 4660 1529 4706 ut
1557 4651 1747 4706 credat
1772 4667 1802 4705 a
1825 4651 2028 4707 codicis

447 4721 672 4776 Romani
699 4721 1004 4781 auctoribus
1025 4721 1280 4788 additam,
1303 4725 1427 4794 jure
1447 4737 1546 4778 suo
1566 4737 1626 4778 se
1641 4724 1718 4777 uti
1746 4732 2026 4778 autuman-

2135 4653 2336 4709 codicis
2355 4653 2558 4722 jacent,
2585 4651 2748 4707 etiam
2770 4652 3118 4708 Antiochenis
3139 4651 3448 4710 inferiores.
3471 4655 3541 4710 Et
3575 4671 3721 4712 reve-

2135 4740 2192 4779 ra
2221 4725 2566 4796 pchpicuum
2597 4733 2680 4780 est
2708 4739 2772 4780 ex
2814 4723 2996 4781 Leone
3027 4732 3213 4780 nostro
3254 4733 3419 4797 atque
3468 4728 3633 4783 etiam
3663 4741 3724 4783 ex

1492 4836 2052 4894 BALLERINIORUM
2092 4838 2637 4897 ANNOTATIONES.

392 4929 406 4948 ‘
441 4933 642 4992 clamet
683 4933 928 4988 Romano
957 4931 1128 4988 codici
1171 4945 1482 5003 appensam.
1516 4929 1652 4986 Vide
1690 4929 2028 4987 observatio-

442 5022 541 5063 nes
568 5005 932 5075 subjiciendas
954 5018 1072 5072 cap.
1098 5003 1154 5069 2,
1185 5018 1240 5059 n.
1269 5003 1320 5057 2.

513 5077 534 5151 (
551 5077 614 5148 α)
633 5073 791 5151 ⁸(ἔψη
821 5077 924 5131 alia
949 5076 1124 5151 multa
1155 5073 1612 5151 prtestantissima
1633 5074 1910 5151 pontiﬁcia
1937 5075 2031 5132 de-

442 5144 792 5206 creta'desint
812 5147 1000 5230 tum‘in
1027 5144 1212 5202 nostro
1233 5144 1440 5230 codice,
1465 5144 1652 5228 tum
1678 5147 2026 5230 Dionysiano,

441 5236 563 5292 qua:
589 5231 816 5288 utroque
841 5217 1028 5273 codice
1059 5233 1152 5272 seu
1179 5217 1498 5273 collectione
1531 5217 1834 5288 antiquiora
1866 5229 2025 5282 sunt;

439 5291 684 5348 defectus
706 5289 977 5346 Gelasiani
1003 5289 1206 5345 decreti
1238 5288 1304 5343 de
1327 5287 1650 5358 apocryphis
1677 5288 1893 5344 easdem
1919 5291 2032 5345 col-

441 5302 684 5348 del’ectus
706 5302 977 5346 Gelasiant
1003 5302 1206 5345 uecreu
1238 5302 1304 5343 ae
1327 5302 1650 5360 apocrypnts
1677 5302 1893 5344 easaem
1919 5302 2027 5345 cot-

441 5363 702 5418 lectiones
739 5362 1040 5417 anteriores
1075 5376 1179 5416 non
1207 5361 1421 5415 astruit.
1456 5358 1626 5414 Porro
1661 5359 1805 5415 idem
1837 5359 2027 5416 decre-

441 5443 554 5489 tum
587 5433 786 5490 Gelasii
811 5447 949 5504 opus
977 5446 1098 5490 esse
1131 5431 1482 5503 probavimus
1511 5430 1567 5486 in
1594 5429 1854 5486 Tractatu
1891 5440 2032 5501 part.

439 5519 529 5644 mi
545 5521 606 5646 bc
632 5506 853 5633 1(ἐόιξΐὲιῖ
873 5577 1274 5632 observationes
1301 5589 1422 5647 cap.
1446 5574 1504 5644 2,
1527 5590 1584 5632 η.
1615 5571 1669 5644 ὅ,
1697 5571 1789 5629 ubi
1818 5571 1922 5629 hoc
1941 5588 2030 5630 ar-

436 5656 750 5704 cumentum
777 5649 1154 5718 expunximus.

509 5719 608 5858 ἕο)
639 5720 773 5775 Vide
800 5719 1022 5788 ibidem,
1052 5735 1108 5776 n.
1141 5722 1194 5776 4.

531 5789 588 5858 d)
619 5789 758 5858 Lege
780 5790 996 5856 ibidem,
1021 5807 1075 5845 n.
1102 5793 1156 5847 5.

531 5789 588 5859 d)
619 5789 758 5859 Lege
780 5790 996 5856 ibidem,
1021 5807 1075 5845 η.
1102 5793 1156 5847 5.

510 5859 582 5932 (ε)
617 5861 1062 5942 llocnegativum
1115 5870 1487 5934 argumentum
1529 5862 1730 5922 ibidem
1769 5859 2009 5932 rejicitur

2133 4934 2288 5132 nd?)
2310 4993 2488 5090 Codex
2511 5006 2666 5092 Alani
2697 5005 2852 5076 Copi,
2885 5007 2939 5063 in
2964 5020 3073 5078 quo
3112 5004 3316 5064 Nicaeui
3344 5025 3588 5096 canones
3611 5027 3722 5069 cum

2134 5076 2235 5132 Sar
2280 5081 2546 5132 reensmus
2576 5079 2954 5132 ttintzebantur.
2987 5078 3054 5132 ad
3082 5087 3324 5132 nostram
3349 5082 3721 5132 collectionem

2134 5076 2546 5135 Sardicensihus
2571 5079 2954 5149 jungebantur,
2984 5076 3054 5133 ad
3082 5087 3324 5135 nostram
3349 5082 3721 5140 collectionem

2135 5149 2472 5217 pertinebat;
2498 5166 2599 5207 nec
2628 5158 2806 5205 tamen
2837 5149 3032 5206 exinde
3075 5151 3321 5220 sequitur
3366 5154 3515 5210 hunc
3566 5157 3721 5212 fuisse

2134 5219 2377 5297 codicem
2412 5222 2667 5297 Romana:
2696 5221 3118 5297 Eccle_si:e,_cum
3145 5219 3266 5277 alia:
3312 5239 3535 5297 quoque
3571 5229 3721 5282 colle.

2136 5291 2342 5367 ctiones
2366 5307 2472 5367 non
2503 5293 2761 5349 Romanae
2787 5291 3017 5348 subinde
3041 5294 3280 5367 inventa:
3298 5291 3511 5367 sint,'in
3537 5298 3722 5367 quibus

2135 5363 2603 5440 eademjpsorum
2629 5379 2895 5440 canonum
2931 5363 3245 5435 conjunctio
3279 5363 3718 5440 deprehenditur.

2152 5433 2286 5491 Vide
2314 5433 2538 5492 Observ.
2572 5453 2620 5492 c.
2651 5435 2708 5502 2,
2738 5452 2792 5491 n.
2823 5436 2876 5492 7.

2217 5504 2296 5578 (9)
2325 5506 2452 5580 Haec
2473 5507 2681 5576 plenius
2701 5505 2972 5580 explicata
2984 5506 3202 5566 fuerunt
3231 5511 3283 5567 in
3307 5512 3717 5580 praemisso‘l'ra-

2139 5577 2284 5651 ctatu
2306 5578 2374 5651 de
2397 5577 2817 5635 Collectionibus
2843 5588 2982 5651 part.
3013 5595 3070 5650 It,
3094 5597 3145 5638 c.
3178 5583 3233 5648 1,
3273 5577 3427 5639 num.
3456 5585 3506 5639 7.

2205 5649 2284 5722 (It)
2319 5650 2430 5706 Hoc
2449 5659 2505 5707 et
2533 5665 2762 5721 sequens
2785 5649 3159 5720 argumentum
3191 5668 3260 5710 ex
3294 5654 3642 5711 Antiochenis
3666 5663 3714 5708 et

2127 5721 2745 5853 ξὲῃειδηῑίηὲροὶίιέηἰε
2774 5723 3073 5782 canonibus
3105 5724 3326 5783 ductum
3357 5725 3634 5798 rejicietur
3659 5725 3707 5781 in

2197 5807 2345 5850 serv.
2378 5809 2426 5850 c.
2500 5810 2592 5853 .n.

2122 5805 2345 5850 ουδθτν.
2378 5809 2426 5850 C.
2457 5805 2513 5858 Σ,
2537 5810 2592 5850 Il.
