3998 6346
272 326 384 390 928

712 325 1022 386 DISSERT.
1064 323 1160 382 χιι
1196 322 1604 393 QUESNELLI.
1645 321 1738 380 DE
1771 299 2019 382 ι’.ουίοε
2056 325 2386 387 CANONUM
2425 328 3124 393 ECCLESIASTICORUM.

3447 336 3562 406 925

269 441 432 499 iidem
448 455 592 532 .sunt‘
613 443 690 532 in.
711 451 901 532 ωηιξο
914 441 1113 532 codice
1135 454 1315 532 iouia
1342 439 1858 532 civiges‘imijluus
1883 441 1937 502 Δ
1965 443 2158 532 potiori
2201 444 2326 532 jure
2368 447 2474 503 hoc
2522 449 2662 532 idem
2713 450 3076 532 existimasset
3115 451 3186 532 de
3212 467 3365 508 more
3393 457 3557 532 722

267 516 493 572 canonis
528 515 801 570 additione
841 513 1100 569 deberent
1128 525 1250 568 esse
1299 510 1606 582 trigesimns
1650 512 1856 582 primus

266 595 324 640 ct
350 588 656 656 trigesimus
680 587 920 656 quintus.

341 654 571 714 Dubium
599 654 760 728 igitur
783 675 888 712 non
913 666 996 712 est
1035 656 1161 726 quin
1187 669 1254 711 ex
1282 655 1508 710 consilio
1533 655 1764 711 omissus
1787 654 1858 710 sit

265 744 441 785 canon
470 729 602 796 iste;
628 727 734 784 nec
761 729 919 784 aliam
948 729 1018 783 ob
1041 742 1280 792 causam,
1315 727 1528 797 opinor,
1553 741 1711 798 quam
1732 728 1854 796 quia

263 811 519 866 receptus
545 805 612 855 ab
642 800 885 856 Ecclesia
915 800 1157 855 Romana
1187 814 1290 852 non
1316 798 1510 866 fuerat,
1542 797 1642 853 nec
1671 797 1853 853 forsan

268 872 326 929 in
353 871 792 929 Occidentalibus
819 873 1081 940 partibus.
1123 869 1250 926 Haec
1279 879 1403 925 sunt
1440 870 1662 925 canonis
1690 870 1853 925 verba

259 958 329 998 es
356 943 679 1014 Dionysium
708 943 975 998 versione.
1296 941 1304 948 ’

334 1013 522 1070 Canon
564 1016 636 1072 20
665 1014 912 1070 Nicaenus
946 1031 960 1068 :
994 1013 1247 1080 Quoniam
1287 1023 1406 1069 sunt
1445 1013 1657 1084 quidam
1686 1013 1740 1067 in
1771 1013 1855 1068 die

260 1083 541 1142 Dominico
573 1089 987 1157 genuﬂectentes,
1033 1095 1080 1139 et
1107 1087 1162 1140 in
1207 1085 1383 1140 diebus
1409 1083 1767 1151 Pentecostes;
1797 1093 1852 1140 ut

257 1159 435 1212 omnia
469 1159 526 1214 in
557 1159 802 1213 uniuersis
839 1159 964 1212 locis
994 1165 1334 1212 consonanter
1361 1157 1708 1223 observentur,
1737 1159 1850 1225 pla-

255 1229 364 1282 cuit
387 1240 563 1286 sancto
583 1229 801 1285 concilio
830 1238 1021 1284 stantes
1051 1228 1270 1283 Domino
1295 1236 1411 1282 vota
1440 1229 1740 1295 persolvere.

332 1299 510 1356 Durus
542 1301 722 1356 forsan
751 1301 1021 1356 videbitur
1051 1302 1150 1356 iste
1179 1315 1377 1362 sermo,
1400 1308 1454 1372 et
1481 1301 1569 1369 qui
1596 1314 1700 1372 non
1726 1314 1851 1372 pos-

253 1370 329 1428 sit
355 1373 554 1441 audiri,
602 1387 864 1428 canonem
910 1373 1116 1427 scilicet
1143 1371 1462 1427 mcumenici
1503 1370 1742 1440 concilii,
1787 1372 1850 1426 il-

253 1442 473 1514 liusque
504 1447 830 1514 praesertim,
854 1445 998 1514 quod
1025 1458 1234 1497 summa
1264 1445 1424 1497 totius
1445 1443 1590 1496 orbis
1620 1457 1845 1498 venera-

251 1514 405 1572 tione
451 1526 829 1571 consecratum
869 1526 971 1581 est,
1020 1515 1088 1568 ab
1132 1515 1396 1584 aliquibus
1449 1514 1701 1569 Ecclesiis
1747 1530 1846 1570 usu

253 1595 535 1656 receptum
571 1587 731 1660 721
763 1601 868 1642 non
897 1585 1084 1641 fuisse.
1131 1585 1235 1660 Sed
1263 1585 1450 1660 durius
1489 1599 1595 1639 non
1623 1595 1727 1649 est,
1750 1599 1848 1660 ca-

250 1653 453 1712 nonem
489 1673 521 1713 a
559 1653 769 1727 {yria—do
811 1662 1076 1713 sancitum
1122 1653 1317 1712 alicubi
1359 1671 1455 1710 usu
1502 1673 1607 1710 non
1656 1656 1842 1727 recipi,

249 1743 416 1796 quam
440 1727 690 1785 eumdem
717 1739 900 1800 postea
927 1731 978 1783 in
995 1727 1424 1793 desuetudinem,
1443 1728 1582 1798 quod
1611 1729 1844 1797 plerum-

248 1813 360 1870 que
391 1801 470 1864 lit,
520 1800 690 1857 abire.
719 1799 948 1856 ’Deinde
975 1799 1021 1854 si
1049 1799 1117 1854 ad
1147 1800 1418 1855 celebrem
1463 1801 1632 1854 sancti
1664 1803 1846 1870 Augu-

246 1871 382 1925 stini
410 1872 481 1927 de
509 1872 670 1926 variis
699 1871 1056 1927 Ecclesiarum
1092 1870 1570 1926 consuetudinibus
1602 1871 1839 1940 regulam

243 1944 570 1998 attentions
595 1943 914 2011 el‘liciamur,
944 1943 1121 1998 omnis
1141 1942 1376 1998 cessabit
1404 1942 1638 1996 sinistra:
1669 1943 1765 1997 bac
1788 1945 1842 1998 in

243 2026 309 2068 re
353 2012 676 2081 suspicionis
721 2015 957 2070 occasio.
1005 2014 1086 2068 Ad
1117 2014 1244 2083 htBC,
1298 2013 1469 2081 inquit
1514 2013 1603 2068 ille
1643 2012 1838 2084 (Epist.

244 2084 378 2150 M8,
417 2086 488 2139 ad
517 2085 680 2141 instit.
725 2086 990 2153 Januarii,
1033 2103 1149 2152 cap.
1180 2087 1272 2153 5),
1319 2089 1391 2137 ita
1428 2085 1754 2151 respondeo:
1786 2098 1840 2140 ut

240 2156 377 2228 quid
406 2160 592 2210 horum
620 2159 686 2209 sit
719 2158 1032 2228 faciendum,
1079 2159 1122 2212 si
1161 2157 1347 2209 divina:
1393 2156 1674 2225 Scriptura:
1696 2173 1834 2228 prte-

241 2227 426 2281 scribit
471 2229 774 2295 auctoritas,
824 2244 926 2282 non
963 2230 1029 2282 sit
1054 2228 1390 2282 dubitandum
1421 2229 1540 2294 quin
1570 2228 1642 2279 ita
1675 2227 1841 2296 facere

242 2297 526 2354 debeamus
547 2309 603 2355 ut
630 2300 865 2372 legimus,
906 2308 961 2353 ut
991 2301 1097 2364 iant
1125 2316 1224 2372 non
1251 2299 1502 2368 quomodo
1525 2299 1834 2372 faciendum,

241 2373 335 2424 sed
367 2371 625 2441 quomoda
651 2371 1032 2426 sacramentum
1059 2371 1445 2440 intelligendum
1487 2373 1571 2436 sit,
1610 2371 1840 2434 dispute-

242 2456 390 2499 mus.
438 2441 691 2513 Similiter
717 2445 892 2507 etiam,
937 2445 982 2496 si
1021 2444 1141 2511 quid
1181 2445 1366 2494 horum
1413 2451 1517 2494 tota
1546 2457 1637 2513 per
1669 2443 1838 2496 orbem

242 2513 540 2583 frequentat
570 2512 822 2570 Ecclesia.
870 2513 1009 2568 Nam
1039 2513 1133 2567 hoc
1172 2513 1292 2581 quin
1335 2514 1406 2566 ita
1443 2512 1735 2582 faciendum
1774 2515 1840 2568 sit

243 2585 538 2652 disputare,
585 2586 995 2641 insolentissimis
1023 2585 1238 2639 insaniae
1269 2595 1361 2637 est.
1397 2584 1500 2654 Sed
1533 2601 1692 2652 neque
1719 2585 1835 2654 hoc,

241 2671 414 2725 neque
441 2657 572 2711 illud
601 2657 731 2712 inest
769 2659 822 2711 in
851 2674 907 2711 eo
936 2659 1073 2724 quod
1123 2667 1176 2709 tu
1204 2655 1410 2725 qutcris.
1454 2653 1626 2709 Restat
1658 2653 1836 2725 igitur,

243 2735 303 2779 ut
335 2728 402 2800 de
431 2727 525 2783 illo
550 2729 697 2800 tgrtio
722 2744 905 2800 genere
945 2730 1034 2798 sit,
1079 2729 1218 2796 quod
1248 2742 1338 2800 per
1366 2731 1478 2779 loca
1510 2727 1841 2800 [filicumque

242 2799 500 2854 variatur.
551 2796 741 2855 Faciat
773 2815 893 2870 ergo
919 2796 1130 2866 quisque
1154 2797 1290 2867 quod
1317 2800 1370 2850 in
1412 2814 1471 2850 ea
1505 2796 1760 2864 Ecclesia,
1786 2800 1838 2852 in

241 2885 405 2940 quam
430 2872 585 2937 venit,
611 2869 878 2926 invenerit.
911 2870 1033 2924 Non
1063 2870 1196 2923 enim
1219 2869 1497 2939 quidquam
1525 2884 1699 2921 eorum
1720 2885 1841 2922 con-

242 2951 328 2996 tra
360 2941 514 3009 ﬁdem
540 2943 620 3011 ﬁt,
649 2953 738 2996 aut
761 2951 941 2996 contra
976 2957 1138 2994 mores
1159 2940 1279 2992 hinc
1307 2941 1426 2993 inde
1459 2940 1706 2994 meliores.
1741 2940 1838 2995 His

242 3013 388 3068 enim
411 3013 603 3080 causis,
632 3014 688 3068 id
706 3023 804 3080 est,
833 3023 922 3066 aut
947 3022 1152 3084 propter
1173 3011 1348 3081 ﬁdem,
1372 3019 1461 3064 aut
1478 3021 1698 3084 propter
1724 3027 1838 3084 rno-

241 3099 350 3150 res,
376 3085 456 3139 uel
481 3086 738 3139 emendari
770 3093 966 3155 oportet
993 3085 1128 3154 quod
1158 3098 1420 3155 perperam
1451 3083 1620 3154 ﬁebat,
1654 3083 1729 3136 vel
1755 3083 1830 3136 in-

240 3155 393 3228 stitui
420 3157 559 3225 quod
584 3173 686 3210 non
713 3158 884 3228 ﬂebat.

1969 512 2137 592 Deum
2170 512 2361 592 stando
2393 522 2639 586 precandi
2672 535 2771 590 per
2800 522 2940 578 diem
2975 522 3312 578 Dominicum
3344 512 3552 592 εήςξε

1962 586 2172 668 chaleut
2205 586 2882 668 Quinquagesimam,_qui
2931 609 3050 668 cum
3092 595 3196 649 tide
3243 605 3296 650 et
3343 586 3552 654 morum

1962 659 2162 738 regulis
2193 659 2478 718 commune
2508 663 2638 738 nihil
2691 659 2883 728 habet.
2930 673 2987 738 et
3036 667 3104 720 ita
3154 668 3206 720 in
3259 667 3437 738 seipso
3467 679 3552 726 est

1961 728 2246 812 agitagiopoc,
2280 741 2336 786 ut
2365 737 2632 790 contraria
2662 737 2996 792 consuetudo
3025 728 3415 812 genuﬂectendi
3451 755 3547 811 pro
3632 791 3640 798 .

1958 801 2188 928 ἓιίοῖυιιῖ
2223 803 2459 860 locorum
2503 815 2558 862 et
2595 816 2895 877 temporum
2927 801 3052 864 usu'
3071 809 3228 880 longe
3259 801 3542 881 podor'vi-

1997 888 2055 928 ea
2087 889 2148 928 ur

1997 883 2148 929 eatur

2029 946 2142 1001 Hoc
2173 946 2333 1016 igitur
2363 948 2752 1004 observandum
2781 950 2848 1007 de
2871 951 3101 1007 Nicmnis
3123 952 3417 1008 canonibus
3443 969 3544 1011 seu

1960 1015 2379 1085 deﬁnitionibus,
2414 1035 2599 1094 eorum
2631 1022 2674 1076 si
2706 1037 2825 1094 quas
2854 1023 3010 1078 tidem
3034 1033 3296 1094 spectant,
3329 1034 3420 1079 aut
3449 1026 3544 1080 bo-

1958 1104 2070 1166 nos
2103 1104 2321 1166 mores,
2363 1091 2455 1166 vel
2505 1093 2810 1161 generalem
2854 1091 3107 1150 Ecclesiae
3151 1111 3212 1150 ac
3251 1097 3540 1166 superioris

1957 1160 2160 1216 ordinis
2189 1160 2559 1233 disciplinam,
2596 1179 2690 1233 per
2719 1165 3074 1221 universalem
3120 1160 3412 1222 Ecclesium
3467 1169 3540 1224 ita

1957 1235 2328 1310 auctoritatem
2379 1233 2576 1289 habere
2594 1274 2618 1310 ,_
2659 1238 2838 1310 utqui
2876 1251 3061 1302 secus,
3113 1252 3274 1306 quam
3304 1238 3542 1310 synodus

1958 1303 2046 1358 illa
2077 1303 2337 1370 decrevit,
2371 1306 2664 1371 attentarit,
2697 1303 3052 1363 anathematis
3083 1303 3544 1364 mucrone'confo-

1955 1374 2182 1451 diendus
2212 1375 2299 1451 sit.
2334 1377 2481 1451 Talia
2527 1386 2655 1451 sunt
2693 1378 3114 1451 sacratissimum
3147 1381 3267 1435 tidei
3313 1383 3533 1451 symbo-

1954 1444 2086 1507 lum.
2119 1455 2174 1500 ct
2202 1447 2414 1502 decreta
2448 1449 2514 1503 de
2543 1449 2965 1504 ordinandorum
2996 1451 3222 1515 delectu,
3256 1451 3321 1506 de
3342 1444 3542 1506 metro-

1954 1519 2311 1584 politanorum
2345 1521 2681 1586 auctoritate,
2717 1521 2782 1572 de
2813 1519 3128 1575 clericorurn
3157 1536 3277 1576 cum
3301 1523 3542 1579 mulieri-

1952 1589 2056 1662 bus
2081 1591 2505 1653 cohabitatione,
2542 1593 2608 1645 de
2655 1591 3030 1647 ltmreticorum
3061 1593 3356 1662 baptismo,
3389 1595 3538 1648 ordi-

1953 1660 2199 1732 natione,
2245 1662 2581 1730 reeeptione,
2615 1664 2681 1716 de
2715 1663 2892 1717 usuris
2921 1673 2975 1718 et
3003 1660 3213 1719 caeteris
3251 1665 3536 1732 ejusmodi.

1951 1731 2077 1804 Alia,
2119 1747 2248 1787 vero
2295 1744 2420 1804 sunt
2466 1750 2584 1804 qua:
2631 1736 3073 1789 cteremoniarum
3123 1750 3186 1789 ac
3235 1731 3538 1791 minutioris

1949 1803 2244 1872 disciplinae
2283 1803 2491 1857 tinibos'
2519 1806 2896 1868 continentur:
2932 1817 2986 1860 ct
3018 1811 3169 1869 hate.
3201 1806 3321 1875 quia
3352 1820 3418 1860 ex
3447 1821 3540 1860 co-

1950 1875 2188 1942 gnitione
2217 1876 2552 1942 corruptelae,
2590 1892 2707 1944 quze
2741 1878 2791 1930 in
2823 1877 3121 1932 Orientales
3150 1877 3406 1946 quasdam
3441 1877 3538 1933 Ec-

1948 1947 2139 2000 clesias
2171 1947 2488 2017 irreperet,
2523 1950 2894 2016 proﬂuxerunt
2916 1990 2930 2013 ,
2963 1949 3028 2002 ad
3059 1948 3369 2003 earumdem
3404 1964 3540 2013 prae-

1947 2018 2104 2085 cipue
2134 2017 2482 2072 Orientalium
2517 2020 2881 2074 Ecclesiarum
2921 2035 3075 2074 usum
3108 2028 3232 2074 sunt
3263 2018 3474 2074 condita
3506 2035 3535 2074 a

1946 2089 2134 2161 synodi
2169 2088 2447 2153 Patribus,
2499 2105 2634 2160 quos
2693 2092 2830 2144 inter
2860 2091 2953 2144 vis
2997 2092 3149 2161 pauci
3189 2098 3344 2145 erant
3384 2091 3538 2144 Occi-

1946 2160 2236 2214 dentalium
2274 2161 2498 2224 partium
2531 2162 2789 2230 episcopi.
2824 2161 2888 2214 Et
2909 2160 3039 2216 vero
3063 2163 3258 2232 cuique
3289 2161 3536 2229 antiquos

1948 2232 2329 2298 pmniteutialis
2379 2232 2674 2301 disciplinae
2714 2246 2976 2297 canones,
3011 2233 3094 2286 vel
3135 2232 3532 2287 ordinationum

1945 2304 2077 2357 ritus
2106 2317 2168 2356 ac
2200 2303 2408 2372 regulas
2437 2305 2700 2358 curiosius
2733 2305 3076 2373 perlustranti
3118 2303 3320 2374 liquido
3364 2317 3533 2374 appa-

1945 2375 2115 2437 rebit,
2151 2388 2254 2428 non
2297 2375 2348 2429 in
2380 2375 2584 2429 tliSsitis
2615 2374 2775 2428 modo
2811 2390 2838 2426 a
2869 2390 2927 2428 se
2952 2373 3187 2428 invicem
3223 2373 3534 2442 regionibus

1946 2445 2193 2499 diversos
2223 2461 2368 2509 usus,
2401 2445 2773 2514 diversamque
2794 2445 3128 2514 disciplinam
3153 2445 3403 2514 viguisse,
3435 2443 3530 2498 sed

1946 2523 2002 2572 et
2032 2516 2082 2569 in
2109 2516 2336 2570 diversis
2358 2515 2598 2584 ejusdem
2625 2516 2859 2585 regionis
2883 2516 3141 2570 Ecclesiis
3167 2515 3534 2586 multipliciter

1947 2588 2202 2652 variasse,
2237 2596 2295 2640 ut
2325 2583 2398 2641 ex,
2428 2589 2627 2642 notatis
2654 2583 2868 2640 a'nobis
2895 2587 2947 2640 in
2979 2586 3259 2656 epistolam
3291 2583 3332 2637 2'
3355 2583 3535 2656 (Nunc

1947 2658 2080 2726 167)
2135 2659 2202 2712 ad
2253 2658 2528 2713 Rusticum
2575 2658 2978 2712 Narbonensem
3017 2655 3211 2725 potest
3259 2655 3529 2724 intelligi:

1945 2729 2085 2800 quod
2116 2729 2270 2782 aliter
2296 2731 2607 2798 cootingere
2638 2744 2742 2782 non
2779 2729 2948 2799 pctuit
2971 2772 2984 2793 ,
3021 2744 3176 2796 quam
3205 2735 3264 2782 ut
3292 2726 3536 2800 a_Nic:e-

1947 2797 2135 2855 norum
2161 2815 2425 2854 canonum
2453 2797 2732 2869 disciplina
2763 2797 2948 2854 earum
2979 2800 3171 2868 aliqua:
3195 2797 3532 2854 recederent.

2017 2871 2133 2926 iam
2166 2886 2293 2925 vero
2321 2871 2364 2924 si
2397 2887 2567 2926 canon
2595 2912 2608 2935 ,
2643 2871 2709 2924 de
2735 2885 2843 2939 quo
2870 2873 3092 2928 qumstio
3122 2878 3234 2932 est,
3273 2869 3528 2939 attentius

1945 2942 2342 3008 consideretur,
2382 2945 2604 2996 evidens
2636 2941 2726 2995 lict
2757 2938 2839 2994 de
2869 2939 3231 2995 Orientalibus
3276 2938 3531 2994 Ecclesiis

1948 3018 1998 3069 in
2030 3029 2096 3069 eo
2125 3022 2405 3066 tractatum
2429 3027 2579 3076 esse,
2613 3027 2711 3068 nec
2737 3011 2805 3066 de
2839 3011 3272 3066 Occidentalibus
3299 3009 3387 3064 vel
3424 3010 3532 3063 Pa-

1947 3094 2054 3141 tres
2081 3086 2362 3152 cOgitasse.
2400 3085 2686 3151 Quoniam,
2730 3083 2930 3154 inquit,
2971 3093 3087 3154 sunt
3116 3082 3326 3154 quidam
3357 3081 3536 3154 in_die

1945 3150 2217 3210 Dominica
2242 3158 2656 3228 genuﬂectentes,
2677 3150 2829 3228 etc.,_
2852 3168 2956 3228 non
2988 3153 3063 3206 ait
3089 3153 3264 3228 :__Sunt
3283 3150 3528 3228 quaedam

311 3221 492 3282 Nemo
519 3238 665 3283 certe
693 3221 891 3282 dixerit
918 3240 1123 3281 morem
1168 3225 1315 3280 illum
1347 3240 1442 3294 per
1478 3224 1620 3280 diem
1653 3226 1836 3282 Domi-
1868 3229 1914 3294 C
1948 3228 2205 3284 Ecclesiae
2242 3221 2326 3281 'vel
2371 3221 2649 3295 regiones.
2691 3226 2830 3296 quod
2875 3227 3060 3294 utique
3089 3221 3343 3287 dixisset,
3373 3222 3420 3277 si
3464 3221 3534 3296 de

239 3297 428 3354 nicum
478 3307 534 3354 ct
570 3299 1077 3369 Quinquagesimam
1125 3297 1430 3366 paschalem
1479 3297 1654 3350 standi
1702 3299 1840 3354 inter

240 3370 602 3438 precandum,
637 3372 719 3424 vel
753 3371 910 3424 ﬁdem
942 3370 1194 3433 attinere,
1226 3369 1311 3422 vel
1341 3370 1510 3422 bonos
1537 3383 1714 3424 mores
1741 3387 1754 3423 :
1784 3380 1841 3424 ut

238 3455 472 3496 necesse
517 3441 677 3497 fuerit
722 3441 1016 3496 Romanam
1066 3442 1150 3494 vel
1191 3441 1346 3494 aliam
1380 3440 1619 3509 quamvis
1655 3441 1841 3496 Eccle-

236 3513 378 3584 siam
425 3523 543 3580 post
574 3513 850 3584 Nicaeuam
882 3512 1204 3584 synoduma
1232 3527 1324 3564 sua
1357 3511 1743 3566 consuetudine
1773 3513 1838 3568 ad

237 3583 404 3637 aliam
435 3583 686 3651 transire,
713 3596 767 3640 et
793 3595 975 3653 spreto
995 3583 1390 3653 genttllcctcndi
1416 3598 1566 3636 more
1595 3585 1842 3639 stationis

239 3670 340 3724 per
369 3655 491 3710 illos
532 3655 649 3711 dies
687 3652 892 3710 morem
921 3653 1206 3723 amplecti,
1244 3653 1287 3706 si
1331 3652 1399 3706 de
1428 3653 1652 3720 genibus
1684 3670 1840 3711 orare

239 3727 618 3782 censuerisset
645 3727 756 3793 jam
787 3739 816 3780 a
861 3728 1192 3794 temporibus
1221 3725 1586 3794 apostolorum
1623 3743 1634 3779 :
1667 3741 1839 3796 quan-

235 3796 532 3866 doquidem
576 3798 661 3852 vel
705 3799 827 3854 lidei
877 3797 962 3852 vel
1013 3813 1219 3852 morum
1273 3800 1641 3850 tantummodo
1681 3813 1840 3853 causa

234 3868 505 3940 emendari
537 3879 767 3938 aperteat
812 3871 948 3940 quod
991 3869 1182 3938 ﬁebat,
1229 3867 1306 3922 vel
1345 3867 1543 3940 institui
1577 3869 1714 3936 quod
1741 3886 1841 3923 non

233 3939 412 4009 ﬁebat.
445 3937 577 4008 Ipsa
601 3941 791 4011 quippe
824 3937 1049 3994 'mutatio
1091 3938 1472 4011 consuetudinis
1493 3978 1506 4002 ,
1547 3941 1702 3993 etiam
1729 3957 1844 4010 qua:

231 4011 454 4083 adjuvat
487 4009 740 4079 utilitate,
783 4012 1004 4066 novitate
1046 4012 1330 4083 perturbat.
1378 4009 1704 4081 Quapmpter
1729 4009 1844 4080 qua:

231 4082 381 4138 utilis
421 4097 521 4136 non
549 4091 657 4151 est,
701 4084 1085 4152 perturbatione
1114 4082 1434 4151 infructuosa
1476 4091 1843 4152 consequenter

233 4153 395 4207 nasia
421 4163 538 4209 est:
566 4151 1022 4223 quemadmodum
1053 4153 1242 4208 eodem
1273 4153 1392 4206 loco
1415 4151 1602 4206 scribit
1627 4163 1842 4209 sanctus

231 4225 598 4280 Anaustiuus.

356 4311 421 4350 ec
449 4310 513 4351 ea
544 4309 697 4351 mens
728 4294 827 4351 fuit
855 4296 1207 4352 sanctissima:
1236 4297 1462 4366 synodi,
1514 4303 1569 4350 ut
1616 4294 1841 4350 decreto

231 4380 340 4423 suo
367 4379 558 4422 omnes
587 4367 826 4423 universi
874 4369 1022 4422 orbis
1073 4367 1346 4422 Ecclesias
1377 4367 1442 4421 ad
1473 4379 1597 4422 eum
1629 4381 1838 4422 morem

233 4438 640 4494 observandum
669 4439 1020 4510 compelleret
1054 4457 1066 4492 :
1110 4439 1317 4494 sciebat
1355 4440 1498 4493 enim
1524 4482 1540 4507 ,
1572 4447 1641 4510 ut
1691 4455 1840 4510 sum-

236 4526 393 4566 mum
427 4511 694 4576 piaculum
723 4509 807 4566 est
835 4524 996 4565 unam
1029 4525 1124 4580 per
1153 4525 1343 4565 omnes
1374 4509 1645 4565 Ecclesias
1677 4509 1836 4564 lidetn

235 4595 353 4666 non
385 4583 598 4652 vigere,
635 4597 741 4637 non
765 4584 1011 4672 [easdem
1043 4597 1264 4664 morum.
1285 4582 1525 4672 regulas;
1561 4582 1632 4672 ita
1667 4580 1833 4636 liber-
1866 4613 1920 4672 Β

233 4653 439 4708 rimum
495 4667 711 4723 semper
765 4653 929 4709 fuisse
981 4653 1330 4723 caeremonias
1386 4652 1835 4722 disciplinamque

231 4723 410 4792 ipsam
441 4737 538 4793 per
568 4719 682 4778 loca
717 4735 979 4780 terrarum
1010 4719 1366 4794 regionesque
1395 4719 1608 4780 variari.
1647 4719 1832 4777 Totum

231 4795 336 4866 hoc
362 4811 521 4866 genus
552 4811 743 4863 rerum,
774 4797 947 4865 inquit
980 4798 1116 4850 idem
1147 4799 1496 4866 Augustinus,
1525 4795 1710 4849 liberas
1738 4795 1835 4849 ha-

232 4865 318 4920 bet
345 4865 736 4938 observationes.
771 4866 882 4921 Nec
912 4865 1188 4938 disciplina
1215 4865 1316 4919 una
1353 4878 1422 4921 est
1451 4870 1503 4921 in
1543 4869 1620 4920 his
1653 4867 1834 4920 melior

231 4937 380 5007 gravi
405 4938 1080 5008 prudentiqneiChristiano,
1111 4954 1266 5007 quam
1307 4948 1361 4990 ut
1400 4955 1458 4991 eo
1497 4939 1646 4992 modo
1675 4946 1828 5008 agat,

230 5022 507 5079 quoragere
538 5008 717 5063 viderit
741 5007 1029 5064 Ecclesium
1058 5012 1123 5061 ad
1148 5025 1501 5079 quamcunque
1530 5009 1658 5075 forte
1688 5007 1833 5062 deve-

231 5078 392 5133 nerit.
426 5079 738 5152 Quodenim
764 5097 924 5152 neque
945 5089 1123 5152 contra
1141 5079 1317 5150 fidem,
1349 5078 1509 5152 neque
1535 5091 1711 5133 contra
1743 5081 1831 5134 bo-

233 5165 332 5204 nos
372 5161 539 5204 mores
577 5150 882 5223 injungitur,
927 5150 1277 5219 initi/ferrum
1303 5160 1375 5204 est
1415 5151 1736 5223 habendum,
1781 5162 1831 5206 et

231 5235 338 5293 pro
356 5237 533 5276 eorum
557 5222 693 5277 inter
713 5239 842 5293 quos
870 5224 1052 5277 vivitur
1072 5224 1310 5277 societate
1329 5222 1635 5275 servandum
1661 5230 1756 5277 est.

309 5291 482 5347 Porro
509 5294 558 5349 si
585 5294 653 5349 de
682 5291 889 5349 sabbati
915 5295 1140 5364 jejunio,
1173 5294 1240 5348 de
1261 5293 1572 5363 quotidiana
1596 5307 1835 5348 commu-

234 5361 399 5434 nione
429 5367 675 5434 corporis
703 5375 757 5420 et
785 5361 1063 5434 sanguinis
1094 5361 1327 5430 Domini,
1361 5366 1431 5420 de
1459 5365 1708 5420 sacrilicii
1739 5378 1834 5420 eu-

236 5431 824 5508 charisticifobhtione
864 5431 920 5492 et
951 5437 1070 5493 aliis
1110 5436 1268 5508 longe
1307 5437 1525 5506 majoris
1571 5436 1830 5491 momenti

235 5506 722 5564 consuetudinibus
770 5508 911 5564 istud
961 5506 1225 5578 intelligit
1259 5509 1622 5578 Augustinus;
1671 5523 1832 5579 quam

1947 3301 2066 3354 aliis
2096 3309 2310 3365 ageret,
2339 3292 2496 3352 uuam
2519 3299 2584 3352 de
2607 3292 3013 3351 Orientalibus:
3049 3310 3149 3350 nec
3169 3296 3312 3350 enim
3346 3292 3533 3347 conci-

1947 3371 2077 3425 lium
2104 3370 2494 3424 (ecumenicmn
2519 3370 2570 3424 in
2595 3368 2850 3423 Orientali
2874 3367 3100 3436 imperio
3121 3366 3446 3421 celebratum
3467 3379 3535 3436 eo

1945 3457 2125 3496 curam
2159 3456 2306 3495 suam
2333 3457 2396 3494 ac
2425 3440 2839 3495 sollicitudinem
2868 3435 3209 3501 demisisset,
3237 3446 3295 3489 ut
3315 3435 3382 3488 de
3411 3435 3532 3503 qui-

1947 3513 2170 3568 busdam
2211 3512 2517 3565 hominilius
2555 3513 2606 3564 in
2647 3509 2974 3564 Occidentali
3021 3516 3172 3576 parte
3198 3522 3226 3558 a
3257 3505 3528 3560 communi

1947 3585 2129 3654 regula
2157 3593 2211 3637 et
2237 3599 2332 3654 usu
2363 3581 2765 3654 discedentibus
2792 3579 3111 3654 sententiam
3151 3578 3315 3654 ferret
3350 3585 3404 3631 et
3447 3590 3533 3630 ca-

1947 3649 2140 3710 nonem
2173 3653 2463 3725 conderet:
2498 3653 2639 3725 quod
2669 3661 2846 3706 tamen
2879 3663 2972 3705 eos
3015 3649 3204 3725 fecisse
3232 3649 3374 3725 circa
3403 3661 3531 3701 sua-

1946 3743 2063 3782 rum
2090 3724 2482 3796 provinciarum
2508 3718 2734 3788 incolas,
2750 3739 2867 3796 ιοοη
2891 3730 2972 3776 est
2995 3735 3022 3796 a
3045 3719 3252 3774 ratione
3272 3718 3528 3773 alienum.

1947 3792 2102 3853 Adde
2142 3797 2224 3851 bis
2265 3797 2524 3851 rationem
2571 3795 2790 3850 canonis
2840 3808 2947 3848 non
2998 3792 3110 3845 fore
3151 3802 3534 3858 usquequaque

1947 3885 2128 3924 veram
2165 3883 2227 3923 ac
2255 3868 2585 3937 probabilem
2604 3867 2690 3932 ,-si
2723 3867 2788 3918 de
2803 3865 2936 3937 uliis
2961 3877 3118 3937 quam
3147 3861 3213 3916 de
3241 3860 3534 3915 Orientali-

1949 3941 2045 3996 bus
2074 3935 2366 4008 provinciis
2407 3939 2755 4008 intelligatur.
2788 3935 2956 3990 Tanta
2986 3935 3128 4008 enim
3163 3940 3282 4008 erat
3310 3945 3537 4008 consue-

1949 4002 2190 4066 tudinum
2224 4012 2362 4066 inter
2391 4002 2696 4063 Occidentis
2725 4017 2779 4062 et
2805 4005 3040 4061 Orientis
3069 4003 3339 4059 Ecelesias
3361 4002 3538 4056 diver-

1948 4083 2112 4144 sitas.
2147 4091 2291 4136 tanta
2323 4081 2610 4149 disparitas
2658 4079 2979 4149 disciplinae,
3011 4076 3258 4132 omnibus
3303 4087 3536 4149 consen-

1950 4143 2203 4210 tientibus
2253 4163 2306 4208 et
2358 4143 2815 4222 approbantibus,
2866 4158 2922 4202 ut
2976 4157 3246 4222 nunquam
3271 4143 3537 4222 _syt_iod_us

1948 4225 2180 4280 voluisse
2207 4215 2478 4278 credenda
2509 4225 2579 4278 sit
2610 4237 2798 4276 omnes
2827 4219 3058 4273 universi
3095 4218 3241 4271 orbis
3271 4215 3539 4270 Ecclesiae

1949 4297 2135 4352 iisdem
2169 4296 2243 4349 uti
2277 4295 2546 4361 moribus,
2585 4305 2638 4347 et
2666 4292 2841 4346 omnia
2875 4291 2926 4344 in
2955 4289 3218 4341 universis
3244 4287 3376 4361 locis
3377 4300 3536 4361 _con_-

1947 4376 2202 4422 sonanter
2229 4356 2726 4430 observari.Quam
2759 4377 2888 4416 vero
2934 4373 3119 4429 parum
3158 4357 3349 4430 rationi
3377 4356 3538 4430 723

1947 4447 2370 4494 consentaneum
2399 4445 2480 4491 est
2502 4480 2516 4504 ,
2545 4427 2602 4490 ut
2633 4427 2953 4504 posthabitis
2982 4427 3277 4504 innumeris
3322 4427 3535 4504 matrimi

1949 4509 2205 4564 momenti
2237 4498 2715 4563 consuetudinibus
2746 4518 2809 4558 ac
2849 4499 3220 4564 cmrcmoniis,
3251 4499 3304 4552 in
3345 4498 3538 4568 quibus

1946 4581 2320 4637 Occidentales
2345 4581 2411 4632 ab
2429 4576 2790 4632 Orivntalihus
2807 4573 3205 4640 discrepabunt,
3225 4569 3361 4624 hanc
3379 4583 3538 4624 unam

1945 4653 2204 4722 selegisse
2242 4651 2614 4722 cmremoniam
2648 4647 2833 4722 [’atres
2864 4644 3172 4722 credantur,
3208 4642 3258 4722 in
3291 4654 3394 4711 qua
3425 4640 3537 4694 vel-

1944 4714 2457 4780 lent'0ccidentales
2486 4734 2611 4774 cum
2639 4715 3002 4773 Orientalibus
3027 4714 3338 4768 convenire.

2012 4793 2321 4850 Temeraria
2357 4793 2514 4866 igitur
2561 4807 2664 4844 non
2698 4797 2780 4844 est
2819 4789 2933 4866 lure
2975 4786 3286 4866 persuasio,
3315 4795 3414 4866 nec
3445 4795 3536 4866 aut

1943 4866 2177 4922 ctoritati
2200 4853 2653 4920 mcuménicarnm
2678 4853 3004 4932 synodorum
3031 4855 3308 4925 injuriosa,
3336 4853 3534 4919 aliquot

1943 4937 2238 5006 disciplinae
2258 4936 2431 5003 capita
2465 4936 2652 5006 barum
2680 4930 2916 5006 decretis
2939 4933 3164 5006 sancite,
3198 4934 3408 5006 recepta
3430 4937 3535 5006 non

1944 5023 2064 5065 esse
2083 4993 2168 5063 ἐι»
2210 4993 2476 5076 aliquibus
2511 5004 2794 5078 Ecclesiis,
2829 5000 3234 5078 p‘raascrtitnque
3261 4993 3335 5064 (a)
3369 4993 3535 5078 anlte-

1945 5093 2100 5136 mana
2132 5095 2145 5133 :
2179 5065 2447 5148 qute'cum
2483 5076 2648 5148 multa
2690 5065 3055 5148 acc’episset‘a
3101 5065 3535 5148 suis__couditori~

1942 5152 2039 5206 bus
2066 5139 2327 5220 apostolis
2349 5149 2508 5204 Petro
2532 5156 2587 5220 et
2614 5147 2779 5220 Puulo
2805 5139 3098 5220 disciplinae
3129 5139 3364 5220 instituta
3381 5176 3395 5201 ,
3421 5149 3534 5220 uon

1944 5206 2156 5291 poterat
2185 5221 2249 5275 iis
2280 5235 2384 5294 non
2418 5217 2757 5294 tena_cis_sime
2785 5206 3061 5294 adhterere
3090 5207 3175 5264 vel
3203 5208 3286 5262 bis
3320 5206 3536 5278 postha-

1944 5289 2070 5351 bitis
2098 5307 2278 5349 mores
2309 5293 2512 5347 alienos
2541 5289 2816 5344 inducere.
2960 5354 2973 5360 _
3053 5289 3059 5294 ‘
3312 5358 3319 5360 Α
3383 5348 3416 5360 η

2017 5363 2149 5421 Tale
2178 5348 2380 5436 aliquid
2416 5361 2717 5436 contigisse
2764 5371 2888 5412 reor
2927 5354 3087 5436 circa
3105 5348 3534 5436 consuetudinea:

1948 5452 2156 5493 canone
2180 5421 2693 5503 illo'conlirmatam,
2710 5444 2869 5499 quam
2892 5426 3032 5503 apud
3049 5424 3370 5503 Romanam,
3389 5421 3533 5503 alias.

1949 5523 2053 5579 que
2099 5508 2388 5563 nonnullas
2434 5493 2853 5560 Ecclesiasnon
2883 5493 3118 5568 viguisse
3162 5493 3318 5550 facile
3357 5493 3533 5549 existi.

1304 5619 1867 5678 BALLERINIORUM
1904 5617 2450 5676 ANNOTATIONES.

311 5718 389 5790 (a)
427 5716 724 5790 Romanam
747 5715 1042 5790 Ecclesiam
1069 5715 1307 5790 omnium
1329 5716 1559 5771 maxime
1580 5713 1838 5790 Nicenos

240 5785 477 5847 canones
504 5786 668 5844 totius
696 5787 843 5856 orbis
874 5785 1175 5843 reverentia
1200 5795 1545 5843 consecratos
1570 5786 1707 5842 adeo
1731 5789 1837 5840 ob-

239 5872 522 5924 servasse.
555 5867 613 5915 ut
642 5858 791 5916 nefas
819 5858 1037 5917 duxerit
1062 5859 1130 5915 ab
1160 5857 1265 5916 illis
1297 5859 1382 5917 vel
1433 5858 1697 5917 tantillum
1738 5857 1839 5916 de-

1948 5714 2202 5780 sciscere,
2227 5711 2430 5779 aliquot
2461 5707 2784 5780 testimoniis
2814 5705 3154 5780 probavimus
3183 5703 3302 5761 loco
3326 5695 3536 5780 laudan

1949 5776 2225 5842 notatione
2259 5776 2622 5854 ρι’ξιειχιιιθιιιὶ.Δ
2650 5779 2800 5836 Hunc
2821 5776 2967 5851 ergo
3008 5777 3252 5854 ultimum
3281 5776 3533 5834 cauom

1951 5872 2070 5942 eam
2099 5871 2207 5913 non
2239 5848 2510 5926 recepisse
2533 5851 2656 5924 quis
2679 5861 2883 5910 temere
2907 5848 3244 5923 suspicetur!
3534 5889 3537 5892 -
