3998 6346
292 303 398 364 9‘29

723 298 1036 362 DlSSERT.
1082 303 1176 360 Xll
1216 301 1625 386 QUESNELLI.
1668 299 1758 360 DE
1798 303 2048 363 CODICE
2089 306 2422 365 CANONUM
2464 306 3168 372 ECCLESIASTlCORUM.

3477 315 3586 376 950

285 428 497 480 constet
525 421 685 506 etiam
714 418 1190 506 gediolanensemn,
1212 435 1332 489 qua:
1360 420 1607 506 omnium
1637 421 1882 492 proxima
1910 423 1968 485 Δ
1991 427 2255 506 exempla.
2290 428 2397 484 Sed
2419 445 2513 506 _ne
2542 437 2707 506 extra
2753 432 3066 506 canonicam
3106 430 3384 506 materiem
3423 441 3582 506 vage-

285 504 418 559 erat,
446 491 646 548 multos
667 491 920 564 habuisse
940 490 1406 564 ritusiaARomanis
1425 490 1670 550 diversos
1703 509 1717 546 :
1741 508 1884 564 qua-

286 541 918 634 assistanassiia
941 541 1375 632 535353535333:

355 634 411 691 6.
458 635 589 690 Inde
635 633 945 703 conjectura
985 643 1171 689 nostra
1221 633 1556 702 probabilior
1611 636 1876 703 redditur,

280 704 425 778 quod
453 706 660 777 aliquot
701 704 819 778 alia:
862 704 1400 778 Ecclesiaividentur
1423 705 1676 762 eumdem
1703 723 1872 764 cano-

291 775 416 833 nem
447 775 562 832 nou'
577 776 871 846 recepisse.
902 775 980 846 (a)
1005 776 1062 831 In
1090 776 1176 831 illa
1209 777 1352 832 enim
1374 778 1600 834 Arabica
1629 778 1875 835 Nicano-

291 863 414 903 rum
445 862 712 903 canonum
734 847 1082 914 collectione,
1115 862 1233 916 qua:
1273 848 1672 916 circumfertur,
1701 866 1876 906 canon

279 919 385 974 iste
409 926 801 992 nonapparet;
831 933 931 974 nec
955 918 1023 992 de
1046 918 1282 992 paschali
1305 920 1399 974 illo
1424 921 1701 992 privilegio
1719 923 1878 992 quid-

278 1006 443 1060 quam
466 989 665 1045 ibidem
687 989 1122 1046 commendatum
1151 990 1395 1046 habetur.
1417 989 1558 1047 Nihil
1590 989 1750 1048 etiam
1783 996 1872 1049 vel

279 1061 334 1115 in
369 1063 669 1118 canonibus
710 1061 1043 1131 apostolicis,
1077 1061 1158 1116 vel
1198 1061 1251 1115 in
1301 1063 1775 1119 constitutionibus
1813 1067 1870 1120 S.

277 1132 576 1189 Clementis
603 1133 672 1188 de
699 1132 889 1188 eodem
918 1133 1021 1186 ritu
1048 1132 1264 1202 legitur,
1299 1135 1508 1189 tametsi
1533 1148 1600 1188 ex
1630 1135 1874 1202 professo

277 1203 335 1276 in
357 1205 598 1276 utrisque
621 1212 806 1276 agatur
831 1203 898 1258 de
922 1204 1155 1276 paschali
1181 1205 1341 1276 festo,
1358 1206 1425 1261 de
1451 1206 1552 1276 die,
1572 1205 1867 1274 Dominica,

275 1274 348 1348 de
386 1273 839 1348 Quinquag’esima
887 1283 1006 1348 post
1058 1273 1283 1339 Pascha,
1313 1275 1488 1346 deque
1533 1275 1743 1348 jejunio
1776 1294 1872 1345 per

274 1345 404 1402 illos
436 1345 554 1400 dies
583 1345 881 1401 omittendo
910 1346 1203 1401 decernant
1254 1361 1362 1401 non
1395 1345 1559 1402 semel
1591 1345 1610 1401 ἐ
1643 1357 1700 1402 ut
1739 1364 1872 1404 con-

271 1417 617 1490 stitutionum
649 1418 828 1490 lib.7v,
859 1431 979 1490 cap.
999 1417 1100 1490 _l7,
1139 1418 1206 1490 t_8
1227 1426 1280 1490 et
1307 1417 1394 1490 i9,
1423 1429 1478 1474 et
1509 1417 1602 1473 lib.
1636 1436 1727 1486 vn,
1751 1435 1870 1490 cap.

272 1487 371 1544 50.
422 1488 498 1543 Ita
545 1503 709 1559 porro
755 1489 808 1542 in
849 1487 1116 1558 aliquibus
1150 1487 1407 1559 Ecclesiis
1462 1491 1594 1544 ritus
1641 1491 1733 1546 ille
1773 1487 1872 1546 usu

271 1558 588 1614 auctoratus
611 1568 746 1619 erat.
773 1561 1192 1628 utexceptiones
1212 1558 1420 1629 aliquas
1450 1569 1743 1630 pateretur,
1770 1578 1870 1618 nec

271 1629 683 1702 illoiprivilegio
728 1631 1086 1702 utisinereut
1113 1633 1462 1702 pmnitentes.
1510 1631 1736 1687 Planum
1789 1643 1874 1688 est

267 1714 335 1772 ea
368 1701 438 1756 de
458 1717 517 1756 re
549 1700 626 1772 (b)
647 1701 868 1758 Concilii
900 1700 1338 1770 Carthaginensis
1369 1718 1420 1755 tv
1449 1702 1726 1757 decretum
1755 1705 1825 1759 82
1851 1722 1866 1758 :

270 1769 626 1846 Paenitentes',
676 1774 881 1846 inquit,
911 1773 1064 1846 etiam
1109 1769 1294 1846 diebus
1349 1773 1664 1828 remissionis
1700 1792 1866 1846 genua

263 1844 503 1913 ﬂectant.
530 1842 699 1898 Porro
724 1859 844 1899 cum
869 1844 921 1897 in
949 1843 1234 1913 cujuslibet
1264 1852 1529 1913 potestate
1578 1842 1744 1900 fuisse
1783 1849 1866 1902 vi-

263 1912 467 1985 deatur
498 1916 866 1984 pmtiitentium
911 1912 1063 1969 more
1104 1915 1204 1981 uti,
1247 1912 1540 1985 eorumque
1577 1933 1637 1972 se
1689 1918 1865 1973 ordini

264 1983 535 2058 inserere,
562 1987 689 2041 hinc
715 1986 926 2058 videtur
953 1985 1114 2040 etiam
1147 1986 1405 2058 permissa
1435 1983 1600 2042 fuisse
1627 1991 1862 2058 genuﬂe-

268 2056 590 2128 xio_diebus
617 2057 911 2114 Dominicis
938 2066 992 2112 et
1020 2057 1382 2128 paschalibus,
1413 2059 1601 2120 saltem
1627 2056 1681 2114 in
1713 2059 1862 2116 Afri-

263 2126 422 2182 canis
448 2129 777 2198 regionibus.

338 2198 548 2271 7._Non
583 2201 762 2270 inepte
788 2199 965 2254 forsan
1015 2198 1400 2271 Hieronymum
1441 2203 1694 2271 superius
1723 2205 1860 2259 cita-

261 2275 380 2323 tum
411 2269 515 2326 huc
539 2272 867 2326 adducemus
892 2280 1145 2340 tanquam
1174 2269 1415 2338 ejusdem
1441 2269 1723 2328 sententiae
1751 2278 1861 2329 sul-

261 2341 611 2412 fragatorem.
648 2343 758 2397 Etsi
790 2342 933 2412 enim
966 2343 1083 2396 loco
1127 2342 1324 2412 dialogi
1355 2343 1613 2398 adversus
1653 2345 1865 2402 Lucife—

261 2410 454 2467 rianos
471 2412 709 2483 laudato,
725 2414 806 2466 die
833 2411 1098 2466 Dominico
1120 2425 1168 2466 et
1195 2410 1294 2481 peri
1305 2430 1504 2468 omnem
1529 2414 1860 2471 Peutecosten

260 2496 372 2536 non
419 2483 484 2538 de
518 2485 776 2559 geniculis
814 2484 1054 2559 adorare,
1115 2485 1253 2559 inter
1282 2495 1666 2559 ea__numeret,
1699 2491 1858 2559 727

257 2568 401 2626 quat,
433 2556 744 2626 etsi'scripta
783 2569 882 2609 non
921 2556 1041 2620 sint,
1079 2556 1404 2609 rationabilis
1427 2558 1524 2610 sibi
1573 2556 1857 2614 observa—tio

256 2625 538 2697 praedicarit
561 2643 580 2680 :
603 2625 892 2682 natandum
922 2633 1098 2681 tamen
1117 2627 1257 2696 quod
1291 2626 1362 2697 (ι)
1391 2629 1531 2682 nulla
1556 2628 1858 2686 lticNicami

256 2695 471 2752 decreti
531 2699 617 2753 vel
664 2698 884 2753 alterius
900 2697 1042 2768 legis
1082 2695 1604 2764 mentio'habeatur;
1652 2701 1744 2756 sed
1777 2713 1859 2756 to-

257 2773 449 2840 tumAa
478 2769 870 2823 consuetudine
895 2767 1154 2823 Ecclesia:
1182 2780 1422 2840 arcessat
1454 2769 1814 2840 Hieronymus
1841 2791 1855 2825 :

255 2837 408 2907 quod
439 2840 800 2905 suspicionem
830 2854 1027 2908 augere
1053 2849 1228 2907 potest
1256 2839 1325 2894 de
1366 2840 1610 2908 ignorate
1640 2837 1860 2898 Niczrno

254 2923 474 2964 canone
499 2911 572 2965 20
596 2926 692 2981 per
717 2926 810 2966 eas
839 2910 1130 2975 Ecclesias,
1162 2926 1297 2981 quas
1327 2912 1700 2980 frequentabat
1726 2929 1855 2970 san-

252 2986 380 3052 ctus
409 2981 499 3037 illc
529 2980 817 3048 ductor,ac
847 2983 1142 3052 praesertim
1170 2980 1493 3036 Romanam.

236 3090 238 3093 -
328 3050 439 3106 Sed
491 3050 937 3123 expressissimis,
997 3054 1228 3123 inquies,
1277 3053 1459 3108 verbis
1509 3069 1719 3111 canone
1762 3056 1859 3112 illo

253 3125 508 3200 sancitur
553 3134 619 3200 ut
660 3126 712 3179 in
753 3127 898 3180 omni
937 3124 1648 3200 _Ecclesia,die__l)ominica'
1675 3135 1730 3182 et
1761 3143 1858 3196 per

1895 1809 1946 1869 Β

1988 499 2284 576 mur,_quis
2303 500 2509 576 credat
2533 499 3068 576 plialcedouensem,
3102 503 3335 572 exempli
3381 499 3576 576 gratia,

1986 567 2252 645 synodum
2285 571 2354 626 de
2385 571 2817 628 Occidentalibus
2864 567 3172 645 regionibus
3219 567 3276 631 et
3323 567 3578 633 Ec'clesiis'

1986 639 2275 724 cogitasse,
2305 657 2429 724 eum
2450 658 2694 724 _cauones
2717 645 2838 724 illos
2859 639 3050 724 viginti
3080 656 3135 724 et
3161 656 3285 724 octo
3313 646 3576 716 condidit,

1984 714 2076 779 qui
2109 714 2372 781 imprimis
2400 714 2466 768 ad
2498 716 2824 771 resecandos
2859 714 3060 775 abusus
3092 719 3144 772 in
3175 719 3394 773 Oriente
3423 714 3580 776 natos

1985 782 2175 864 saluati
2216 792 2346 864 sunt
2359 785 2386 864 ξι)
2416 786 2550 864 Quis
2591 794 2742 864 putet
2784 788 2854 864 de
2883 789 3208 864 _Gallicanis',
3255 789 3576 862 ﬂispanicis,

1988 851 2657 928 Britannicis,ltalicisque
2686 858 2945 916 Ecclesiis
2967 851 3272 918 sermonem
3289 851 3430 928 esse,
3452 851 3578 918 cuni

1932 961 1936 963 »
1987 937 2195 1001 canone
2226 927 2291 983 17
2317 925 2664 1001 decernitur:
2701 930 2852 995 Quod
2874 933 2918 986 si
2939 934 3210 1001 quisquam
3255 950 3286 986 α
3331 925 3425 987 suo
3469 949 3580 988 me-

1985 996 2295 1074 tropolitano
2313 999 2537 1074 (reditur,
2566 1003 2706 1074 apud
2729 996 2997 1068 primatem
3013 996 3304 1069 dioeceseos,
3327 1016 3415 1058 aut
3435 1004 3578 1074 apud

1981 1077 2213 1120 sanctam
2229 1068 2845 1146 ConstantinOpolitauam
2857 1076 3026 1128 sedem
3036 1075 3329 1146 judicetur?
3350 1075 3447 1146 Ubi
3463 1068 3583 1130 cer-ﬁ

1983 1145 2095 1209 tum
2127 1149 2207 1193 est
2235 1155 2333 1209 per
2353 1141 2608 1209 primates
2630 1143 2927 1199 dimceseos
2948 1141 3366 1202 Alexandrinum
3397 1145 3581 1202 Antio~

1985 1208 2328 1278 cbenumque
2353 1208 2575 1282 intelligi
2601 1227 2615 1276 ;
2637 1227 2697 1266 ac
2721 1214 2943 1287 proinde
2964 1218 3110 1272 solos
3133 1219 3434 1274 Orientales
3463 1218 3580 1287 epi-

1981 1293 2176 1349 scopos
2205 1297 2271 1336 eo
2300 1297 2506 1337 canone
2531 1284 2827 1340 conveniri.
2864 1285 2996 1342 Cum
3021 1291 3148 1344 item
3176 1290 3420 1344 decernit
3447 1284 3572 1344 can.

1980 1349 2093 1406 26:
2130 1351 2353 1430 Omnem
2384 1352 2671 1430 Ecclesium
2730 1354 2999 1430 [iubentem
3058 1361 3351 1430 episcopum
3393 1360 3577 1415 habere

1979 1437 2299 1498 teconomum
2319 1425 2383 1479 de
2398 1425 2535 1479 clero
2563 1427 2796 1498 proprio,
2824 1429 2912 1498 qui
2943 1431 3203 1497 dispenset
3230 1425 3312 1486 res
3336 1433 3575 1486 ecclesia.

1981 1495 2154 1560 sticas,
2200 1505 2328 1560 etc.,
2379 1498 2500 1566 quis
2555 1495 2845 1552 exiStimet'
2869 1495 3246 1556 Occidentales
3304 1502 3577 1558 Ecclesias

1979 1575 2226 1641 spectare
2258 1568 2401 1622 hunc
2431 1582 2719 1631 canonem,
2751 1571 2891 1637 apud
2913 1586 3046 1641 quas
3087 1573 3322 1641 ignotum
3355 1588 3575 1628 decano-

2087 1652 2285 1716 nomen
2316 1649 2640 1716 et_mtinus_,
2671 1636 2832 1716 quale
2887 1636 3027 1716 apud
3058 1636 3358 1716 Orientales
3381 1644 3575 1716 iNihil

1979 1708 2144 1776 igitur
2175 1709 2331 1784 obest
2378 1711 2542 1784 728
2573 1708 3144 1784 illafunivcrsalitatis
3189 1725 3312 1768 nota
3341 1715 3469 1784 quin
3509 1715 3577 1771 ad

1979 1789 2154 1833 certas
2196 1781 2444 1852 regiones
2473 1781 2852 1853 Ecclesiasque
2884 1785 3139 1856 restringi
3169 1781 3574 1857 canon'possit.

2600 1916 2827 1974 CAPUT
2871 1918 2957 1976 Vl.

1977 2010 2184 2076 Satis/it
2211 2010 2329 2064 aliis
2359 2011 2698 2082 argumentis,
2733 2011 2914 2082 quibus
2945 2012 3020 2066 vel
3050 2013 3262 2067 codicis-
3281 2014 3572 2081 sinceritas,

2048 2082 2134 2205 vel!
2180 2080 2579 2150 ejusdem'usus
2627 2084 2764 2152 apud
2815 2080 3100 2138 Ecclesium
3137 2083 3425 2139 Romanam
3468 2080 3570 2156 peti

2047 2169 2114 2222 po
2142 2166 2231 2208 est.

1979 2314 1981 2316 .
2051 2268 2255 2322 Poterit
2304 2275 2490 2322 contra
2547 2266 2753 2339 codicis
2785 2268 2955 2322 nostri
2998 2265 3284 2339 αὺθεντίαν,
3336 2267 3422 2323 vel
3451 2268 3570 2339 ejus

1974 2340 2116 2408 apud
2148 2340 2440 2392 Romanam
2477 2338 2770 2392 Ecclesium
2797 2353 2951 2393 usum
2975 2338 3158 2406 objici,
3199 2339 3340 2408 quod
3371 2338 3571 2394 adver-

1977 2426 2072 2463 sus
2099 2409 2473 2464 Justellianum
2505 2409 2700 2482 objicit
2716 2409 2955 2482 Joannes
2988 2410 3152 2464 David
3183 2409 3322 2482 (Lib.
3353 2410 3418 2464 de
3442 2410 3573 2482 Epi-

1977 2485 2146 2551 scopis
2176 2482 2424 2534 canonice
2443 2480 2772 2550 judicandis)
2805 2498 2817 2532 :
2844 2481 3118 2550 antiquum
3167 2480 3372 2535 scilicet
3417 2481 3572 2537 codi-

1977 2567 2096 2606 cem
2136 2553 2306 2606 titulis
2346 2567 2426 2606 cai
2446 2554 2608 2612 uisse,
2644 2565 2989 2621 canonesque
3018 2551 3150 2606 alios
3178 2553 3245 2606 ab
3271 2553 3390 2606 aliis
3419 2553 3573 2608 aliter

1976 2639 2086 2677 non
2123 2625 2288 2677 fuisse
2316 2623 2605 2677 distinctos
2638 2637 2796 2691 quam
2834 2623 3071 2678 numeris
3103 2623 3247 2689 suis,
3279 2626 3366 2689 qui
3398 2623 3573 2678 titulo~

1973 2709 2096 2748 rum
2121 2695 2293 2748 vicem
2325 2695 2672 2762 impleverim
2701 2711 2712 2746 :
2744 2695 2844 2748 hoc
2867 2709 3028 2762 porro
3051 2694 3222 2748 codici
3253 2707 3437 2748 nostro
3465 2710 3572 2751 non

1973 2767 2286 2829 convenire,
2323 2766 2372 2818 in
2411 2780 2516 2832 quo
2547 2779 2652 2818 non
2685 2764 2862 2818 solum
2903 2779 3141 2819 canones
3196 2780 3226 2818 a
3270 2764 3568 2821 canonibus

1973 2837 2144 2891 titulis
2177 2835 2407 2904 propriis
2458 2836 2858 2898 discernuntur,
2905 2835 2998 2889 sed
3047 2845 3100 2889 et
3134 2850 3268 2889 unus
3305 2851 3480 2891 canon
3515 2837 3567 2891 in

1972 2908 2156 2976 plures
2188 2916 2366 2974 partes
2385 2905 2697 2973 dispertitus
2720 2913 2796 2959 tot
2825 2905 2988 2960 habet
3012 2905 3196 2960 titulos
3217 2914 3566 2976 quotpartes.

2046 2979 2286 3033 Tenuem
2322 2977 2626 3046 ltujusmodi
2657 2979 3177 3043 argumentationem
3208 2979 3293 3030 vix
3337 2987 3464 3044 puto
3490 2979 3567 3031 al~

1973 3050 2140 3106 terius
2170 3060 2404 3103 mentem
2436 3048 2652 3112 pulsare
2672 3061 2847 3113 posse.
2881 3047 3017 3113 Quid
3062 3049 3228 3115 enim,
3260 3048 3305 3102 si
3338 3062 3566 3117 negave-

1973 3124 2080 3176 rim
2106 3122 2384 3189 antiquum
2419 3119 2679 3173 Ecclesia:
2711 3118 2964 3172 Romanu:
3013 3119 3252 3173 codicem
3305 3120 3471 3173 titulis
3509 3129 3565 3174 et

252 3193 767 3266 Quinquagesimam
807 3195 1107 3265 paschalem
1157 3189 1454 3251 astantibus
1504 3212 1690 3266 preces
1738 3189 1860 3254 om-
1885 3197 1939 3259 ο
1973 3190 2638 3266 argutnenlis_cat'tlisse?
2668 3189 2945 3266 Probahis
2965 3206 3030 3244 ex
3061 3189 3241 3266 citatis
3269 3191 3565 3266 canonibns

250 3264 488 3343 dantur:
519 3269 569 3343 in
597 3269 742 3343 πάσῃ
770 3264 1031 3343 πὰρᾳκίᾳ.
1062 3267 1408 3343 (ἀλΡᾹι-ἱιῃμῐη
1442 3264 1554 3343 ipsa
1590 3268 1704 3343 huic
1748 3287 1853 3326 vox

251 3332 449 3392 Grlcca
475 3332 800 3394 strictiorem
843 3332 1043 3394 habere
1070 3332 1220 3392 'mihi
1251 3332 1475 3393 videtur
1493 3341 1850 3406 significatum

248 3421 418 3476 quam
459 3423 581 3479 quae
604 3411 850 3476 usurpari
880 3409 1142 3464 debuerat
1171 3425 1197 3460 τι
1231 3408 1480 3463 Patribus
1508 3410 1735 3465 Nicamis
1763 3453 1775 3475 ,
1807 3415 1852 3467 si

246 3491 448 3534 omnes
477 3481 700 3535 omnino
720 3481 976 3537 Ecclesiae
1008 3480 1330 3535 universalis
1357 3481 1620 3536 dimceses
1669 3497 1734 3536 eo
1761 3498 1853 3537 ca-

247 3561 399 3604 none
440 3554 647 3607 moneri
675 3567 737 3607 ac
767 3555 936 3607 teneri
961 3552 1240 3607 voluisset.
1273 3551 1406 3605 Cum
1437 3552 1580 3608 enim
1610 3555 1850 3622 episcopi

248 3621 592 3693 territorium
646 3624 915 3693 signiﬁcet
957 3623 1059 3678 hoc
1104 3622 1244 3688 loco,
1300 3638 1490 3677 omnes
1537 3621 1849 3681 diteceseoii

245 3690 607 3748 Orientalium
645 3690 822 3763 potius
867 3710 1024 3763 quam
1055 3696 1219 3748 totius
1264 3693 1410 3749 orbis
1436 3694 1712 3749 christiani
1743 3695 1848 3750 Ec-

247 3763 455 3818 clesias
484 3778 678 3820 sonare
705 3767 835 3820 mihi
863 3767 1095 3822 videtur.
1142 3766 1344 3819 Deinde
1370 3780 1528 3820 nemo
1556 3769 1730 3822 nescit
1758 3783 1852 3822 vo-

246 3848 371 3906 cem
389 3835 529 3890 hanc
544 3837 912 3892 universitatis
929 3837 1203 3906 cujusdam
1229 3835 1482 3904 indicem.
1507 3853 1632 3892 suos
1653 3837 1850 3893 limites

243 3904 458 3979 habere
486 3907 700 3962 solitam
745 3924 869 3964 esse
897 3904 1036 3977 apud
1076 3922 1426 3978 quoscunque
1475 3920 1722 3965 auctores
1752 3925 1850 3979 pro

240 3976 495 4044 subjecta
549 3980 794 4050 materia,
843 3989 895 4036 et
935 3976 1043 4048 pro
1092 3976 1278 4034 eorum
1309 3976 1376 4034 de
1403 3980 1618 4050 quibus,
1664 3976 1845 4034 vel—ad

240 4061 386 4120 quos
405 4061 587 4103 sermo
615 4049 862 4116 habetur,
886 4065 1110 4106 numero
1137 4061 1191 4106 et
1215 4049 1488 4120 qualitate.
1515 4051 1703 4106 Nullus
1727 4051 1842 4108 fere

241 4119 488 4189 scriptor
513 4131 598 4176 est
618 4122 759 4192 apud
790 4138 950 4194 quem
979 4137 1084 4176 non
1116 4119 1332 4178 exstent
1369 4121 1522 4191 plura
1566 4122 1722 4191 hujus
1767 4123 1846 4178 rei

1973 3265 2028 3320 in
2047 3260 2277 3318 concilio
2307 3261 2756 3326 Clialcedonensi,
2779 3260 2868 3315 ubi
2897 3261 3066 3314 altum
3099 3262 3165 3314 de
3206 3262 3372 3316 titulis
3398 3261 3562 3316 silen-

1974 3336 2106 3391 titun
2131 3336 2152 3388 ?
2182 3333 2341 3398 Quasi
2367 3348 2492 3388 vero
2529 3335 2573 3386 is
2596 3333 2791 3401 passim
2831 3332 3029 3386 citandi
3065 3348 3182 3388 mos
3210 3333 3389 3397 fuerit,
3419 3341 3479 3387 ut
3509 3335 3563 3388 ti.

1951 3407 2068 3461 'tuli
2099 3405 2261 3460 simul
2287 3404 2607 3472 allegentur,
2637 3418 2757 3458 cum
2797 3404 2972 3472 potius
2998 3404 3172 3458 omitti
3197 3403 3405 3458 soleant
3448 3413 3559 3458 tum

1974 3477 2251 3533 brevitatis
2279 3477 2467 3544 gratia,
2517 3484 2627 3529 tum
2655 3476 2776 3542 quia
2805 3473 3100 3529 cononibus
3139 3474 3394 3544 adjectitii
3438 3485 3562 3530 sunt

1973 3558 2030 3604 et
2058 3551 2177 3604 sine
2195 3547 2513 3602 auctoritate
2543 3545 2850 3613 compositi.
2879 3547 3078 3600 Deinde
3105 3545 3234 3615 quid
3262 3543 3450 3600 Grieco
3471 3561 3562 3600 co-

1971 3620 2076 3675 dici
2108 3636 2228 3674 cum
2255 3619 2520 3685 Romano,
2570 3632 2755 3687 quaeve
2807 3618 3122 3681 necessitas,
3157 3626 3214 3671 ut
3253 3617 3375 3685 quia
3422 3616 3560 3673 forte

1971 3692 2142 3745 titulis
2169 3705 2390 3744 caruere
2438 3704 2676 3744 canones
2717 3704 2747 3742 a
2787 3687 2989 3744 Graecis
3019 3687 3170 3754 editi,
3205 3687 3373 3742 titulis
3395 3689 3558 3744 etiam

1967 3770 2191 3818 careant
2245 3762 2404 3816 iidem
2461 3760 2702 3814 Romana
2733 3759 2907 3830 lingua
2935 3759 3286 3829 Romanoque
3329 3773 3428 3813 usu
3454 3760 3557 3813 do-

1968 3834 2083 3888 miti
2110 3853 2120 3885 :
2152 3847 2251 3887 nec
2281 3833 2509 3901 potuerit
2543 3833 2595 3885 in
2623 3840 2860 3886 mentem
2902 3832 3087 3886 venire
3118 3829 3322 3901 auctori
3357 3830 3558 3886 veteris

1967 3906 2113 3960 illius
2145 3900 2429 3969 versicuis,
2455 3905 2598 3971 quod
2639 3901 2926 3973 Dionysius
2975 3901 3212 3973 Exiguus
3251 3900 3555 3957 faciendum

1969 3977 2204 4041 censuit,
2233 3989 2354 4029 cum
2387 3973 2665 4028 adornavit
2696 3974 2886 4028 suam?

2047 4048 2237 4111 Immo,
2270 4047 2443 4115 inquit
2472 4045 2614 4100 idem
2641 4046 2892 4115 scriptor,
2928 4043 3216 4115 Dionysius
3243 4044 3358 4113 ipse
3387 4045 3556 4100 innuit

1970 4119 2044 4193 (ε)
2077 4121 2310 4189 primum
2337 4114 2396 4171 se
2426 4116 2704 4173 titulorum
2734 4125 3009 4172 auctorem
3041 4114 3224 4172 fuisse.
3250 4115 3308 4171 In
3330 4117 3555 4187 epistola

1316 4240 1897 4298 BALLERINIORUM
1937 4234 2475 4296 ANNOTATIONES

316 4334 401 4406 (a)
449 4333 578 4389 Duae
619 4334 882 4390 editiones
925 4333 1546 4406 collectiomsWArabicm
1563 4347 1836 4406 canonum

237 4403 586 4460 Niéaénorum
618 4406 1091 4472 circumferuntur,
1125 4421 1226 4460 una
1262 4405 1529 4459 Francisci
1559 4404 1832 4472 'l‘urriani,

236 4477 544 4532 Abrahaini
573 4477 936 4533 Ecchellensis
962 4479 1129 4532 altera
1155 4492 1169 4542 ;
1202 4485 1258 4530 et
1287 4476 1341 4530 in
1359 4485 1584 4544 utraque
1625 4474 1711 4529 hic
1745 4489 1838 4530 ca-

238 4563 360 4620 non
378 4548 605 4620 legitur,
646 4549 700 4605 in
731 4550 894 4618 priori
918 4549 1132 4620 quidem
1159 4562 1209 4603 c.
1241 4546 1334 4611 29,
1359 4547 1410 4600 in
1446 4546 1679 4601 secunda
1707 4562 1837 4620 vero

235 4634 291 4674 c.
327 4619 422 4674 '52.
457 4618 625 4675 Porro
651 4618 1011 4676 silentium’de
1042 4619 1144 4674 hoc
1183 4619 1288 4674 ritu
1311 4621 1424 4674 sive
1455 4620 1506 4671 in
1537 4618 1834 4672 canonibus

236 4691 583 4762 apostolicis,
613 4692 726 4746 sive
753 4693 808 4746 in
842 4690 1337 4754 constitutionibus,
1367 4688 1444 4744 uti
1470 4688 1832 4762 appellantur,

2031 4331 2107 4403 (ε)
2138 4329 2243 4384 Res
2268 4330 2593 4403 Hieronymo
2615 4326 3256 4403 eratcum_L_uciferiano,
3278 4328 3365 4396 qui
3387 4340 3554 4382 sacrm

1953 4397 2249 4469 Scriptum
2299 4397 2662 4454 testimonium
2717 4398 3039 4466 postulabat.
3090 4397 3321 4467 Repoiiit
3367 4407 3543 4453 autem

1952 4473 2011 4530 S.
2045 4474 2234 4528 doctor
2261 4472 2424 4526 multa
2477 4471 2756 4524 observari
2817 4469 2871 4522 in
2933 4469 3203 4530 Ecclesiis,
3248 4470 3458 4524 tametsi
3492 4470 3546 4526 in

1953 4545 2151 4599 divinis
2193 4544 2342 4597 libris
2387 4542 2584 4610 scripta
2641 4555 2745 4595 non
2801 4542 2928 4606 sint,
2963 4550 3018 4594 et
3061 4540 3264 4608 aliquot
3302 4543 3550 4610 exempla

1951 4616 2090 4671 meri
2118 4619 2251 4668 ritus
2278 4615 2576 4684 proferens,
2603 4613 2743 4667 inter
2768 4610 2884 4667 huic
2925 4611 3092 4667 rc-fert
3125 4612 3287 4666 ritum
3338 4613 3552 4668 omissze

1948 4683 2346 4758 genuflexionis
2386 4685 2577 4740 diebus
2628 4683 2920 4758 Dominicis
2975 4691 3135 4751 atque
3187 4684 3546 4758 paschalibus.

237 4747 303 4833 δ’.
335 4747 654 4831 Clementis,
684 4764 729 4818 si
759 4763 887 4833 quid
915 4762 1194 4832 probaret;
1227 4747 1482 4832 probaret
1507 4747 1834 4828 'praasertim
1862 4747 1927 4809 Β
1949 4747 2410 4816 Consuetudinem
2433 4747 3300 4833 autem_Ecclesi.e_tantummodo
3330 4754 3545 4833 ingerit,

237 4832 392 4888 hunc
418 4833 578 4888 ritum
604 4849 710 4889 non
735 4832 902 4890 fuisse
925 4843 1202 4904 receptum
1232 4833 1285 4888 in
1309 4833 1670 4888 Orientalibus
1700 4846 1840 4902 pra:-

236 4907 436 4960 sertim
464 4904 743 4971 Ecclesiis,
775 4905 828 4961 in
855 4906 1048 4976 quibus
1080 4905 1156 4960 illi
1198 4919 1432 4960 canones
1479 4913 1533 4959 et
1571 4905 1837 4960 constitu-

236 4976 425 5046 tiones
455 4976 643 5031 Graace
662 4976 846 5046 scripti
877 4988 931 5032 ct
949 4977 1078 5032 editi
1109 4985 1255 5031 sunt.

319 5045 398 5119 (b)
423 5046 740 5121 Concilium,
766 5045 905 5121 quod
925 5057 1185 5121 quartum
1199 5045 1632 5121 Carthaginense
1646 5047 1838 5121 inscri-

237 5117 410 5183 bitur,
442 5134 548 5173 non
576 5130 658 5174 est
679 5117 973 5174 Concilium
1001 5135 1125 5175 vere
1164 5117 1495 5184 Africanum,
1541 5118 1636 5174 sed
1671 5119 1837 5174 colle-

236 5190 354 5243 ctio
384 5190 652 5259 qtuedam,
678 5205 772 5246 seu
812 5191 1146 5247 abbreviatio
1183 5190 1397 5260 antiqua
1440 5205 1730 5256 canonum,
1765 5189 1836 5246 de

234 5275 346 5325 qua
384 5262 624 5330 pluribus
646 5262 999 5318 disseruimus
1026 5265 1081 5318 in
1105 5263 1360 5317 Tractatu
1414 5271 1550 5330 part.
1599 5277 1656 5326 tt,
1693 5277 1743 5316 c.
1779 5263 1834 5325 5,

240 5330 271 5399 §
316 5330 372 5384 4.
402 5331 540 5387 Cum
571 5343 752 5389 autem
782 5335 1173 5404 paenitentibus
1203 5334 1471 5401 prostratis
1517 5335 1831 5388 sacerdotes
1920 5386 1931 5397 ,

237 5413 463 5475 orantes
494 5419 685 5475 manus
713 5408 1070 5475 imponerent,
1097 5420 1320 5461 necesse
1339 5413 1455 5460 erat:
1477 5404 1838 5474 proculdubio

234 5481 303 5547 ut
333 5473 434 5547 ipsi
465 5474 655 5547 diebus
697 5473 910 5547 quoque
961 5477 1297 5534 remissionis
1327 5473 1498 5545 genua
1528 5475 1832 5545 ﬂecterent,

236 5543 505 5618 siquidem
527 5546 620 5618 bis
655 5543 854 5615 pariter
899 5548 1089 5604 diebus
1135 5550 1264 5618 ipsis
1314 5543 1596 5617 prostratis
1639 5543 1836 5602 manus

239 5612 585 5684 imponendae
612 5612 811 5674 essent.
840 5620 992 5685 Quod
1036 5612 1213 5676 autem
1245 5612 1328 5674 est
1359 5619 1629 5688 peculiare
1660 5620 1834 5688 paeni-

238 5691 493 5762 !cntium,
519 5689 611 5759 qui
640 5705 743 5746 non
771 5692 878 5744 alit:
901 5708 927 5746 r
952 5707 1110 5762 quatn
1140 5694 1387 5762 prostrati
1437 5691 1626 5746 adesse
1667 5691 1832 5744 debe-

236 5753 371 5833 bant
392 5753 550 5815 certo
569 5769 772 5817 tantum
795 5753 1036 5833 tempore
1065 5753 1231 5818 sacris
1263 5765 1477 5828 ofticiis,
1511 5762 1642 5818 nihil
1666 5775 1835 5832 gene-

225 5828 346 5902 ,τιιί
372 5843 695 5892 caueret-um
727 5828 962 5893 llduliuin
992 5835 1116 5893 ritui
1139 5833 1468 5904 praeiudicat.

770 5971 826 5990 γη.

1956 4841 2016 4885 ut
2035 4840 2158 4899 pote
2175 4842 2512 4884 communem
2537 4827 2659 4881 aliis
2685 4826 3035 4899 exemplis‘ab
3056 4841 3122 4880 eo
3145 4825 3412 4899 iudicatis,
3430 4840 3548 4891 qure

1955 4904 2012 4957 in
2036 4895 2267 4958 Nicmuis
2297 4901 2592 4955 canonibus
2623 4914 2728 4953 non
2749 4896 3188 4967 praescrihuntur.
3226 4895 3358 4948 llinc
3386 4911 3549 4967 porro

1955 4985 2140 5029 contra
2168 4972 2511 5040 Quesnellum
2539 4965 2801 5038 sequitur,
2826 4967 3266 5040 consuetudinem
3286 4965 3548 5040 omitten-

1954 5045 2039 5100 dae
2083 5037 2475 5116 genuflexionis
2516 5037 2829 5116 memoratis
2881 5039 3210 5116 temporibnus
3243 5037 3542 5116 obtinuisse

1957 5133 2049 5185 per
2072 5106 2484 5191 easEcclesias,
2544 5130 2693 5191 quas_
2725 5109 3080 5191 frequentabat
3208 5179 3218 5190 .
3239 5106 3454 5173 Doctor,
3485 5126 3548 5191 ac

1955 5179 2238 5257 prasertim
2265 5179 2580 5252 Romanam,
2617 5183 2696 5238 uti
2725 5179 2902 5237 latius
2946 5179 3221 5250 probaturi
3266 5195 3454 5234 sumus
3488 5180 3541 5235 in

1951 5261 2167 5314 observ.
2199 5274 2249 5312 c.
2271 5258 2329 5324 ἓ,
2357 5274 2411 5312 u.
2438 5258 2490 5310 7.

2027 5327 2106 5401 (Δ)
2136 5321 2569 5401 ρυεηῐνὶοιθῃιθ
2597 5327 2669 5382 sit
2694 5325 2811 5378 haec
2836 5323 3069 5401 Nicatore
3093 5322 3228 5401 legis
3255 5321 3542 5401 restrictio,

1953 5393 2097 5458 utin
2127 5393 2190 5455 ea
2222 5416 2329 5456 non
2379 5399 2668 5456 credantur
2710 5395 3115 5464 comprehensas
3170 5393 3545 5448 Occidentales

1953 5473 2213 5529 Ecclesiae
2243 5490 2258 5536 ;
2304 5487 2432 5542 quas
2474 5468 2634 5542 hujus
2666 5469 2802 5542 ritus
2834 5465 3342 5542 observantissimas
3391 5466 3545 5542 Occi-

1951 5544 2199 5601 dentales
2232 5534 2418 5600 Patres
2460 5534 2695 5608 ab‘ipso
2735 5537 3027 5604 Quesnello
3057 5535 3272 5603 allegati
3313 5534 3546 5590 tradide-

1953 5629 2099 5681 runt,
2131 5620 2358 5685 quisque
2377 5617 2687 5685 cognoscet.
2705 5608 2846 5685 _Vide
2867 5615 2980 5662 not.
3001 5609 3042 5685 _5
3084 5608 3266 5685 (intra,
3287 5614 3405 5685 not.
3435 5608 3508 5685 ι).

2026 5678 2101 5759 (e)
2130 5678 2245 5743 Non
2270 5678 2480 5740 'desun't
2507 5680 2863 5759 collectiones
2906 5679 3240 5759 antiquiores
3285 5678 3544 5759 Dionlsio

2027 5749 2339 5815 {e'canones
2360 5770 2483 5810 cum
2512 5750 2684 5807 titulis
2722 5750 2999 5819 exhibent,
3034 5751 3108 5805 uti
3137 5749 3385 5805 collectio
3411 5749 3541 5819 γει.

1990 5775 2072 5813 uae
2103 5775 2339 5815 canones
2360 5775 2483 5810 cum
2513 5775 2684 5807 multa
2722 5775 2999 5819 exutum",
3034 5775 3108 5805 uti
3137 5775 3385 5805 concussu
3431 5775 3539 5804 vat.

1949 5776 2174 5904 aeginae
2205 5827 2368 5898 1997,
2421 5823 2681 5884 Lucensis
2730 5823 2822 5894 88,
2859 5821 3032 5898 prisca
3064 5835 3331 5884 canonum
3357 5817 3539 5896 editio.
