4044 6444
406 363 423 414 1
444 365 464 416 1
1673 368 1739 427 IN
1780 370 1940 427 [SAM

2079 371 2230 428 CAP.
2264 374 2307 427 ι.
3527 364 3595 415 1?.

381 493 732 564 putandum
778 499 873 555 est
916 497 1230 557 Joannem
1263 512 1547 555 nosrrum
1587 496 1899 571 Epistolas
1936 496 2115 555 Pauli
2148 489 2997 571 Evangeliispraeposuisse,
3047 484 3156 571 sed
3208 484 3599 571 parumniq-

380 556 616 651 teresse
642 574 939 651 putabat,
968 556 1112 636 utra
1141 575 1346 651 prima
1374 556 1782 649 poneren'tur,
1803 573 2129 649 quoniam,
2158 577 2229 632 ut
2249 556 2381 649 jar‘ﬁ
2406 556 2571 638 dixi;
2594 556 2807 625 om-nia
2834 565 3068 624 sciebat
3094 578 3174 621 ex
3199 556 3417 619 eodem
3447 556 3602 633 Spi—

375 646 501 705 ritu
534 650 1035 712 promanavisse.

453 712 551 782 Αιῖ
572 728 1235 810 opusculqscquentia
1261 728 1412 810 satis
1430 732 1591 810 sunt
1618 744 1689 786 ea
1722 744 1864 810 μορε
1890 726 2231 810 in__IiIonitis
2246 724 2515 810 praefati
2535 739 2777 810 sumtis:
2798 720 3005 810 Uritur!
3032 719 3228 810 restat
3254 712 3603 810 admgoel}:

371 798 545 880 gium,
594 790 818 879 riempc
850 790 1089 865 dixisse
1141 822 1256 865 nos
1292 806 1355 864 in
1391 805 1632 864 Monito
1662 790 2118 863 ad'Homiliam
2140 804 2216 865 de
2245 790 2670 880 Legislatore,
2706 797 3051 873 Fiorilegia
3076 796 3141 853 in
3172 790 3605 880 finejujusce

370 877 551 961 '_I‘omi
580 871 819 961 edenda
845 899 883 943 a
910 883 1091 942 nobis
1119 900 1277 961 esse.
1307 882 1375 942 Id
1400 883 1641 943 scilicet
1660 882 1849 961 initio
1879 871 2381 961 decrevergmus.
2411 880 2905 961 Vteriim‘postea
2942 871 3086 934 cum
3114 871 3608 961 αάγιοῐίίεεεΨ-ιξξ

370 953 503 1035 [ore
546 961 614 1015 ut
658 958 721 1016 in
753 960 1014 1020 nimiam
1058 960 1289 1019 molem
1318 964 1631 1022 cresceret
1654 959 1756 1019 hic
1784 959 2047 1033 Tomus,
2078 959 2134 1020 si
2166 957 2509 1035 Florilegia
2548 958 2612 1015 in
2638 943 2763 1014 ﬁhe
2788 952 3143 1023 ederemus,
3180 947 3291 1009 illa
3318 945 3383 1006 in
3412 943 3611 1005 alium

368 1032 641 1093 Tomum
668 1036 952 1097 cudenda
981 1038 1295 1098 misimus.

386 1299 3606 1348 Μ

1475 1334 1843 1342 _—_..___—

1471 1476 1608 1530 ΤΟΥ
1645 1477 1735 1529 EN
1770 1476 1991 1530 ΔΓΙΟΙΣ
2028 1478 2297 1531 ΠΑΤΡΟΣ
2333 1479 2529 1532 ΗΜΩΝ

710 1680 1452 1818 IQANNOY
1552 1680 1895 1813 ΤΟΥ
2001 1682 3285 1821 ΧΡΥΣΟΣΤΟΜΟΥ

1278 1965 1423 2049 ΤΛ
1492 1963 2266 2050 ΕΥΡΙΣΚΟΜΕΝΑ
2340 1964 2715 2052 ΠΑΝΤΑ

1626 2365 2413 2481 ΕΡΜΗΝΕΙΑ

1466 2590 1591 2641 ΕΙΣ
1633 2586 1771 2640 TON
1800 2588 2194 2643 ΠΡΟΦΙΠῊΝ
2223 2591 2523 2645 ΗΣΑΙΑΝ.

356 3433 465 3490 τοῦ
512 3432 787 3503 προφήτου
816 3431 1003 3484 τούτου
1044 3429 1104 3483 τὸ
1139 3429 1413 3499 ἐξαίρετον
1450 3428 1681 3498 μάλιστα
1722 3427 1817 3497 μέν
1847 3429 1941 3481 καὶ

283 3522 510 3576 αὐτόθεν
555 3521 701 3572 ἐστιν
749 3517 894 3578 ἰδεῖν,
945 3515 1182 3568 δείκνυσι
1229 3516 1286 3568 δὲ
1333 3514 1463 3568 αὐτὸ
1506 3514 1871 3585 ἐντελέστερον
1912 3516 1941 3568 ό

286 3613 505 3665 πάντων
538 3605 925 3676 ἀκριϐέστερον
959 3602 1055 3664 τάς
1095 3601 1293 3671 ἀρετὰς
1324 3600 1487 3653 αὑτοῦ
1526 3600 1679 3663 εἰδὼς
1710 3600 1937 3665 Παῦλος,

284 3697 381 3749 at;
410 3692 687 3762 Πνεύματι
716 3690 952 3758 τοσούτῳ
976 3687 1362 3755 φθεγγόμενος.
1392 3686 1501 3756 Τὴν
1528 3686 1635 3756 γάρ
1660 3685 1940 3756 ἐλευθερο-

285 3780 511 3851 στομίαν
546 3777 730 3841 αὑτοῦ,
771 3776 865 3829 καὶ
893 3774 954 3826 τὸ
1001 3774 1252 3844 φρόνημα
1282 3772 1342 3824 τὸ
1372 3772 1683 3837 ἀδούλωτον,
1723 3774 1815 3824 καὶ
1842 3772 1940 3842 τὴν

284 3868 496 3937 ὑψηλὴν
526 3865 769 3934 γνώμην,
796 3863 889 3915 xal
913 3861 1011 3930 τὴν
1036 3860 1229 3930 πολλὴν
1257 3860 1314 3914 ἐν
1337 3863 1403 3930 τῇ
1431 3861 1557 3931 περὶ
1580 3859 1673 3913 τοῦ
1706 3861 1939 3931 Χριστοῦ

283 3952 592 4026 προφητείᾳ
624 3952 917 4019 σαφήνειαν
955 3945 1374 4015 ἐνδεικνύμενος,
1413 3946 1625 3999 ἃπαντα
1659 3946 1829 4000 ταῦτα
1862 3948 1941 3999 ἐνὶ

286 4041 495 4111 ῥήματι
522 4037 861 4107 παρέστησεν
894 4034 1089 4086 εἰπών·
1137 4034 1382 4097 Ἡσαΐας
1418 4032 1485 4085 δὲ
1509 4032 1815 4102 ἀποτολμᾷ
1841 4034 1937 4087 καί

283 4128 448 4194 λέγει
464 4142 479 4155 ο
510 4125 777 4192 Εὑρέθην
801 4122 921 4187 τοῖς
941 4120 1042 4189 ἐμὲ
1070 4120 1154 4189 μὴ
1178 4119 1453 4187 ζητοῦσιν
1470 4136 1483 4151 ·
1524 4120 1791 4187 ἐμφανὴς
1814 4121 1939 4187 ἐτε-

286 4215 483 4279 νόμην
511 4210 633 4275 τοῖς
660 4209 763 4277 ἐμὲ
791 4208 875 4277 μὴ
907 4205 1257 4273 ἐπερωτῶσι.
1289 4204 1430 4258 Πολὺ
1470 4205 1527 4257 δέ
1555 4205 1716 4258 αὑτοῦ
1758 4207 1850 4259 καὶ
1880 4208 1940 4259 τὸ

290 4296 595 4369 συμπαθές.
625 4297 698 4349 Οὐ
734 4296 840 4365 γάρ
880 4294 943 4363 δὴ
988 4295 1146 4363 μόνον
1171 4291 1584 4357 κατεξανίστατο
1606 4292 1703 4362 τῆς
1724 4292 1814 4345 τοῦ
1846 4294 1939 4363 δή-

291 4403 394 4455 μου
420 4384 634 4453 μανίας,
657 4383 776 4436 οὐδὲ
796 4380 1051 4451 ἐλευθέρᾳ
1072 4379 1279 4451 γλώττῃ
1304 4378 1393 4431 καὶ
1422 4378 1724 4449 ὑψηλοτέρα
1751 4378 1939 4451 γνώμῃ

290 4471 359 4523 τὰ
382 4469 643 4541 μέλλοντα
672 4468 869 4530 αὐτοὺς
897 4464 1302 4536 καταλήψεσθαι
1339 4464 1554 4535 λυπηρά
1582 4464 1717 4535 μετά
1747 4464 1942 4534 πολλῆς

290 4556 590 4627 ἀπήγγειλε
619 4555 716 4625 τῆς
746 4553 1072 4624 παρρησίας,
1112 4552 1243 4605 ἀλλά
1277 4552 1369 4605 καὶ
1397 4554 1454 4604 ἐν
1481 4552 1669 4614 αὑταῖς
1694 4554 1812 4614 ταῖς
1834 4551 1941 4604 τῶν

289 4644 627 4713 πραγμάτων
660 4640 1039 4711 περιστάσεσιν
1054 4640 1229 4693 αὐτῶν
1252 4640 1351 4693 οὐκ
1376 4639 1591 4692 ἔλαττον
1633 4638 1739 4691 τῶν
1774 4639 1939 4708 ἐμπι-

290 4728 531 4780 πτόντων
547 4728 701 4793 ἀλγεῖ
727 4727 819 4779 καὶ
836 4726 1107 4786 δάκνεται,
1133 4724 1227 4777 καὶ
1253 4724 1569 4793 πικρότερον
1586 4723 1690 4775 τῶν
1707 4722 1939 4775 ἁλόντων

284 4812 554 4884 ὀδύρεται.
589 4812 698 4864 Kal
722 4812 935 4864 πάντων
960 4810 1037 4871 δέ,
1066 4809 1140 4871 ὡς
1175 4810 1367 4870 είπεῖν,
1388 4808 1495 4861 τῶν
1522 4808 1809 4877 προφητῶν
1842 4808 1937 4861 καὶ

284 4894 393 4946 τῶν
423 4893 592 4961 ἁγίων
625 4892 861 4946 τοιοῦτον
895 4892 954 4943 τὸ
986 4891 1106 4952 ἔθος
1126 4906 1139 4917 ·
1183 4890 1433 4960 πατέρων
1460 4890 1832 4961 φιλοστοργίαν
1868 4894 1934 4962 τῇ

289 4981 415 5051 περὶ
448 4981 576 5043 τοὺς
615 4980 942 5051 ἀρχομένους
967 4976 1285 5047 ἀπέκρυψαν
1306 4976 1554 5043 διαθέσει,
1591 4978 1685 5031 καὶ
1708 4978 1806 5047 τὴν
1844 4978 1940 5049 τῆς

286 5066 501 5134 φύσεως
541 5065 827 5137 τυραννίδα
865 5067 929 5117 ἐκ
972 5064 1165 5116 πολλοῦ
1208 5063 1302 5117 τοῦ
1336 5064 1612 5135 περιόντος
1774 5064 1941 5135 ὑπερ-

286 5152 597 5222 ηκόντισαν.
643 5152 825 5214 Οὐδεὶς
853 5151 981 5221 γάρ,
1010 5151 1181 5214 οὐδείς
1216 5168 1343 5204 ποτε
1374 5150 1624 5221 φιλόπαις
1664 5149 1804 5204 οὕτω
1836 5150 1942 5204 τῶν

286 5239 526 5308 ἐκγόνων
573 5238 931 5310 περιεκαίετο,
977 5239 1053 5301 ὡς
1092 5232 1234 5291 οὗτοι
1278 5239 1383 5293 τῶν
1431 5238 1745 5309 ἀρχομένων
1778 5238 1944 5309 ὑπερ-

289 5325 653 5395 απέθνησκον,
678 5325 1009 5396 ὀδυρόμενοι,
1038 5324 1376 5395 θρηνοῦντες,
1406 5326 1587 5388 κακῶς
1626 5324 1940 5394 πασχόντων

288 5410 470 5465 αὐτῶν
495 5412 586 5464 τὸν
614 5412 747 5465 Θεὸν
781 5411 1237 5485 παρακαλοῦντες,
1272 5412 1721 5482 συναπαγόμενοι,
1753 5428 1941 5464 κοινω-

289 5496 505 5560 νοῦντες
533 5498 642 5550 τῶν
663 5499 870 5563 δεινῶν,
894 5500 1067 5553 πάντα
1088 5499 1180 5551 καὶ
1204 5498 1477 5561 ποιοῦντες
1502 5498 1594 5551 καὶ
1626 5498 1943 5567 πάσχοντες,

290 5583 431 5637 ὥστε
472 5583 668 5647 αὐτοὺς
700 5584 973 5649 ἐξελέσθαι
1005 5584 1097 5637 καὶ
1129 5586 1227 5656 τῆς
1274 5584 1477 5639 ἀνωθεν
1502 5585 1687 5656 όργῆς,
1722 5582 1817 5637 καὶ
1844 5582 1944 5653 τῆς

292 5672 399 5725 τῶν
437 5673 777 5742 πραγμάτων
820 5674 1136 5745 ἐπιδρομῆς.
1164 5673 1273 5727 Kal
1301 5673 1407 5744 γὰρ
1443 5673 1589 5726 οὐδὲν
1616 5671 1785 5733 οὕτως
1826 5670 1946 5722 ἐπι-

293 5756 502 5827 τήδειον
532 5760 613 5824 είς
644 5760 817 5832 ἀρχῆς
850 5762 1079 5832 αἰρεσιν,
1100 5760 1174 5825 ὡς
1198 5759 1342 5833 ψυχὴ
1372 5760 1652 5830 φιλόσοφος
1690 5759 1783 5814 καὶ
1817 5773 1944 5812 συν-

2042 3428 2224 3499 αλγεῖν
2260 3430 2619 3502 ἐπισταμένη.
2666 3430 2765 3485 Διά
2805 3428 2965 3487 τοῦτο
3004 3433 3098 3487 καὶ
3131 3436 3365 3490 Μωῦσέα
3399 3438 3488 3492 τὸν
3518 3440 3687 3510 μέγαν

2040 3517 2131 3569 ἐπὶ
2151 3517 2240 3571 τὸν
2271 3516 2457 3588 θρόνον
2478 3520 2574 3588 τῆς
2589 3519 2942 3590 δημαγωγίας
2961 3521 3275 3577 ἀνεϐίϐασεν
3303 3528 3331 3579 ό
3358 3527 3508 3591 Θεὸς,
3538 3532 3687 3585 ἐπει-

2039 3602 2103 3673 δὴ
2137 3603 2419 3673 προλαϐὼν
2453 3605 2541 3658 διά
2579 3605 2685 3657 τῶν
2714 3606 2889 3677 ἔργων
2935 3608 3244 3676 ἐπεδείξατο
3288 3612 3385 3683 τὴν
3424 3614 3564 3686 ὑπὲρ
3595 3618 3689 3669 τοῦ

2038 3688 2210 3758 δήμου
2253 3689 2651 3760 φιλοστοργίαν,
2699 3693 2793 3744 καὶ
2840 3694 2976 3762 μετὰ
3015 3694 3189 3749 ταῦτα
3220 3696 3421 3766 ἔλεγεν,
3470 3703 3537 3754 El
3575 3701 3691 3770 μὲν

2039 3775 2210 3843 ἀφεῖς
2260 3777 2464 3841 αὐτοῖς
2492 3776 2606 3845 τὴν
2648 3776 2956 3845 ἁμαρτίαν,
2991 3781 3166 3848 ἄφες·
3213 3784 3342 3837 ἐπεὶ
3422 3787 3572 3854 κάμὲ
3596 3787 3692 3850 ἐξο

2039 3859 2294 3929 ἄλειψον
2318 3862 2386 3915 ἐκ
2418 3862 2527 3930 τῆς
2549 3864 2771 3926 ,βίϐλου
2798 3862 2871 3934 ἧς
2894 3866 3175 3933 ἔγραψας.
3212 3869 3321 3921 Kal
3354 3870 3513 3933 αὐτὸς
3536 3866 3688 3934 οὗτος

2038 3947 2179 4017 ὁρῶν
2200 3948 2597 4018 ἀπολλυμένους
2617 3952 2811 4015 αὐτοὺς
2832 3964 2879 4017 ι,
2908 3952 3107 4018 ἔλεγεν·
3130 3954 3333 4021 Ἅφετέ
3350 3972 3445 4023 με,
3470 3956 3689 4024 πικρῶς

2040 4033 2393 4100 κλαύσομαι.
2425 4033 2520 4100 Μὴ
2550 4036 2955 4103 κατισχύσητε
2984 4038 3352 4105 παρακαλεῖν
3382 4057 3457 4108 με
3495 4042 3590 4092 ἐπὶ
3624 4041 3690 4093 τὸ

2038 4118 2375 4187 σύντριμμα
2403 4118 2512 4187 τῆς
2550 4122 2837 4189 θυγατρὸς
2871 4121 2977 4175 τοῦ
3014 4122 3231 4193 γένους
3244 4142 3382 4193 μου.
3425 4126 3485 4178 '0
3516 4126 3570 4178 δέ
3603 4125 3693 4178 Ἴθι

2041 4203 2235 4272 ρεμίας
2285 4205 2379 4256 καὶ
2430 4204 2657 4275 θρήνους
2709 4210 2950 4278 μακροὺς
3006 4209 3289 4281 συνέθηκε,
3343 4211 3442 4281 τῆς
3487 4211 3691 4272 πόλεως

2039 4290 2468 4360 κατενεχθείσης.
2489 4291 2743 4363 Ἰεζεκιὴλ
2772 4294 2830 4346 δέ
2862 4295 2955 4347 καὶ
2974 4296 3296 4366 συναπῆλθε,
3314 4296 3407 4348 καὶ
3422 4296 3517 4363 τὴν
3537 4295 3693 4348 ἀλλο·

2038 4376 2193 4446 τρίαν
2220 4377 2318 4446 τῆς
2364 4378 2566 4442 οἰκείας
2610 4380 2939 4449 κουφοτέραν
2983 4376 3120 4431 εἶναι
3162 4379 3396 4448 ἐνόμιζε,
3438 4380 3691 4449 μέγιστον

2040 4463 2117 4525 είς
2146 4464 2496 4536 παραμυθίαν
2530 4465 2630 4533 τῆς
2684 4466 2968 4535 συμφορᾶς
3013 4464 3151 4533 ἔχων
3180 4466 3240 4517 τὸ
3284 4468 3533 4535 παρεῖναι
3581 4468 3692 4529 τοῖς

2040 4550 2322 4619 κάμνουσι,
2356 4552 2449 4602 καὶ
2470 4550 2712 4621 διορθοῦν
2734 4552 2802 4604 τά
2823 4552 3023 4621 ἐτέρων
3048 4552 3366 4623 πράγματα.
3403 4555 3512 4606 Kal
3542 4556 3570 4607 ό
3592 4556 3694 4605 Aa-

2044 4636 2163 4706 νιὴλ
2193 4637 2247 4689 δέ
2275 4636 2413 4706 ὑπὲρ
2442 4636 2541 4705 τῆς
2564 4636 2747 4689 ἀνόδου
2784 4639 2883 4707 τῆς
2914 4639 3115 4692 τούτων
3150 4639 3319 4693 εἰκοσι
3351 4640 3441 4692 καὶ
3480 4639 3695 4702 πλείους

2044 4722 2253 4790 ἡμέρας
2271 4721 2518 4791 διέμενεν
2534 4722 2562 4761 δ
2584 4726 2784 4788 ἀσιτος,
2810 4725 2903 4777 καὶ
2920 4727 3096 4778 πᾶσαν
3114 4726 3342 4795 σπουδὴν
3366 4725 3690 4789 ἐπεδείξατο,

2046 4806 2132 4859 τὸν
2148 4807 2277 4860 Θεὸν
2300 4808 2555 4863 ἱκετεύων
2570 4811 2834 4880 ἀφεθῆναι
2858 4813 2955 4881 τῆς
2987 4813 3189 4883 πικρᾶς
3215 4811 3452 4874 δουλείας
3476 4810 3690 4875 αὐτούς.

2045 4892 2153 4944 Kal
2184 4893 2291 4947 τῶν
2319 4895 2488 4963 ἁγίων
2517 4894 2574 4947 δὲ
2612 4896 2838 4958 ἕκαστος
2876 4896 3122 4949 ἐντεῦθεν
3167 4897 3411 4965 φαίνεται
3443 4897 3692 4967 λάμπων.

2042 4977 2197 5031 Οὕτω
2236 4981 2327 5033 καὶ
2368 4982 2397 5034 ό
2438 4981 2597 5035 Δαυῒδ
2636 4982 2777 5049 όρῶν
2818 4981 2915 5051 τὴν
2960 4982 3216 5051 θεήλατον
3271 4983 3437 5053 ὀργὴν
3482 4984 3694 5052 ἐκείνην

2042 5064 2134 5117 ἐπὶ
2165 5066 2255 5117 τὸν
2274 5066 2441 5134 δῆμον
2463 5066 2789 5137 φερομένην,
2812 5067 2893 5134 ἐφ’
2917 5067 3105 5120 ἐαυτὸν
3126 5068 3305 5121 ἐκάλει
3337 5070 3433 5139 τὴν
3460 5068 3693 5139 πληγήν,

2042 5149 2213 5219 λέγων
2238 5170 2249 5183 ’
2298 5154 2441 5221 Ἐγὼ
2474 5157 2507 5206 ό
2540 5153 2764 5222 ποιμὴν
2796 5153 3080 5221 ἥμαρτον,
3113 5155 3211 5208 καὶ
3250 5154 3364 5223 ἐγὼ
3404 5158 3437 5209 ὁ
3475 5155 3698 5223 ποιμὴν

2043 5236 2480 5305 ἑκακοποίησα·
2519 5240 2616 5292 καί
2643 5236 2823 5305 οὖτοι,
2861 5240 2926 5293 τὸ
2956 5241 3251 5309 ποίμνιον,
3279 5241 3335 5294 τί
3370 5241 3696 5306 ἐποίησαν;

2046 5324 2319 5378 Γενέσθω
2350 5326 2389 5393 ἡ
2423 5326 2551 5394 χείρ
2586 5339 2702 5380 σου
2750 5327 2841 5379 ἐπ’
2872 5327 3018 5396 ἐμοὶ,
3065 5326 3161 5379 καὶ
3202 5327 3273 5381 ἐν
3300 5326 3379 5392 τῷ
3416 5327 3558 5389 οτκῳ
3594 5325 3697 5378 τοῦ

2110 5531 2137 5556 ι
2164 5523 2278 5587 Reg.
2303 5527 2648 5638 ἀπολλυμένους
2691 5531 2851 5590 αὐτόν,
2903 5533 3049 5580 male.
3073 5532 3165 5581 llic
3186 5535 3347 5579 autem
3387 5526 3526 5581 αὐτὸς
3546 5524 3700 5585 οὗτος.

2116 5588 2130 5634 ι
2164 5599 2224 5633 ex
2247 5599 2377 5635 sene
2401 5600 2485 5635 ver
2521 5603 2659 5638 orum
2684 5594 2873 5638 videtur
2901 5593 3089 5638 Movses
3136 5603 3266 5638 esse.
3307 5594 3384 5637 est
3422 5586 3589 5638 Isaias.
3633 5598 3699 5635 ex

2047 5588 2137 5693 ἓυέ
2164 5589 2381 5693 θὲδίίι-ίῗ
2401 5586 2659 5639 verborum
2684 5586 2873 5642 videtur
2901 5593 3089 5655 Moyses
3136 5603 3266 5650 esse,
3307 5594 3384 5637 est
3422 5586 3589 5646 Isaias.
3633 5598 3699 5635 ει

2077 5662 2101 5693 3
2144 5685 2153 5693 .
2246 5684 2257 5693 .
2313 5680 2323 5691 .
2382 5684 2393 5693 .

2246 5660 2393 5703 ,ν.4.

2049 5660 2153 5749 ςθῖ.
2180 5660 2257 5703 zz,
2281 5660 2323 5693 ν.
2349 5660 2393 5721 ς.

2161 5708 2283 5771 Reg.
2306 5710 2541 5769 διεμεινεν.
