  <div class='ocr_page' id='page_1' title='image "/cluster/home/n/w/nwhite01/storage/ocr_20150623/56/ien.35556001660836/020.png"; bbox 0 0 4044 6400; ppageno 0'>
   <div class='ocr_carea' id='block_1_1' title="bbox 302 293 3523 379">
    <p class='ocr_par' dir='ltr' id='par_1_1' title="bbox 302 293 3523 379">
     <span class='ocr_line' id='line_1_1' title="bbox 302 293 3523 379; baseline 0.005 -34"><span class='ocrx_word' id='word_1_1' title='bbox 302 307 369 365; x_wconf 72' lang='lat'><strong>13</strong></span> <span class='ocrx_word' id='word_1_2' title='bbox 1539 298 1602 351; x_wconf 76' lang='lat' dir='ltr'><strong>lN</strong></span> <span class='ocrx_word' id='word_1_3' title='bbox 1644 293 1887 362; x_wconf 68' lang='lat' dir='ltr'><strong>ISAIAM,</strong></span> <span class='ocrx_word' id='word_1_4' title='bbox 1929 294 2079 355; x_wconf 75' lang='lat' dir='ltr'><strong>CAP.</strong></span> <span class='ocrx_word' id='word_1_5' title='bbox 2124 302 2163 355; x_wconf 87' lang='lat' dir='ltr'><strong>l.</strong></span> <span class='ocrx_word' id='word_1_6' title='bbox 3455 326 3523 379; x_wconf 73' lang='lat'><strong>14</strong></span> 
     </span>
    </p>
   </div>
   <div class='ocr_carea' id='block_1_2' title="bbox 291 408 1855 483">
    <p class='ocr_par' dir='ltr' id='par_1_2' title="bbox 291 408 1855 483">
     <span class='ocr_line' id='line_1_2' title="bbox 291 408 1855 483; baseline -0.004 -15"><span class='ocrx_word' id='word_1_7' title='bbox 291 413 407 470; x_wconf 70' lang='lat' dir='ltr'><strong>dies</strong></span> <span class='ocrx_word' id='word_1_8' title='bbox 444 412 653 483; x_wconf 79' lang='lat' dir='ltr'><strong>jejunus</strong></span> <span class='ocrx_word' id='word_1_9' title='bbox 702 413 911 477; x_wconf 90' lang='lat' dir='ltr'><strong>mansit,</strong></span> <span class='ocrx_word' id='word_1_10' title='bbox 962 411 1263 480; x_wconf 88' lang='lat' dir='ltr'><strong>nullamque</strong></span> <span class='ocrx_word' id='word_1_11' title='bbox 1304 424 1408 463; x_wconf 91' lang='lat' dir='ltr'><strong>non</strong></span> <span class='ocrx_word' id='word_1_12' title='bbox 1448 408 1855 463; x_wconf 88' lang='lat' dir='ltr'><strong>sollicitudinem</strong></span> 
     </span>
    </p>
   </div>
   <div class='ocr_carea' id='block_1_3' title="bbox 292 496 1855 573">
    <p class='ocr_par' dir='ltr' id='par_1_3' title="bbox 292 496 1855 573">
     <span class='ocr_line' id='line_1_3' title="bbox 292 496 1855 573; baseline -0.004 -16"><span class='ocrx_word' id='word_1_13' title='bbox 292 503 529 558; x_wconf 78' lang='lat' dir='ltr'><strong>adhibuit</strong></span> <span class='ocrx_word' id='word_1_14' title='bbox 560 505 609 557; x_wconf 94' lang='lat' dir='ltr'><strong>in</strong></span> <span class='ocrx_word' id='word_1_15' title='bbox 636 502 974 573; x_wconf 88' lang='lat' dir='ltr'><strong>supplicando</strong></span> <span class='ocrx_word' id='word_1_16' title='bbox 998 502 1106 556; x_wconf 88' lang='lat' dir='ltr'><strong>Deo</strong></span> <span class='ocrx_word' id='word_1_17' title='bbox 1129 541 1145 566; x_wconf 92' lang='lat'><strong>,</strong></span> <span class='ocrx_word' id='word_1_18' title='bbox 1174 510 1229 555; x_wconf 92' lang='lat' dir='ltr'><strong>ut</strong></span> <span class='ocrx_word' id='word_1_19' title='bbox 1256 502 1371 553; x_wconf 91' lang='lat' dir='ltr'><strong>illos</strong></span> <span class='ocrx_word' id='word_1_20' title='bbox 1397 496 1465 553; x_wconf 91' lang='lat' dir='ltr'><strong>ab</strong></span> <span class='ocrx_word' id='word_1_21' title='bbox 1487 513 1665 551; x_wconf 88' lang='lat' dir='ltr'><strong>amara</strong></span> <span class='ocrx_word' id='word_1_22' title='bbox 1686 498 1855 553; x_wconf 88' lang='lat' dir='ltr'><strong>servi-</strong></span> 
     </span>
    </p>
   </div>
   <div class='ocr_carea' id='block_1_4' title="bbox 291 588 1858 663">
    <p class='ocr_par' dir='ltr' id='par_1_4' title="bbox 291 588 1858 663">
     <span class='ocr_line' id='line_1_4' title="bbox 291 588 1858 663; baseline -0.003 -15"><span class='ocrx_word' id='word_1_23' title='bbox 291 602 401 649; x_wconf 91' lang='lat' dir='ltr'><strong>tute</strong></span> <span class='ocrx_word' id='word_1_24' title='bbox 430 594 737 649; x_wconf 87' lang='lat' dir='ltr'><strong>redimeret.</strong></span> <span class='ocrx_word' id='word_1_25' title='bbox 774 593 972 663; x_wconf 79' lang='lat' dir='ltr'><strong>Singuli</strong></span> <span class='ocrx_word' id='word_1_26' title='bbox 1002 607 1209 661; x_wconf 89' lang='lat' dir='ltr'><strong>quoque</strong></span> <span class='ocrx_word' id='word_1_27' title='bbox 1238 592 1403 645; x_wconf 78' lang='lat' dir='ltr'><strong>sancti</strong></span> <span class='ocrx_word' id='word_1_28' title='bbox 1436 590 1536 643; x_wconf 92' lang='lat' dir='ltr'><strong>hoc</strong></span> <span class='ocrx_word' id='word_1_29' title='bbox 1562 588 1858 657; x_wconf 86' lang='lat' dir='ltr'><strong>splendoris</strong></span> 
     </span>
    </p>
   </div>
   <div class='ocr_carea' id='block_1_5' title="bbox 289 678 1854 752">
    <p class='ocr_par' dir='ltr' id='par_1_5' title="bbox 289 678 1854 752">
     <span class='ocr_line' id='line_1_5' title="bbox 289 678 1854 752; baseline -0.004 -16"><span class='ocrx_word' id='word_1_30' title='bbox 289 698 481 752; x_wconf 74' lang='lat' dir='ltr'><strong>genere</strong></span> <span class='ocrx_word' id='word_1_31' title='bbox 524 683 741 752; x_wconf 75' lang='lat' dir='ltr'><strong>fulgent.</strong></span> <span class='ocrx_word' id='word_1_32' title='bbox 788 682 874 737; x_wconf 91' lang='lat' dir='ltr'><strong>Sic</strong></span> <span class='ocrx_word' id='word_1_33' title='bbox 911 690 963 736; x_wconf 91' lang='lat' dir='ltr'><strong>et</strong></span> <span class='ocrx_word' id='word_1_34' title='bbox 1008 682 1167 734; x_wconf 80' lang='lat' dir='ltr'><strong>David</strong></span> <span class='ocrx_word' id='word_1_35' title='bbox 1209 681 1495 733; x_wconf 90' lang='lat' dir='ltr'><strong>immissam</strong></span> <span class='ocrx_word' id='word_1_36' title='bbox 1529 679 1577 731; x_wconf 92' lang='lat' dir='ltr'><strong>in</strong></span> <span class='ocrx_word' id='word_1_37' title='bbox 1609 678 1854 746; x_wconf 80' lang='lat' dir='ltr'><strong>populum</strong></span> 
     </span>
    </p>
   </div>
   <div class='ocr_carea' id='block_1_6' title="bbox 291 768 1849 835">
    <p class='ocr_par' dir='ltr' id='par_1_6' title="bbox 291 768 1849 835">
     <span class='ocr_line' id='line_1_6' title="bbox 291 768 1849 835; baseline -0.004 -11"><span class='ocrx_word' id='word_1_38' title='bbox 291 773 418 825; x_wconf 89' lang='lat' dir='ltr'><strong>iram</strong></span> <span class='ocrx_word' id='word_1_39' title='bbox 452 772 541 826; x_wconf 93' lang='lat' dir='ltr'><strong>Dei</strong></span> <span class='ocrx_word' id='word_1_40' title='bbox 569 788 811 835; x_wconf 67' lang='lat' dir='ltr'><strong>cernens,</strong></span> <span class='ocrx_word' id='word_1_41' title='bbox 846 772 895 823; x_wconf 92' lang='lat' dir='ltr'><strong>in</strong></span> <span class='ocrx_word' id='word_1_42' title='bbox 925 787 981 825; x_wconf 89' lang='lat' dir='ltr'><strong>se</strong></span> <span class='ocrx_word' id='word_1_43' title='bbox 1010 771 1291 823; x_wconf 83' lang='lat' dir='ltr'><strong>vindictam</strong></span> <span class='ocrx_word' id='word_1_44' title='bbox 1320 770 1599 823; x_wconf 75' lang='lat' dir='ltr'><strong>revocabat</strong></span> <span class='ocrx_word' id='word_1_45' title='bbox 1625 768 1808 821; x_wconf 85' lang='lat' dir='ltr'><strong>dicens</strong></span> <span class='ocrx_word' id='word_1_46' title='bbox 1835 782 1849 817; x_wconf 90' lang='lat'><strong>:</strong></span> 
     </span>
    </p>
   </div>
   <div class='ocr_carea' id='block_1_7' title="bbox 294 859 1855 931">
    <p class='ocr_par' dir='ltr' id='par_1_7' title="bbox 294 859 1855 931">
     <span class='ocr_line' id='line_1_7' title="bbox 294 859 1855 931; baseline -0.004 -15"><span class='ocrx_word' id='word_1_47' title='bbox 294 862 399 931; x_wconf 77' lang='lat' dir='ltr'><strong>Ego</strong></span> <span class='ocrx_word' id='word_1_48' title='bbox 427 875 597 929; x_wconf 86' lang='lat' dir='ltr'><strong>pastor</strong></span> <span class='ocrx_word' id='word_1_49' title='bbox 622 863 834 931; x_wconf 82' lang='lat' dir='ltr'><strong>peccavi,</strong></span> <span class='ocrx_word' id='word_1_50' title='bbox 870 871 912 915; x_wconf 86' lang='lat' dir='ltr'><strong>et</strong></span> <span class='ocrx_word' id='word_1_51' title='bbox 934 878 1024 931; x_wconf 85' lang='lat' dir='ltr'><strong>ego</strong></span> <span class='ocrx_word' id='word_1_52' title='bbox 1053 871 1219 928; x_wconf 85' lang='lat' dir='ltr'><strong>pastor</strong></span> <span class='ocrx_word' id='word_1_53' title='bbox 1244 859 1433 911; x_wconf 78' lang='lat' dir='ltr'><strong>malum</strong></span> <span class='ocrx_word' id='word_1_54' title='bbox 1460 859 1735 927; x_wconf 86' lang='lat' dir='ltr'><strong>perpetravi</strong></span> <span class='ocrx_word' id='word_1_55' title='bbox 1767 874 1785 910; x_wconf 89' lang='lat'><em>:</em></span> <span class='ocrx_word' id='word_1_56' title='bbox 1809 866 1855 910; x_wconf 85' lang='lat' dir='ltr'><strong>et</strong></span> 
     </span>
    </p>
   </div>
   <div class='ocr_carea' id='block_1_8' title="bbox 288 947 1856 1023">
    <p class='ocr_par' dir='ltr' id='par_1_8' title="bbox 288 947 1856 1023">
     <span class='ocr_line' id='line_1_8' title="bbox 288 947 1856 1023; baseline -0.006 -17"><span class='ocrx_word' id='word_1_57' title='bbox 288 953 389 1018; x_wconf 80' lang='lat' dir='ltr'><strong>isti,</strong></span> <span class='ocrx_word' id='word_1_58' title='bbox 412 954 497 1020; x_wconf 84' lang='lat' dir='ltr'><strong>qui</strong></span> <span class='ocrx_word' id='word_1_59' title='bbox 517 969 639 1023; x_wconf 73' lang='lat' dir='ltr'><strong>grex</strong></span> <span class='ocrx_word' id='word_1_60' title='bbox 660 961 792 1014; x_wconf 85' lang='lat' dir='ltr'><strong>sunt,</strong></span> <span class='ocrx_word' id='word_1_61' title='bbox 819 953 938 1020; x_wconf 88' lang='lat' dir='ltr'><strong>quid</strong></span> <span class='ocrx_word' id='word_1_62' title='bbox 964 949 1225 1020; x_wconf 80' lang='lat' dir='ltr'><strong>fecerunt?</strong></span> <span class='ocrx_word' id='word_1_63' title='bbox 1254 947 1373 1000; x_wconf 82' lang='lat' dir='ltr'><strong>Fiat</strong></span> <span class='ocrx_word' id='word_1_64' title='bbox 1395 963 1571 999; x_wconf 86' lang='lat' dir='ltr'><strong>manus</strong></span> <span class='ocrx_word' id='word_1_65' title='bbox 1597 956 1681 998; x_wconf 87' lang='lat' dir='ltr'><strong>tua</strong></span> <span class='ocrx_word' id='word_1_66' title='bbox 1704 961 1856 1012; x_wconf 82' lang='lat' dir='ltr'><strong>super</strong></span> 
     </span>
    </p>
   </div>
   <div class='ocr_carea' id='block_1_9' title="bbox 288 1034 1853 1109">
    <p class='ocr_par' dir='ltr' id='par_1_9' title="bbox 288 1034 1853 1109">
     <span class='ocr_line' id='line_1_9' title="bbox 288 1034 1853 1109; baseline -0.004 -16"><span class='ocrx_word' id='word_1_67' title='bbox 288 1058 397 1107; x_wconf 84' lang='lat' dir='ltr'><strong>me,</strong></span> <span class='ocrx_word' id='word_1_68' title='bbox 421 1052 467 1095; x_wconf 90' lang='lat' dir='ltr'><strong>et</strong></span> <span class='ocrx_word' id='word_1_69' title='bbox 492 1043 695 1094; x_wconf 87' lang='lat' dir='ltr'><strong>domum</strong></span> <span class='ocrx_word' id='word_1_70' title='bbox 730 1040 886 1109; x_wconf 79' lang='lat' dir='ltr'><strong>patris</strong></span> <span class='ocrx_word' id='word_1_71' title='bbox 916 1039 1012 1092; x_wconf 85' lang='lat' dir='ltr'><strong>mei</strong></span> <span class='ocrx_word' id='word_1_72' title='bbox 1043 1038 1129 1108; x_wconf 82' lang='lat'><strong>(2.</strong></span> <span class='ocrx_word' id='word_1_73' title='bbox 1164 1037 1289 1107; x_wconf 87' lang='lat' dir='ltr'><strong>Reg.</strong></span> <span class='ocrx_word' id='word_1_74' title='bbox 1315 1037 1401 1090; x_wconf 67' lang='lat'><strong>24.</strong></span> <span class='ocrx_word' id='word_1_75' title='bbox 1431 1038 1496 1090; x_wconf 83' lang='grc' dir='ltr'><strong><em>Π</em></strong></span> <span class='ocrx_word' id='word_1_76' title='bbox 1517 1035 1559 1105; x_wconf 92' lang='grc'><strong>).</strong></span> <span class='ocrx_word' id='word_1_77' title='bbox 1589 1034 1853 1089; x_wconf 81' lang='lat' dir='ltr'><strong>Abraham</strong></span> 
     </span>
    </p>
   </div>
   <div class='ocr_carea' id='block_1_10' title="bbox 288 1124 1853 1199">
    <p class='ocr_par' dir='ltr' id='par_1_10' title="bbox 288 1124 1853 1199">
     <span class='ocr_line' id='line_1_10' title="bbox 288 1124 1853 1199; baseline -0.006 -14"><span class='ocrx_word' id='word_1_78' title='bbox 288 1146 415 1185; x_wconf 73' lang='lat' dir='ltr'><strong>vero</strong></span> <span class='ocrx_word' id='word_1_79' title='bbox 457 1131 773 1199; x_wconf 82' lang='lat' dir='ltr'><strong>patriarcha,</strong></span> <span class='ocrx_word' id='word_1_80' title='bbox 800 1144 917 1183; x_wconf 91' lang='lat' dir='ltr'><strong>cum</strong></span> <span class='ocrx_word' id='word_1_81' title='bbox 960 1128 1142 1198; x_wconf 88' lang='lat' dir='ltr'><strong>procul</strong></span> <span class='ocrx_word' id='word_1_82' title='bbox 1182 1135 1323 1181; x_wconf 90' lang='lat' dir='ltr'><strong>esset</strong></span> <span class='ocrx_word' id='word_1_83' title='bbox 1358 1141 1387 1178; x_wconf 90' lang='lat' dir='ltr'><strong>a</strong></span> <span class='ocrx_word' id='word_1_84' title='bbox 1427 1126 1599 1188; x_wconf 90' lang='lat' dir='ltr'><strong>malis,</strong></span> <span class='ocrx_word' id='word_1_85' title='bbox 1630 1134 1685 1179; x_wconf 89' lang='lat' dir='ltr'><strong>et</strong></span> <span class='ocrx_word' id='word_1_86' title='bbox 1721 1124 1853 1178; x_wconf 88' lang='lat' dir='ltr'><strong>nihil</strong></span> 
     </span>
    </p>
   </div>
   <div class='ocr_carea' id='block_1_11' title="bbox 286 1214 1853 1287">
    <p class='ocr_par' dir='ltr' id='par_1_11' title="bbox 286 1214 1853 1287">
     <span class='ocr_line' id='line_1_11' title="bbox 286 1214 1853 1287; baseline -0.003 -15"><span class='ocrx_word' id='word_1_87' title='bbox 286 1233 566 1274; x_wconf 82' lang='lat' dir='ltr'><strong>commune</strong></span> <span class='ocrx_word' id='word_1_88' title='bbox 604 1219 821 1273; x_wconf 86' lang='lat' dir='ltr'><strong>haberet</strong></span> <span class='ocrx_word' id='word_1_89' title='bbox 853 1234 970 1272; x_wconf 91' lang='lat' dir='ltr'><strong>cum</strong></span> <span class='ocrx_word' id='word_1_90' title='bbox 1007 1216 1237 1287; x_wconf 86' lang='lat' dir='ltr'><strong>pernicie</strong></span> <span class='ocrx_word' id='word_1_91' title='bbox 1267 1217 1350 1269; x_wconf 87' lang='lat' dir='ltr'><strong>illa</strong></span> <span class='ocrx_word' id='word_1_92' title='bbox 1379 1215 1680 1271; x_wconf 85' lang='lat' dir='ltr'><strong>Sodomitas</strong></span> <span class='ocrx_word' id='word_1_93' title='bbox 1706 1214 1853 1268; x_wconf 83' lang='lat' dir='ltr'><strong>inva-</strong></span> 
     </span>
    </p>
   </div>
   <div class='ocr_carea' id='block_1_12' title="bbox 288 1308 1849 1380">
    <p class='ocr_par' dir='ltr' id='par_1_12' title="bbox 288 1308 1849 1380">
     <span class='ocr_line' id='line_1_12' title="bbox 288 1308 1849 1380; baseline -0.004 -17"><span class='ocrx_word' id='word_1_94' title='bbox 288 1326 427 1374; x_wconf 88' lang='lat' dir='ltr'><strong>sura,</strong></span> <span class='ocrx_word' id='word_1_95' title='bbox 452 1310 602 1379; x_wconf 85' lang='lat' dir='ltr'><strong>quasi</strong></span> <span class='ocrx_word' id='word_1_96' title='bbox 641 1312 751 1380; x_wconf 89' lang='lat' dir='ltr'><strong>ipse</strong></span> <span class='ocrx_word' id='word_1_97' title='bbox 796 1311 845 1363; x_wconf 91' lang='lat' dir='ltr'><strong>in</strong></span> <span class='ocrx_word' id='word_1_98' title='bbox 890 1308 1077 1363; x_wconf 92' lang='lat' dir='ltr'><strong>mediis</strong></span> <span class='ocrx_word' id='word_1_99' title='bbox 1101 1308 1487 1362; x_wconf 84' lang='lat' dir='ltr'><strong>calamitatibus</strong></span> <span class='ocrx_word' id='word_1_100' title='bbox 1512 1310 1849 1371; x_wconf 82' lang='lat' dir='ltr'><strong>consisteret,</strong></span> 
     </span>
    </p>
   </div>
   <div class='ocr_carea' id='block_1_13' title="bbox 288 1395 1854 1469">
    <p class='ocr_par' dir='ltr' id='par_1_13' title="bbox 288 1395 1854 1469">
     <span class='ocr_line' id='line_1_13' title="bbox 288 1395 1854 1469; baseline -0.003 -15"><span class='ocrx_word' id='word_1_101' title='bbox 288 1401 356 1454; x_wconf 87' lang='lat' dir='ltr'><strong>ita</strong></span> <span class='ocrx_word' id='word_1_102' title='bbox 384 1401 547 1454; x_wconf 85' lang='lat' dir='ltr'><strong>Deum</strong></span> <span class='ocrx_word' id='word_1_103' title='bbox 578 1400 886 1469; x_wconf 80' lang='lat' dir='ltr'><strong>precabatur</strong></span> <span class='ocrx_word' id='word_1_104' title='bbox 905 1407 957 1453; x_wconf 91' lang='lat' dir='ltr'><strong>et</strong></span> <span class='ocrx_word' id='word_1_105' title='bbox 977 1398 1207 1468; x_wconf 84' lang='lat' dir='ltr'><strong>regabat,</strong></span> <span class='ocrx_word' id='word_1_106' title='bbox 1234 1412 1403 1465; x_wconf 88' lang='lat' dir='ltr'><strong>neque</strong></span> <span class='ocrx_word' id='word_1_107' title='bbox 1433 1396 1591 1450; x_wconf 88' lang='lat' dir='ltr'><strong>ﬁnem</strong></span> <span class='ocrx_word' id='word_1_108' title='bbox 1621 1395 1854 1450; x_wconf 87' lang='lat' dir='ltr'><strong>facturus</strong></span> 
     </span>
    </p>
   </div>
   <div class='ocr_carea' id='block_1_14' title="bbox 288 1483 1850 1559">
    <p class='ocr_par' dir='ltr' id='par_1_14' title="bbox 288 1483 1850 1559">
     <span class='ocr_line' id='line_1_14' title="bbox 288 1483 1850 1559; baseline -0.003 -18"><span class='ocrx_word' id='word_1_109' title='bbox 288 1501 400 1543; x_wconf 86' lang='lat' dir='ltr'><strong>erat</strong></span> <span class='ocrx_word' id='word_1_110' title='bbox 443 1489 767 1559; x_wconf 83' lang='lat' dir='ltr'><strong>supplicandi</strong></span> <span class='ocrx_word' id='word_1_111' title='bbox 808 1499 861 1543; x_wconf 89' lang='lat' dir='ltr'><strong>ut</strong></span> <span class='ocrx_word' id='word_1_112' title='bbox 903 1488 1074 1542; x_wconf 88' lang='lat' dir='ltr'><strong>dirum</strong></span> <span class='ocrx_word' id='word_1_113' title='bbox 1106 1486 1405 1540; x_wconf 91' lang='lat' dir='ltr'><strong>incendium</strong></span> <span class='ocrx_word' id='word_1_114' title='bbox 1435 1495 1716 1547; x_wconf 79' lang='lat' dir='ltr'><strong>averteret,</strong></span> <span class='ocrx_word' id='word_1_115' title='bbox 1750 1483 1850 1537; x_wconf 88' lang='lat' dir='ltr'><strong>nisi</strong></span> 
     </span>
    </p>
   </div>
   <div class='ocr_carea' id='block_1_15' title="bbox 290 1576 1850 1646">
    <p class='ocr_par' dir='ltr' id='par_1_15' title="bbox 290 1576 1850 1646">
     <span class='ocr_line' id='line_1_15' title="bbox 290 1576 1850 1646; baseline -0.004 -11"><span class='ocrx_word' id='word_1_116' title='bbox 290 1581 427 1635; x_wconf 88' lang='lat' dir='ltr'><strong>Deus</strong></span> <span class='ocrx_word' id='word_1_117' title='bbox 452 1581 539 1636; x_wconf 90' lang='lat' dir='ltr'><strong>illo</strong></span> <span class='ocrx_word' id='word_1_118' title='bbox 563 1581 778 1636; x_wconf 89' lang='lat' dir='ltr'><strong>dimisso</strong></span> <span class='ocrx_word' id='word_1_119' title='bbox 808 1581 1040 1635; x_wconf 86' lang='lat' dir='ltr'><strong>abiisset.</strong></span> <span class='ocrx_word' id='word_1_120' title='bbox 1086 1578 1265 1633; x_wconf 89' lang='lat' dir='ltr'><strong>Sancti</strong></span> <span class='ocrx_word' id='word_1_121' title='bbox 1309 1592 1466 1646; x_wconf 91' lang='lat' dir='ltr'><strong>porro</strong></span> <span class='ocrx_word' id='word_1_122' title='bbox 1502 1576 1632 1630; x_wconf 89' lang='lat' dir='ltr'><strong>Novi</strong></span> <span class='ocrx_word' id='word_1_123' title='bbox 1663 1576 1850 1629; x_wconf 89' lang='lat' dir='ltr'><strong>Testa-</strong></span> 
     </span>
    </p>
   </div>
   <div class='ocr_carea' id='block_1_16' title="bbox 289 1665 1851 1741">
    <p class='ocr_par' dir='ltr' id='par_1_16' title="bbox 289 1665 1851 1741">
     <span class='ocr_line' id='line_1_16' title="bbox 289 1665 1851 1741; baseline -0.005 -14"><span class='ocrx_word' id='word_1_124' title='bbox 289 1674 450 1729; x_wconf 89' lang='lat' dir='ltr'><strong>menti</strong></span> <span class='ocrx_word' id='word_1_125' title='bbox 497 1673 748 1741; x_wconf 86' lang='lat' dir='ltr'><strong>majorem</strong></span> <span class='ocrx_word' id='word_1_126' title='bbox 793 1673 1078 1726; x_wconf 83' lang='lat' dir='ltr'><strong>exhibuere</strong></span> <span class='ocrx_word' id='word_1_127' title='bbox 1115 1672 1399 1735; x_wconf 74' lang='lat' dir='ltr'><strong>virtutem,</strong></span> <span class='ocrx_word' id='word_1_128' title='bbox 1446 1676 1626 1737; x_wconf 91' lang='lat' dir='ltr'><strong>utpote</strong></span> <span class='ocrx_word' id='word_1_129' title='bbox 1664 1665 1851 1734; x_wconf 86' lang='lat' dir='ltr'><strong>majori</strong></span> 
     </span>
    </p>
   </div>
   <div class='ocr_carea' id='block_1_17' title="bbox 287 1758 1851 1833">
    <p class='ocr_par' dir='ltr' id='par_1_17' title="bbox 287 1758 1851 1833">
     <span class='ocr_line' id='line_1_17' title="bbox 287 1758 1851 1833; baseline -0.002 -17"><span class='ocrx_word' id='word_1_130' title='bbox 287 1765 448 1833; x_wconf 86' lang='lat' dir='ltr'><strong>gratia</strong></span> <span class='ocrx_word' id='word_1_131' title='bbox 480 1763 678 1828; x_wconf 87' lang='lat' dir='ltr'><strong>donati,</strong></span> <span class='ocrx_word' id='word_1_132' title='bbox 701 1772 753 1818; x_wconf 91' lang='lat' dir='ltr'><strong>et</strong></span> <span class='ocrx_word' id='word_1_133' title='bbox 771 1764 834 1818; x_wconf 87' lang='lat' dir='ltr'><strong>ad</strong></span> <span class='ocrx_word' id='word_1_134' title='bbox 856 1763 1178 1817; x_wconf 87' lang='lat' dir='ltr'><strong>diuturniora</strong></span> <span class='ocrx_word' id='word_1_135' title='bbox 1201 1762 1487 1816; x_wconf 89' lang='lat' dir='ltr'><strong>certamina</strong></span> <span class='ocrx_word' id='word_1_136' title='bbox 1506 1761 1695 1814; x_wconf 86' lang='lat' dir='ltr'><strong>vocati.</strong></span> <span class='ocrx_word' id='word_1_137' title='bbox 1728 1758 1851 1813; x_wconf 83' lang='lat' dir='ltr'><strong>ideo</strong></span> 
     </span>
    </p>
   </div>
   <div class='ocr_carea' id='block_1_18' title="bbox 290 1850 1852 1918">
    <p class='ocr_par' dir='ltr' id='par_1_18' title="bbox 290 1850 1852 1918">
     <span class='ocr_line' id='line_1_18' title="bbox 290 1850 1852 1918; baseline -0.005 -7"><span class='ocrx_word' id='word_1_138' title='bbox 290 1856 475 1911; x_wconf 82' lang='lat' dir='ltr'><strong>Petrus</strong></span> <span class='ocrx_word' id='word_1_139' title='bbox 500 1856 764 1910; x_wconf 90' lang='lat' dir='ltr'><strong>Christum</strong></span> <span class='ocrx_word' id='word_1_140' title='bbox 795 1855 1014 1909; x_wconf 87' lang='lat' dir='ltr'><strong>audiens</strong></span> <span class='ocrx_word' id='word_1_141' title='bbox 1037 1855 1320 1918; x_wconf 89' lang='lat' dir='ltr'><strong>dicentem,</strong></span> <span class='ocrx_word' id='word_1_142' title='bbox 1338 1851 1585 1906; x_wconf 81' lang='lat' dir='ltr'><strong>divitibus</strong></span> <span class='ocrx_word' id='word_1_143' title='bbox 1604 1850 1852 1904; x_wconf 87' lang='lat' dir='ltr'><strong>difﬁcilli-</strong></span> 
     </span>
    </p>
   </div>
   <div class='ocr_carea' id='block_1_19' title="bbox 288 1938 1846 2012">
    <p class='ocr_par' dir='ltr' id='par_1_19' title="bbox 288 1938 1846 2012">
     <span class='ocr_line' id='line_1_19' title="bbox 288 1938 1846 2012; baseline -0.004 -15"><span class='ocrx_word' id='word_1_144' title='bbox 288 1960 429 1998; x_wconf 89' lang='lat' dir='ltr'><strong>mum</strong></span> <span class='ocrx_word' id='word_1_145' title='bbox 451 1959 568 1999; x_wconf 89' lang='lat' dir='ltr'><strong>esse</strong></span> <span class='ocrx_word' id='word_1_146' title='bbox 591 1944 836 1998; x_wconf 67' lang='lat' dir='ltr'><strong>caelorum</strong></span> <span class='ocrx_word' id='word_1_147' title='bbox 864 1943 1177 2012; x_wconf 86' lang='lat' dir='ltr'><strong>ingressum,</strong></span> <span class='ocrx_word' id='word_1_148' title='bbox 1196 1941 1487 2010; x_wconf 86' lang='lat' dir='ltr'><strong>angebatur</strong></span> <span class='ocrx_word' id='word_1_149' title='bbox 1500 1949 1553 1995; x_wconf 93' lang='lat' dir='ltr'><strong>et</strong></span> <span class='ocrx_word' id='word_1_150' title='bbox 1569 1938 1846 2004; x_wconf 89' lang='lat' dir='ltr'><strong>tremebat,</strong></span> 
     </span>
    </p>
   </div>
   <div class='ocr_carea' id='block_1_20' title="bbox 287 2027 1845 2103">
    <p class='ocr_par' dir='ltr' id='par_1_20' title="bbox 287 2027 1845 2103">
     <span class='ocr_line' id='line_1_20' title="bbox 287 2027 1845 2103; baseline -0.004 -18"><span class='ocrx_word' id='word_1_151' title='bbox 287 2044 441 2103; x_wconf 87' lang='lat' dir='ltr'><strong>atque</strong></span> <span class='ocrx_word' id='word_1_152' title='bbox 471 2036 538 2087; x_wconf 84' lang='lat' dir='ltr'><strong>ita</strong></span> <span class='ocrx_word' id='word_1_153' title='bbox 567 2034 858 2088; x_wconf 86' lang='lat' dir='ltr'><strong>sciscitatus</strong></span> <span class='ocrx_word' id='word_1_154' title='bbox 879 2041 989 2086; x_wconf 90' lang='lat' dir='ltr'><strong>est:</strong></span> <span class='ocrx_word' id='word_1_155' title='bbox 1015 2032 1136 2097; x_wconf 84' lang='lat' dir='ltr'><strong>Quis</strong></span> <span class='ocrx_word' id='word_1_156' title='bbox 1160 2047 1277 2099; x_wconf 86' lang='lat' dir='ltr'><strong>ergo</strong></span> <span class='ocrx_word' id='word_1_157' title='bbox 1306 2039 1463 2098; x_wconf 84' lang='lat' dir='ltr'><strong>potest</strong></span> <span class='ocrx_word' id='word_1_158' title='bbox 1488 2029 1673 2082; x_wconf 78' lang='lat' dir='ltr'><strong>salvari</strong></span> <span class='ocrx_word' id='word_1_159' title='bbox 1695 2027 1845 2097; x_wconf 87' lang='lat' dir='ltr'><strong>(Luc.</strong></span> 
     </span>
    </p>
   </div>
   <div class='ocr_carea' id='block_1_21' title="bbox 291 2118 1845 2193">
    <p class='ocr_par' dir='ltr' id='par_1_21' title="bbox 291 2118 1845 2193">
     <span class='ocr_line' id='line_1_21' title="bbox 291 2118 1845 2193; baseline -0.006 -13"><span class='ocrx_word' id='word_1_160' title='bbox 291 2124 373 2181; x_wconf 80' lang='lat' dir='ltr'><strong>l8.</strong></span> <span class='ocrx_word' id='word_1_161' title='bbox 406 2125 532 2193; x_wconf 84' lang='lat'><strong>26)?</strong></span> <span class='ocrx_word' id='word_1_162' title='bbox 562 2126 764 2181; x_wconf 89' lang='lat' dir='ltr'><strong>etiamsi</strong></span> <span class='ocrx_word' id='word_1_163' title='bbox 792 2125 927 2178; x_wconf 88' lang='lat' dir='ltr'><strong>circa</strong></span> <span class='ocrx_word' id='word_1_164' title='bbox 961 2138 1046 2177; x_wconf 90' lang='lat' dir='ltr'><strong>res</strong></span> <span class='ocrx_word' id='word_1_165' title='bbox 1076 2137 1194 2177; x_wconf 89' lang='lat' dir='ltr'><strong>suas</strong></span> <span class='ocrx_word' id='word_1_166' title='bbox 1220 2121 1527 2175; x_wconf 85' lang='lat' dir='ltr'><strong>conﬁderet.</strong></span> <span class='ocrx_word' id='word_1_167' title='bbox 1560 2120 1674 2173; x_wconf 87' lang='lat' dir='ltr'><strong>Non</strong></span> <span class='ocrx_word' id='word_1_168' title='bbox 1704 2118 1845 2171; x_wconf 90' lang='lat' dir='ltr'><strong>enim</strong></span> 
     </span>
    </p>
   </div>
   <div class='ocr_carea' id='block_1_22' title="bbox 285 2209 1849 2278">
    <p class='ocr_par' dir='ltr' id='par_1_22' title="bbox 285 2209 1849 2278">
     <span class='ocr_line' id='line_1_22' title="bbox 285 2209 1849 2278; baseline -0.006 -8"><span class='ocrx_word' id='word_1_169' title='bbox 285 2215 354 2270; x_wconf 86' lang='lat' dir='ltr'><strong>de</strong></span> <span class='ocrx_word' id='word_1_170' title='bbox 374 2215 529 2268; x_wconf 88' lang='lat' dir='ltr'><strong>rebus</strong></span> <span class='ocrx_word' id='word_1_171' title='bbox 554 2214 681 2278; x_wconf 85' lang='lat' dir='ltr'><strong>suis,</strong></span> <span class='ocrx_word' id='word_1_172' title='bbox 709 2213 800 2268; x_wconf 88' lang='lat' dir='ltr'><strong>sed</strong></span> <span class='ocrx_word' id='word_1_173' title='bbox 826 2213 889 2267; x_wconf 92' lang='lat' dir='ltr'><strong>de</strong></span> <span class='ocrx_word' id='word_1_174' title='bbox 914 2212 1040 2266; x_wconf 88' lang='lat' dir='ltr'><strong>orbe</strong></span> <span class='ocrx_word' id='word_1_175' title='bbox 1063 2212 1270 2265; x_wconf 89' lang='lat' dir='ltr'><strong>solliciti</strong></span> <span class='ocrx_word' id='word_1_176' title='bbox 1297 2217 1468 2265; x_wconf 86' lang='lat' dir='ltr'><strong>erant.</strong></span> <span class='ocrx_word' id='word_1_177' title='bbox 1496 2209 1686 2263; x_wconf 92' lang='lat' dir='ltr'><strong>Paulus</strong></span> <span class='ocrx_word' id='word_1_178' title='bbox 1703 2216 1849 2261; x_wconf 90' lang='lat' dir='ltr'><strong>certe</strong></span> 
     </span>
    </p>
   </div>
   <div class='ocr_carea' id='block_1_23' title="bbox 288 2298 1847 2371">
    <p class='ocr_par' dir='ltr' id='par_1_23' title="bbox 288 2298 1847 2371">
     <span class='ocr_line' id='line_1_23' title="bbox 288 2298 1847 2371; baseline -0.005 -14"><span class='ocrx_word' id='word_1_179' title='bbox 288 2317 380 2371; x_wconf 84' lang='lat' dir='ltr'><strong>per</strong></span> <span class='ocrx_word' id='word_1_180' title='bbox 397 2317 584 2357; x_wconf 88' lang='lat' dir='ltr'><strong>omnes</strong></span> <span class='ocrx_word' id='word_1_181' title='bbox 611 2303 870 2371; x_wconf 84' lang='lat' dir='ltr'><strong>Epistolas</strong></span> <span class='ocrx_word' id='word_1_182' title='bbox 895 2316 1015 2357; x_wconf 87' lang='lat' dir='ltr'><strong>suas</strong></span> <span class='ocrx_word' id='word_1_183' title='bbox 1055 2301 1178 2354; x_wconf 93' lang='lat' dir='ltr'><strong>illud</strong></span> <span class='ocrx_word' id='word_1_184' title='bbox 1217 2301 1440 2354; x_wconf 90' lang='lat' dir='ltr'><strong>indicat:</strong></span> <span class='ocrx_word' id='word_1_185' title='bbox 1471 2300 1557 2368; x_wconf 91' lang='lat' dir='ltr'><strong>qui</strong></span> <span class='ocrx_word' id='word_1_186' title='bbox 1586 2299 1731 2367; x_wconf 86' lang='lat' dir='ltr'><strong>prius</strong></span> <span class='ocrx_word' id='word_1_187' title='bbox 1756 2298 1847 2350; x_wconf 90' lang='lat' dir='ltr'><strong>lia-</strong></span> 
     </span>
    </p>
   </div>
   <div class='ocr_carea' id='block_1_24' title="bbox 286 2389 1844 2460">
    <p class='ocr_par' dir='ltr' id='par_1_24' title="bbox 286 2389 1844 2460">
     <span class='ocr_line' id='line_1_24' title="bbox 286 2389 1844 2460; baseline -0.005 -12"><span class='ocrx_word' id='word_1_188' title='bbox 286 2392 443 2448; x_wconf 88' lang='lat' dir='ltr'><strong>bebat</strong></span> <span class='ocrx_word' id='word_1_189' title='bbox 477 2393 745 2446; x_wconf 88' lang='lat' dir='ltr'><strong>hominum</strong></span> <span class='ocrx_word' id='word_1_190' title='bbox 789 2392 1031 2457; x_wconf 86' lang='lat' dir='ltr'><strong>salutem,</strong></span> <span class='ocrx_word' id='word_1_191' title='bbox 1063 2406 1219 2460; x_wconf 89' lang='lat' dir='ltr'><strong>quam</strong></span> <span class='ocrx_word' id='word_1_192' title='bbox 1252 2391 1517 2444; x_wconf 88' lang='lat' dir='ltr'><strong>Christum</strong></span> <span class='ocrx_word' id='word_1_193' title='bbox 1540 2390 1746 2453; x_wconf 79' lang='lat' dir='ltr'><strong>videre,</strong></span> <span class='ocrx_word' id='word_1_194' title='bbox 1776 2389 1844 2441; x_wconf 88' lang='lat' dir='ltr'><strong>ita</strong></span> 
     </span>
    </p>
   </div>
   <div class='ocr_carea' id='block_1_25' title="bbox 282 2480 1847 2546">
    <p class='ocr_par' dir='ltr' id='par_1_25' title="bbox 282 2480 1847 2546">
     <span class='ocr_line' id='line_1_25' title="bbox 282 2480 1847 2546; baseline -0.003 -11"><span class='ocrx_word' id='word_1_195' title='bbox 282 2482 464 2536; x_wconf 86' lang='lat' dir='ltr'><strong>dicetis</strong></span> <span class='ocrx_word' id='word_1_196' title='bbox 490 2500 503 2536; x_wconf 89' lang='lat'><strong>:</strong></span> <span class='ocrx_word' id='word_1_197' title='bbox 528 2482 742 2546; x_wconf 81' lang='lat' dir='ltr'><strong>Resolvi,</strong></span> <span class='ocrx_word' id='word_1_198' title='bbox 768 2491 811 2534; x_wconf 89' lang='lat' dir='ltr'><strong>et</strong></span> <span class='ocrx_word' id='word_1_199' title='bbox 835 2498 945 2533; x_wconf 84' lang='lat' dir='ltr'><strong>cum</strong></span> <span class='ocrx_word' id='word_1_200' title='bbox 966 2481 1162 2534; x_wconf 76' lang='lat' dir='ltr'><strong>Christo</strong></span> <span class='ocrx_word' id='word_1_201' title='bbox 1183 2496 1305 2540; x_wconf 82' lang='lat' dir='ltr'><strong>esse,</strong></span> <span class='ocrx_word' id='word_1_202' title='bbox 1331 2480 1505 2531; x_wconf 73' lang='lat' dir='ltr'><strong>melius</strong></span> <span class='ocrx_word' id='word_1_203' title='bbox 1526 2488 1616 2540; x_wconf 87' lang='lat' dir='ltr'><strong>est,</strong></span> <span class='ocrx_word' id='word_1_204' title='bbox 1646 2494 1847 2530; x_wconf 83' lang='lat' dir='ltr'><strong>manere</strong></span> 
     </span>
    </p>
   </div>
   <div class='ocr_carea' id='block_1_26' title="bbox 281 2567 1841 2640">
    <p class='ocr_par' dir='ltr' id='par_1_26' title="bbox 281 2567 1841 2640">
     <span class='ocr_line' id='line_1_26' title="bbox 281 2567 1841 2640; baseline -0.003 -13"><span class='ocrx_word' id='word_1_205' title='bbox 281 2582 445 2627; x_wconf 72' lang='lat' dir='ltr'><strong>autem</strong></span> <span class='ocrx_word' id='word_1_206' title='bbox 469 2573 521 2624; x_wconf 90' lang='lat' dir='ltr'><strong>in</strong></span> <span class='ocrx_word' id='word_1_207' title='bbox 549 2588 696 2625; x_wconf 86' lang='lat' dir='ltr'><strong>carne</strong></span> <span class='ocrx_word' id='word_1_208' title='bbox 716 2572 873 2640; x_wconf 85' lang='lat' dir='ltr'><strong>magis</strong></span> <span class='ocrx_word' id='word_1_209' title='bbox 898 2571 1229 2623; x_wconf 86' lang='lat' dir='ltr'><strong>necessarium</strong></span> <span class='ocrx_word' id='word_1_210' title='bbox 1251 2579 1453 2638; x_wconf 85' lang='lat' dir='ltr'><strong>propter</strong></span> <span class='ocrx_word' id='word_1_211' title='bbox 1473 2585 1556 2621; x_wconf 86' lang='lat' dir='ltr'><strong>vos</strong></span> <span class='ocrx_word' id='word_1_212' title='bbox 1587 2567 1841 2638; x_wconf 79' lang='lat' dir='ltr'><strong>(Philipp.</strong></span> 
     </span>
    </p>
   </div>
   <div class='ocr_carea' id='block_1_27' title="bbox 283 2658 1840 2731">
    <p class='ocr_par' dir='ltr' id='par_1_27' title="bbox 283 2658 1840 2731">
     <span class='ocr_line' id='line_1_27' title="bbox 283 2658 1840 2731; baseline -0.003 -17"><span class='ocrx_word' id='word_1_213' title='bbox 283 2662 332 2715; x_wconf 80' lang='grc' dir='ltr'><strong>ί.</strong></span> <span class='ocrx_word' id='word_1_214' title='bbox 360 2661 452 2716; x_wconf 77' lang='lat'><strong>23.</strong></span> <span class='ocrx_word' id='word_1_215' title='bbox 482 2662 594 2731; x_wconf 68' lang='lat'><strong>24).</strong></span> <span class='ocrx_word' id='word_1_216' title='bbox 625 2662 803 2716; x_wconf 85' lang='lat' dir='ltr'><strong>Talem</strong></span> <span class='ocrx_word' id='word_1_217' title='bbox 833 2660 981 2714; x_wconf 90' lang='lat' dir='ltr'><strong>nobis</strong></span> <span class='ocrx_word' id='word_1_218' title='bbox 1010 2670 1181 2714; x_wconf 90' lang='lat' dir='ltr'><strong>servat</strong></span> <span class='ocrx_word' id='word_1_219' title='bbox 1209 2660 1429 2712; x_wconf 90' lang='lat' dir='ltr'><strong>formam</strong></span> <span class='ocrx_word' id='word_1_220' title='bbox 1453 2659 1535 2712; x_wconf 90' lang='lat' dir='ltr'><strong>hic</strong></span> <span class='ocrx_word' id='word_1_221' title='bbox 1561 2658 1840 2727; x_wconf 83' lang='lat' dir='ltr'><strong>prOpheta;</strong></span> 
     </span>
    </p>
   </div>
   <div class='ocr_carea' id='block_1_28' title="bbox 280 2750 1840 2822">
    <p class='ocr_par' dir='ltr' id='par_1_28' title="bbox 280 2750 1840 2822">
     <span class='ocr_line' id='line_1_28' title="bbox 280 2750 1840 2822; baseline -0.003 -15"><span class='ocrx_word' id='word_1_222' title='bbox 280 2752 374 2808; x_wconf 85' lang='lat' dir='ltr'><strong>Dei</strong></span> <span class='ocrx_word' id='word_1_223' title='bbox 419 2768 643 2822; x_wconf 88' lang='lat' dir='ltr'><strong>namque</strong></span> <span class='ocrx_word' id='word_1_224' title='bbox 680 2753 964 2806; x_wconf 86' lang='lat' dir='ltr'><strong>sententias</strong></span> <span class='ocrx_word' id='word_1_225' title='bbox 998 2766 1118 2806; x_wconf 90' lang='lat' dir='ltr'><strong>eum</strong></span> <span class='ocrx_word' id='word_1_226' title='bbox 1163 2766 1347 2819; x_wconf 81' lang='lat' dir='ltr'><strong>magna</strong></span> <span class='ocrx_word' id='word_1_227' title='bbox 1393 2750 1578 2803; x_wconf 89' lang='lat' dir='ltr'><strong>ﬁducia</strong></span> <span class='ocrx_word' id='word_1_228' title='bbox 1623 2751 1840 2817; x_wconf 83' lang='lat' dir='ltr'><strong>profert,</strong></span> 
     </span>
    </p>
   </div>
   <div class='ocr_carea' id='block_1_29' title="bbox 279 2840 1845 2910">
    <p class='ocr_par' dir='ltr' id='par_1_29' title="bbox 279 2840 1845 2910">
     <span class='ocr_line' id='line_1_29' title="bbox 279 2840 1845 2910; baseline -0.003 -13"><span class='ocrx_word' id='word_1_229' title='bbox 279 2852 584 2910; x_wconf 81' lang='lat' dir='ltr'><strong>peccatores</strong></span> <span class='ocrx_word' id='word_1_230' title='bbox 615 2843 872 2910; x_wconf 84' lang='lat' dir='ltr'><strong>increpat,</strong></span> <span class='ocrx_word' id='word_1_231' title='bbox 905 2843 1179 2910; x_wconf 90' lang='lat' dir='ltr'><strong>ipsumque</strong></span> <span class='ocrx_word' id='word_1_232' title='bbox 1208 2850 1389 2894; x_wconf 91' lang='lat' dir='ltr'><strong>contra</strong></span> <span class='ocrx_word' id='word_1_233' title='bbox 1417 2840 1532 2892; x_wconf 88' lang='lat' dir='ltr'><strong>illos</strong></span> <span class='ocrx_word' id='word_1_234' title='bbox 1563 2854 1845 2907; x_wconf 76' lang='lat' dir='ltr'><strong>exaspera-</strong></span> 
     </span>
    </p>
   </div>
   <div class='ocr_carea' id='block_1_30' title="bbox 278 2930 1844 3001">
    <p class='ocr_par' dir='ltr' id='par_1_30' title="bbox 278 2930 1844 3001">
     <span class='ocr_line' id='line_1_30' title="bbox 278 2930 1844 3001; baseline 0.001 -17"><span class='ocrx_word' id='word_1_235' title='bbox 278 2943 384 2985; x_wconf 92' lang='lat' dir='ltr'><strong>tiiin</strong></span> <span class='ocrx_word' id='word_1_236' title='bbox 411 2934 577 3001; x_wconf 83' lang='lat' dir='ltr'><strong>longis</strong></span> <span class='ocrx_word' id='word_1_237' title='bbox 600 2933 900 3001; x_wconf 87' lang='lat' dir='ltr'><strong>frequenter</strong></span> <span class='ocrx_word' id='word_1_238' title='bbox 920 2932 1248 2986; x_wconf 89' lang='lat' dir='ltr'><strong>sermonibus</strong></span> <span class='ocrx_word' id='word_1_239' title='bbox 1270 2932 1467 3000; x_wconf 82' lang='lat' dir='ltr'><strong>placat;</strong></span> <span class='ocrx_word' id='word_1_240' title='bbox 1496 2930 1634 2999; x_wconf 90' lang='lat' dir='ltr'><strong>quod</strong></span> <span class='ocrx_word' id='word_1_241' title='bbox 1663 2934 1712 2983; x_wconf 91' lang='lat' dir='ltr'><strong>in</strong></span> <span class='ocrx_word' id='word_1_242' title='bbox 1741 2930 1844 2985; x_wconf 90' lang='lat' dir='ltr'><strong>ﬁne</strong></span> 
     </span>
    </p>
   </div>
   <div class='ocr_carea' id='block_1_31' title="bbox 278 3020 1842 3089">
    <p class='ocr_par' dir='ltr' id='par_1_31' title="bbox 278 3020 1842 3089">
     <span class='ocr_line' id='line_1_31' title="bbox 278 3020 1842 3089; baseline 0 -16"><span class='ocrx_word' id='word_1_243' title='bbox 278 3022 505 3073; x_wconf 78' lang='lat' dir='ltr'><strong>maxime</strong></span> <span class='ocrx_word' id='word_1_244' title='bbox 537 3022 825 3089; x_wconf 77' lang='lat' dir='ltr'><strong>prophetia:</strong></span> <span class='ocrx_word' id='word_1_245' title='bbox 849 3021 1023 3075; x_wconf 88' lang='lat' dir='ltr'><strong>videre</strong></span> <span class='ocrx_word' id='word_1_246' title='bbox 1049 3030 1146 3074; x_wconf 91' lang='lat' dir='ltr'><strong>est.</strong></span> <span class='ocrx_word' id='word_1_247' title='bbox 1179 3020 1412 3074; x_wconf 88' lang='lat' dir='ltr'><strong>Tandem</strong></span> <span class='ocrx_word' id='word_1_248' title='bbox 1442 3020 1609 3089; x_wconf 90' lang='lat' dir='ltr'><strong>ipsum</strong></span> <span class='ocrx_word' id='word_1_249' title='bbox 1639 3020 1842 3073; x_wconf 87' lang='lat' dir='ltr'><strong>adeun-</strong></span> 
     </span>
    </p>
   </div>
   <div class='ocr_carea' id='block_1_32' title="bbox 274 3107 1143 3179">
    <p class='ocr_par' dir='ltr' id='par_1_32' title="bbox 274 3107 1143 3179">
     <span class='ocr_line' id='line_1_32' title="bbox 274 3107 1143 3179; baseline -0.001 -16"><span class='ocrx_word' id='word_1_250' title='bbox 274 3107 401 3163; x_wconf 86' lang='lat' dir='ltr'><strong>dum</strong></span> <span class='ocrx_word' id='word_1_251' title='bbox 423 3117 505 3166; x_wconf 87' lang='lat' dir='ltr'><strong>est</strong></span> <span class='ocrx_word' id='word_1_252' title='bbox 535 3111 821 3179; x_wconf 79' lang='lat' dir='ltr'><strong>prOpbetiie</strong></span> <span class='ocrx_word' id='word_1_253' title='bbox 851 3110 1143 3164; x_wconf 84' lang='lat' dir='ltr'><strong>exordium.</strong></span> 
     </span>
    </p>
   </div>
   <div class='ocr_carea' id='block_1_33' title="bbox 856 3221 1269 3289">
    <p class='ocr_par' dir='ltr' id='par_1_33' title="bbox 856 3221 1269 3289">
     <span class='ocr_line' id='line_1_33' title="bbox 856 3221 1269 3289; baseline -0.005 -12"><span class='ocrx_word' id='word_1_254' title='bbox 856 3221 1075 3277; x_wconf 84' lang='lat' dir='ltr'><strong>CAPUT</strong></span> <span class='ocrx_word' id='word_1_255' title='bbox 1116 3222 1130 3276; x_wconf 91' lang='lat' dir='ltr'><strong>i</strong></span> <span class='ocrx_word' id='word_1_256' title='bbox 1173 3221 1269 3289; x_wconf 82' lang='grc' dir='ltr'><strong>(α).</strong></span> 
     </span>
    </p>
   </div>
   <div class='ocr_carea' id='block_1_34' title="bbox 748 3332 1403 3401">
    <p class='ocr_par' dir='ltr' id='par_1_34' title="bbox 748 3332 1403 3401">
     <span class='ocr_line' id='line_1_34' title="bbox 748 3332 1403 3401; baseline 0 -16"><span class='ocrx_word' id='word_1_257' title='bbox 748 3333 877 3386; x_wconf 77' lang='lat' dir='ltr'><strong>Visio</strong></span> <span class='ocrx_word' id='word_1_258' title='bbox 902 3351 1047 3401; x_wconf 86' lang='lat' dir='ltr'><strong>quant</strong></span> <span class='ocrx_word' id='word_1_259' title='bbox 1075 3335 1193 3387; x_wconf 80' lang='lat' dir='ltr'><strong>vidit</strong></span> <span class='ocrx_word' id='word_1_260' title='bbox 1220 3332 1403 3385; x_wconf 77' lang='lat' dir='ltr'><strong>lsaias.</strong></span> 
     </span>
    </p>
   </div>
   <div class='ocr_carea' id='block_1_35' title="bbox 347 3463 1837 3533">
    <p class='ocr_par' dir='ltr' id='par_1_35' title="bbox 347 3463 1837 3533">
     <span class='ocr_line' id='line_1_35' title="bbox 347 3463 1837 3533; baseline -0.001 -15"><span class='ocrx_word' id='word_1_261' title='bbox 347 3469 397 3519; x_wconf 76' lang='grc' dir='ltr'><strong>ι.</strong></span> <span class='ocrx_word' id='word_1_262' title='bbox 434 3463 699 3519; x_wconf 81' lang='lat' dir='ltr'><strong>Visionem</strong></span> <span class='ocrx_word' id='word_1_263' title='bbox 737 3475 888 3519; x_wconf 75' lang='lat' dir='ltr'><strong>viicat</strong></span> <span class='ocrx_word' id='word_1_264' title='bbox 938 3464 1261 3533; x_wconf 85' lang='lat' dir='ltr'><strong>prephetiam</strong></span> <span class='ocrx_word' id='word_1_265' title='bbox 1287 3503 1301 3528; x_wconf 94' lang='lat'><strong>,</strong></span> <span class='ocrx_word' id='word_1_266' title='bbox 1344 3465 1427 3517; x_wconf 82' lang='lat' dir='ltr'><strong>vel</strong></span> <span class='ocrx_word' id='word_1_267' title='bbox 1475 3466 1550 3518; x_wconf 86' lang='lat' dir='ltr'><strong>sic</strong></span> <span class='ocrx_word' id='word_1_268' title='bbox 1590 3465 1837 3533; x_wconf 83' lang='lat' dir='ltr'><strong>loquitur,</strong></span> 
     </span>
    </p>
   </div>
   <div class='ocr_carea' id='block_1_36' title="bbox 275 3552 1841 3622">
    <p class='ocr_par' dir='ltr' id='par_1_36' title="bbox 275 3552 1841 3622">
     <span class='ocr_line' id='line_1_36' title="bbox 275 3552 1841 3622; baseline 0.003 -19"><span class='ocrx_word' id='word_1_269' title='bbox 275 3552 415 3620; x_wconf 89' lang='lat' dir='ltr'><strong>quod</strong></span> <span class='ocrx_word' id='word_1_270' title='bbox 453 3555 614 3608; x_wconf 89' lang='lat' dir='ltr'><strong>multa</strong></span> <span class='ocrx_word' id='word_1_271' title='bbox 648 3570 828 3609; x_wconf 90' lang='lat' dir='ltr'><strong>eorum</strong></span> <span class='ocrx_word' id='word_1_272' title='bbox 870 3570 985 3622; x_wconf 75' lang='lat' dir='ltr'><strong>quie</strong></span> <span class='ocrx_word' id='word_1_273' title='bbox 1018 3564 1266 3608; x_wconf 86' lang='lat' dir='ltr'><strong>eventura</strong></span> <span class='ocrx_word' id='word_1_274' title='bbox 1308 3561 1459 3607; x_wconf 89' lang='lat' dir='ltr'><strong>erant</strong></span> <span class='ocrx_word' id='word_1_275' title='bbox 1501 3554 1598 3607; x_wconf 92' lang='lat' dir='ltr'><strong>sub</strong></span> <span class='ocrx_word' id='word_1_276' title='bbox 1626 3562 1841 3620; x_wconf 90' lang='lat' dir='ltr'><strong>aspectu</strong></span> 
     </span>
    </p>
   </div>
   <div class='ocr_carea' id='block_1_37' title="bbox 276 3639 1840 3711">
    <p class='ocr_par' dir='ltr' id='par_1_37' title="bbox 276 3639 1840 3711">
     <span class='ocr_line' id='line_1_37' title="bbox 276 3639 1840 3711; baseline 0.003 -19"><span class='ocrx_word' id='word_1_277' title='bbox 276 3639 522 3704; x_wconf 83' lang='lat' dir='ltr'><strong>haberet;</strong></span> <span class='ocrx_word' id='word_1_278' title='bbox 552 3643 991 3711; x_wconf 86' lang='lat' dir='ltr'><strong>quemadmodum</strong></span> <span class='ocrx_word' id='word_1_279' title='bbox 1023 3642 1267 3696; x_wconf 69' lang='lat' dir='ltr'><strong>Michzeas</strong></span> <span class='ocrx_word' id='word_1_280' title='bbox 1293 3643 1421 3696; x_wconf 82' lang='lat' dir='ltr'><strong>vidit</strong></span> <span class='ocrx_word' id='word_1_281' title='bbox 1448 3643 1698 3711; x_wconf 88' lang='lat' dir='ltr'><strong>p0pulum</strong></span> <span class='ocrx_word' id='word_1_282' title='bbox 1729 3642 1840 3696; x_wconf 91' lang='lat' dir='ltr'><strong>dis-</strong></span> 
     </span>
    </p>
   </div>
   <div class='ocr_carea' id='block_1_38' title="bbox 279 3731 1842 3803">
    <p class='ocr_par' dir='ltr' id='par_1_38' title="bbox 279 3731 1842 3803">
     <span class='ocr_line' id='line_1_38' title="bbox 279 3731 1842 3803; baseline 0.002 -19"><span class='ocrx_word' id='word_1_283' title='bbox 279 3745 487 3797; x_wconf 81' lang='lat' dir='ltr'><strong>persum</strong></span> <span class='ocrx_word' id='word_1_284' title='bbox 518 3732 589 3803; x_wconf 78' lang='grc'><strong>(5.</strong></span> <span class='ocrx_word' id='word_1_285' title='bbox 623 3731 749 3799; x_wconf 85' lang='lat' dir='ltr'><strong>Reg.</strong></span> <span class='ocrx_word' id='word_1_286' title='bbox 777 3732 864 3785; x_wconf 83' lang='lat'><strong>22.</strong></span> <span class='ocrx_word' id='word_1_287' title='bbox 898 3732 1019 3803; x_wconf 80' lang='lat' dir='ltr'><strong>i7);</strong></span> <span class='ocrx_word' id='word_1_288' title='bbox 1051 3743 1103 3788; x_wconf 92' lang='lat' dir='ltr'><strong>et</strong></span> <span class='ocrx_word' id='word_1_289' title='bbox 1131 3734 1372 3787; x_wconf 84' lang='lat' dir='ltr'><strong>Ezechiel</strong></span> <span class='ocrx_word' id='word_1_290' title='bbox 1400 3734 1754 3803; x_wconf 75' lang='lat' dir='ltr'><strong>captivitatem</strong></span> <span class='ocrx_word' id='word_1_291' title='bbox 1779 3746 1842 3787; x_wconf 91' lang='lat' dir='ltr'><strong>ac</strong></span> 
     </span>
    </p>
   </div>
   <div class='ocr_carea' id='block_1_39' title="bbox 278 3822 1841 3893">
    <p class='ocr_par' dir='ltr' id='par_1_39' title="bbox 278 3822 1841 3893">
     <span class='ocr_line' id='line_1_39' title="bbox 278 3822 1841 3893; baseline 0.002 -21"><span class='ocrx_word' id='word_1_292' title='bbox 278 3822 759 3888; x_wconf 70' lang='lat' dir='ltr'><strong>prtevaricationem</strong></span> <span class='ocrx_word' id='word_1_293' title='bbox 781 3838 963 3877; x_wconf 91' lang='lat' dir='ltr'><strong>eorum</strong></span> <span class='ocrx_word' id='word_1_294' title='bbox 988 3824 1074 3893; x_wconf 89' lang='lat' dir='ltr'><strong>qui</strong></span> <span class='ocrx_word' id='word_1_295' title='bbox 1098 3824 1263 3878; x_wconf 86' lang='lat' dir='ltr'><strong>solent</strong></span> <span class='ocrx_word' id='word_1_296' title='bbox 1295 3834 1348 3877; x_wconf 88' lang='lat' dir='ltr'><strong>et</strong></span> <span class='ocrx_word' id='word_1_297' title='bbox 1371 3823 1695 3877; x_wconf 86' lang='lat' dir='ltr'><strong>Thamuzem</strong></span> <span class='ocrx_word' id='word_1_298' title='bbox 1722 3822 1841 3877; x_wconf 85' lang='lat' dir='ltr'><strong>ado-</strong></span> 
     </span>
    </p>
   </div>
   <div class='ocr_carea' id='block_1_40' title="bbox 280 3910 1839 3982">
    <p class='ocr_par' dir='ltr' id='par_1_40' title="bbox 280 3910 1839 3982">
     <span class='ocr_line' id='line_1_40' title="bbox 280 3910 1839 3982; baseline 0.002 -18"><span class='ocrx_word' id='word_1_299' title='bbox 280 3912 463 3965; x_wconf 79' lang='lat' dir='ltr'><strong>rabunt</strong></span> <span class='ocrx_word' id='word_1_300' title='bbox 502 3910 720 3981; x_wconf 78' lang='lat' dir='ltr'><strong>(Ezecli.</strong></span> <span class='ocrx_word' id='word_1_301' title='bbox 750 3913 801 3967; x_wconf 91' lang='lat'><strong>8.</strong></span> <span class='ocrx_word' id='word_1_302' title='bbox 837 3914 935 3980; x_wconf 76' lang='lat' dir='ltr'><strong>M)</strong></span> <span class='ocrx_word' id='word_1_303' title='bbox 971 3930 981 3965; x_wconf 92' lang='lat'><strong>:</strong></span> <span class='ocrx_word' id='word_1_304' title='bbox 1013 3914 1092 3967; x_wconf 81' lang='lat' dir='ltr'><strong>vel</strong></span> <span class='ocrx_word' id='word_1_305' title='bbox 1121 3913 1243 3982; x_wconf 91' lang='lat' dir='ltr'><strong>quia</strong></span> <span class='ocrx_word' id='word_1_306' title='bbox 1270 3914 1319 3967; x_wconf 93' lang='lat' dir='ltr'><strong>id</strong></span> <span class='ocrx_word' id='word_1_307' title='bbox 1348 3914 1484 3982; x_wconf 91' lang='lat' dir='ltr'><strong>quod</strong></span> <span class='ocrx_word' id='word_1_308' title='bbox 1512 3913 1781 3982; x_wconf 73' lang='lat' dir='ltr'><strong>propheta:</strong></span> <span class='ocrx_word' id='word_1_309' title='bbox 1808 3928 1839 3967; x_wconf 87' lang='lat' dir='ltr'><strong>a</strong></span> 
     </span>
    </p>
   </div>
   <div class='ocr_carea' id='block_1_41' title="bbox 276 3999 1840 4071">
    <p class='ocr_par' dir='ltr' id='par_1_41' title="bbox 276 3999 1840 4071">
     <span class='ocr_line' id='line_1_41' title="bbox 276 3999 1840 4071; baseline 0.001 -17"><span class='ocrx_word' id='word_1_310' title='bbox 276 3999 383 4054; x_wconf 85' lang='lat' dir='ltr'><strong>Deo</strong></span> <span class='ocrx_word' id='word_1_311' title='bbox 406 4000 706 4067; x_wconf 90' lang='lat' dir='ltr'><strong>audiebant,</strong></span> <span class='ocrx_word' id='word_1_312' title='bbox 731 4002 844 4069; x_wconf 92' lang='lat' dir='ltr'><strong>ipso</strong></span> <span class='ocrx_word' id='word_1_313' title='bbox 870 4016 1045 4057; x_wconf 87' lang='lat' dir='ltr'><strong>rerum</strong></span> <span class='ocrx_word' id='word_1_314' title='bbox 1076 4012 1361 4071; x_wconf 89' lang='lat' dir='ltr'><strong>conspectu</strong></span> <span class='ocrx_word' id='word_1_315' title='bbox 1387 4003 1519 4055; x_wconf 88' lang='lat' dir='ltr'><strong>nihil</strong></span> <span class='ocrx_word' id='word_1_316' title='bbox 1549 4003 1721 4055; x_wconf 91' lang='lat' dir='ltr'><strong>minus</strong></span> <span class='ocrx_word' id='word_1_317' title='bbox 1748 4005 1840 4055; x_wconf 85' lang='lat' dir='ltr'><strong>ba-</strong></span> 
     </span>
    </p>
   </div>
   <div class='ocr_carea' id='block_1_42' title="bbox 277 4090 1839 4160">
    <p class='ocr_par' dir='ltr' id='par_1_42' title="bbox 277 4090 1839 4160">
     <span class='ocr_line' id='line_1_42' title="bbox 277 4090 1839 4160; baseline 0.004 -19"><span class='ocrx_word' id='word_1_318' title='bbox 277 4090 442 4153; x_wconf 82' lang='lat' dir='ltr'><strong>Iieret,</strong></span> <span class='ocrx_word' id='word_1_319' title='bbox 467 4090 557 4144; x_wconf 88' lang='lat' dir='ltr'><strong>sed</strong></span> <span class='ocrx_word' id='word_1_320' title='bbox 586 4090 799 4158; x_wconf 89' lang='lat' dir='ltr'><strong>perinde</strong></span> <span class='ocrx_word' id='word_1_321' title='bbox 821 4092 976 4145; x_wconf 88' lang='lat' dir='ltr'><strong>ﬁdem</strong></span> <span class='ocrx_word' id='word_1_322' title='bbox 1003 4091 1217 4157; x_wconf 83' lang='lat' dir='ltr'><strong>faceret,</strong></span> <span class='ocrx_word' id='word_1_323' title='bbox 1240 4105 1393 4145; x_wconf 90' lang='lat' dir='ltr'><strong>secus</strong></span> <span class='ocrx_word' id='word_1_324' title='bbox 1413 4107 1568 4160; x_wconf 91' lang='lat' dir='ltr'><strong>quam</strong></span> <span class='ocrx_word' id='word_1_325' title='bbox 1600 4093 1649 4144; x_wconf 91' lang='lat' dir='ltr'><strong>in</strong></span> <span class='ocrx_word' id='word_1_326' title='bbox 1680 4092 1839 4147; x_wconf 88' lang='lat' dir='ltr'><strong>rebus</strong></span> 
     </span>
    </p>
   </div>
   <div class='ocr_carea' id='block_1_43' title="bbox 276 4179 1836 4251">
    <p class='ocr_par' dir='ltr' id='par_1_43' title="bbox 276 4179 1836 4251">
     <span class='ocr_line' id='line_1_43' title="bbox 276 4179 1836 4251; baseline 0.003 -20"><span class='ocrx_word' id='word_1_327' title='bbox 276 4179 429 4247; x_wconf 85' lang='lat' dir='ltr'><strong>hujus</strong></span> <span class='ocrx_word' id='word_1_328' title='bbox 469 4180 667 4233; x_wconf 89' lang='lat' dir='ltr'><strong>mundi.</strong></span> <span class='ocrx_word' id='word_1_329' title='bbox 708 4180 856 4246; x_wconf 87' lang='lat' dir='ltr'><strong>Quod</strong></span> <span class='ocrx_word' id='word_1_330' title='bbox 893 4181 1033 4235; x_wconf 91' lang='lat' dir='ltr'><strong>enim</strong></span> <span class='ocrx_word' id='word_1_331' title='bbox 1062 4181 1165 4233; x_wconf 88' lang='lat' dir='ltr'><strong>alio</strong></span> <span class='ocrx_word' id='word_1_332' title='bbox 1188 4181 1431 4235; x_wconf 89' lang='lat' dir='ltr'><strong>audirent</strong></span> <span class='ocrx_word' id='word_1_333' title='bbox 1458 4182 1615 4235; x_wconf 91' lang='lat' dir='ltr'><strong>modo</strong></span> <span class='ocrx_word' id='word_1_334' title='bbox 1637 4223 1649 4244; x_wconf 91' lang='lat'><strong>,</strong></span> <span class='ocrx_word' id='word_1_335' title='bbox 1679 4198 1836 4251; x_wconf 89' lang='lat' dir='ltr'><strong>quam</strong></span> 
     </span>
    </p>
   </div>
   <div class='ocr_carea' id='block_1_44' title="bbox 272 4268 1839 4337">
    <p class='ocr_par' dir='ltr' id='par_1_44' title="bbox 272 4268 1839 4337">
     <span class='ocr_line' id='line_1_44' title="bbox 272 4268 1839 4337; baseline 0.003 -16"><span class='ocrx_word' id='word_1_336' title='bbox 272 4268 459 4337; x_wconf 88' lang='lat' dir='ltr'><strong>reliqui</strong></span> <span class='ocrx_word' id='word_1_337' title='bbox 491 4268 748 4333; x_wconf 87' lang='lat' dir='ltr'><strong>homines,</strong></span> <span class='ocrx_word' id='word_1_338' title='bbox 776 4268 824 4322; x_wconf 92' lang='lat' dir='ltr'><strong>id</strong></span> <span class='ocrx_word' id='word_1_339' title='bbox 855 4269 939 4323; x_wconf 92' lang='lat' dir='ltr'><strong>ille</strong></span> <span class='ocrx_word' id='word_1_340' title='bbox 968 4271 1076 4324; x_wconf 87' lang='lat' dir='ltr'><strong>ait:</strong></span> <span class='ocrx_word' id='word_1_341' title='bbox 1102 4269 1310 4322; x_wconf 84' lang='lat' dir='ltr'><strong>Addidit</strong></span> <span class='ocrx_word' id='word_1_342' title='bbox 1326 4270 1449 4323; x_wconf 84' lang='lat' dir='ltr'><strong>mihi</strong></span> <span class='ocrx_word' id='word_1_343' title='bbox 1468 4287 1638 4323; x_wconf 86' lang='lat' dir='ltr'><strong>aurem</strong></span> <span class='ocrx_word' id='word_1_344' title='bbox 1658 4272 1724 4324; x_wconf 88' lang='lat' dir='ltr'><strong>ad</strong></span> <span class='ocrx_word' id='word_1_345' title='bbox 1747 4288 1839 4325; x_wconf 88' lang='lat' dir='ltr'><strong>au-</strong></span> 
     </span>
    </p>
   </div>
   <div class='ocr_carea' id='block_1_45' title="bbox 271 4357 1835 4431">
    <p class='ocr_par' dir='ltr' id='par_1_45' title="bbox 271 4357 1835 4431">
     <span class='ocr_line' id='line_1_45' title="bbox 271 4357 1835 4431; baseline 0.004 -22"><span class='ocrx_word' id='word_1_346' title='bbox 271 4358 510 4411; x_wconf 80' lang='lat' dir='ltr'><strong>diendum</strong></span> <span class='ocrx_word' id='word_1_347' title='bbox 544 4357 688 4427; x_wconf 81' lang='lat' dir='ltr'><strong>(lsai.</strong></span> <span class='ocrx_word' id='word_1_348' title='bbox 722 4358 809 4413; x_wconf 83' lang='lat'><strong>50.</strong></span> <span class='ocrx_word' id='word_1_349' title='bbox 842 4359 918 4428; x_wconf 73' lang='grc'><strong>4).</strong></span> <span class='ocrx_word' id='word_1_350' title='bbox 951 4358 1259 4415; x_wconf 89' lang='lat' dir='ltr'><strong>Sermonem</strong></span> <span class='ocrx_word' id='word_1_351' title='bbox 1292 4370 1466 4413; x_wconf 91' lang='lat' dir='ltr'><strong>autem</strong></span> <span class='ocrx_word' id='word_1_352' title='bbox 1494 4360 1596 4415; x_wconf 91' lang='lat' dir='ltr'><strong>ﬁde</strong></span> <span class='ocrx_word' id='word_1_353' title='bbox 1620 4361 1835 4431; x_wconf 83' lang='lat' dir='ltr'><strong>dignum</strong></span> 
     </span>
    </p>
   </div>
   <div class='ocr_carea' id='block_1_46' title="bbox 269 4446 1835 4517">
    <p class='ocr_par' dir='ltr' id='par_1_46' title="bbox 269 4446 1835 4517">
     <span class='ocr_line' id='line_1_46' title="bbox 269 4446 1835 4517; baseline 0.004 -18"><span class='ocrx_word' id='word_1_354' title='bbox 269 4446 573 4501; x_wconf 90' lang='lat' dir='ltr'><strong>redditcum</strong></span> <span class='ocrx_word' id='word_1_355' title='bbox 595 4449 685 4513; x_wconf 90' lang='lat' dir='ltr'><strong>ait,</strong></span> <span class='ocrx_word' id='word_1_356' title='bbox 722 4447 872 4511; x_wconf 82' lang='lat' dir='ltr'><strong>Visio,</strong></span> <span class='ocrx_word' id='word_1_357' title='bbox 896 4448 1292 4517; x_wconf 87' lang='lat' dir='ltr'><strong>auditoremque</strong></span> <span class='ocrx_word' id='word_1_358' title='bbox 1313 4450 1531 4516; x_wconf 79' lang='lat' dir='ltr'><strong>excitat,</strong></span> <span class='ocrx_word' id='word_1_359' title='bbox 1556 4461 1609 4503; x_wconf 91' lang='lat' dir='ltr'><strong>et</strong></span> <span class='ocrx_word' id='word_1_360' title='bbox 1630 4452 1692 4504; x_wconf 90' lang='lat' dir='ltr'><strong>ad</strong></span> <span class='ocrx_word' id='word_1_361' title='bbox 1715 4466 1835 4505; x_wconf 91' lang='lat' dir='ltr'><strong>eum</strong></span> 
     </span>
    </p>
   </div>
   <div class='ocr_carea' id='block_1_47' title="bbox 269 4538 1832 4608">
    <p class='ocr_par' dir='ltr' id='par_1_47' title="bbox 269 4538 1832 4608">
     <span class='ocr_line' id='line_1_47' title="bbox 269 4538 1832 4608; baseline 0.004 -20"><span class='ocrx_word' id='word_1_362' title='bbox 269 4538 357 4605; x_wconf 86' lang='lat' dir='ltr'><strong>qui</strong></span> <span class='ocrx_word' id='word_1_363' title='bbox 383 4554 467 4592; x_wconf 89' lang='lat' dir='ltr'><strong>res</strong></span> <span class='ocrx_word' id='word_1_364' title='bbox 496 4539 734 4594; x_wconf 77' lang='lat' dir='ltr'><strong>exhibuit</strong></span> <span class='ocrx_word' id='word_1_365' title='bbox 756 4540 1079 4593; x_wconf 89' lang='lat' dir='ltr'><strong>transmittit.</strong></span> <span class='ocrx_word' id='word_1_366' title='bbox 1113 4540 1225 4593; x_wconf 83' lang='lat' dir='ltr'><strong>Mos</strong></span> <span class='ocrx_word' id='word_1_367' title='bbox 1253 4541 1392 4594; x_wconf 93' lang='lat' dir='ltr'><strong>enim</strong></span> <span class='ocrx_word' id='word_1_368' title='bbox 1414 4549 1527 4595; x_wconf 89' lang='lat' dir='ltr'><strong>erat</strong></span> <span class='ocrx_word' id='word_1_369' title='bbox 1551 4542 1832 4608; x_wconf 89' lang='lat' dir='ltr'><strong>omnibus,</strong></span> 
     </span>
    </p>
   </div>
   <div class='ocr_carea' id='block_1_48' title="bbox 268 4628 1833 4695">
    <p class='ocr_par' dir='ltr' id='par_1_48' title="bbox 268 4628 1833 4695">
     <span class='ocr_line' id='line_1_48' title="bbox 268 4628 1833 4695; baseline 0.005 -19"><span class='ocrx_word' id='word_1_370' title='bbox 268 4628 353 4695; x_wconf 85' lang='lat' dir='ltr'><strong>qui</strong></span> <span class='ocrx_word' id='word_1_371' title='bbox 396 4628 485 4680; x_wconf 93' lang='lat' dir='ltr'><strong>Dei</strong></span> <span class='ocrx_word' id='word_1_372' title='bbox 523 4628 659 4682; x_wconf 88' lang='lat' dir='ltr'><strong>dicta</strong></span> <span class='ocrx_word' id='word_1_373' title='bbox 697 4629 747 4681; x_wconf 93' lang='lat' dir='ltr'><strong>in</strong></span> <span class='ocrx_word' id='word_1_374' title='bbox 788 4629 919 4682; x_wconf 89' lang='lat' dir='ltr'><strong>alios</strong></span> <span class='ocrx_word' id='word_1_375' title='bbox 960 4630 1406 4694; x_wconf 89' lang='lat' dir='ltr'><strong>transmittebant,</strong></span> <span class='ocrx_word' id='word_1_376' title='bbox 1434 4631 1557 4683; x_wconf 91' lang='lat' dir='ltr'><strong>illud</strong></span> <span class='ocrx_word' id='word_1_377' title='bbox 1585 4642 1707 4685; x_wconf 89' lang='lat' dir='ltr'><strong>ante</strong></span> <span class='ocrx_word' id='word_1_378' title='bbox 1733 4631 1833 4684; x_wconf 88' lang='lat' dir='ltr'><strong>alia</strong></span> 
     </span>
    </p>
   </div>
   <div class='ocr_carea' id='block_1_49' title="bbox 268 4717 1832 4788">
    <p class='ocr_par' dir='ltr' id='par_1_49' title="bbox 268 4717 1832 4788">
     <span class='ocr_line' id='line_1_49' title="bbox 268 4717 1832 4788; baseline 0.002 -17"><span class='ocrx_word' id='word_1_379' title='bbox 268 4717 611 4781; x_wconf 88' lang='lat' dir='ltr'><strong>constituere,</strong></span> <span class='ocrx_word' id='word_1_380' title='bbox 641 4732 698 4771; x_wconf 89' lang='lat' dir='ltr'><strong>se</strong></span> <span class='ocrx_word' id='word_1_381' title='bbox 721 4718 849 4771; x_wconf 89' lang='lat' dir='ltr'><strong>nihil</strong></span> <span class='ocrx_word' id='word_1_382' title='bbox 878 4733 906 4770; x_wconf 91' lang='lat' dir='ltr'><strong>a</strong></span> <span class='ocrx_word' id='word_1_383' title='bbox 929 4718 1226 4787; x_wconf 87' lang='lat' dir='ltr'><strong>semetipsis</strong></span> <span class='ocrx_word' id='word_1_384' title='bbox 1254 4718 1418 4788; x_wconf 89' lang='lat' dir='ltr'><strong>loqui,</strong></span> <span class='ocrx_word' id='word_1_385' title='bbox 1448 4720 1539 4773; x_wconf 89' lang='lat' dir='ltr'><strong>sed</strong></span> <span class='ocrx_word' id='word_1_386' title='bbox 1562 4720 1734 4774; x_wconf 91' lang='lat' dir='ltr'><strong>divina</strong></span> <span class='ocrx_word' id='word_1_387' title='bbox 1766 4721 1832 4774; x_wconf 90' lang='lat' dir='ltr'><strong>ab</strong></span> 
     </span>
    </p>
   </div>
   <div class='ocr_carea' id='block_1_50' title="bbox 267 4806 1832 4877">
    <p class='ocr_par' dir='ltr' id='par_1_50' title="bbox 267 4806 1832 4877">
     <span class='ocr_line' id='line_1_50' title="bbox 267 4806 1832 4877; baseline 0.002 -18"><span class='ocrx_word' id='word_1_388' title='bbox 267 4820 324 4859; x_wconf 90' lang='lat' dir='ltr'><strong>se</strong></span> <span class='ocrx_word' id='word_1_389' title='bbox 354 4806 573 4873; x_wconf 82' lang='lat' dir='ltr'><strong>proferri</strong></span> <span class='ocrx_word' id='word_1_390' title='bbox 602 4807 811 4860; x_wconf 89' lang='lat' dir='ltr'><strong>oracula</strong></span> <span class='ocrx_word' id='word_1_391' title='bbox 837 4817 888 4861; x_wconf 89' lang='lat' dir='ltr'><strong>et</strong></span> <span class='ocrx_word' id='word_1_392' title='bbox 916 4808 1108 4877; x_wconf 91' lang='lat' dir='ltr'><strong>scripta</strong></span> <span class='ocrx_word' id='word_1_393' title='bbox 1132 4823 1197 4862; x_wconf 83' lang='lat' dir='ltr'><strong>ex</strong></span> <span class='ocrx_word' id='word_1_394' title='bbox 1219 4809 1360 4863; x_wconf 59' lang='lat' dir='ltr'><strong>caelis</strong></span> <span class='ocrx_word' id='word_1_395' title='bbox 1385 4808 1576 4863; x_wconf 88' lang='lat' dir='ltr'><strong>delata.</strong></span> <span class='ocrx_word' id='word_1_396' title='bbox 1614 4809 1699 4863; x_wconf 90' lang='lat' dir='ltr'><strong>Sic</strong></span> <span class='ocrx_word' id='word_1_397' title='bbox 1728 4810 1832 4863; x_wconf 84' lang='lat' dir='ltr'><strong>Da-</strong></span> 
     </span>
    </p>
   </div>
   <div class='ocr_carea' id='block_1_51' title="bbox 268 4896 1834 4967">
    <p class='ocr_par' dir='ltr' id='par_1_51' title="bbox 268 4896 1834 4967">
     <span class='ocr_line' id='line_1_51' title="bbox 268 4896 1834 4967; baseline 0.004 -20"><span class='ocrx_word' id='word_1_398' title='bbox 268 4898 352 4951; x_wconf 80' lang='lat' dir='ltr'><strong>vid</strong></span> <span class='ocrx_word' id='word_1_399' title='bbox 385 4896 594 4951; x_wconf 87' lang='lat' dir='ltr'><strong>aiebat:</strong></span> <span class='ocrx_word' id='word_1_400' title='bbox 620 4896 819 4967; x_wconf 84' lang='lat' dir='ltr'><strong>Lingua</strong></span> <span class='ocrx_word' id='word_1_401' title='bbox 856 4914 964 4951; x_wconf 82' lang='lat' dir='ltr'><strong>mea</strong></span> <span class='ocrx_word' id='word_1_402' title='bbox 998 4898 1221 4952; x_wconf 86' lang='lat' dir='ltr'><strong>calamus</strong></span> <span class='ocrx_word' id='word_1_403' title='bbox 1251 4900 1426 4952; x_wconf 75' lang='lat' dir='ltr'><strong>scriba:</strong></span> <span class='ocrx_word' id='word_1_404' title='bbox 1451 4900 1678 4953; x_wconf 84' lang='lat' dir='ltr'><strong>velociter</strong></span> <span class='ocrx_word' id='word_1_405' title='bbox 1712 4901 1834 4957; x_wconf 81' lang='lat' dir='ltr'><strong>scri-</strong></span> 
     </span>
    </p>
   </div>
   <div class='ocr_carea' id='block_1_52' title="bbox 272 4987 1833 5059">
    <p class='ocr_par' dir='ltr' id='par_1_52' title="bbox 272 4987 1833 5059">
     <span class='ocr_line' id='line_1_52' title="bbox 272 4987 1833 5059; baseline 0.004 -19"><span class='ocrx_word' id='word_1_406' title='bbox 272 4988 423 5041; x_wconf 66' lang='lat' dir='ltr'><strong>brutis</strong></span> <span class='ocrx_word' id='word_1_407' title='bbox 450 4989 615 5055; x_wconf 79' lang='lat' dir='ltr'><strong>(Psal.</strong></span> <span class='ocrx_word' id='word_1_408' title='bbox 644 4988 730 5041; x_wconf 69' lang='grc'><strong>44.</strong></span> <span class='ocrx_word' id='word_1_409' title='bbox 753 4987 843 5057; x_wconf 88' lang='lat'><strong>2).</strong></span> <span class='ocrx_word' id='word_1_410' title='bbox 877 4988 952 5042; x_wconf 87' lang='lat' dir='ltr'><strong>Ne</strong></span> <span class='ocrx_word' id='word_1_411' title='bbox 980 4997 1129 5057; x_wconf 86' lang='lat' dir='ltr'><strong>putes</strong></span> <span class='ocrx_word' id='word_1_412' title='bbox 1156 4990 1311 5059; x_wconf 79' lang='lat' dir='ltr'><strong>igitur</strong></span> <span class='ocrx_word' id='word_1_413' title='bbox 1336 4990 1516 5045; x_wconf 88' lang='lat' dir='ltr'><strong>literas</strong></span> <span class='ocrx_word' id='word_1_414' title='bbox 1543 5006 1607 5045; x_wconf 78' lang='lat' dir='ltr'><strong>ex</strong></span> <span class='ocrx_word' id='word_1_415' title='bbox 1631 4992 1833 5046; x_wconf 88' lang='lat' dir='ltr'><strong>calamo</strong></span> 
     </span>
    </p>
   </div>
   <div class='ocr_carea' id='block_1_53' title="bbox 270 5076 1833 5145">
    <p class='ocr_par' dir='ltr' id='par_1_53' title="bbox 270 5076 1833 5145">
     <span class='ocr_line' id='line_1_53' title="bbox 270 5076 1833 5145; baseline 0.004 -16"><span class='ocrx_word' id='word_1_416' title='bbox 270 5078 495 5145; x_wconf 82' lang='lat' dir='ltr'><strong>prodire,</strong></span> <span class='ocrx_word' id='word_1_417' title='bbox 523 5076 612 5131; x_wconf 90' lang='lat' dir='ltr'><strong>sed</strong></span> <span class='ocrx_word' id='word_1_418' title='bbox 642 5093 701 5130; x_wconf 81' lang='lat' dir='ltr'><strong>ex</strong></span> <span class='ocrx_word' id='word_1_419' title='bbox 732 5076 942 5132; x_wconf 79' lang='lat' dir='ltr'><strong>dextera</strong></span> <span class='ocrx_word' id='word_1_420' title='bbox 977 5079 1202 5133; x_wconf 89' lang='lat' dir='ltr'><strong>tenentis</strong></span> <span class='ocrx_word' id='word_1_421' title='bbox 1230 5094 1383 5142; x_wconf 90' lang='lat' dir='ltr'><strong>eum;</strong></span> <span class='ocrx_word' id='word_1_422' title='bbox 1415 5080 1465 5134; x_wconf 92' lang='lat' dir='ltr'><strong>id</strong></span> <span class='ocrx_word' id='word_1_423' title='bbox 1491 5089 1568 5134; x_wconf 89' lang='lat' dir='ltr'><strong>est</strong></span> <span class='ocrx_word' id='word_1_424' title='bbox 1589 5120 1603 5145; x_wconf 93' lang='lat'><strong>,</strong></span> <span class='ocrx_word' id='word_1_425' title='bbox 1635 5096 1737 5134; x_wconf 91' lang='lat' dir='ltr'><strong>nou</strong></span> <span class='ocrx_word' id='word_1_426' title='bbox 1767 5096 1833 5135; x_wconf 79' lang='lat' dir='ltr'><strong>ex</strong></span> 
     </span>
    </p>
   </div>
   <div class='ocr_carea' id='block_1_54' title="bbox 271 5165 1835 5237">
    <p class='ocr_par' dir='ltr' id='par_1_54' title="bbox 271 5165 1835 5237">
     <span class='ocr_line' id='line_1_54' title="bbox 271 5165 1835 5237; baseline 0.002 -17"><span class='ocrx_word' id='word_1_427' title='bbox 271 5167 441 5236; x_wconf 74' lang='lat' dir='ltr'><strong>lingua</strong></span> <span class='ocrx_word' id='word_1_428' title='bbox 474 5167 700 5229; x_wconf 86' lang='lat' dir='ltr'><strong>Davidis.</strong></span> <span class='ocrx_word' id='word_1_429' title='bbox 730 5165 823 5221; x_wconf 81' lang='lat' dir='ltr'><strong>sed</strong></span> <span class='ocrx_word' id='word_1_430' title='bbox 868 5182 930 5220; x_wconf 81' lang='lat' dir='ltr'><strong>ex</strong></span> <span class='ocrx_word' id='word_1_431' title='bbox 974 5168 1135 5237; x_wconf 89' lang='lat' dir='ltr'><strong>gratia</strong></span> <span class='ocrx_word' id='word_1_432' title='bbox 1181 5168 1349 5236; x_wconf 89' lang='lat' dir='ltr'><strong>ipsam</strong></span> <span class='ocrx_word' id='word_1_433' title='bbox 1389 5178 1652 5223; x_wconf 82' lang='lat' dir='ltr'><strong>movente.</strong></span> <span class='ocrx_word' id='word_1_434' title='bbox 1685 5169 1835 5223; x_wconf 79' lang='lat' dir='ltr'><strong>Alius</strong></span> 
     </span>
    </p>
   </div>
   <div class='ocr_carea' id='block_1_55' title="bbox 271 5257 1835 5328">
    <p class='ocr_par' dir='ltr' id='par_1_55' title="bbox 271 5257 1835 5328">
     <span class='ocr_line' id='line_1_55' title="bbox 271 5257 1835 5328; baseline 0.004 -19"><span class='ocrx_word' id='word_1_435' title='bbox 271 5273 397 5310; x_wconf 82' lang='lat' dir='ltr'><strong>vero</strong></span> <span class='ocrx_word' id='word_1_436' title='bbox 442 5258 691 5326; x_wconf 76' lang='lat' dir='ltr'><strong>propheta</strong></span> <span class='ocrx_word' id='word_1_437' title='bbox 722 5257 941 5325; x_wconf 86' lang='lat' dir='ltr'><strong>idipsum</strong></span> <span class='ocrx_word' id='word_1_438' title='bbox 969 5257 1241 5311; x_wconf 86' lang='lat' dir='ltr'><strong>declarans</strong></span> <span class='ocrx_word' id='word_1_439' title='bbox 1276 5259 1485 5313; x_wconf 91' lang='lat' dir='ltr'><strong>dicebat</strong></span> <span class='ocrx_word' id='word_1_440' title='bbox 1518 5276 1530 5312; x_wconf 95' lang='lat'><strong>:</strong></span> <span class='ocrx_word' id='word_1_441' title='bbox 1560 5259 1835 5328; x_wconf 84' lang='lat' dir='ltr'><strong>Caprarius</strong></span> 
     </span>
    </p>
   </div>
   <div class='ocr_carea' id='block_1_56' title="bbox 268 5348 1832 5418">
    <p class='ocr_par' dir='ltr' id='par_1_56' title="bbox 268 5348 1832 5418">
     <span class='ocr_line' id='line_1_56' title="bbox 268 5348 1832 5418; baseline 0.001 -16"><span class='ocrx_word' id='word_1_442' title='bbox 268 5366 402 5403; x_wconf 76' lang='lat' dir='ltr'><strong>enim</strong></span> <span class='ocrx_word' id='word_1_443' title='bbox 433 5365 716 5418; x_wconf 80' lang='lat' dir='ltr'><strong>sycomoros</strong></span> <span class='ocrx_word' id='word_1_444' title='bbox 755 5348 963 5401; x_wconf 78' lang='lat' dir='ltr'><strong>evelleiis</strong></span> <span class='ocrx_word' id='word_1_445' title='bbox 992 5348 1177 5416; x_wconf 87' lang='lat' dir='ltr'><strong>(Amos</strong></span> <span class='ocrx_word' id='word_1_446' title='bbox 1208 5348 1259 5401; x_wconf 78' lang='lat'><strong>7.</strong></span> <span class='ocrx_word' id='word_1_447' title='bbox 1292 5348 1357 5401; x_wconf 70' lang='lat' dir='ltr'>H</span> <span class='ocrx_word' id='word_1_448' title='bbox 1378 5348 1430 5418; x_wconf 89' lang='lat'><strong>);</strong></span> <span class='ocrx_word' id='word_1_449' title='bbox 1465 5364 1530 5403; x_wconf 90' lang='lat' dir='ltr'><strong>ne</strong></span> <span class='ocrx_word' id='word_1_450' title='bbox 1556 5351 1670 5418; x_wconf 87' lang='lat' dir='ltr'><strong>quis</strong></span> <span class='ocrx_word' id='word_1_451' title='bbox 1695 5350 1832 5404; x_wconf 88' lang='lat' dir='ltr'><strong>dicta</strong></span> 
     </span>
    </p>
   </div>
   <div class='ocr_carea' id='block_1_57' title="bbox 320 5497 1836 5563">
    <p class='ocr_par' dir='ltr' id='par_1_57' title="bbox 320 5497 1836 5563">
     <span class='ocr_line' id='line_1_57' title="bbox 320 5497 1836 5563; baseline 0.001 -14"><span class='ocrx_word' id='word_1_452' title='bbox 320 5500 392 5561; x_wconf 86' lang='grc' dir='ltr'><strong>(α)</strong></span> <span class='ocrx_word' id='word_1_453' title='bbox 424 5498 556 5563; x_wconf 79' lang='lat' dir='ltr'><strong>Nulla</strong></span> <span class='ocrx_word' id='word_1_454' title='bbox 579 5500 785 5563; x_wconf 77' lang='lat' dir='ltr'><strong>capitum</strong></span> <span class='ocrx_word' id='word_1_455' title='bbox 806 5497 1047 5563; x_wconf 83' lang='lat' dir='ltr'><strong>distinctio</strong></span> <span class='ocrx_word' id='word_1_456' title='bbox 1061 5498 1266 5548; x_wconf 88' lang='lat' dir='ltr'><strong>habetur</strong></span> <span class='ocrx_word' id='word_1_457' title='bbox 1280 5501 1329 5548; x_wconf 90' lang='lat' dir='ltr'><strong>in</strong></span> <span class='ocrx_word' id='word_1_458' title='bbox 1352 5503 1496 5562; x_wconf 82' lang='lat' dir='ltr'><strong>Regio</strong></span> <span class='ocrx_word' id='word_1_459' title='bbox 1518 5500 1710 5551; x_wconf 87' lang='lat' dir='ltr'><strong>Codice.</strong></span> <span class='ocrx_word' id='word_1_460' title='bbox 1733 5501 1836 5551; x_wconf 86' lang='lat' dir='ltr'><strong>lmo</strong></span> 
     </span>
    </p>
   </div>
   <div class='ocr_carea' id='block_1_58' title="bbox 260 5559 1834 5622">
    <p class='ocr_par' dir='ltr' id='par_1_58' title="bbox 260 5559 1834 5622">
     <span class='ocr_line' id='line_1_58' title="bbox 260 5559 1834 5622; baseline 0.002 -11"><span class='ocrx_word' id='word_1_461' title='bbox 260 5562 310 5611; x_wconf 84' lang='lat' dir='ltr'><strong>in</strong></span> <span class='ocrx_word' id='word_1_462' title='bbox 332 5559 581 5611; x_wconf 81' lang='lat' dir='ltr'><strong>veteribus</strong></span> <span class='ocrx_word' id='word_1_463' title='bbox 600 5559 704 5611; x_wconf 64' lang='lat' dir='ltr'><strong>MSS.</strong></span> <span class='ocrx_word' id='word_1_464' title='bbox 731 5559 875 5622; x_wconf 79' lang='lat' dir='ltr'><strong>longe</strong></span> <span class='ocrx_word' id='word_1_465' title='bbox 896 5561 1117 5622; x_wconf 79' lang='lat' dir='ltr'><strong>diversus</strong></span> <span class='ocrx_word' id='word_1_466' title='bbox 1142 5569 1243 5609; x_wconf 88' lang='lat' dir='ltr'><strong>erat</strong></span> <span class='ocrx_word' id='word_1_467' title='bbox 1279 5559 1485 5622; x_wconf 76' lang='lat' dir='ltr'><strong>capitum</strong></span> <span class='ocrx_word' id='word_1_468' title='bbox 1515 5563 1650 5621; x_wconf 87' lang='lat' dir='ltr'><strong>ordo,</strong></span> <span class='ocrx_word' id='word_1_469' title='bbox 1689 5572 1740 5612; x_wconf 92' lang='lat' dir='ltr'><strong>ut</strong></span> <span class='ocrx_word' id='word_1_470' title='bbox 1764 5566 1834 5614; x_wconf 89' lang='lat' dir='ltr'><strong>vi-</strong></span> 
     </span>
    </p>
   </div>
   <div class='ocr_carea' id='block_1_59' title="bbox 262 5620 1733 5684">
    <p class='ocr_par' dir='ltr' id='par_1_59' title="bbox 262 5620 1733 5684">
     <span class='ocr_line' id='line_1_59' title="bbox 262 5620 1733 5684; baseline 0.001 -11"><span class='ocrx_word' id='word_1_471' title='bbox 262 5626 382 5675; x_wconf 73' lang='lat' dir='ltr'><strong>deas</strong></span> <span class='ocrx_word' id='word_1_472' title='bbox 405 5626 453 5674; x_wconf 86' lang='lat' dir='ltr'><strong>in</strong></span> <span class='ocrx_word' id='word_1_473' title='bbox 472 5623 760 5675; x_wconf 82' lang='lat' dir='ltr'><strong>Bibliotheca</strong></span> <span class='ocrx_word' id='word_1_474' title='bbox 786 5620 943 5675; x_wconf 70' lang='lat' dir='ltr'><strong>uestra</strong></span> <span class='ocrx_word' id='word_1_475' title='bbox 966 5620 1265 5684; x_wconf 81' lang='lat' dir='ltr'><strong>Coisliuiaua,</strong></span> <span class='ocrx_word' id='word_1_476' title='bbox 1290 5620 1351 5672; x_wconf 77' lang='lat' dir='ltr'><strong>de</strong></span> <span class='ocrx_word' id='word_1_477' title='bbox 1377 5622 1509 5674; x_wconf 87' lang='lat' dir='ltr'><strong>libris</strong></span> <span class='ocrx_word' id='word_1_478' title='bbox 1531 5624 1733 5676; x_wconf 78' lang='lat' dir='ltr'><strong>Biblicis.</strong></span> 
     </span>
    </p>
   </div>
   <div class='ocr_carea' id='block_1_60' title="bbox 1966 415 3533 487">
    <p class='ocr_par' dir='ltr' id='par_1_60' title="bbox 1966 415 3533 487">
     <span class='ocr_line' id='line_1_60' title="bbox 1966 415 3533 487; baseline -0.001 -17"><span class='ocrx_word' id='word_1_479' title='bbox 1966 415 2209 471; x_wconf 80' lang='lat' dir='ltr'><strong>humana:</strong></span> <span class='ocrx_word' id='word_1_480' title='bbox 2236 419 2507 487; x_wconf 72' lang='lat' dir='ltr'><strong>sapientia:</strong></span> <span class='ocrx_word' id='word_1_481' title='bbox 2534 418 2857 473; x_wconf 78' lang='lat' dir='ltr'><strong>adscriberet</strong></span> <span class='ocrx_word' id='word_1_482' title='bbox 2907 418 3086 487; x_wconf 78' lang='lat' dir='ltr'><strong>Neque</strong></span> <span class='ocrx_word' id='word_1_483' title='bbox 3118 417 3218 471; x_wconf 87' lang='lat' dir='ltr'><strong>hoc</strong></span> <span class='ocrx_word' id='word_1_484' title='bbox 3245 416 3384 469; x_wconf 88' lang='lat' dir='ltr'><strong>dicto</strong></span> <span class='ocrx_word' id='word_1_485' title='bbox 3409 430 3533 469; x_wconf 78' lang='lat' dir='ltr'><strong>cou-</strong></span> 
     </span>
    </p>
   </div>
   <div class='ocr_carea' id='block_1_61' title="bbox 1964 508 3530 576">
    <p class='ocr_par' dir='ltr' id='par_1_61' title="bbox 1964 508 3530 576">
     <span class='ocr_line' id='line_1_61' title="bbox 1964 508 3530 576; baseline -0.001 -16"><span class='ocrx_word' id='word_1_486' title='bbox 1964 515 2139 562; x_wconf 90' lang='lat' dir='ltr'><strong>tentus</strong></span> <span class='ocrx_word' id='word_1_487' title='bbox 2167 508 2284 574; x_wconf 90' lang='lat' dir='ltr'><strong>fuit,</strong></span> <span class='ocrx_word' id='word_1_488' title='bbox 2311 508 2403 563; x_wconf 87' lang='lat' dir='ltr'><strong>sed</strong></span> <span class='ocrx_word' id='word_1_489' title='bbox 2433 509 2572 562; x_wconf 90' lang='lat' dir='ltr'><strong>aliud</strong></span> <span class='ocrx_word' id='word_1_490' title='bbox 2594 508 2795 565; x_wconf 87' lang='lat' dir='ltr'><strong>addidit</strong></span> <span class='ocrx_word' id='word_1_491' title='bbox 2823 509 2905 564; x_wconf 89' lang='lat' dir='ltr'><strong>his</strong></span> <span class='ocrx_word' id='word_1_492' title='bbox 2931 508 3100 563; x_wconf 84' lang='lat' dir='ltr'><strong>verbis</strong></span> <span class='ocrx_word' id='word_1_493' title='bbox 3130 526 3141 562; x_wconf 93' lang='lat'><strong>:</strong></span> <span class='ocrx_word' id='word_1_494' title='bbox 3178 508 3285 562; x_wconf 80' lang='lat' dir='ltr'><strong>Sed</strong></span> <span class='ocrx_word' id='word_1_495' title='bbox 3322 523 3412 576; x_wconf 82' lang='lat' dir='ltr'><strong>ego</strong></span> <span class='ocrx_word' id='word_1_496' title='bbox 3449 522 3530 559; x_wconf 79' lang='lat' dir='ltr'><strong>re-</strong></span> 
     </span>
    </p>
   </div>
   <div class='ocr_carea' id='block_1_62' title="bbox 1964 597 3535 668">
    <p class='ocr_par' dir='ltr' id='par_1_62' title="bbox 1964 597 3535 668">
     <span class='ocr_line' id='line_1_62' title="bbox 1964 597 3535 668; baseline -0.001 -19"><span class='ocrx_word' id='word_1_497' title='bbox 1964 598 2122 664; x_wconf 83' lang='lat' dir='ltr'><strong>pletus</strong></span> <span class='ocrx_word' id='word_1_498' title='bbox 2147 614 2257 651; x_wconf 87' lang='lat' dir='ltr'><strong>sum</strong></span> <span class='ocrx_word' id='word_1_499' title='bbox 2293 599 2586 667; x_wconf 79' lang='lat' dir='ltr'><strong>fortitudine</strong></span> <span class='ocrx_word' id='word_1_500' title='bbox 2610 600 2662 653; x_wconf 89' lang='lat' dir='ltr'><strong>in</strong></span> <span class='ocrx_word' id='word_1_501' title='bbox 2689 599 2885 667; x_wconf 86' lang='lat' dir='ltr'><strong>Spiritu</strong></span> <span class='ocrx_word' id='word_1_502' title='bbox 2918 597 3139 659; x_wconf 87' lang='lat' dir='ltr'><strong>Domini,</strong></span> <span class='ocrx_word' id='word_1_503' title='bbox 3177 608 3219 651; x_wconf 91' lang='lat' dir='ltr'><strong>et</strong></span> <span class='ocrx_word' id='word_1_504' title='bbox 3240 597 3458 668; x_wconf 79' lang='lat' dir='ltr'><strong>judicio,</strong></span> <span class='ocrx_word' id='word_1_505' title='bbox 3490 604 3535 648; x_wconf 76' lang='lat' dir='ltr'><strong>et</strong></span> 
     </span>
    </p>
   </div>
   <div class='ocr_carea' id='block_1_63' title="bbox 1963 687 3536 760">
    <p class='ocr_par' dir='ltr' id='par_1_63' title="bbox 1963 687 3536 760">
     <span class='ocr_line' id='line_1_63' title="bbox 1963 687 3536 760; baseline -0.001 -20"><span class='ocrx_word' id='word_1_506' title='bbox 1963 689 2181 756; x_wconf 81' lang='lat' dir='ltr'><strong>potentia</strong></span> <span class='ocrx_word' id='word_1_507' title='bbox 2219 688 2419 760; x_wconf 83' lang='lat' dir='ltr'><strong>(Mic/i.</strong></span> <span class='ocrx_word' id='word_1_508' title='bbox 2447 690 2499 743; x_wconf 81' lang='lat'><strong>&#39;5.</strong></span> <span class='ocrx_word' id='word_1_509' title='bbox 2532 689 2624 760; x_wconf 91' lang='lat'><strong>8).</strong></span> <span class='ocrx_word' id='word_1_510' title='bbox 2669 691 2849 746; x_wconf 88' lang='lat' dir='ltr'><strong>Gratia</strong></span> <span class='ocrx_word' id='word_1_511' title='bbox 2879 690 3070 760; x_wconf 87' lang='lat' dir='ltr'><strong>quippe</strong></span> <span class='ocrx_word' id='word_1_512' title='bbox 3101 690 3217 742; x_wconf 92' lang='lat' dir='ltr'><strong>illos</strong></span> <span class='ocrx_word' id='word_1_513' title='bbox 3243 704 3346 742; x_wconf 90' lang='lat' dir='ltr'><strong>non</strong></span> <span class='ocrx_word' id='word_1_514' title='bbox 3377 687 3536 741; x_wconf 82' lang='lat' dir='ltr'><strong>modo</strong></span> 
     </span>
    </p>
   </div>
   <div class='ocr_carea' id='block_1_64' title="bbox 1963 777 3535 847">
    <p class='ocr_par' dir='ltr' id='par_1_64' title="bbox 1963 777 3535 847">
     <span class='ocr_line' id='line_1_64' title="bbox 1963 777 3535 847; baseline -0.003 -15"><span class='ocrx_word' id='word_1_515' title='bbox 1963 780 2247 846; x_wconf 88' lang='lat' dir='ltr'><strong>sapientes,</strong></span> <span class='ocrx_word' id='word_1_516' title='bbox 2295 781 2389 834; x_wconf 88' lang='lat' dir='ltr'><strong>sed</strong></span> <span class='ocrx_word' id='word_1_517' title='bbox 2431 778 2589 834; x_wconf 90' lang='lat' dir='ltr'><strong>etiam</strong></span> <span class='ocrx_word' id='word_1_518' title='bbox 2636 782 2796 835; x_wconf 77' lang='lat' dir='ltr'><strong>fortes</strong></span> <span class='ocrx_word' id='word_1_519' title='bbox 2832 781 3126 846; x_wconf 85' lang='lat' dir='ltr'><strong>efficiebat,</strong></span> <span class='ocrx_word' id='word_1_520' title='bbox 3156 794 3259 833; x_wconf 91' lang='lat' dir='ltr'><strong>non</strong></span> <span class='ocrx_word' id='word_1_521' title='bbox 3298 777 3535 847; x_wconf 74' lang='lat' dir='ltr'><strong>corporis</strong></span> 
     </span>
    </p>
   </div>
   <div class='ocr_carea' id='block_1_65' title="bbox 1961 870 3534 940">
    <p class='ocr_par' dir='ltr' id='par_1_65' title="bbox 1961 870 3534 940">
     <span class='ocr_line' id='line_1_65' title="bbox 1961 870 3534 940; baseline -0.001 -16"><span class='ocrx_word' id='word_1_522' title='bbox 1961 872 2356 937; x_wconf 90' lang='lat' dir='ltr'><strong>constitutione,</strong></span> <span class='ocrx_word' id='word_1_523' title='bbox 2388 871 2479 925; x_wconf 85' lang='lat' dir='ltr'><strong>sed</strong></span> <span class='ocrx_word' id='word_1_524' title='bbox 2507 881 2705 926; x_wconf 91' lang='lat' dir='ltr'><strong>mente.</strong></span> <span class='ocrx_word' id='word_1_525' title='bbox 2731 872 2861 940; x_wconf 83' lang='lat' dir='ltr'><strong>Quia</strong></span> <span class='ocrx_word' id='word_1_526' title='bbox 2889 872 3031 927; x_wconf 90' lang='lat' dir='ltr'><strong>enim</strong></span> <span class='ocrx_word' id='word_1_527' title='bbox 3058 887 3176 926; x_wconf 89' lang='lat' dir='ltr'><strong>eum</strong></span> <span class='ocrx_word' id='word_1_528' title='bbox 3207 870 3400 940; x_wconf 85' lang='lat' dir='ltr'><strong>populo</strong></span> <span class='ocrx_word' id='word_1_529' title='bbox 3421 885 3534 924; x_wconf 90' lang='lat' dir='ltr'><strong>rem</strong></span> 
     </span>
    </p>
   </div>
   <div class='ocr_carea' id='block_1_66' title="bbox 1964 962 3536 1033">
    <p class='ocr_par' dir='ltr' id='par_1_66' title="bbox 1964 962 3536 1033">
     <span class='ocr_line' id='line_1_66' title="bbox 1964 962 3536 1033; baseline 0.002 -20"><span class='ocrx_word' id='word_1_530' title='bbox 1964 962 2225 1017; x_wconf 89' lang='lat' dir='ltr'><strong>habebant</strong></span> <span class='ocrx_word' id='word_1_531' title='bbox 2249 962 2447 1017; x_wconf 86' lang='lat' dir='ltr'><strong>aiidace</strong></span> <span class='ocrx_word' id='word_1_532' title='bbox 2466 971 2523 1018; x_wconf 89' lang='lat' dir='ltr'><strong>et</strong></span> <span class='ocrx_word' id='word_1_533' title='bbox 2548 963 2873 1032; x_wconf 86' lang='lat' dir='ltr'><strong>impudente,</strong></span> <span class='ocrx_word' id='word_1_534' title='bbox 2900 977 2962 1017; x_wconf 87' lang='lat' dir='ltr'><strong>ac</strong></span> <span class='ocrx_word' id='word_1_535' title='bbox 2983 963 3221 1033; x_wconf 88' lang='lat' dir='ltr'><strong>sanguini</strong></span> <span class='ocrx_word' id='word_1_536' title='bbox 3251 962 3536 1031; x_wconf 83' lang='lat' dir='ltr'><strong>propheta-</strong></span> 
     </span>
    </p>
   </div>
   <div class='ocr_carea' id='block_1_67' title="bbox 1962 1053 3534 1124">
    <p class='ocr_par' dir='ltr' id='par_1_67' title="bbox 1962 1053 3534 1124">
     <span class='ocr_line' id='line_1_67' title="bbox 1962 1053 3534 1124; baseline 0.002 -18"><span class='ocrx_word' id='word_1_537' title='bbox 1962 1068 2075 1106; x_wconf 91' lang='lat' dir='ltr'><strong>rum</strong></span> <span class='ocrx_word' id='word_1_538' title='bbox 2109 1053 2342 1108; x_wconf 87' lang='lat' dir='ltr'><strong>inliiante</strong></span> <span class='ocrx_word' id='word_1_539' title='bbox 2364 1096 2378 1119; x_wconf 96' lang='lat'><strong>,</strong></span> <span class='ocrx_word' id='word_1_540' title='bbox 2404 1065 2814 1124; x_wconf 88' lang='lat' dir='ltr'><strong>sanctorumque</strong></span> <span class='ocrx_word' id='word_1_541' title='bbox 2838 1054 3036 1110; x_wconf 68' lang='lat' dir='ltr'><strong>caedem</strong></span> <span class='ocrx_word' id='word_1_542' title='bbox 3066 1055 3341 1121; x_wconf 86' lang='lat' dir='ltr'><strong>moliente,</strong></span> <span class='ocrx_word' id='word_1_543' title='bbox 3372 1054 3534 1109; x_wconf 88' lang='lat' dir='ltr'><strong>multa</strong></span> 
     </span>
    </p>
   </div>
   <div class='ocr_carea' id='block_1_68' title="bbox 1960 1144 3535 1214">
    <p class='ocr_par' dir='ltr' id='par_1_68' title="bbox 1960 1144 3535 1214">
     <span class='ocr_line' id='line_1_68' title="bbox 1960 1144 3535 1214; baseline 0.003 -19"><span class='ocrx_word' id='word_1_544' title='bbox 1960 1148 2103 1196; x_wconf 76' lang='lat' dir='ltr'><strong>certe</strong></span> <span class='ocrx_word' id='word_1_545' title='bbox 2144 1144 2216 1197; x_wconf 90' lang='lat' dir='ltr'><strong>illi</strong></span> <span class='ocrx_word' id='word_1_546' title='bbox 2259 1144 2484 1214; x_wconf 82' lang='lat' dir='ltr'><strong>egebant</strong></span> <span class='ocrx_word' id='word_1_547' title='bbox 2527 1144 2865 1209; x_wconf 83' lang='lat' dir='ltr'><strong>fortitudine,</strong></span> <span class='ocrx_word' id='word_1_548' title='bbox 2897 1154 2953 1200; x_wconf 94' lang='lat' dir='ltr'><strong>ut</strong></span> <span class='ocrx_word' id='word_1_549' title='bbox 2978 1159 3046 1201; x_wconf 90' lang='lat' dir='ltr'><strong>ne</strong></span> <span class='ocrx_word' id='word_1_550' title='bbox 3065 1160 3250 1201; x_wconf 89' lang='lat' dir='ltr'><strong>eorum</strong></span> <span class='ocrx_word' id='word_1_551' title='bbox 3280 1146 3535 1213; x_wconf 90' lang='lat' dir='ltr'><strong>impetum</strong></span> 
     </span>
    </p>
   </div>
   <div class='ocr_carea' id='block_1_69' title="bbox 1960 1230 3533 1300">
    <p class='ocr_par' dir='ltr' id='par_1_69' title="bbox 1960 1230 3533 1300">
     <span class='ocr_line' id='line_1_69' title="bbox 1960 1230 3533 1300; baseline 0.002 -15"><span class='ocrx_word' id='word_1_552' title='bbox 1960 1230 2325 1288; x_wconf 87' lang='lat' dir='ltr'><strong>formidarent.</strong></span> <span class='ocrx_word' id='word_1_553' title='bbox 2354 1233 2475 1289; x_wconf 91' lang='lat' dir='ltr'><strong>Ideo</strong></span> <span class='ocrx_word' id='word_1_554' title='bbox 2503 1235 2745 1289; x_wconf 68' lang='lat' dir='ltr'><strong>Jeremias</strong></span> <span class='ocrx_word' id='word_1_555' title='bbox 2769 1234 2979 1300; x_wconf 91' lang='lat' dir='ltr'><strong>dicitur,</strong></span> <span class='ocrx_word' id='word_1_556' title='bbox 3009 1235 3167 1289; x_wconf 85' lang='lat' dir='ltr'><strong>Posui</strong></span> <span class='ocrx_word' id='word_1_557' title='bbox 3188 1246 3231 1289; x_wconf 86' lang='lat' dir='ltr'><strong>te</strong></span> <span class='ocrx_word' id='word_1_558' title='bbox 3259 1246 3315 1288; x_wconf 88' lang='lat' dir='ltr'><strong>ut</strong></span> <span class='ocrx_word' id='word_1_559' title='bbox 3335 1237 3533 1290; x_wconf 81' lang='lat' dir='ltr'><strong>colunt-</strong></span> 
     </span>
    </p>
   </div>
   <div class='ocr_carea' id='block_1_70' title="bbox 1959 1324 3531 1395">
    <p class='ocr_par' dir='ltr' id='par_1_70' title="bbox 1959 1324 3531 1395">
     <span class='ocr_line' id='line_1_70' title="bbox 1959 1324 3531 1395; baseline 0.003 -20"><span class='ocrx_word' id='word_1_560' title='bbox 1959 1339 2075 1375; x_wconf 85' lang='lat' dir='ltr'><strong>nam</strong></span> <span class='ocrx_word' id='word_1_561' title='bbox 2092 1326 2305 1393; x_wconf 77' lang='lat' dir='ltr'><strong>ferream</strong></span> <span class='ocrx_word' id='word_1_562' title='bbox 2324 1332 2370 1377; x_wconf 85' lang='lat' dir='ltr'><strong>et</strong></span> <span class='ocrx_word' id='word_1_563' title='bbox 2390 1332 2444 1377; x_wconf 89' lang='lat' dir='ltr'><strong>ut</strong></span> <span class='ocrx_word' id='word_1_564' title='bbox 2465 1340 2663 1377; x_wconf 86' lang='lat' dir='ltr'><strong>murum</strong></span> <span class='ocrx_word' id='word_1_565' title='bbox 2684 1340 2865 1378; x_wconf 72' lang='lat' dir='ltr'><strong>(ereum</strong></span> <span class='ocrx_word' id='word_1_566' title='bbox 2888 1324 3019 1395; x_wconf 84' lang='lat' dir='ltr'><strong>(Jer.</strong></span> <span class='ocrx_word' id='word_1_567' title='bbox 3045 1326 3095 1379; x_wconf 76' lang='grc'><strong>1.</strong></span> <span class='ocrx_word' id='word_1_568' title='bbox 3120 1325 3207 1395; x_wconf 82' lang='lat' dir='ltr'><strong>l8)</strong></span> <span class='ocrx_word' id='word_1_569' title='bbox 3228 1342 3242 1390; x_wconf 86' lang='lat'><strong>;</strong></span> <span class='ocrx_word' id='word_1_570' title='bbox 3272 1325 3531 1381; x_wconf 85' lang='lat' dir='ltr'><strong>Ezecliieli</strong></span> 
     </span>
    </p>
   </div>
   <div class='ocr_carea' id='block_1_71' title="bbox 1959 1411 3534 1485">
    <p class='ocr_par' dir='ltr' id='par_1_71' title="bbox 1959 1411 3534 1485">
     <span class='ocr_line' id='line_1_71' title="bbox 1959 1411 3534 1485; baseline 0.003 -21"><span class='ocrx_word' id='word_1_571' title='bbox 1959 1421 2153 1474; x_wconf 88' lang='lat' dir='ltr'><strong>autem,</strong></span> <span class='ocrx_word' id='word_1_572' title='bbox 2177 1411 2243 1466; x_wconf 86' lang='lat' dir='ltr'><strong>In</strong></span> <span class='ocrx_word' id='word_1_573' title='bbox 2264 1414 2430 1467; x_wconf 86' lang='lat' dir='ltr'><strong>medio</strong></span> <span class='ocrx_word' id='word_1_574' title='bbox 2448 1414 2759 1482; x_wconf 81' lang='lat' dir='ltr'><strong>scorpiorum</strong></span> <span class='ocrx_word' id='word_1_575' title='bbox 2782 1423 2833 1467; x_wconf 90' lang='lat' dir='ltr'><strong>tu</strong></span> <span class='ocrx_word' id='word_1_576' title='bbox 2854 1413 3067 1480; x_wconf 82' lang='lat' dir='ltr'><strong>habitas,</strong></span> <span class='ocrx_word' id='word_1_577' title='bbox 3086 1430 3147 1468; x_wconf 78' lang='lat' dir='ltr'><strong>ne</strong></span> <span class='ocrx_word' id='word_1_578' title='bbox 3162 1414 3334 1468; x_wconf 80' lang='lat' dir='ltr'><strong>timeas</strong></span> <span class='ocrx_word' id='word_1_579' title='bbox 3354 1431 3385 1467; x_wconf 83' lang='grc' dir='ltr'><em>α</em></span> <span class='ocrx_word' id='word_1_580' title='bbox 3404 1416 3534 1485; x_wconf 75' lang='lat' dir='ltr'><strong>facie</strong></span> 
     </span>
    </p>
   </div>
   <div class='ocr_carea' id='block_1_72' title="bbox 1957 1503 3534 1576">
    <p class='ocr_par' dir='ltr' id='par_1_72' title="bbox 1957 1503 3534 1576">
     <span class='ocr_line' id='line_1_72' title="bbox 1957 1503 3534 1576; baseline 0.004 -21"><span class='ocrx_word' id='word_1_581' title='bbox 1957 1519 2150 1566; x_wconf 85' lang='lat' dir='ltr'><strong>eorum,</strong></span> <span class='ocrx_word' id='word_1_582' title='bbox 2184 1520 2338 1573; x_wconf 84' lang='lat' dir='ltr'><strong>neque</strong></span> <span class='ocrx_word' id='word_1_583' title='bbox 2364 1505 2604 1574; x_wconf 78' lang='lat' dir='ltr'><strong>formides</strong></span> <span class='ocrx_word' id='word_1_584' title='bbox 2639 1503 2856 1576; x_wconf 80' lang='lat' dir='ltr'><strong>(Ezech.</strong></span> <span class='ocrx_word' id='word_1_585' title='bbox 2884 1504 2938 1557; x_wconf 91' lang='lat'><strong>2.</strong></span> <span class='ocrx_word' id='word_1_586' title='bbox 2971 1504 3059 1573; x_wconf 87' lang='lat'><strong>6).</strong></span> <span class='ocrx_word' id='word_1_587' title='bbox 3100 1504 3306 1576; x_wconf 80' lang='lat' dir='ltr'><strong>Moyses</strong></span> <span class='ocrx_word' id='word_1_588' title='bbox 3325 1522 3534 1576; x_wconf 88' lang='lat' dir='ltr'><strong>quoque</strong></span> 
     </span>
    </p>
   </div>
   <div class='ocr_carea' id='block_1_73' title="bbox 1957 1595 3532 1666">
    <p class='ocr_par' dir='ltr' id='par_1_73' title="bbox 1957 1595 3532 1666">
     <span class='ocr_line' id='line_1_73' title="bbox 1957 1595 3532 1666; baseline 0.003 -19"><span class='ocrx_word' id='word_1_589' title='bbox 1957 1608 2078 1647; x_wconf 88' lang='lat' dir='ltr'><strong>cum</strong></span> <span class='ocrx_word' id='word_1_590' title='bbox 2100 1595 2415 1660; x_wconf 89' lang='lat' dir='ltr'><strong>mitteretur,</strong></span> <span class='ocrx_word' id='word_1_591' title='bbox 2440 1609 2545 1649; x_wconf 92' lang='lat' dir='ltr'><strong>non</strong></span> <span class='ocrx_word' id='word_1_592' title='bbox 2570 1595 2897 1648; x_wconf 85' lang='lat' dir='ltr'><strong>Pharaonem</strong></span> <span class='ocrx_word' id='word_1_593' title='bbox 2923 1605 3143 1656; x_wconf 88' lang='lat' dir='ltr'><strong>tantum.</strong></span> <span class='ocrx_word' id='word_1_594' title='bbox 3166 1595 3259 1650; x_wconf 91' lang='lat' dir='ltr'><strong>sed</strong></span> <span class='ocrx_word' id='word_1_595' title='bbox 3283 1605 3337 1650; x_wconf 93' lang='lat' dir='ltr'><strong>et</strong></span> <span class='ocrx_word' id='word_1_596' title='bbox 3365 1611 3532 1666; x_wconf 87' lang='lat' dir='ltr'><strong>popu-</strong></span> 
     </span>
    </p>
   </div>
   <div class='ocr_carea' id='block_1_74' title="bbox 1959 1683 3529 1759">
    <p class='ocr_par' dir='ltr' id='par_1_74' title="bbox 1959 1683 3529 1759">
     <span class='ocr_line' id='line_1_74' title="bbox 1959 1683 3529 1759; baseline 0.003 -23"><span class='ocrx_word' id='word_1_597' title='bbox 1959 1683 2066 1737; x_wconf 91' lang='lat' dir='ltr'><strong>lum</strong></span> <span class='ocrx_word' id='word_1_598' title='bbox 2094 1684 2369 1739; x_wconf 79' lang='lat' dir='ltr'><strong>Judaicum</strong></span> <span class='ocrx_word' id='word_1_599' title='bbox 2390 1692 2652 1747; x_wconf 85' lang='lat' dir='ltr'><strong>metuens,</strong></span> <span class='ocrx_word' id='word_1_600' title='bbox 2671 1698 2943 1740; x_wconf 88' lang='lat' dir='ltr'><strong>recusasse</strong></span> <span class='ocrx_word' id='word_1_601' title='bbox 2964 1685 3090 1739; x_wconf 90' lang='lat' dir='ltr'><strong>mihi</strong></span> <span class='ocrx_word' id='word_1_602' title='bbox 3106 1685 3313 1741; x_wconf 90' lang='lat' dir='ltr'><strong>videtur</strong></span> <span class='ocrx_word' id='word_1_603' title='bbox 3337 1685 3529 1759; x_wconf 69' lang='lat' dir='ltr'><strong>(Exod.</strong></span> 
     </span>
    </p>
   </div>
   <div class='ocr_carea' id='block_1_75' title="bbox 1956 1772 3531 1842">
    <p class='ocr_par' dir='ltr' id='par_1_75' title="bbox 1956 1772 3531 1842">
     <span class='ocr_line' id='line_1_75' title="bbox 1956 1772 3531 1842; baseline 0.004 -17"><span class='ocrx_word' id='word_1_604' title='bbox 1956 1772 2009 1825; x_wconf 72' lang='grc'><strong>4.</strong></span> <span class='ocrx_word' id='word_1_605' title='bbox 2040 1772 2150 1841; x_wconf 74' lang='grc'><strong>10).</strong></span> <span class='ocrx_word' id='word_1_606' title='bbox 2181 1773 2345 1826; x_wconf 90' lang='lat' dir='ltr'><strong>Deum</strong></span> <span class='ocrx_word' id='word_1_607' title='bbox 2375 1773 2533 1841; x_wconf 87' lang='lat' dir='ltr'><strong>igitur</strong></span> <span class='ocrx_word' id='word_1_608' title='bbox 2558 1773 2857 1842; x_wconf 88' lang='lat' dir='ltr'><strong>alloquens,</strong></span> <span class='ocrx_word' id='word_1_609' title='bbox 2886 1773 3112 1830; x_wconf 90' lang='lat' dir='ltr'><strong>barbaro</strong></span> <span class='ocrx_word' id='word_1_610' title='bbox 3140 1775 3379 1842; x_wconf 90' lang='lat' dir='ltr'><strong>dimisso,</strong></span> <span class='ocrx_word' id='word_1_611' title='bbox 3412 1776 3531 1831; x_wconf 82' lang='lat' dir='ltr'><strong>edi-</strong></span> 
     </span>
    </p>
   </div>
   <div class='ocr_carea' id='block_1_76' title="bbox 1959 1861 3530 1934">
    <p class='ocr_par' dir='ltr' id='par_1_76' title="bbox 1959 1861 3530 1934">
     <span class='ocr_line' id='line_1_76' title="bbox 1959 1861 3530 1934; baseline 0.005 -21"><span class='ocrx_word' id='word_1_612' title='bbox 1959 1875 2108 1915; x_wconf 88' lang='lat' dir='ltr'><strong>scere</strong></span> <span class='ocrx_word' id='word_1_613' title='bbox 2133 1861 2331 1930; x_wconf 88' lang='lat' dir='ltr'><strong>ingcnii</strong></span> <span class='ocrx_word' id='word_1_614' title='bbox 2360 1862 2535 1915; x_wconf 90' lang='lat' dir='ltr'><strong>studio</strong></span> <span class='ocrx_word' id='word_1_615' title='bbox 2564 1863 2877 1932; x_wconf 87' lang='lat' dir='ltr'><strong>peroptabat</strong></span> <span class='ocrx_word' id='word_1_616' title='bbox 2898 1904 2911 1928; x_wconf 89' lang='lat'><strong>,</strong></span> <span class='ocrx_word' id='word_1_617' title='bbox 2943 1864 3067 1933; x_wconf 91' lang='lat' dir='ltr'><strong>quid</strong></span> <span class='ocrx_word' id='word_1_618' title='bbox 3096 1864 3375 1920; x_wconf 90' lang='lat' dir='ltr'><strong>dicendum</strong></span> <span class='ocrx_word' id='word_1_619' title='bbox 3402 1866 3530 1934; x_wconf 89' lang='lat' dir='ltr'><strong>ipsis</strong></span> 
     </span>
    </p>
   </div>
   <div class='ocr_carea' id='block_1_77' title="bbox 1954 1950 3527 2020">
    <p class='ocr_par' dir='ltr' id='par_1_77' title="bbox 1954 1950 3527 2020">
     <span class='ocr_line' id='line_1_77' title="bbox 1954 1950 3527 2020; baseline 0.006 -18"><span class='ocrx_word' id='word_1_620' title='bbox 1954 1956 2097 2003; x_wconf 83' lang='lat' dir='ltr'><strong>esset</strong></span> <span class='ocrx_word' id='word_1_621' title='bbox 2142 1964 2247 2003; x_wconf 90' lang='lat' dir='ltr'><strong>non</strong></span> <span class='ocrx_word' id='word_1_622' title='bbox 2290 1950 2663 2013; x_wconf 86' lang='lat' dir='ltr'><strong>credentibus,</strong></span> <span class='ocrx_word' id='word_1_623' title='bbox 2695 1967 2753 2006; x_wconf 91' lang='lat' dir='ltr'><strong>se</strong></span> <span class='ocrx_word' id='word_1_624' title='bbox 2778 1965 2808 2005; x_wconf 91' lang='lat' dir='ltr'><strong>a</strong></span> <span class='ocrx_word' id='word_1_625' title='bbox 2836 1952 2947 2007; x_wconf 91' lang='lat' dir='ltr'><strong>Deo</strong></span> <span class='ocrx_word' id='word_1_626' title='bbox 2973 1955 3190 2009; x_wconf 89' lang='lat' dir='ltr'><strong>missum</strong></span> <span class='ocrx_word' id='word_1_627' title='bbox 3232 1957 3527 2020; x_wconf 87' lang='lat' dir='ltr'><strong>accedere;</strong></span> 
     </span>
    </p>
   </div>
   <div class='ocr_carea' id='block_1_78' title="bbox 1954 2040 3529 2115">
    <p class='ocr_par' dir='ltr' id='par_1_78' title="bbox 1954 2040 3529 2115">
     <span class='ocr_line' id='line_1_78' title="bbox 1954 2040 3529 2115; baseline 0.004 -24"><span class='ocrx_word' id='word_1_628' title='bbox 1954 2040 2207 2108; x_wconf 89' lang='lat' dir='ltr'><strong>signaque</strong></span> <span class='ocrx_word' id='word_1_629' title='bbox 2237 2041 2438 2108; x_wconf 82' lang='lat' dir='ltr'><strong>accepit</strong></span> <span class='ocrx_word' id='word_1_630' title='bbox 2467 2041 2533 2094; x_wconf 92' lang='lat' dir='ltr'><strong>ad</strong></span> <span class='ocrx_word' id='word_1_631' title='bbox 2565 2040 2774 2095; x_wconf 88' lang='lat' dir='ltr'><strong>illorum</strong></span> <span class='ocrx_word' id='word_1_632' title='bbox 2804 2050 3034 2095; x_wconf 88' lang='lat' dir='ltr'><strong>mentem</strong></span> <span class='ocrx_word' id='word_1_633' title='bbox 3064 2042 3407 2113; x_wconf 87' lang='lat' dir='ltr'><strong>subigendam</strong></span> <span class='ocrx_word' id='word_1_634' title='bbox 3435 2061 3529 2115; x_wconf 79' lang='lat' dir='ltr'><strong>0p-</strong></span> 
     </span>
    </p>
   </div>
   <div class='ocr_carea' id='block_1_79' title="bbox 1954 2130 3525 2205">
    <p class='ocr_par' dir='ltr' id='par_1_79' title="bbox 1954 2130 3525 2205">
     <span class='ocr_line' id='line_1_79' title="bbox 1954 2130 3525 2205; baseline 0.007 -24"><span class='ocrx_word' id='word_1_635' title='bbox 1954 2138 2176 2197; x_wconf 91' lang='lat' dir='ltr'><strong>portuna</strong></span> <span class='ocrx_word' id='word_1_636' title='bbox 2202 2147 2213 2180; x_wconf 89' lang='lat'><strong>:</strong></span> <span class='ocrx_word' id='word_1_637' title='bbox 2240 2138 2293 2183; x_wconf 91' lang='lat' dir='ltr'><strong>et</strong></span> <span class='ocrx_word' id='word_1_638' title='bbox 2311 2131 2500 2185; x_wconf 90' lang='lat' dir='ltr'><strong>merito</strong></span> <span class='ocrx_word' id='word_1_639' title='bbox 2516 2130 2748 2200; x_wconf 90' lang='lat' dir='ltr'><strong>quidem.</strong></span> <span class='ocrx_word' id='word_1_640' title='bbox 2772 2130 2900 2185; x_wconf 87' lang='lat' dir='ltr'><strong>Nam</strong></span> <span class='ocrx_word' id='word_1_641' title='bbox 2920 2132 2963 2186; x_wconf 89' lang='lat' dir='ltr'><strong>si</strong></span> <span class='ocrx_word' id='word_1_642' title='bbox 2976 2148 3110 2187; x_wconf 90' lang='lat' dir='ltr'><strong>unus</strong></span> <span class='ocrx_word' id='word_1_643' title='bbox 3132 2133 3339 2189; x_wconf 91' lang='lat' dir='ltr'><strong>illorum</strong></span> <span class='ocrx_word' id='word_1_644' title='bbox 3358 2138 3525 2205; x_wconf 89' lang='lat' dir='ltr'><strong>ipsum</strong></span> 
     </span>
    </p>
   </div>
   <div class='ocr_carea' id='block_1_80' title="bbox 1955 2221 3528 2297">
    <p class='ocr_par' dir='ltr' id='par_1_80' title="bbox 1955 2221 3528 2297">
     <span class='ocr_line' id='line_1_80' title="bbox 1955 2221 3528 2297; baseline 0.008 -26"><span class='ocrx_word' id='word_1_645' title='bbox 1955 2221 2021 2272; x_wconf 89' lang='lat' dir='ltr'><strong>ita</strong></span> <span class='ocrx_word' id='word_1_646' title='bbox 2049 2221 2329 2285; x_wconf 80' lang='lat' dir='ltr'><strong>exterruit,</strong></span> <span class='ocrx_word' id='word_1_647' title='bbox 2357 2231 2410 2275; x_wconf 86' lang='lat' dir='ltr'><strong>et</strong></span> <span class='ocrx_word' id='word_1_648' title='bbox 2445 2222 2656 2292; x_wconf 88' lang='lat' dir='ltr'><strong>quidem</strong></span> <span class='ocrx_word' id='word_1_649' title='bbox 2679 2223 2937 2278; x_wconf 89' lang='lat' dir='ltr'><strong>beneﬁcio</strong></span> <span class='ocrx_word' id='word_1_650' title='bbox 2961 2223 3179 2279; x_wconf 70' lang='lat' dir='ltr'><strong>affectus</strong></span> <span class='ocrx_word' id='word_1_651' title='bbox 3197 2266 3212 2291; x_wconf 94' lang='lat'><strong>,</strong></span> <span class='ocrx_word' id='word_1_652' title='bbox 3242 2227 3368 2295; x_wconf 90' lang='lat' dir='ltr'><strong>quid</strong></span> <span class='ocrx_word' id='word_1_653' title='bbox 3407 2244 3528 2297; x_wconf 82' lang='lat' dir='ltr'><strong>pas-</strong></span> 
     </span>
    </p>
   </div>
   <div class='ocr_carea' id='block_1_81' title="bbox 1951 2312 3525 2387">
    <p class='ocr_par' dir='ltr' id='par_1_81' title="bbox 1951 2312 3525 2387">
     <span class='ocr_line' id='line_1_81' title="bbox 1951 2312 3525 2387; baseline 0.007 -24"><span class='ocrx_word' id='word_1_654' title='bbox 1951 2326 2069 2364; x_wconf 91' lang='lat' dir='ltr'><strong>sum</strong></span> <span class='ocrx_word' id='word_1_655' title='bbox 2095 2326 2214 2365; x_wconf 90' lang='lat' dir='ltr'><strong>esse</strong></span> <span class='ocrx_word' id='word_1_656' title='bbox 2239 2312 2526 2367; x_wconf 89' lang='lat' dir='ltr'><strong>verisimile</strong></span> <span class='ocrx_word' id='word_1_657' title='bbox 2566 2322 2648 2366; x_wconf 89' lang='lat' dir='ltr'><strong>est</strong></span> <span class='ocrx_word' id='word_1_658' title='bbox 2692 2313 3048 2368; x_wconf 89' lang='lat' dir='ltr'><strong>turbulentum</strong></span> <span class='ocrx_word' id='word_1_659' title='bbox 3090 2316 3233 2369; x_wconf 93' lang='lat' dir='ltr'><strong>illum</strong></span> <span class='ocrx_word' id='word_1_660' title='bbox 3276 2320 3525 2387; x_wconf 82' lang='lat' dir='ltr'><strong>pupillum</strong></span> 
     </span>
    </p>
   </div>
   <div class='ocr_carea' id='block_1_82' title="bbox 1950 2402 3523 2474">
    <p class='ocr_par' dir='ltr' id='par_1_82' title="bbox 1950 2402 3523 2474">
     <span class='ocr_line' id='line_1_82' title="bbox 1950 2402 3523 2474; baseline 0.006 -20"><span class='ocrx_word' id='word_1_661' title='bbox 1950 2410 2130 2455; x_wconf 90' lang='lat' dir='ltr'><strong>mente</strong></span> <span class='ocrx_word' id='word_1_662' title='bbox 2173 2402 2575 2457; x_wconf 86' lang='lat' dir='ltr'><strong>revolventem?</strong></span> <span class='ocrx_word' id='word_1_663' title='bbox 2614 2402 2735 2458; x_wconf 88' lang='lat' dir='ltr'><strong>ideo</strong></span> <span class='ocrx_word' id='word_1_664' title='bbox 2770 2420 2873 2459; x_wconf 93' lang='lat' dir='ltr'><strong>non</strong></span> <span class='ocrx_word' id='word_1_665' title='bbox 2912 2406 3183 2473; x_wconf 68' lang='lat' dir='ltr'><strong>sapientia:</strong></span> <span class='ocrx_word' id='word_1_666' title='bbox 3225 2408 3401 2474; x_wconf 91' lang='lat' dir='ltr'><strong>modo,</strong></span> <span class='ocrx_word' id='word_1_667' title='bbox 3430 2411 3523 2464; x_wconf 83' lang='lat' dir='ltr'><strong>sed</strong></span> 
     </span>
    </p>
   </div>
   <div class='ocr_carea' id='block_1_83' title="bbox 1951 2492 3528 2564">
    <p class='ocr_par' dir='ltr' id='par_1_83' title="bbox 1951 2492 3528 2564">
     <span class='ocr_line' id='line_1_83' title="bbox 1951 2492 3528 2564; baseline 0.006 -18"><span class='ocrx_word' id='word_1_668' title='bbox 1951 2494 2108 2546; x_wconf 89' lang='lat' dir='ltr'><strong>etiam</strong></span> <span class='ocrx_word' id='word_1_669' title='bbox 2154 2492 2477 2548; x_wconf 85' lang='lat' dir='ltr'><strong>fortitudinis</strong></span> <span class='ocrx_word' id='word_1_670' title='bbox 2516 2493 2768 2564; x_wconf 89' lang='lat' dir='ltr'><strong>Spiritum</strong></span> <span class='ocrx_word' id='word_1_671' title='bbox 2814 2496 3033 2564; x_wconf 88' lang='lat' dir='ltr'><strong>accepit,</strong></span> <span class='ocrx_word' id='word_1_672' title='bbox 3066 2506 3119 2551; x_wconf 93' lang='lat' dir='ltr'><strong>et</strong></span> <span class='ocrx_word' id='word_1_673' title='bbox 3158 2497 3275 2553; x_wconf 90' lang='lat' dir='ltr'><strong>ideo</strong></span> <span class='ocrx_word' id='word_1_674' title='bbox 3317 2501 3528 2557; x_wconf 88' lang='lat' dir='ltr'><strong>dicebat</strong></span> 
     </span>
    </p>
   </div>
   <div class='ocr_carea' id='block_1_84' title="bbox 1950 2582 3527 2658">
    <p class='ocr_par' dir='ltr' id='par_1_84' title="bbox 1950 2582 3527 2658">
     <span class='ocr_line' id='line_1_84' title="bbox 1950 2582 3527 2658; baseline 0.008 -24"><span class='ocrx_word' id='word_1_675' title='bbox 1950 2583 2079 2637; x_wconf 89' lang='lat' dir='ltr'><strong>ille:</strong></span> <span class='ocrx_word' id='word_1_676' title='bbox 2115 2582 2352 2653; x_wconf 79' lang='lat' dir='ltr'><strong>Repletus</strong></span> <span class='ocrx_word' id='word_1_677' title='bbox 2394 2601 2507 2638; x_wconf 78' lang='lat' dir='ltr'><strong>sum</strong></span> <span class='ocrx_word' id='word_1_678' title='bbox 2554 2586 2850 2656; x_wconf 80' lang='lat' dir='ltr'><strong>fortitudine</strong></span> <span class='ocrx_word' id='word_1_679' title='bbox 2889 2588 2942 2640; x_wconf 85' lang='lat' dir='ltr'><strong>in</strong></span> <span class='ocrx_word' id='word_1_680' title='bbox 2984 2587 3180 2657; x_wconf 85' lang='lat' dir='ltr'><strong>Spiritu</strong></span> <span class='ocrx_word' id='word_1_681' title='bbox 3224 2590 3448 2658; x_wconf 79' lang='lat' dir='ltr'><strong>Domini,</strong></span> <span class='ocrx_word' id='word_1_682' title='bbox 3479 2602 3527 2647; x_wconf 76' lang='lat' dir='ltr'><strong>et</strong></span> 
     </span>
    </p>
   </div>
   <div class='ocr_carea' id='block_1_85' title="bbox 1940 2676 3528 2750">
    <p class='ocr_par' dir='ltr' id='par_1_85' title="bbox 1940 2676 3528 2750">
     <span class='ocr_line' id='line_1_85' title="bbox 1940 2676 3528 2750; baseline 0.008 -23"><span class='ocrx_word' id='word_1_683' title='bbox 1940 2676 2158 2743; x_wconf 87' lang='lat' dir='ltr'><strong>judicio,</strong></span> <span class='ocrx_word' id='word_1_684' title='bbox 2177 2687 2220 2731; x_wconf 85' lang='lat' dir='ltr'><strong>et</strong></span> <span class='ocrx_word' id='word_1_685' title='bbox 2246 2680 2463 2745; x_wconf 84' lang='lat' dir='ltr'><strong>potentia</strong></span> <span class='ocrx_word' id='word_1_686' title='bbox 2484 2676 2671 2747; x_wconf 81' lang='lat' dir='ltr'><strong>(Micli.</strong></span> <span class='ocrx_word' id='word_1_687' title='bbox 2696 2679 2747 2733; x_wconf 76' lang='grc' dir='ltr'><strong>ὅ.</strong></span> <span class='ocrx_word' id='word_1_688' title='bbox 2766 2679 2841 2745; x_wconf 89' lang='grc'><strong>8).</strong></span> <span class='ocrx_word' id='word_1_689' title='bbox 2871 2680 3122 2750; x_wconf 74' lang='lat' dir='ltr'><strong>Aliusque</strong></span> <span class='ocrx_word' id='word_1_690' title='bbox 3144 2682 3334 2737; x_wconf 90' lang='lat' dir='ltr'><strong>iterum</strong></span> <span class='ocrx_word' id='word_1_691' title='bbox 3359 2701 3372 2737; x_wconf 77' lang='grc' dir='ltr'>ε</span> <span class='ocrx_word' id='word_1_692' title='bbox 3405 2683 3528 2739; x_wconf 81' lang='lat' dir='ltr'><strong>Ver-</strong></span> 
     </span>
    </p>
   </div>
   <div class='ocr_carea' id='block_1_86' title="bbox 1950 2767 3524 2849">
    <p class='ocr_par' dir='ltr' id='par_1_86' title="bbox 1950 2767 3524 2849">
     <span class='ocr_line' id='line_1_86' title="bbox 1950 2767 3524 2849; baseline 0.009 -30"><span class='ocrx_word' id='word_1_693' title='bbox 1950 2767 2065 2819; x_wconf 79' lang='lat' dir='ltr'><strong>bum</strong></span> <span class='ocrx_word' id='word_1_694' title='bbox 2096 2768 2191 2822; x_wconf 87' lang='lat' dir='ltr'><strong>Dei</strong></span> <span class='ocrx_word' id='word_1_695' title='bbox 2217 2770 2406 2837; x_wconf 82' lang='lat' dir='ltr'><strong>factum</strong></span> <span class='ocrx_word' id='word_1_696' title='bbox 2430 2781 2500 2823; x_wconf 86' lang='lat' dir='ltr'><strong>est</strong></span> <span class='ocrx_word' id='word_1_697' title='bbox 2526 2771 2593 2823; x_wconf 86' lang='lat' dir='ltr'><strong>ad</strong></span> <span class='ocrx_word' id='word_1_698' title='bbox 2628 2770 2898 2824; x_wconf 84' lang='lat' dir='ltr'><strong>Jereiniam</strong></span> <span class='ocrx_word' id='word_1_699' title='bbox 2927 2774 3086 2840; x_wconf 77' lang='lat' dir='ltr'><strong>filium</strong></span> <span class='ocrx_word' id='word_1_700' title='bbox 3114 2775 3329 2829; x_wconf 70' lang='lat' dir='ltr'><strong>Clielciae</strong></span> <span class='ocrx_word' id='word_1_701' title='bbox 3372 2776 3524 2849; x_wconf 84' lang='lat' dir='ltr'><strong>(Jer.</strong></span> 
     </span>
    </p>
   </div>
   <div class='ocr_carea' id='block_1_87' title="bbox 1952 2857 3525 2933">
    <p class='ocr_par' dir='ltr' id='par_1_87' title="bbox 1952 2857 3525 2933">
     <span class='ocr_line' id='line_1_87' title="bbox 1952 2857 3525 2933; baseline 0.009 -24"><span class='ocrx_word' id='word_1_702' title='bbox 1952 2857 2001 2910; x_wconf 80' lang='grc'><strong>1.</strong></span> <span class='ocrx_word' id='word_1_703' title='bbox 2034 2858 2056 2911; x_wconf 79' lang='grc'><strong>1</strong></span> <span class='ocrx_word' id='word_1_704' title='bbox 2087 2858 2128 2927; x_wconf 94' lang='grc'><strong>).</strong></span> <span class='ocrx_word' id='word_1_705' title='bbox 2160 2859 2226 2913; x_wconf 87' lang='grc' dir='ltr'><strong>Ει</strong></span> <span class='ocrx_word' id='word_1_706' title='bbox 2253 2862 2389 2915; x_wconf 90' lang='lat' dir='ltr'><strong>alius</strong></span> <span class='ocrx_word' id='word_1_707' title='bbox 2411 2875 2620 2915; x_wconf 89' lang='lat' dir='ltr'><strong>rursum</strong></span> <span class='ocrx_word' id='word_1_708' title='bbox 2652 2881 2666 2917; x_wconf 88' lang='lat'>:</span> <span class='ocrx_word' id='word_1_709' title='bbox 2697 2864 2980 2933; x_wconf 84' lang='lat' dir='ltr'><strong>Assiimptio</strong></span> <span class='ocrx_word' id='word_1_710' title='bbox 3010 2864 3234 2921; x_wconf 72' lang='lat' dir='ltr'><strong>Ninives.</strong></span> <span class='ocrx_word' id='word_1_711' title='bbox 3276 2866 3423 2922; x_wconf 82' lang='lat' dir='ltr'><strong>Liber</strong></span> <span class='ocrx_word' id='word_1_712' title='bbox 3446 2869 3525 2923; x_wconf 77' lang='lat' dir='ltr'><strong>ui-</strong></span> 
     </span>
    </p>
   </div>
   <div class='ocr_carea' id='block_1_88' title="bbox 1950 2950 3526 3031">
    <p class='ocr_par' dir='ltr' id='par_1_88' title="bbox 1950 2950 3526 3031">
     <span class='ocr_line' id='line_1_88' title="bbox 1950 2950 3526 3031; baseline 0.01 -29"><span class='ocrx_word' id='word_1_713' title='bbox 1950 2950 2103 3004; x_wconf 82' lang='lat' dir='ltr'><strong>sionis</strong></span> <span class='ocrx_word' id='word_1_714' title='bbox 2131 2951 2335 3005; x_wconf 81' lang='lat' dir='ltr'><strong>Nahum</strong></span> <span class='ocrx_word' id='word_1_715' title='bbox 2360 2952 2572 3007; x_wconf 73' lang='grc' dir='ltr'><strong>Εἰσεεωί</strong></span> <span class='ocrx_word' id='word_1_716' title='bbox 2600 2952 2852 3023; x_wconf 77' lang='lat' dir='ltr'><strong>(Na/tum.</strong></span> <span class='ocrx_word' id='word_1_717' title='bbox 2878 2958 2927 3010; x_wconf 82' lang='lat' dir='ltr'><strong>-l.</strong></span> <span class='ocrx_word' id='word_1_718' title='bbox 2954 2958 3027 3026; x_wconf 80' lang='lat' dir='ltr'><strong>l).</strong></span> <span class='ocrx_word' id='word_1_719' title='bbox 3059 2957 3152 3012; x_wconf 84' lang='lat' dir='ltr'><strong>llic</strong></span> <span class='ocrx_word' id='word_1_720' title='bbox 3181 2957 3292 3028; x_wconf 90' lang='lat' dir='ltr'><strong>ipse</strong></span> <span class='ocrx_word' id='word_1_721' title='bbox 3315 2974 3526 3031; x_wconf 86' lang='lat' dir='ltr'><strong>quoque</strong></span> 
     </span>
    </p>
   </div>
   <div class='ocr_carea' id='block_1_89' title="bbox 1953 3041 3526 3118">
    <p class='ocr_par' dir='ltr' id='par_1_89' title="bbox 1953 3041 3526 3118">
     <span class='ocr_line' id='line_1_89' title="bbox 1953 3041 3526 3118; baseline 0.009 -26"><span class='ocrx_word' id='word_1_722' title='bbox 1953 3041 2111 3096; x_wconf 89' lang='lat' dir='ltr'><strong>lsaias</strong></span> <span class='ocrx_word' id='word_1_723' title='bbox 2136 3043 2306 3097; x_wconf 82' lang='lat' dir='ltr'><strong>altero</strong></span> <span class='ocrx_word' id='word_1_724' title='bbox 2331 3044 2487 3099; x_wconf 84' lang='lat' dir='ltr'><strong>verbo</strong></span> <span class='ocrx_word' id='word_1_725' title='bbox 2516 3043 2741 3113; x_wconf 91' lang='lat' dir='ltr'><strong>idipsum</strong></span> <span class='ocrx_word' id='word_1_726' title='bbox 2768 3045 2906 3114; x_wconf 91' lang='lat' dir='ltr'><strong>quod</strong></span> <span class='ocrx_word' id='word_1_727' title='bbox 2939 3049 3082 3114; x_wconf 91' lang='lat' dir='ltr'><strong>prius</strong></span> <span class='ocrx_word' id='word_1_728' title='bbox 3105 3047 3376 3115; x_wconf 87' lang='lat' dir='ltr'><strong>declarat,</strong></span> <span class='ocrx_word' id='word_1_729' title='bbox 3405 3050 3526 3118; x_wconf 89' lang='lat' dir='ltr'><strong>Spi-</strong></span> 
     </span>
    </p>
   </div>
   <div class='ocr_carea' id='block_1_90' title="bbox 1948 3129 3523 3206">
    <p class='ocr_par' dir='ltr' id='par_1_90' title="bbox 1948 3129 3523 3206">
     <span class='ocr_line' id='line_1_90' title="bbox 1948 3129 3523 3206; baseline 0.008 -24"><span class='ocrx_word' id='word_1_730' title='bbox 1948 3129 2079 3184; x_wconf 89' lang='lat' dir='ltr'><strong>ritus</strong></span> <span class='ocrx_word' id='word_1_731' title='bbox 2102 3132 2553 3201; x_wconf 88' lang='lat' dir='ltr'><strong>partieipationem</strong></span> <span class='ocrx_word' id='word_1_732' title='bbox 2577 3149 2773 3190; x_wconf 88' lang='lat' dir='ltr'><strong>vocans</strong></span> <span class='ocrx_word' id='word_1_733' title='bbox 2796 3137 3231 3206; x_wconf 87' lang='lat' dir='ltr'><strong>assumptioncm.</strong></span> <span class='ocrx_word' id='word_1_734' title='bbox 3264 3139 3523 3205; x_wconf 86' lang='lat' dir='ltr'><strong>Quoniam</strong></span> 
     </span>
    </p>
   </div>
   <div class='ocr_carea' id='block_1_91' title="bbox 1949 3219 3523 3298">
    <p class='ocr_par' dir='ltr' id='par_1_91' title="bbox 1949 3219 3523 3298">
     <span class='ocr_line' id='line_1_91' title="bbox 1949 3219 3523 3298; baseline 0.01 -25"><span class='ocrx_word' id='word_1_735' title='bbox 1949 3219 2088 3274; x_wconf 92' lang='lat' dir='ltr'><strong>enim</strong></span> <span class='ocrx_word' id='word_1_736' title='bbox 2111 3235 2137 3273; x_wconf 90' lang='lat' dir='ltr'><strong>a</strong></span> <span class='ocrx_word' id='word_1_737' title='bbox 2162 3221 2360 3289; x_wconf 90' lang='lat' dir='ltr'><strong>Spiritu</strong></span> <span class='ocrx_word' id='word_1_738' title='bbox 2384 3224 2639 3294; x_wconf 89' lang='lat' dir='ltr'><strong>assumpti</strong></span> <span class='ocrx_word' id='word_1_739' title='bbox 2666 3225 2742 3280; x_wconf 88' lang='lat' dir='ltr'><strong>sic</strong></span> <span class='ocrx_word' id='word_1_740' title='bbox 2765 3226 3134 3296; x_wconf 89' lang='lat' dir='ltr'><strong>loquebantur,</strong></span> <span class='ocrx_word' id='word_1_741' title='bbox 3158 3230 3523 3298; x_wconf 88' lang='lat' dir='ltr'><strong>operationem</strong></span> 
     </span>
    </p>
   </div>
   <div class='ocr_carea' id='block_1_92' title="bbox 1948 3312 2473 3379">
    <p class='ocr_par' dir='ltr' id='par_1_92' title="bbox 1948 3312 2473 3379">
     <span class='ocr_line' id='line_1_92' title="bbox 1948 3312 2473 3379; baseline 0.01 -16"><span class='ocrx_word' id='word_1_742' title='bbox 1948 3312 2129 3379; x_wconf 65' lang='lat' dir='ltr'><strong>gratia:</strong></span> <span class='ocrx_word' id='word_1_743' title='bbox 2156 3313 2225 3366; x_wconf 87' lang='lat' dir='ltr'><strong>ita</strong></span> <span class='ocrx_word' id='word_1_744' title='bbox 2251 3315 2473 3368; x_wconf 78' lang='lat' dir='ltr'><strong>vocavit.</strong></span> 
     </span>
    </p>
   </div>
   <div class='ocr_carea' id='block_1_93' title="bbox 2020 3425 3525 3501">
    <p class='ocr_par' dir='ltr' id='par_1_93' title="bbox 2020 3425 3525 3501">
     <span class='ocr_line' id='line_1_93' title="bbox 2020 3425 3525 3501; baseline 0.009 -25"><span class='ocrx_word' id='word_1_745' title='bbox 2020 3425 2286 3491; x_wconf 77' lang='lat' dir='ltr'><strong>Apostolus</strong></span> <span class='ocrx_word' id='word_1_746' title='bbox 2314 3443 2344 3479; x_wconf 90' lang='lat' dir='ltr'><strong>a</strong></span> <span class='ocrx_word' id='word_1_747' title='bbox 2372 3427 2477 3481; x_wconf 86' lang='lat' dir='ltr'><strong>Deo</strong></span> <span class='ocrx_word' id='word_1_748' title='bbox 2506 3428 2705 3494; x_wconf 83' lang='lat' dir='ltr'><strong>missus,</strong></span> <span class='ocrx_word' id='word_1_749' title='bbox 2738 3444 2788 3483; x_wconf 86' lang='lat' dir='ltr'><strong>ut</strong></span> <span class='ocrx_word' id='word_1_750' title='bbox 2814 3446 2989 3485; x_wconf 85' lang='lat' dir='ltr'><strong>nomen</strong></span> <span class='ocrx_word' id='word_1_751' title='bbox 3015 3434 3177 3501; x_wconf 78' lang='lat' dir='ltr'><strong>ipsum</strong></span> <span class='ocrx_word' id='word_1_752' title='bbox 3206 3444 3365 3488; x_wconf 83' lang='lat' dir='ltr'><strong>sonat.</strong></span> <span class='ocrx_word' id='word_1_753' title='bbox 3412 3434 3525 3490; x_wconf 84' lang='lat' dir='ltr'><strong>No-</strong></span> 
     </span>
    </p>
   </div>
   <div class='ocr_carea' id='block_1_94' title="bbox 1949 3515 3521 3597">
    <p class='ocr_par' dir='ltr' id='par_1_94' title="bbox 1949 3515 3521 3597">
     <span class='ocr_line' id='line_1_94' title="bbox 1949 3515 3521 3597; baseline 0.01 -31"><span class='ocrx_word' id='word_1_754' title='bbox 1949 3515 2115 3569; x_wconf 86' lang='lat' dir='ltr'><strong>bilitas</strong></span> <span class='ocrx_word' id='word_1_755' title='bbox 2169 3532 2269 3570; x_wconf 82' lang='lat' dir='ltr'><strong>non</strong></span> <span class='ocrx_word' id='word_1_756' title='bbox 2320 3534 2382 3571; x_wconf 74' lang='lat' dir='ltr'><strong>ex</strong></span> <span class='ocrx_word' id='word_1_757' title='bbox 2428 3520 2844 3587; x_wconf 84' lang='lat' dir='ltr'><strong>majoribus,sed</strong></span> <span class='ocrx_word' id='word_1_758' title='bbox 2872 3538 2933 3575; x_wconf 79' lang='lat' dir='ltr'><strong>ea:</strong></span> <span class='ocrx_word' id='word_1_759' title='bbox 2980 3525 3153 3578; x_wconf 85' lang='lat' dir='ltr'><strong>merito</strong></span> <span class='ocrx_word' id='word_1_760' title='bbox 3203 3528 3521 3597; x_wconf 84' lang='lat' dir='ltr'><strong>proprio.—</strong></span> 
     </span>
    </p>
   </div>
   <div class='ocr_carea' id='block_1_95' title="bbox 1949 3606 3520 3684">
    <p class='ocr_par' dir='ltr' id='par_1_95' title="bbox 1949 3606 3520 3684">
     <span class='ocr_line' id='line_1_95' title="bbox 1949 3606 3520 3684; baseline 0.008 -24"><span class='ocrx_word' id='word_1_761' title='bbox 1949 3606 2149 3662; x_wconf 90' lang='lat' dir='ltr'><strong>ldeirco</strong></span> <span class='ocrx_word' id='word_1_762' title='bbox 2178 3608 2372 3663; x_wconf 89' lang='lat' dir='ltr'><strong>Paulus</strong></span> <span class='ocrx_word' id='word_1_763' title='bbox 2411 3611 2656 3665; x_wconf 91' lang='lat' dir='ltr'><strong>omnibus</strong></span> <span class='ocrx_word' id='word_1_764' title='bbox 2686 3613 2937 3682; x_wconf 84' lang='lat' dir='ltr'><strong>Epistolis</strong></span> <span class='ocrx_word' id='word_1_765' title='bbox 2972 3617 3297 3684; x_wconf 87' lang='lat' dir='ltr'><strong>apostolatus</strong></span> <span class='ocrx_word' id='word_1_766' title='bbox 3328 3633 3520 3673; x_wconf 89' lang='lat' dir='ltr'><strong>nomen</strong></span> 
     </span>
    </p>
   </div>
   <div class='ocr_carea' id='block_1_96' title="bbox 1947 3702 3519 3776">
    <p class='ocr_par' dir='ltr' id='par_1_96' title="bbox 1947 3702 3519 3776">
     <span class='ocr_line' id='line_1_96' title="bbox 1947 3702 3519 3776; baseline 0.008 -23"><span class='ocrx_word' id='word_1_767' title='bbox 1947 3702 2218 3770; x_wconf 71' lang='lat' dir='ltr'><strong>praemittit</strong></span> <span class='ocrx_word' id='word_1_768' title='bbox 2250 3718 2264 3747; x_wconf 69' lang='grc' dir='ltr'><strong>ι</strong></span> <span class='ocrx_word' id='word_1_769' title='bbox 2293 3703 2433 3772; x_wconf 89' lang='lat' dir='ltr'><strong>quod</strong></span> <span class='ocrx_word' id='word_1_770' title='bbox 2464 3705 2623 3759; x_wconf 88' lang='lat' dir='ltr'><strong>etiam</strong></span> <span class='ocrx_word' id='word_1_771' title='bbox 2658 3706 2927 3776; x_wconf 65' lang='lat' dir='ltr'><strong>prophetae</strong></span> <span class='ocrx_word' id='word_1_772' title='bbox 2969 3707 3261 3774; x_wconf 82' lang='lat' dir='ltr'><strong>faciebant,</strong></span> <span class='ocrx_word' id='word_1_773' title='bbox 3290 3725 3408 3764; x_wconf 92' lang='lat' dir='ltr'><strong>cum</strong></span> <span class='ocrx_word' id='word_1_774' title='bbox 3439 3712 3519 3764; x_wconf 92' lang='lat' dir='ltr'><strong>di-</strong></span> 
     </span>
    </p>
   </div>
   <div class='ocr_carea' id='block_1_97' title="bbox 1945 3794 3513 3868">
    <p class='ocr_par' dir='ltr' id='par_1_97' title="bbox 1945 3794 3513 3868">
     <span class='ocr_line' id='line_1_97' title="bbox 1945 3794 3513 3868; baseline 0.006 -22"><span class='ocrx_word' id='word_1_775' title='bbox 1945 3802 2160 3857; x_wconf 89' lang='lat' dir='ltr'><strong>cereut,</strong></span> <span class='ocrx_word' id='word_1_776' title='bbox 2195 3794 2358 3860; x_wconf 87' lang='lat' dir='ltr'><strong>visio,</strong></span> <span class='ocrx_word' id='word_1_777' title='bbox 2390 3805 2444 3849; x_wconf 92' lang='lat' dir='ltr'><strong>et</strong></span> <span class='ocrx_word' id='word_1_778' title='bbox 2489 3797 2738 3859; x_wconf 83' lang='lat' dir='ltr'><strong>vei-bum,</strong></span> <span class='ocrx_word' id='word_1_779' title='bbox 2772 3807 2824 3851; x_wconf 87' lang='lat' dir='ltr'><strong>et</strong></span> <span class='ocrx_word' id='word_1_780' title='bbox 2865 3800 3153 3868; x_wconf 87' lang='lat' dir='ltr'><strong>assumptio</strong></span> <span class='ocrx_word' id='word_1_781' title='bbox 3177 3841 3190 3865; x_wconf 95' lang='lat'><strong>,</strong></span> <span class='ocrx_word' id='word_1_782' title='bbox 3218 3810 3272 3854; x_wconf 87' lang='lat' dir='ltr'><strong>et</strong></span> <span class='ocrx_word' id='word_1_783' title='bbox 3303 3817 3513 3868; x_wconf 86' lang='lat' dir='ltr'><strong>sermo;</strong></span> 
     </span>
    </p>
   </div>
   <div class='ocr_carea' id='block_1_98' title="bbox 1947 3882 3519 3954">
    <p class='ocr_par' dir='ltr' id='par_1_98' title="bbox 1947 3882 3519 3954">
     <span class='ocr_line' id='line_1_98' title="bbox 1947 3882 3519 3954; baseline 0.008 -19"><span class='ocrx_word' id='word_1_784' title='bbox 1947 3882 2174 3951; x_wconf 90' lang='lat' dir='ltr'><strong>idipsum</strong></span> <span class='ocrx_word' id='word_1_785' title='bbox 2218 3883 2307 3936; x_wconf 85' lang='lat' dir='ltr'><strong>ille</strong></span> <span class='ocrx_word' id='word_1_786' title='bbox 2334 3900 2429 3952; x_wconf 88' lang='lat' dir='ltr'><strong>per</strong></span> <span class='ocrx_word' id='word_1_787' title='bbox 2466 3886 2790 3954; x_wconf 88' lang='lat' dir='ltr'><strong>apostolatus</strong></span> <span class='ocrx_word' id='word_1_788' title='bbox 2825 3903 3015 3941; x_wconf 91' lang='lat' dir='ltr'><strong>nomen</strong></span> <span class='ocrx_word' id='word_1_789' title='bbox 3061 3889 3342 3945; x_wconf 85' lang='lat' dir='ltr'><strong>efﬁciebat.</strong></span> <span class='ocrx_word' id='word_1_790' title='bbox 3372 3892 3519 3948; x_wconf 85' lang='lat' dir='ltr'><strong>Sicut</strong></span> 
     </span>
    </p>
   </div>
   <div class='ocr_carea' id='block_1_99' title="bbox 1944 3973 3518 4051">
    <p class='ocr_par' dir='ltr' id='par_1_99' title="bbox 1944 3973 3518 4051">
     <span class='ocr_line' id='line_1_99' title="bbox 1944 3973 3518 4051; baseline 0.006 -26"><span class='ocrx_word' id='word_1_791' title='bbox 1944 3974 2084 4025; x_wconf 91' lang='lat' dir='ltr'><strong>enim</strong></span> <span class='ocrx_word' id='word_1_792' title='bbox 2117 3974 2180 4037; x_wconf 91' lang='lat' dir='ltr'><strong>is,</strong></span> <span class='ocrx_word' id='word_1_793' title='bbox 2200 3974 2287 4042; x_wconf 90' lang='lat' dir='ltr'><strong>qui</strong></span> <span class='ocrx_word' id='word_1_794' title='bbox 2309 3973 2438 4027; x_wconf 90' lang='lat' dir='ltr'><strong>dicit</strong></span> <span class='ocrx_word' id='word_1_795' title='bbox 2459 3976 2714 4029; x_wconf 85' lang='lat' dir='ltr'><strong>visionem</strong></span> <span class='ocrx_word' id='word_1_796' title='bbox 2743 3986 2795 4030; x_wconf 78' lang='lat' dir='ltr'><strong>et</strong></span> <span class='ocrx_word' id='word_1_797' title='bbox 2822 3992 3119 4033; x_wconf 90' lang='lat' dir='ltr'><strong>sermonem</strong></span> <span class='ocrx_word' id='word_1_798' title='bbox 3144 3980 3256 4042; x_wconf 82' lang='lat' dir='ltr'><strong>Dei.</strong></span> <span class='ocrx_word' id='word_1_799' title='bbox 3274 3997 3377 4034; x_wconf 89' lang='lat' dir='ltr'><strong>non</strong></span> <span class='ocrx_word' id='word_1_800' title='bbox 3400 3998 3518 4051; x_wconf 87' lang='lat' dir='ltr'><strong>pro-</strong></span> 
     </span>
    </p>
   </div>
   <div class='ocr_carea' id='block_1_100' title="bbox 1944 4064 3512 4137">
    <p class='ocr_par' dir='ltr' id='par_1_100' title="bbox 1944 4064 3512 4137">
     <span class='ocr_line' id='line_1_100' title="bbox 1944 4064 3512 4137; baseline 0.006 -21"><span class='ocrx_word' id='word_1_801' title='bbox 1944 4067 2053 4132; x_wconf 87' lang='lat' dir='ltr'><strong>pria</strong></span> <span class='ocrx_word' id='word_1_802' title='bbox 2073 4064 2223 4119; x_wconf 79' lang='lat' dir='ltr'><strong>eﬁ&#39;ert</strong></span> <span class='ocrx_word' id='word_1_803' title='bbox 2242 4083 2254 4117; x_wconf 92' lang='lat'>:</span> <span class='ocrx_word' id='word_1_804' title='bbox 2275 4066 2351 4119; x_wconf 91' lang='lat' dir='ltr'><strong>sic</strong></span> <span class='ocrx_word' id='word_1_805' title='bbox 2371 4074 2423 4120; x_wconf 92' lang='lat' dir='ltr'><strong>et</strong></span> <span class='ocrx_word' id='word_1_806' title='bbox 2445 4066 2533 4135; x_wconf 92' lang='lat' dir='ltr'><strong>qui</strong></span> <span class='ocrx_word' id='word_1_807' title='bbox 2547 4067 2777 4136; x_wconf 90' lang='lat' dir='ltr'><strong>seipsum</strong></span> <span class='ocrx_word' id='word_1_808' title='bbox 2792 4070 3086 4137; x_wconf 85' lang='lat' dir='ltr'><strong>apostolum</strong></span> <span class='ocrx_word' id='word_1_809' title='bbox 3110 4080 3279 4136; x_wconf 81' lang='lat' dir='ltr'><strong>vocat,</strong></span> <span class='ocrx_word' id='word_1_810' title='bbox 3301 4088 3401 4126; x_wconf 90' lang='lat' dir='ltr'><strong>non</strong></span> <span class='ocrx_word' id='word_1_811' title='bbox 3420 4090 3512 4126; x_wconf 87' lang='lat' dir='ltr'><strong>sua</strong></span> 
     </span>
    </p>
   </div>
   <div class='ocr_carea' id='block_1_101' title="bbox 1942 4155 3511 4230">
    <p class='ocr_par' dir='ltr' id='par_1_101' title="bbox 1942 4155 3511 4230">
     <span class='ocr_line' id='line_1_101' title="bbox 1942 4155 3511 4230; baseline 0.004 -21"><span class='ocrx_word' id='word_1_812' title='bbox 1942 4155 2099 4210; x_wconf 90' lang='lat' dir='ltr'><strong>docet</strong></span> <span class='ocrx_word' id='word_1_813' title='bbox 2123 4198 2135 4220; x_wconf 91' lang='lat'><strong>,</strong></span> <span class='ocrx_word' id='word_1_814' title='bbox 2174 4157 2265 4211; x_wconf 85' lang='lat' dir='ltr'><strong>sed</strong></span> <span class='ocrx_word' id='word_1_815' title='bbox 2293 4173 2353 4212; x_wconf 87' lang='lat' dir='ltr'><strong>ea</strong></span> <span class='ocrx_word' id='word_1_816' title='bbox 2380 4173 2499 4227; x_wconf 68' lang='lat' dir='ltr'><strong>qua:</strong></span> <span class='ocrx_word' id='word_1_817' title='bbox 2522 4158 2680 4227; x_wconf 87' lang='lat' dir='ltr'><strong>jussit</strong></span> <span class='ocrx_word' id='word_1_818' title='bbox 2705 4160 2749 4213; x_wconf 93' lang='lat' dir='ltr'><strong>is</strong></span> <span class='ocrx_word' id='word_1_819' title='bbox 2776 4162 2863 4230; x_wconf 92' lang='lat' dir='ltr'><strong>qui</strong></span> <span class='ocrx_word' id='word_1_820' title='bbox 2891 4162 3050 4216; x_wconf 89' lang='lat' dir='ltr'><strong>misit.</strong></span> <span class='ocrx_word' id='word_1_821' title='bbox 3097 4164 3331 4230; x_wconf 83' lang='lat' dir='ltr'><strong>Apostoli</strong></span> <span class='ocrx_word' id='word_1_822' title='bbox 3362 4180 3511 4217; x_wconf 89' lang='lat' dir='ltr'><strong>nam-</strong></span> 
     </span>
    </p>
   </div>
   <div class='ocr_carea' id='block_1_102' title="bbox 1943 4246 3516 4317">
    <p class='ocr_par' dir='ltr' id='par_1_102' title="bbox 1943 4246 3516 4317">
     <span class='ocr_line' id='line_1_102' title="bbox 1943 4246 3516 4317; baseline 0.008 -20"><span class='ocrx_word' id='word_1_823' title='bbox 1943 4261 2045 4313; x_wconf 91' lang='lat' dir='ltr'><strong>que</strong></span> <span class='ocrx_word' id='word_1_824' title='bbox 2074 4246 2301 4316; x_wconf 83' lang='lat' dir='ltr'><strong>dignitas</strong></span> <span class='ocrx_word' id='word_1_825' title='bbox 2343 4257 2425 4302; x_wconf 91' lang='lat' dir='ltr'><strong>est</strong></span> <span class='ocrx_word' id='word_1_826' title='bbox 2452 4263 2547 4317; x_wconf 92' lang='lat' dir='ltr'><strong>per</strong></span> <span class='ocrx_word' id='word_1_827' title='bbox 2571 4263 2631 4303; x_wconf 90' lang='lat' dir='ltr'><strong>se</strong></span> <span class='ocrx_word' id='word_1_828' title='bbox 2670 4250 2798 4302; x_wconf 91' lang='lat' dir='ltr'><strong>nihil</strong></span> <span class='ocrx_word' id='word_1_829' title='bbox 2830 4250 3038 4304; x_wconf 83' lang='lat' dir='ltr'><strong>oll‘erre.</strong></span> <span class='ocrx_word' id='word_1_830' title='bbox 3070 4251 3269 4307; x_wconf 90' lang='lat' dir='ltr'><strong>Idcirco</strong></span> <span class='ocrx_word' id='word_1_831' title='bbox 3302 4254 3516 4310; x_wconf 85' lang='lat' dir='ltr'><strong>dicebat</strong></span> 
     </span>
    </p>
   </div>
   <div class='ocr_carea' id='block_1_103' title="bbox 1942 4334 3515 4409">
    <p class='ocr_par' dir='ltr' id='par_1_103' title="bbox 1942 4334 3515 4409">
     <span class='ocr_line' id='line_1_103' title="bbox 1942 4334 3515 4409; baseline 0.009 -22"><span class='ocrx_word' id='word_1_832' title='bbox 1942 4334 2186 4389; x_wconf 87' lang='lat' dir='ltr'><strong>Christus</strong></span> <span class='ocrx_word' id='word_1_833' title='bbox 2223 4352 2235 4387; x_wconf 91' lang='lat'>:</span> <span class='ocrx_word' id='word_1_834' title='bbox 2269 4335 2351 4390; x_wconf 86' lang='lat' dir='ltr'><strong>Ne</strong></span> <span class='ocrx_word' id='word_1_835' title='bbox 2388 4338 2567 4390; x_wconf 73' lang='lat' dir='ltr'><strong>vacetis</strong></span> <span class='ocrx_word' id='word_1_836' title='bbox 2616 4339 2909 4408; x_wconf 85' lang='lat' dir='ltr'><strong>magistrum</strong></span> <span class='ocrx_word' id='word_1_837' title='bbox 2952 4356 3102 4409; x_wconf 82' lang='lat' dir='ltr'><strong>super</strong></span> <span class='ocrx_word' id='word_1_838' title='bbox 3140 4352 3323 4397; x_wconf 84' lang='lat' dir='ltr'><strong>terrain</strong></span> <span class='ocrx_word' id='word_1_839' title='bbox 3345 4361 3363 4399; x_wconf 88' lang='lat'><em>:</em></span> <span class='ocrx_word' id='word_1_840' title='bbox 3386 4362 3515 4401; x_wconf 78' lang='lat' dir='ltr'><strong>unus</strong></span> 
     </span>
    </p>
   </div>
   <div class='ocr_carea' id='block_1_104' title="bbox 1943 4427 3514 4505">
    <p class='ocr_par' dir='ltr' id='par_1_104' title="bbox 1943 4427 3514 4505">
     <span class='ocr_line' id='line_1_104' title="bbox 1943 4427 3514 4505; baseline 0.01 -27"><span class='ocrx_word' id='word_1_841' title='bbox 1943 4428 2073 4479; x_wconf 87' lang='lat' dir='ltr'><strong>enim</strong></span> <span class='ocrx_word' id='word_1_842' title='bbox 2102 4436 2171 4479; x_wconf 83' lang='lat' dir='ltr'><strong>est</strong></span> <span class='ocrx_word' id='word_1_843' title='bbox 2194 4427 2428 4495; x_wconf 83' lang='lat' dir='ltr'><strong>magister</strong></span> <span class='ocrx_word' id='word_1_844' title='bbox 2451 4436 2626 4495; x_wconf 80' lang='lat' dir='ltr'><strong>vester,</strong></span> <span class='ocrx_word' id='word_1_845' title='bbox 2648 4430 2733 4497; x_wconf 84' lang='lat' dir='ltr'><strong>qui</strong></span> <span class='ocrx_word' id='word_1_846' title='bbox 2758 4441 2829 4484; x_wconf 80' lang='lat' dir='ltr'><strong>est</strong></span> <span class='ocrx_word' id='word_1_847' title='bbox 2854 4431 2906 4484; x_wconf 91' lang='lat' dir='ltr'><strong>in</strong></span> <span class='ocrx_word' id='word_1_848' title='bbox 2922 4432 3057 4486; x_wconf 66' lang='lat' dir='ltr'><strong>caelis</strong></span> <span class='ocrx_word' id='word_1_849' title='bbox 3073 4432 3374 4505; x_wconf 76' lang='lat' dir='ltr'><strong>(.Matth.23.</strong></span> <span class='ocrx_word' id='word_1_850' title='bbox 3401 4438 3514 4505; x_wconf 68' lang='lat'><strong>£0);</strong></span> 
     </span>
    </p>
   </div>
   <div class='ocr_carea' id='block_1_105' title="bbox 1941 4518 3512 4594">
    <p class='ocr_par' dir='ltr' id='par_1_105' title="bbox 1941 4518 3512 4594">
     <span class='ocr_line' id='line_1_105' title="bbox 1941 4518 3512 4594; baseline 0.006 -24"><span class='ocrx_word' id='word_1_851' title='bbox 1941 4518 2227 4571; x_wconf 88' lang='lat' dir='ltr'><strong>ostendens</strong></span> <span class='ocrx_word' id='word_1_852' title='bbox 2264 4533 2423 4573; x_wconf 91' lang='lat' dir='ltr'><strong>omne</strong></span> <span class='ocrx_word' id='word_1_853' title='bbox 2470 4518 2774 4589; x_wconf 88' lang='lat' dir='ltr'><strong>dogmatum</strong></span> <span class='ocrx_word' id='word_1_854' title='bbox 2820 4533 3118 4577; x_wconf 90' lang='lat' dir='ltr'><strong>nostrorum</strong></span> <span class='ocrx_word' id='word_1_855' title='bbox 3175 4526 3512 4594; x_wconf 79' lang='lat' dir='ltr'><strong>principium,</strong></span> 
     </span>
    </p>
   </div>
   <div class='ocr_carea' id='block_1_106' title="bbox 1940 4608 3508 4685">
    <p class='ocr_par' dir='ltr' id='par_1_106' title="bbox 1940 4608 3508 4685">
     <span class='ocr_line' id='line_1_106' title="bbox 1940 4608 3508 4685; baseline 0.007 -25"><span class='ocrx_word' id='word_1_856' title='bbox 1940 4609 2171 4662; x_wconf 89' lang='lat' dir='ltr'><strong>radicem</strong></span> <span class='ocrx_word' id='word_1_857' title='bbox 2220 4608 2448 4678; x_wconf 90' lang='lat' dir='ltr'><strong>desuper</strong></span> <span class='ocrx_word' id='word_1_858' title='bbox 2501 4625 2566 4664; x_wconf 82' lang='lat' dir='ltr'><strong>ex</strong></span> <span class='ocrx_word' id='word_1_859' title='bbox 2615 4611 2863 4665; x_wconf 64' lang='lat' dir='ltr'><strong>caelorum</strong></span> <span class='ocrx_word' id='word_1_860' title='bbox 2930 4612 3153 4667; x_wconf 90' lang='lat' dir='ltr'><strong>Domino</strong></span> <span class='ocrx_word' id='word_1_861' title='bbox 3207 4618 3508 4685; x_wconf 86' lang='lat' dir='ltr'><strong>accepisse,</strong></span> 
     </span>
    </p>
   </div>
   <div class='ocr_carea' id='block_1_107' title="bbox 1940 4701 3510 4772">
    <p class='ocr_par' dir='ltr' id='par_1_107' title="bbox 1940 4701 3510 4772">
     <span class='ocr_line' id='line_1_107' title="bbox 1940 4701 3510 4772; baseline 0.003 -17"><span class='ocrx_word' id='word_1_862' title='bbox 1940 4701 2148 4755; x_wconf 89' lang='lat' dir='ltr'><strong>etiamsi</strong></span> <span class='ocrx_word' id='word_1_863' title='bbox 2181 4701 2423 4756; x_wconf 90' lang='lat' dir='ltr'><strong>homines</strong></span> <span class='ocrx_word' id='word_1_864' title='bbox 2444 4703 2549 4756; x_wconf 91' lang='lat' dir='ltr'><strong>sint</strong></span> <span class='ocrx_word' id='word_1_865' title='bbox 2576 4704 2662 4771; x_wconf 93' lang='lat' dir='ltr'><strong>qui</strong></span> <span class='ocrx_word' id='word_1_866' title='bbox 2691 4702 2755 4757; x_wconf 92' lang='lat' dir='ltr'><strong>ad</strong></span> <span class='ocrx_word' id='word_1_867' title='bbox 2787 4703 2870 4756; x_wconf 91' lang='lat' dir='ltr'><strong>illa</strong></span> <span class='ocrx_word' id='word_1_868' title='bbox 2900 4703 3216 4758; x_wconf 88' lang='lat' dir='ltr'><strong>ministrant.</strong></span> <span class='ocrx_word' id='word_1_869' title='bbox 3247 4705 3410 4772; x_wconf 81' lang='lat' dir='ltr'><strong>Quam</strong></span> <span class='ocrx_word' id='word_1_870' title='bbox 3434 4711 3510 4761; x_wconf 78' lang='lat' dir='ltr'><strong>vi-</strong></span> 
     </span>
    </p>
   </div>
   <div class='ocr_carea' id='block_1_108' title="bbox 1940 4792 3512 4867">
    <p class='ocr_par' dir='ltr' id='par_1_108' title="bbox 1940 4792 3512 4867">
     <span class='ocr_line' id='line_1_108' title="bbox 1940 4792 3512 4867; baseline 0.004 -21"><span class='ocrx_word' id='word_1_871' title='bbox 1940 4795 2011 4847; x_wconf 88' lang='lat' dir='ltr'><strong>dit</strong></span> <span class='ocrx_word' id='word_1_872' title='bbox 2031 4792 2216 4847; x_wconf 83' lang='lat' dir='ltr'><strong>lsai‘as.</strong></span> <span class='ocrx_word' id='word_1_873' title='bbox 2249 4792 2525 4860; x_wconf 89' lang='lat' dir='ltr'><strong>Quomodo</strong></span> <span class='ocrx_word' id='word_1_874' title='bbox 2554 4793 2668 4847; x_wconf 66' lang='lat' dir='ltr'><strong>hate</strong></span> <span class='ocrx_word' id='word_1_875' title='bbox 2691 4833 2705 4859; x_wconf 94' lang='lat'><strong>,</strong></span> <span class='ocrx_word' id='word_1_876' title='bbox 2737 4810 2853 4863; x_wconf 67' lang='lat' dir='ltr'><strong>qua:</strong></span> <span class='ocrx_word' id='word_1_877' title='bbox 2893 4794 3071 4849; x_wconf 91' lang='lat' dir='ltr'><strong>vident</strong></span> <span class='ocrx_word' id='word_1_878' title='bbox 3116 4797 3406 4867; x_wconf 72' lang='lat' dir='ltr'><strong>prophetia,</strong></span> <span class='ocrx_word' id='word_1_879' title='bbox 3435 4800 3512 4852; x_wconf 91' lang='lat' dir='ltr'><strong>vi-</strong></span> 
     </span>
    </p>
   </div>
   <div class='ocr_carea' id='block_1_109' title="bbox 1939 4884 3511 4956">
    <p class='ocr_par' dir='ltr' id='par_1_109' title="bbox 1939 4884 3511 4956">
     <span class='ocr_line' id='line_1_109' title="bbox 1939 4884 3511 4956; baseline 0.001 -17"><span class='ocrx_word' id='word_1_880' title='bbox 1939 4884 2120 4951; x_wconf 89' lang='lat' dir='ltr'><strong>deant,</strong></span> <span class='ocrx_word' id='word_1_881' title='bbox 2138 4885 2314 4939; x_wconf 90' lang='lat' dir='ltr'><strong>dicere</strong></span> <span class='ocrx_word' id='word_1_882' title='bbox 2333 4899 2436 4937; x_wconf 91' lang='lat' dir='ltr'><strong>non</strong></span> <span class='ocrx_word' id='word_1_883' title='bbox 2456 4892 2694 4938; x_wconf 89' lang='lat' dir='ltr'><strong>nostrum</strong></span> <span class='ocrx_word' id='word_1_884' title='bbox 2720 4894 2826 4948; x_wconf 87' lang='lat' dir='ltr'><strong>est;</strong></span> <span class='ocrx_word' id='word_1_885' title='bbox 2853 4884 3069 4939; x_wconf 90' lang='lat' dir='ltr'><strong>visionis</strong></span> <span class='ocrx_word' id='word_1_886' title='bbox 3088 4887 3282 4956; x_wconf 88' lang='lat' dir='ltr'><strong>quippe</strong></span> <span class='ocrx_word' id='word_1_887' title='bbox 3300 4888 3511 4941; x_wconf 88' lang='lat' dir='ltr'><strong>modum</strong></span> 
     </span>
    </p>
   </div>
   <div class='ocr_carea' id='block_1_110' title="bbox 1945 4977 3513 5046">
    <p class='ocr_par' dir='ltr' id='par_1_110' title="bbox 1945 4977 3513 5046">
     <span class='ocr_line' id='line_1_110' title="bbox 1945 4977 3513 5046; baseline 0.003 -16"><span class='ocrx_word' id='word_1_888' title='bbox 1945 4992 2050 5032; x_wconf 92' lang='lat' dir='ltr'><strong>non</strong></span> <span class='ocrx_word' id='word_1_889' title='bbox 2082 4991 2364 5046; x_wconf 90' lang='lat' dir='ltr'><strong>possumus</strong></span> <span class='ocrx_word' id='word_1_890' title='bbox 2387 4977 2757 5045; x_wconf 88' lang='lat' dir='ltr'><strong>interpretari;</strong></span> <span class='ocrx_word' id='word_1_891' title='bbox 2787 4977 2878 5031; x_wconf 90' lang='lat' dir='ltr'><strong>sed</strong></span> <span class='ocrx_word' id='word_1_892' title='bbox 2908 4977 2997 5032; x_wconf 92' lang='lat' dir='ltr'><strong>ille</strong></span> <span class='ocrx_word' id='word_1_893' title='bbox 3039 4978 3208 5031; x_wconf 90' lang='lat' dir='ltr'><strong>solum</strong></span> <span class='ocrx_word' id='word_1_894' title='bbox 3249 4980 3389 5034; x_wconf 91' lang='lat' dir='ltr'><strong>clare</strong></span> <span class='ocrx_word' id='word_1_895' title='bbox 3417 4996 3513 5034; x_wconf 92' lang='lat' dir='ltr'><strong>uo-</strong></span> 
     </span>
    </p>
   </div>
   <div class='ocr_carea' id='block_1_111' title="bbox 1943 5068 3508 5139">
    <p class='ocr_par' dir='ltr' id='par_1_111' title="bbox 1943 5068 3508 5139">
     <span class='ocr_line' id='line_1_111' title="bbox 1943 5068 3508 5139; baseline 0.003 -19"><span class='ocrx_word' id='word_1_896' title='bbox 1943 5071 2037 5130; x_wconf 91' lang='lat' dir='ltr'><strong>vit,</strong></span> <span class='ocrx_word' id='word_1_897' title='bbox 2065 5068 2150 5137; x_wconf 91' lang='lat' dir='ltr'><strong>qui</strong></span> <span class='ocrx_word' id='word_1_898' title='bbox 2174 5068 2497 5136; x_wconf 80' lang='lat' dir='ltr'><strong>experientia</strong></span> <span class='ocrx_word' id='word_1_899' title='bbox 2541 5068 2741 5121; x_wconf 90' lang='lat' dir='ltr'><strong>didicit.</strong></span> <span class='ocrx_word' id='word_1_900' title='bbox 2791 5068 2993 5123; x_wconf 85' lang='lat' dir='ltr'><strong>Etenim</strong></span> <span class='ocrx_word' id='word_1_901' title='bbox 3035 5068 3077 5121; x_wconf 90' lang='lat' dir='ltr'><strong>si</strong></span> <span class='ocrx_word' id='word_1_902' title='bbox 3110 5078 3309 5123; x_wconf 71' lang='lat' dir='ltr'><strong>natura:</strong></span> <span class='ocrx_word' id='word_1_903' title='bbox 3348 5086 3508 5139; x_wconf 88' lang='lat' dir='ltr'><strong>opera</strong></span> 
     </span>
    </p>
   </div>
   <div class='ocr_carea' id='block_1_112' title="bbox 1942 5156 3508 5227">
    <p class='ocr_par' dir='ltr' id='par_1_112' title="bbox 1942 5156 3508 5227">
     <span class='ocr_line' id='line_1_112' title="bbox 1942 5156 3508 5227; baseline 0 -16"><span class='ocrx_word' id='word_1_904' title='bbox 1942 5166 1995 5211; x_wconf 89' lang='lat' dir='ltr'><strong>et</strong></span> <span class='ocrx_word' id='word_1_905' title='bbox 2022 5157 2240 5211; x_wconf 80' lang='lat' dir='ltr'><strong>allectus</strong></span> <span class='ocrx_word' id='word_1_906' title='bbox 2267 5171 2408 5227; x_wconf 68' lang='lat' dir='ltr'><strong>saepe</strong></span> <span class='ocrx_word' id='word_1_907' title='bbox 2440 5170 2595 5211; x_wconf 91' lang='lat' dir='ltr'><strong>nemo</strong></span> <span class='ocrx_word' id='word_1_908' title='bbox 2621 5156 2887 5223; x_wconf 83' lang='lat' dir='ltr'><strong>explicare</strong></span> <span class='ocrx_word' id='word_1_909' title='bbox 2920 5166 3111 5224; x_wconf 87' lang='lat' dir='ltr'><strong>potest,</strong></span> <span class='ocrx_word' id='word_1_910' title='bbox 3142 5159 3306 5212; x_wconf 89' lang='lat' dir='ltr'><strong>multo</strong></span> <span class='ocrx_word' id='word_1_911' title='bbox 3338 5159 3508 5212; x_wconf 89' lang='lat' dir='ltr'><strong>minus</strong></span> 
     </span>
    </p>
   </div>
   <div class='ocr_carea' id='block_1_113' title="bbox 1941 5245 3509 5316">
    <p class='ocr_par' dir='ltr' id='par_1_113' title="bbox 1941 5245 3509 5316">
     <span class='ocr_line' id='line_1_113' title="bbox 1941 5245 3509 5316; baseline -0.001 -15"><span class='ocrx_word' id='word_1_912' title='bbox 1941 5248 2153 5301; x_wconf 92' lang='lat' dir='ltr'><strong>modum</strong></span> <span class='ocrx_word' id='word_1_913' title='bbox 2182 5246 2502 5316; x_wconf 88' lang='lat' dir='ltr'><strong>operationis</strong></span> <span class='ocrx_word' id='word_1_914' title='bbox 2531 5245 2776 5315; x_wconf 89' lang='lat' dir='ltr'><strong>Spiritus.</strong></span> <span class='ocrx_word' id='word_1_915' title='bbox 2822 5246 2970 5311; x_wconf 83' lang='lat' dir='ltr'><strong>Quod</strong></span> <span class='ocrx_word' id='word_1_916' title='bbox 2998 5247 3040 5301; x_wconf 92' lang='lat' dir='ltr'><strong>si</strong></span> <span class='ocrx_word' id='word_1_917' title='bbox 3069 5248 3305 5303; x_wconf 90' lang='lat' dir='ltr'><strong>obscuris</strong></span> <span class='ocrx_word' id='word_1_918' title='bbox 3330 5248 3509 5315; x_wconf 81' lang='lat' dir='ltr'><strong>imagi-</strong></span> 
     </span>
    </p>
   </div>
   <div class='ocr_carea' id='block_1_114' title="bbox 1942 5336 3511 5405">
    <p class='ocr_par' dir='ltr' id='par_1_114' title="bbox 1942 5336 3511 5405">
     <span class='ocr_line' id='line_1_114' title="bbox 1942 5336 3511 5405; baseline 0 -14"><span class='ocrx_word' id='word_1_919' title='bbox 1942 5338 2097 5393; x_wconf 90' lang='lat' dir='ltr'><strong>nibus</strong></span> <span class='ocrx_word' id='word_1_920' title='bbox 2139 5336 2391 5391; x_wconf 90' lang='lat' dir='ltr'><strong>audacter</strong></span> <span class='ocrx_word' id='word_1_921' title='bbox 2430 5337 2549 5405; x_wconf 91' lang='lat' dir='ltr'><strong>quis</strong></span> <span class='ocrx_word' id='word_1_922' title='bbox 2576 5336 2626 5390; x_wconf 91' lang='lat' dir='ltr'><strong>id</strong></span> <span class='ocrx_word' id='word_1_923' title='bbox 2655 5336 2865 5405; x_wconf 81' lang='lat' dir='ltr'><strong>aggredi</strong></span> <span class='ocrx_word' id='word_1_924' title='bbox 2914 5338 3109 5405; x_wconf 85' lang='lat' dir='ltr'><strong>possit,</strong></span> <span class='ocrx_word' id='word_1_925' title='bbox 3145 5354 3244 5390; x_wconf 89' lang='lat' dir='ltr'><strong>non</strong></span> <span class='ocrx_word' id='word_1_926' title='bbox 3272 5346 3415 5391; x_wconf 90' lang='lat' dir='ltr'><strong>certe</strong></span> <span class='ocrx_word' id='word_1_927' title='bbox 3442 5337 3511 5391; x_wconf 90' lang='lat' dir='ltr'><strong>ita</strong></span> 
     </span>
    </p>
   </div>
   <div class='ocr_carea' id='block_1_115' title="bbox 1941 5425 3511 5497">
    <p class='ocr_par' dir='ltr' id='par_1_115' title="bbox 1941 5425 3511 5497">
     <span class='ocr_line' id='line_1_115' title="bbox 1941 5425 3511 5497; baseline 0.001 -16"><span class='ocrx_word' id='word_1_928' title='bbox 1941 5428 2137 5497; x_wconf 86' lang='lat' dir='ltr'><strong>poterit</strong></span> <span class='ocrx_word' id='word_1_929' title='bbox 2165 5436 2219 5480; x_wconf 91' lang='lat' dir='ltr'><strong>ut</strong></span> <span class='ocrx_word' id='word_1_930' title='bbox 2248 5425 2446 5480; x_wconf 86' lang='lat' dir='ltr'><strong>clarum</strong></span> <span class='ocrx_word' id='word_1_931' title='bbox 2476 5425 2526 5478; x_wconf 92' lang='lat' dir='ltr'><strong>id</strong></span> <span class='ocrx_word' id='word_1_932' title='bbox 2556 5426 2772 5494; x_wconf 91' lang='lat' dir='ltr'><strong>reddat,</strong></span> <span class='ocrx_word' id='word_1_933' title='bbox 2804 5426 2895 5481; x_wconf 90' lang='lat' dir='ltr'><strong>sed</strong></span> <span class='ocrx_word' id='word_1_934' title='bbox 2925 5428 2975 5481; x_wconf 95' lang='lat' dir='ltr'><strong>in</strong></span> <span class='ocrx_word' id='word_1_935' title='bbox 3004 5428 3283 5494; x_wconf 69' lang='lat' dir='ltr'><strong>mnigmate</strong></span> <span class='ocrx_word' id='word_1_936' title='bbox 3312 5427 3359 5481; x_wconf 91' lang='lat' dir='ltr'><strong>id</strong></span> <span class='ocrx_word' id='word_1_937' title='bbox 3388 5429 3511 5482; x_wconf 84' lang='lat' dir='ltr'><strong>eﬁ&#39;c-</strong></span> 
     </span>
    </p>
   </div>
   <div class='ocr_carea' id='block_1_116' title="bbox 1942 5517 3509 5590">
    <p class='ocr_par' dir='ltr' id='par_1_116' title="bbox 1942 5517 3509 5590">
     <span class='ocr_line' id='line_1_116' title="bbox 1942 5517 3509 5590; baseline 0 -16"><span class='ocrx_word' id='word_1_938' title='bbox 1942 5531 2040 5574; x_wconf 89' lang='lat' dir='ltr'><strong>ret.</strong></span> <span class='ocrx_word' id='word_1_939' title='bbox 2067 5519 2189 5575; x_wconf 81' lang='lat' dir='ltr'><strong>Mihi</strong></span> <span class='ocrx_word' id='word_1_940' title='bbox 2220 5518 2431 5590; x_wconf 87' lang='lat' dir='ltr'><strong>quidem</strong></span> <span class='ocrx_word' id='word_1_941' title='bbox 2475 5519 2683 5575; x_wconf 89' lang='lat' dir='ltr'><strong>videtur</strong></span> <span class='ocrx_word' id='word_1_942' title='bbox 2709 5520 2761 5574; x_wconf 92' lang='lat' dir='ltr'><strong>id</strong></span> <span class='ocrx_word' id='word_1_943' title='bbox 2799 5521 2867 5573; x_wconf 90' lang='lat' dir='ltr'><strong>ita</strong></span> <span class='ocrx_word' id='word_1_944' title='bbox 2901 5517 3093 5572; x_wconf 80' lang='lat' dir='ltr'><strong>factum</strong></span> <span class='ocrx_word' id='word_1_945' title='bbox 3142 5534 3262 5575; x_wconf 89' lang='lat' dir='ltr'><strong>esse</strong></span> <span class='ocrx_word' id='word_1_946' title='bbox 3305 5521 3356 5574; x_wconf 91' lang='lat' dir='ltr'><strong>in</strong></span> <span class='ocrx_word' id='word_1_947' title='bbox 3385 5534 3509 5588; x_wconf 88' lang='lat' dir='ltr'><strong>pro-</strong></span> 
     </span>
    </p>
   </div>
   <div class='ocr_carea' id='block_1_117' title="bbox 1943 5609 3512 5684">
    <p class='ocr_par' dir='ltr' id='par_1_117' title="bbox 1943 5609 3512 5684">
     <span class='ocr_line' id='line_1_117' title="bbox 1943 5609 3512 5684; baseline 0.001 -17"><span class='ocrx_word' id='word_1_948' title='bbox 1943 5611 2146 5684; x_wconf 86' lang='lat' dir='ltr'><strong>phetis,</strong></span> <span class='ocrx_word' id='word_1_949' title='bbox 2177 5618 2234 5667; x_wconf 91' lang='lat' dir='ltr'><strong>ut</strong></span> <span class='ocrx_word' id='word_1_950' title='bbox 2257 5624 2378 5667; x_wconf 87' lang='lat' dir='ltr'><strong>cum</strong></span> <span class='ocrx_word' id='word_1_951' title='bbox 2405 5625 2553 5682; x_wconf 78' lang='lat' dir='ltr'><strong>aqua:</strong></span> <span class='ocrx_word' id='word_1_952' title='bbox 2598 5609 2826 5684; x_wconf 65' lang='lat' dir='ltr'><strong>limpida:</strong></span> <span class='ocrx_word' id='word_1_953' title='bbox 2862 5620 3049 5665; x_wconf 86' lang='lat' dir='ltr'><strong>natura</strong></span> <span class='ocrx_word' id='word_1_954' title='bbox 3100 5610 3277 5667; x_wconf 88' lang='lat' dir='ltr'><strong>radios</strong></span> <span class='ocrx_word' id='word_1_955' title='bbox 3316 5612 3512 5670; x_wconf 76' lang='lat' dir='ltr'><strong>soleres</strong></span> 
     </span>
    </p>
   </div>
  </div>
