  <div class='ocr_page' id='page_1' title='image "/cluster/home/n/w/nwhite01/storage/ocr_20150623/56/ien.35556001660836/021.png"; bbox 0 0 4044 6424; ppageno 0'>
   <div class='ocr_carea' id='block_1_1' title="bbox 546 333 3798 416">
    <p class='ocr_par' dir='ltr' id='par_1_1' title="bbox 546 333 3798 416">
     <span class='ocr_line' id='line_1_1' title="bbox 546 333 3798 416; baseline -0.011 -1"><span class='ocrx_word' id='word_1_1' title='bbox 546 366 608 416; x_wconf 70' lang='grc' dir='ltr'><strong>ις.</strong></span> <span class='ocrx_word' id='word_1_2' title='bbox 1263 343 1318 398; x_wconf 92' lang='lat' dir='ltr'><strong>s.</strong></span> <span class='ocrx_word' id='word_1_3' title='bbox 1357 343 1632 399; x_wconf 71' lang='lat' dir='ltr'><strong>JOANNIS</strong></span> <span class='ocrx_word' id='word_1_4' title='bbox 1667 335 2134 396; x_wconf 74' lang='lat' dir='ltr'><strong>Cllin&#39;SOS‘I‘OMl</strong></span> <span class='ocrx_word' id='word_1_5' title='bbox 2171 333 2489 393; x_wconf 74' lang='lat' dir='ltr'><strong>ARClllEP.</strong></span> <span class='ocrx_word' id='word_1_6' title='bbox 2517 335 3049 394; x_wconf 71' lang='lat' dir='ltr'><strong>CONSTANTINOP.</strong></span> <span class='ocrx_word' id='word_1_7' title='bbox 3734 341 3798 391; x_wconf 69' lang='grc' dir='ltr'><strong>με</strong></span> 
     </span>
    </p>
   </div>
   <div class='ocr_carea' id='block_1_2' title="bbox 526 457 2096 528">
    <p class='ocr_par' dir='ltr' id='par_1_2' title="bbox 526 457 2096 528">
     <span class='ocr_line' id='line_1_2' title="bbox 526 457 2096 528; baseline -0.004 -15"><span class='ocrx_word' id='word_1_8' title='bbox 526 459 751 528; x_wconf 76' lang='lat' dir='ltr'><strong>excepit,</strong></span> <span class='ocrx_word' id='word_1_9' title='bbox 785 468 892 513; x_wconf 89' lang='lat' dir='ltr'><strong>tota</strong></span> <span class='ocrx_word' id='word_1_10' title='bbox 942 459 1262 523; x_wconf 84' lang='lat' dir='ltr'><strong>illustratur,</strong></span> <span class='ocrx_word' id='word_1_11' title='bbox 1295 459 1371 512; x_wconf 90' lang='lat' dir='ltr'><strong>sic</strong></span> <span class='ocrx_word' id='word_1_12' title='bbox 1400 469 1450 514; x_wconf 90' lang='lat' dir='ltr'><strong>et</strong></span> <span class='ocrx_word' id='word_1_13' title='bbox 1484 460 1861 528; x_wconf 85' lang='lat' dir='ltr'><strong>prophetarum</strong></span> <span class='ocrx_word' id='word_1_14' title='bbox 1892 457 2096 510; x_wconf 89' lang='lat' dir='ltr'><strong>animas</strong></span> 
     </span>
    </p>
   </div>
   <div class='ocr_carea' id='block_1_3' title="bbox 527 546 2098 616">
    <p class='ocr_par' dir='ltr' id='par_1_3' title="bbox 527 546 2098 616">
     <span class='ocr_line' id='line_1_3' title="bbox 527 546 2098 616; baseline -0.002 -15"><span class='ocrx_word' id='word_1_15' title='bbox 527 549 733 616; x_wconf 83' lang='lat' dir='ltr'><strong>propria</strong></span> <span class='ocrx_word' id='word_1_16' title='bbox 766 548 958 601; x_wconf 81' lang='lat' dir='ltr'><strong>virtute</strong></span> <span class='ocrx_word' id='word_1_17' title='bbox 987 547 1133 614; x_wconf 88' lang='lat' dir='ltr'><strong>prius</strong></span> <span class='ocrx_word' id='word_1_18' title='bbox 1162 557 1500 616; x_wconf 84' lang='lat' dir='ltr'><strong>expurgatas,</strong></span> <span class='ocrx_word' id='word_1_19' title='bbox 1529 546 1724 600; x_wconf 84' lang='lat' dir='ltr'><strong>donum</strong></span> <span class='ocrx_word' id='word_1_20' title='bbox 1754 546 1984 614; x_wconf 76' lang='lat' dir='ltr'><strong>Spiritus</strong></span> <span class='ocrx_word' id='word_1_21' title='bbox 2004 558 2098 598; x_wconf 80' lang='lat' dir='ltr'><strong>ac-</strong></span> 
     </span>
    </p>
   </div>
   <div class='ocr_carea' id='block_1_4' title="bbox 524 636 2101 707">
    <p class='ocr_par' dir='ltr' id='par_1_4' title="bbox 524 636 2101 707">
     <span class='ocr_line' id='line_1_4' title="bbox 524 636 2101 707; baseline -0.004 -13"><span class='ocrx_word' id='word_1_22' title='bbox 524 640 703 707; x_wconf 89' lang='lat' dir='ltr'><strong>cipere</strong></span> <span class='ocrx_word' id='word_1_23' title='bbox 724 678 738 700; x_wconf 90' lang='lat'><strong>,</strong></span> <span class='ocrx_word' id='word_1_24' title='bbox 772 645 825 690; x_wconf 90' lang='lat' dir='ltr'><strong>et</strong></span> <span class='ocrx_word' id='word_1_25' title='bbox 851 637 916 691; x_wconf 86' lang='lat' dir='ltr'><strong>ad</strong></span> <span class='ocrx_word' id='word_1_26' title='bbox 946 637 1200 706; x_wconf 81' lang='lat' dir='ltr'><strong>fulgorem</strong></span> <span class='ocrx_word' id='word_1_27' title='bbox 1233 639 1376 691; x_wconf 89' lang='lat' dir='ltr'><strong>illum</strong></span> <span class='ocrx_word' id='word_1_28' title='bbox 1421 638 1761 690; x_wconf 86' lang='lat' dir='ltr'><strong>eoncinnatas</strong></span> <span class='ocrx_word' id='word_1_29' title='bbox 1788 638 1858 690; x_wconf 86' lang='lat' dir='ltr'><strong>ita</strong></span> <span class='ocrx_word' id='word_1_30' title='bbox 1887 636 2101 688; x_wconf 87' lang='lat' dir='ltr'><strong>futuro—</strong></span> 
     </span>
    </p>
   </div>
   <div class='ocr_carea' id='block_1_5' title="bbox 525 725 2098 794">
    <p class='ocr_par' dir='ltr' id='par_1_5' title="bbox 525 725 2098 794">
     <span class='ocr_line' id='line_1_5' title="bbox 525 725 2098 794; baseline -0.004 -12"><span class='ocrx_word' id='word_1_31' title='bbox 525 744 641 782; x_wconf 85' lang='lat' dir='ltr'><strong>rum</strong></span> <span class='ocrx_word' id='word_1_32' title='bbox 689 727 927 781; x_wconf 89' lang='lat' dir='ltr'><strong>notiliam</strong></span> <span class='ocrx_word' id='word_1_33' title='bbox 973 726 1272 781; x_wconf 89' lang='lat' dir='ltr'><strong>admittere.</strong></span> <span class='ocrx_word' id='word_1_34' title='bbox 1319 725 1485 780; x_wconf 83' lang='lat' dir='ltr'><strong>Filius</strong></span> <span class='ocrx_word' id='word_1_35' title='bbox 1531 727 1703 780; x_wconf 83' lang='lat' dir='ltr'><strong>Amos.</strong></span> <span class='ocrx_word' id='word_1_36' title='bbox 1741 725 1852 780; x_wconf 89' lang='lat' dir='ltr'><strong>Cur</strong></span> <span class='ocrx_word' id='word_1_37' title='bbox 1897 734 2098 794; x_wconf 86' lang='lat' dir='ltr'><strong>patrem</strong></span> 
     </span>
    </p>
   </div>
   <div class='ocr_carea' id='block_1_6' title="bbox 524 817 2102 887">
    <p class='ocr_par' dir='ltr' id='par_1_6' title="bbox 524 817 2102 887">
     <span class='ocr_line' id='line_1_6' title="bbox 524 817 2102 887; baseline -0.001 -17"><span class='ocrx_word' id='word_1_38' title='bbox 524 818 942 871; x_wconf 69' lang='lat' dir='ltr'><strong>commemorat?</strong></span> <span class='ocrx_word' id='word_1_39' title='bbox 987 821 1090 871; x_wconf 85' lang='lat' dir='ltr'><strong>Aut</strong></span> <span class='ocrx_word' id='word_1_40' title='bbox 1115 817 1181 870; x_wconf 89' lang='lat' dir='ltr'><strong>ad</strong></span> <span class='ocrx_word' id='word_1_41' title='bbox 1211 817 1498 872; x_wconf 91' lang='lat' dir='ltr'><strong>tollendum</strong></span> <span class='ocrx_word' id='word_1_42' title='bbox 1529 818 1860 887; x_wconf 79' lang='lat' dir='ltr'><strong>:equivocum</strong></span> <span class='ocrx_word' id='word_1_43' title='bbox 1885 856 1900 876; x_wconf 88' lang='lat'><strong>,</strong></span> <span class='ocrx_word' id='word_1_44' title='bbox 1926 825 2017 869; x_wconf 86' lang='lat' dir='ltr'><strong>aut</strong></span> <span class='ocrx_word' id='word_1_45' title='bbox 2043 824 2102 869; x_wconf 88' lang='lat' dir='ltr'><strong>ut</strong></span> 
     </span>
    </p>
   </div>
   <div class='ocr_carea' id='block_1_7' title="bbox 592 905 2096 974">
    <p class='ocr_par' dir='ltr' id='par_1_7' title="bbox 592 905 2096 974">
     <span class='ocr_line' id='line_1_7' title="bbox 592 905 2096 974; baseline -0.001 -14"><span class='ocrx_word' id='word_1_46' title='bbox 592 905 858 960; x_wconf 79' lang='lat' dir='ltr'><strong>discamus</strong></span> <span class='ocrx_word' id='word_1_47' title='bbox 887 907 1051 974; x_wconf 94' lang='lat' dir='ltr'><strong>patris</strong></span> <span class='ocrx_word' id='word_1_48' title='bbox 1079 907 1330 962; x_wconf 91' lang='lat' dir='ltr'><strong>vilitatem</strong></span> <span class='ocrx_word' id='word_1_49' title='bbox 1360 907 1450 961; x_wconf 85' lang='lat' dir='ltr'><strong>filii</strong></span> <span class='ocrx_word' id='word_1_50' title='bbox 1497 909 1744 960; x_wconf 92' lang='lat' dir='ltr'><strong>virtutem</strong></span> <span class='ocrx_word' id='word_1_51' title='bbox 1772 921 1876 961; x_wconf 93' lang='lat' dir='ltr'><strong>non</strong></span> <span class='ocrx_word' id='word_1_52' title='bbox 1899 906 2096 961; x_wconf 88' lang='lat' dir='ltr'><strong>obscu-</strong></span> 
     </span>
    </p>
   </div>
   <div class='ocr_carea' id='block_1_8' title="bbox 524 994 2102 1066">
    <p class='ocr_par' dir='ltr' id='par_1_8' title="bbox 524 994 2102 1066">
     <span class='ocr_line' id='line_1_8' title="bbox 524 994 2102 1066; baseline -0.002 -15"><span class='ocrx_word' id='word_1_53' title='bbox 524 994 645 1051; x_wconf 80' lang='lat' dir='ltr'><strong>rare</strong></span> <span class='ocrx_word' id='word_1_54' title='bbox 675 1012 688 1049; x_wconf 92' lang='lat'><strong>:</strong></span> <span class='ocrx_word' id='word_1_55' title='bbox 717 995 1154 1066; x_wconf 81' lang='lat' dir='ltr'><strong>nobilitatemque</strong></span> <span class='ocrx_word' id='word_1_56' title='bbox 1182 1011 1301 1052; x_wconf 88' lang='lat' dir='ltr'><strong>esse</strong></span> <span class='ocrx_word' id='word_1_57' title='bbox 1339 1011 1446 1052; x_wconf 92' lang='lat' dir='ltr'><strong>non</strong></span> <span class='ocrx_word' id='word_1_58' title='bbox 1490 1011 1556 1052; x_wconf 86' lang='lat' dir='ltr'><strong>ex</strong></span> <span class='ocrx_word' id='word_1_59' title='bbox 1588 995 1859 1064; x_wconf 63' lang='lat' dir='ltr'><strong>praeclaris</strong></span> <span class='ocrx_word' id='word_1_60' title='bbox 1889 994 2102 1064; x_wconf 82' lang='lat' dir='ltr'><strong>majori-</strong></span> 
     </span>
    </p>
   </div>
   <div class='ocr_carea' id='block_1_9' title="bbox 526 1084 2101 1157">
    <p class='ocr_par' dir='ltr' id='par_1_9' title="bbox 526 1084 2101 1157">
     <span class='ocr_line' id='line_1_9' title="bbox 526 1084 2101 1157; baseline 0 -19"><span class='ocrx_word' id='word_1_61' title='bbox 526 1084 625 1139; x_wconf 87' lang='lat' dir='ltr'><strong>bus</strong></span> <span class='ocrx_word' id='word_1_62' title='bbox 650 1085 815 1150; x_wconf 91' lang='lat' dir='ltr'><strong>oriri,</strong></span> <span class='ocrx_word' id='word_1_63' title='bbox 845 1085 938 1140; x_wconf 88' lang='lat' dir='ltr'><strong>sed</strong></span> <span class='ocrx_word' id='word_1_64' title='bbox 977 1101 1041 1141; x_wconf 83' lang='lat' dir='ltr'><strong>ex</strong></span> <span class='ocrx_word' id='word_1_65' title='bbox 1082 1089 1287 1157; x_wconf 88' lang='lat' dir='ltr'><strong>propria</strong></span> <span class='ocrx_word' id='word_1_66' title='bbox 1327 1087 1706 1156; x_wconf 82' lang='lat' dir='ltr'><strong>magnitudine.</strong></span> <span class='ocrx_word' id='word_1_67' title='bbox 1749 1087 1848 1142; x_wconf 85' lang='lat' dir='ltr'><strong>Hic</strong></span> <span class='ocrx_word' id='word_1_68' title='bbox 1871 1094 2015 1142; x_wconf 89' lang='lat' dir='ltr'><strong>certe</strong></span> <span class='ocrx_word' id='word_1_69' title='bbox 2039 1101 2101 1140; x_wconf 83' lang='lat' dir='ltr'><strong>ex</strong></span> 
     </span>
    </p>
   </div>
   <div class='ocr_carea' id='block_1_10' title="bbox 525 1174 2102 1246">
    <p class='ocr_par' dir='ltr' id='par_1_10' title="bbox 525 1174 2102 1246">
     <span class='ocr_line' id='line_1_10' title="bbox 525 1174 2102 1246; baseline 0.001 -19"><span class='ocrx_word' id='word_1_70' title='bbox 525 1174 738 1243; x_wconf 77' lang='lat' dir='ltr'><strong>ignobili</strong></span> <span class='ocrx_word' id='word_1_71' title='bbox 767 1185 917 1246; x_wconf 81' lang='lat' dir='ltr'><strong>patre</strong></span> <span class='ocrx_word' id='word_1_72' title='bbox 945 1187 1101 1231; x_wconf 85' lang='lat' dir='ltr'><strong>natus</strong></span> <span class='ocrx_word' id='word_1_73' title='bbox 1123 1219 1137 1242; x_wconf 96' lang='lat'><strong>,</strong></span> <span class='ocrx_word' id='word_1_74' title='bbox 1165 1177 1414 1231; x_wconf 85' lang='lat' dir='ltr'><strong>omnibus</strong></span> <span class='ocrx_word' id='word_1_75' title='bbox 1455 1178 1714 1231; x_wconf 83' lang='lat' dir='ltr'><strong>illustrior</strong></span> <span class='ocrx_word' id='word_1_76' title='bbox 1741 1177 1944 1239; x_wconf 91' lang='lat' dir='ltr'><strong>evasit,</strong></span> <span class='ocrx_word' id='word_1_77' title='bbox 1973 1190 2102 1246; x_wconf 85' lang='lat' dir='ltr'><strong>pro-</strong></span> 
     </span>
    </p>
   </div>
   <div class='ocr_carea' id='block_1_11' title="bbox 530 1266 2106 1338">
    <p class='ocr_par' dir='ltr' id='par_1_11' title="bbox 530 1266 2106 1338">
     <span class='ocr_line' id='line_1_11' title="bbox 530 1266 2106 1338; baseline 0 -19"><span class='ocrx_word' id='word_1_78' title='bbox 530 1266 660 1336; x_wconf 75' lang='lat' dir='ltr'><strong>prize</strong></span> <span class='ocrx_word' id='word_1_79' title='bbox 707 1267 915 1321; x_wconf 86' lang='lat' dir='ltr'><strong>virtutis</strong></span> <span class='ocrx_word' id='word_1_80' title='bbox 955 1268 1263 1321; x_wconf 80' lang='lat' dir='ltr'><strong>excellentia</strong></span> <span class='ocrx_word' id='word_1_81' title='bbox 1292 1267 1517 1338; x_wconf 76' lang='lat' dir='ltr'><strong>fulgens.</strong></span> <span class='ocrx_word' id='word_1_82' title='bbox 1567 1268 1734 1335; x_wconf 85' lang='lat' dir='ltr'><strong>Quam</strong></span> <span class='ocrx_word' id='word_1_83' title='bbox 1779 1267 1901 1322; x_wconf 80' lang='lat' dir='ltr'><strong>vidit</strong></span> <span class='ocrx_word' id='word_1_84' title='bbox 1930 1277 2106 1321; x_wconf 89' lang='lat' dir='ltr'><strong>contra</strong></span> 
     </span>
    </p>
   </div>
   <div class='ocr_carea' id='block_1_12' title="bbox 526 1355 1374 1413">
    <p class='ocr_par' dir='ltr' id='par_1_12' title="bbox 526 1355 1374 1413">
     <span class='ocr_line' id='line_1_12' title="bbox 526 1355 1374 1413; baseline 0.002 -3"><span class='ocrx_word' id='word_1_85' title='bbox 526 1355 766 1412; x_wconf 69' lang='lat' dir='ltr'><strong>Iudicum</strong></span> <span class='ocrx_word' id='word_1_86' title='bbox 791 1368 836 1412; x_wconf 88' lang='lat' dir='ltr'><strong>et</strong></span> <span class='ocrx_word' id='word_1_87' title='bbox 865 1371 1038 1412; x_wconf 89' lang='lat' dir='ltr'><strong>contra</strong></span> <span class='ocrx_word' id='word_1_88' title='bbox 1075 1359 1374 1413; x_wconf 72' lang='lat' dir='ltr'><strong>Jerusalem.</strong></span> 
     </span>
    </p>
   </div>
   <div class='ocr_carea' id='block_1_13' title="bbox 593 1447 2104 1519">
    <p class='ocr_par' dir='ltr' id='par_1_13' title="bbox 593 1447 2104 1519">
     <span class='ocr_line' id='line_1_13' title="bbox 593 1447 2104 1519; baseline 0 -18"><span class='ocrx_word' id='word_1_89' title='bbox 593 1447 648 1500; x_wconf 90' lang='lat'><strong>2.</strong></span> <span class='ocrx_word' id='word_1_90' title='bbox 679 1447 788 1502; x_wconf 90' lang='lat' dir='ltr'><strong>Cur</strong></span> <span class='ocrx_word' id='word_1_91' title='bbox 830 1448 1077 1502; x_wconf 84' lang='lat' dir='ltr'><strong>distincte</strong></span> <span class='ocrx_word' id='word_1_92' title='bbox 1128 1460 1408 1519; x_wconf 89' lang='lat' dir='ltr'><strong>utrumque</strong></span> <span class='ocrx_word' id='word_1_93' title='bbox 1451 1450 1624 1504; x_wconf 92' lang='lat' dir='ltr'><strong>locum</strong></span> <span class='ocrx_word' id='word_1_94' title='bbox 1678 1448 2104 1504; x_wconf 84' lang='lat' dir='ltr'><strong>commemorat?</strong></span> 
     </span>
    </p>
   </div>
   <div class='ocr_carea' id='block_1_14' title="bbox 527 1537 2106 1610">
    <p class='ocr_par' dir='ltr' id='par_1_14' title="bbox 527 1537 2106 1610">
     <span class='ocr_line' id='line_1_14' title="bbox 527 1537 2106 1610; baseline 0.001 -20"><span class='ocrx_word' id='word_1_95' title='bbox 527 1537 661 1604; x_wconf 86' lang='lat' dir='ltr'><strong>Quia</strong></span> <span class='ocrx_word' id='word_1_96' title='bbox 693 1552 862 1606; x_wconf 67' lang='lat' dir='ltr'><strong>pinna:</strong></span> <span class='ocrx_word' id='word_1_97' title='bbox 899 1538 1108 1592; x_wconf 87' lang='lat' dir='ltr'><strong>divisim</strong></span> <span class='ocrx_word' id='word_1_98' title='bbox 1159 1538 1369 1595; x_wconf 71' lang='lat' dir='ltr'><strong>inflicta:</strong></span> <span class='ocrx_word' id='word_1_99' title='bbox 1394 1548 1550 1605; x_wconf 91' lang='lat' dir='ltr'><strong>sunt,</strong></span> <span class='ocrx_word' id='word_1_100' title='bbox 1598 1539 1928 1610; x_wconf 80' lang='lat' dir='ltr'><strong>diversisque</strong></span> <span class='ocrx_word' id='word_1_101' title='bbox 1967 1547 2106 1594; x_wconf 85' lang='lat' dir='ltr'><strong>tem-</strong></span> 
     </span>
    </p>
   </div>
   <div class='ocr_carea' id='block_1_15' title="bbox 531 1629 2104 1699">
    <p class='ocr_par' dir='ltr' id='par_1_15' title="bbox 531 1629 2104 1699">
     <span class='ocr_line' id='line_1_15' title="bbox 531 1629 2104 1699; baseline 0 -17"><span class='ocrx_word' id='word_1_102' title='bbox 531 1629 770 1697; x_wconf 89' lang='lat' dir='ltr'><strong>poribus,</strong></span> <span class='ocrx_word' id='word_1_103' title='bbox 802 1629 909 1684; x_wconf 90' lang='lat' dir='ltr'><strong>Deo</strong></span> <span class='ocrx_word' id='word_1_104' title='bbox 937 1630 988 1684; x_wconf 93' lang='lat' dir='ltr'><strong>id</strong></span> <span class='ocrx_word' id='word_1_105' title='bbox 1020 1631 1286 1699; x_wconf 88' lang='lat' dir='ltr'><strong>sapienter</strong></span> <span class='ocrx_word' id='word_1_106' title='bbox 1309 1631 1669 1699; x_wconf 85' lang='lat' dir='ltr'><strong>dispensante,</strong></span> <span class='ocrx_word' id='word_1_107' title='bbox 1700 1646 1769 1685; x_wconf 90' lang='lat' dir='ltr'><strong>ne</strong></span> <span class='ocrx_word' id='word_1_108' title='bbox 1794 1644 1981 1686; x_wconf 91' lang='lat' dir='ltr'><strong>omnes</strong></span> <span class='ocrx_word' id='word_1_109' title='bbox 2001 1644 2104 1682; x_wconf 89' lang='lat' dir='ltr'><strong>una</strong></span> 
     </span>
    </p>
   </div>
   <div class='ocr_carea' id='block_1_16' title="bbox 531 1717 2108 1787">
    <p class='ocr_par' dir='ltr' id='par_1_16' title="bbox 531 1717 2108 1787">
     <span class='ocr_line' id='line_1_16' title="bbox 531 1717 2108 1787; baseline 0.001 -16"><span class='ocrx_word' id='word_1_110' title='bbox 531 1717 786 1786; x_wconf 86' lang='lat' dir='ltr'><strong>perirent,</strong></span> <span class='ocrx_word' id='word_1_111' title='bbox 807 1717 900 1772; x_wconf 90' lang='lat' dir='ltr'><strong>sed</strong></span> <span class='ocrx_word' id='word_1_112' title='bbox 925 1719 1119 1772; x_wconf 85' lang='lat' dir='ltr'><strong>sensim</strong></span> <span class='ocrx_word' id='word_1_113' title='bbox 1143 1729 1194 1772; x_wconf 89' lang='lat' dir='ltr'><strong>et</strong></span> <span class='ocrx_word' id='word_1_114' title='bbox 1218 1720 1466 1786; x_wconf 88' lang='lat' dir='ltr'><strong>paulatim</strong></span> <span class='ocrx_word' id='word_1_115' title='bbox 1492 1759 1505 1781; x_wconf 95' lang='lat'><strong>,</strong></span> <span class='ocrx_word' id='word_1_116' title='bbox 1527 1728 1584 1772; x_wconf 94' lang='lat' dir='ltr'><strong>ut</strong></span> <span class='ocrx_word' id='word_1_117' title='bbox 1607 1718 1956 1774; x_wconf 87' lang='lat' dir='ltr'><strong>abductorum</strong></span> <span class='ocrx_word' id='word_1_118' title='bbox 1983 1733 2108 1787; x_wconf 88' lang='lat' dir='ltr'><strong>sup-</strong></span> 
     </span>
    </p>
   </div>
   <div class='ocr_carea' id='block_1_17' title="bbox 536 1808 2104 1878">
    <p class='ocr_par' dir='ltr' id='par_1_17' title="bbox 536 1808 2104 1878">
     <span class='ocr_line' id='line_1_17' title="bbox 536 1808 2104 1878; baseline 0 -16"><span class='ocrx_word' id='word_1_119' title='bbox 536 1809 698 1878; x_wconf 91' lang='lat' dir='ltr'><strong>plicio</strong></span> <span class='ocrx_word' id='word_1_120' title='bbox 741 1809 922 1864; x_wconf 61' lang='lat' dir='ltr'><strong>(ueteri</strong></span> <span class='ocrx_word' id='word_1_121' title='bbox 965 1810 1357 1878; x_wconf 86' lang='lat' dir='ltr'><strong>resipiscerent.</strong></span> <span class='ocrx_word' id='word_1_122' title='bbox 1405 1808 1555 1876; x_wconf 90' lang='lat' dir='ltr'><strong>Quod</strong></span> <span class='ocrx_word' id='word_1_123' title='bbox 1583 1809 1627 1864; x_wconf 88' lang='lat' dir='ltr'><strong>si</strong></span> <span class='ocrx_word' id='word_1_124' title='bbox 1667 1808 1958 1878; x_wconf 91' lang='lat' dir='ltr'><strong>pharmaco</strong></span> <span class='ocrx_word' id='word_1_125' title='bbox 1999 1823 2104 1862; x_wconf 92' lang='lat' dir='ltr'><strong>non</strong></span> 
     </span>
    </p>
   </div>
   <div class='ocr_carea' id='block_1_18' title="bbox 529 1898 2105 1969">
    <p class='ocr_par' dir='ltr' id='par_1_18' title="bbox 529 1898 2105 1969">
     <span class='ocr_line' id='line_1_18' title="bbox 529 1898 2105 1969; baseline -0.003 -15"><span class='ocrx_word' id='word_1_126' title='bbox 529 1899 754 1965; x_wconf 90' lang='lat' dir='ltr'><strong>fuerint,</strong></span> <span class='ocrx_word' id='word_1_127' title='bbox 784 1908 841 1953; x_wconf 94' lang='lat' dir='ltr'><strong>ut</strong></span> <span class='ocrx_word' id='word_1_128' title='bbox 867 1915 962 1969; x_wconf 90' lang='lat' dir='ltr'><strong>par</strong></span> <span class='ocrx_word' id='word_1_129' title='bbox 981 1907 1112 1962; x_wconf 90' lang='lat' dir='ltr'><strong>erat,</strong></span> <span class='ocrx_word' id='word_1_130' title='bbox 1146 1900 1259 1964; x_wconf 89' lang='lat' dir='ltr'><strong>nsi;</strong></span> <span class='ocrx_word' id='word_1_131' title='bbox 1290 1915 1396 1953; x_wconf 93' lang='lat' dir='ltr'><strong>non</strong></span> <span class='ocrx_word' id='word_1_132' title='bbox 1424 1899 1636 1962; x_wconf 86' lang='lat' dir='ltr'><strong>medici,</strong></span> <span class='ocrx_word' id='word_1_133' title='bbox 1665 1898 1762 1953; x_wconf 88' lang='lat' dir='ltr'><strong>sed</strong></span> <span class='ocrx_word' id='word_1_134' title='bbox 1785 1907 2105 1968; x_wconf 66' lang='lat' dir='ltr'><strong>ingratorum</strong></span> 
     </span>
    </p>
   </div>
   <div class='ocr_carea' id='block_1_19' title="bbox 530 1988 2105 2060">
    <p class='ocr_par' dir='ltr' id='par_1_19' title="bbox 530 1988 2105 2060">
     <span class='ocr_line' id='line_1_19' title="bbox 530 1988 2105 2060; baseline -0.003 -17"><span class='ocrx_word' id='word_1_135' title='bbox 530 1990 685 2060; x_wconf 88' lang='lat' dir='ltr'><strong>culpa</strong></span> <span class='ocrx_word' id='word_1_136' title='bbox 711 1990 830 2044; x_wconf 92' lang='lat' dir='ltr'><strong>crit.</strong></span> <span class='ocrx_word' id='word_1_137' title='bbox 865 1989 918 2044; x_wconf 88' lang='lat' dir='ltr'><strong>ld</strong></span> <span class='ocrx_word' id='word_1_138' title='bbox 941 1999 1117 2044; x_wconf 90' lang='lat' dir='ltr'><strong>autem</strong></span> <span class='ocrx_word' id='word_1_139' title='bbox 1146 1989 1268 2044; x_wconf 81' lang='lat' dir='ltr'><strong>facit</strong></span> <span class='ocrx_word' id='word_1_140' title='bbox 1291 2003 1502 2057; x_wconf 89' lang='lat' dir='ltr'><strong>semper</strong></span> <span class='ocrx_word' id='word_1_141' title='bbox 1528 1998 1582 2043; x_wconf 90' lang='lat' dir='ltr'><strong>et</strong></span> <span class='ocrx_word' id='word_1_142' title='bbox 1610 1989 1664 2042; x_wconf 91' lang='lat' dir='ltr'><strong>in</strong></span> <span class='ocrx_word' id='word_1_143' title='bbox 1693 1988 1913 2058; x_wconf 80' lang='lat' dir='ltr'><strong>singulis</strong></span> <span class='ocrx_word' id='word_1_144' title='bbox 1943 2003 2105 2056; x_wconf 83' lang='lat' dir='ltr'><strong>gene-</strong></span> 
     </span>
    </p>
   </div>
   <div class='ocr_carea' id='block_1_20' title="bbox 527 2078 2108 2148">
    <p class='ocr_par' dir='ltr' id='par_1_20' title="bbox 527 2078 2108 2148">
     <span class='ocr_line' id='line_1_20' title="bbox 527 2078 2108 2148; baseline -0.003 -12"><span class='ocrx_word' id='word_1_145' title='bbox 527 2082 838 2146; x_wconf 89' lang='lat' dir='ltr'><strong>rationibus,</strong></span> <span class='ocrx_word' id='word_1_146' title='bbox 870 2097 972 2136; x_wconf 90' lang='lat' dir='ltr'><strong>non</strong></span> <span class='ocrx_word' id='word_1_147' title='bbox 996 2095 1182 2136; x_wconf 88' lang='lat' dir='ltr'><strong>omnes</strong></span> <span class='ocrx_word' id='word_1_148' title='bbox 1208 2080 1362 2134; x_wconf 91' lang='lat' dir='ltr'><strong>simul</strong></span> <span class='ocrx_word' id='word_1_149' title='bbox 1390 2080 1442 2134; x_wconf 92' lang='lat' dir='ltr'><strong>in</strong></span> <span class='ocrx_word' id='word_1_150' title='bbox 1473 2079 1658 2135; x_wconf 90' lang='lat' dir='ltr'><strong>eadem</strong></span> <span class='ocrx_word' id='word_1_151' title='bbox 1687 2088 1901 2148; x_wconf 87' lang='lat' dir='ltr'><strong>peccata</strong></span> <span class='ocrx_word' id='word_1_152' title='bbox 1931 2078 2108 2146; x_wconf 88' lang='lat' dir='ltr'><strong>lapsos</strong></span> 
     </span>
    </p>
   </div>
   <div class='ocr_carea' id='block_1_21' title="bbox 531 2167 2107 2241">
    <p class='ocr_par' dir='ltr' id='par_1_21' title="bbox 531 2167 2107 2241">
     <span class='ocr_line' id='line_1_21' title="bbox 531 2167 2107 2241; baseline -0.003 -17"><span class='ocrx_word' id='word_1_153' title='bbox 531 2172 803 2241; x_wconf 86' lang='lat' dir='ltr'><strong>plectens;</strong></span> <span class='ocrx_word' id='word_1_154' title='bbox 834 2186 954 2224; x_wconf 91' lang='lat' dir='ltr'><strong>nam</strong></span> <span class='ocrx_word' id='word_1_155' title='bbox 999 2171 1131 2226; x_wconf 91' lang='lat' dir='ltr'><strong>alias</strong></span> <span class='ocrx_word' id='word_1_156' title='bbox 1169 2178 1334 2224; x_wconf 90' lang='lat' dir='ltr'><strong>totum</strong></span> <span class='ocrx_word' id='word_1_157' title='bbox 1362 2183 1532 2240; x_wconf 88' lang='lat' dir='ltr'><strong>genus</strong></span> <span class='ocrx_word' id='word_1_158' title='bbox 1577 2177 1816 2223; x_wconf 92' lang='lat' dir='ltr'><strong>nostrum</strong></span> <span class='ocrx_word' id='word_1_159' title='bbox 1841 2168 1950 2235; x_wconf 91' lang='lat' dir='ltr'><strong>jam</strong></span> <span class='ocrx_word' id='word_1_160' title='bbox 1979 2167 2107 2221; x_wconf 92' lang='lat' dir='ltr'><strong>olim</strong></span> 
     </span>
    </p>
   </div>
   <div class='ocr_carea' id='block_1_22' title="bbox 528 2258 2103 2329">
    <p class='ocr_par' dir='ltr' id='par_1_22' title="bbox 528 2258 2103 2329">
     <span class='ocr_line' id='line_1_22' title="bbox 528 2258 2103 2329; baseline -0.003 -14"><span class='ocrx_word' id='word_1_161' title='bbox 528 2263 790 2316; x_wconf 84' lang='lat' dir='ltr'><strong>sublatum</strong></span> <span class='ocrx_word' id='word_1_162' title='bbox 818 2271 989 2326; x_wconf 89' lang='lat' dir='ltr'><strong>esset;</strong></span> <span class='ocrx_word' id='word_1_163' title='bbox 1023 2262 1114 2316; x_wconf 90' lang='lat' dir='ltr'><strong>sed</strong></span> <span class='ocrx_word' id='word_1_164' title='bbox 1137 2263 1202 2316; x_wconf 94' lang='lat' dir='ltr'><strong>ab</strong></span> <span class='ocrx_word' id='word_1_165' title='bbox 1222 2263 1340 2316; x_wconf 90' lang='lat' dir='ltr'><strong>aliis</strong></span> <span class='ocrx_word' id='word_1_166' title='bbox 1365 2262 1450 2315; x_wconf 91' lang='lat' dir='ltr'><strong>hic</strong></span> <span class='ocrx_word' id='word_1_167' title='bbox 1472 2275 1654 2329; x_wconf 64' lang='lat' dir='ltr'><strong>poenas</strong></span> <span class='ocrx_word' id='word_1_168' title='bbox 1680 2260 1905 2328; x_wconf 89' lang='lat' dir='ltr'><strong>repetit,</strong></span> <span class='ocrx_word' id='word_1_169' title='bbox 1939 2258 2103 2312; x_wconf 90' lang='lat' dir='ltr'><strong>levio-</strong></span> 
     </span>
    </p>
   </div>
   <div class='ocr_carea' id='block_1_23' title="bbox 529 2349 2108 2421">
    <p class='ocr_par' dir='ltr' id='par_1_23' title="bbox 529 2349 2108 2421">
     <span class='ocr_line' id='line_1_23' title="bbox 529 2349 2108 2421; baseline -0.003 -17"><span class='ocrx_word' id='word_1_170' title='bbox 529 2367 641 2406; x_wconf 86' lang='lat' dir='ltr'><strong>rem</strong></span> <span class='ocrx_word' id='word_1_171' title='bbox 675 2352 796 2405; x_wconf 91' lang='lat' dir='ltr'><strong>hinc</strong></span> <span class='ocrx_word' id='word_1_172' title='bbox 823 2352 923 2404; x_wconf 90' lang='lat' dir='ltr'><strong>illis</strong></span> <span class='ocrx_word' id='word_1_173' title='bbox 954 2366 1145 2421; x_wconf 92' lang='lat' dir='ltr'><strong>parans</strong></span> <span class='ocrx_word' id='word_1_174' title='bbox 1195 2352 1247 2405; x_wconf 91' lang='lat' dir='ltr'><strong>in</strong></span> <span class='ocrx_word' id='word_1_175' title='bbox 1288 2351 1391 2404; x_wconf 89' lang='lat' dir='ltr'><strong>alia</strong></span> <span class='ocrx_word' id='word_1_176' title='bbox 1438 2352 1544 2405; x_wconf 89' lang='lat' dir='ltr'><strong>vita</strong></span> <span class='ocrx_word' id='word_1_177' title='bbox 1585 2349 1917 2404; x_wconf 88' lang='lat' dir='ltr'><strong>cruciatum:</strong></span> <span class='ocrx_word' id='word_1_178' title='bbox 1949 2356 2108 2416; x_wconf 87' lang='lat' dir='ltr'><strong>atque</strong></span> 
     </span>
    </p>
   </div>
   <div class='ocr_carea' id='block_1_24' title="bbox 529 2437 2110 2510">
    <p class='ocr_par' dir='ltr' id='par_1_24' title="bbox 529 2437 2110 2510">
     <span class='ocr_line' id='line_1_24' title="bbox 529 2437 2110 2510; baseline -0.003 -17"><span class='ocrx_word' id='word_1_179' title='bbox 529 2440 819 2510; x_wconf 70' lang='lat' dir='ltr'><strong>aequalibus</strong></span> <span class='ocrx_word' id='word_1_180' title='bbox 849 2442 1084 2510; x_wconf 88' lang='lat' dir='ltr'><strong>ipsorum</strong></span> <span class='ocrx_word' id='word_1_181' title='bbox 1116 2439 1425 2495; x_wconf 88' lang='lat' dir='ltr'><strong>mutationis</strong></span> <span class='ocrx_word' id='word_1_182' title='bbox 1452 2440 1503 2493; x_wconf 91' lang='lat' dir='ltr'><strong>in</strong></span> <span class='ocrx_word' id='word_1_183' title='bbox 1529 2437 1722 2493; x_wconf 89' lang='lat' dir='ltr'><strong>melius</strong></span> <span class='ocrx_word' id='word_1_184' title='bbox 1742 2451 1986 2506; x_wconf 90' lang='lat' dir='ltr'><strong>magnam</strong></span> <span class='ocrx_word' id='word_1_185' title='bbox 2015 2450 2110 2490; x_wconf 82' lang='lat' dir='ltr'><strong>oc-</strong></span> 
     </span>
    </p>
   </div>
   <div class='ocr_carea' id='block_1_25' title="bbox 530 2529 2109 2599">
    <p class='ocr_par' dir='ltr' id='par_1_25' title="bbox 530 2529 2109 2599">
     <span class='ocr_line' id='line_1_25' title="bbox 530 2529 2109 2599; baseline -0.001 -17"><span class='ocrx_word' id='word_1_186' title='bbox 530 2531 800 2585; x_wconf 87' lang='lat' dir='ltr'><strong>casionem</strong></span> <span class='ocrx_word' id='word_1_187' title='bbox 830 2530 1132 2599; x_wconf 83' lang='lat' dir='ltr'><strong>suppeditat</strong></span> <span class='ocrx_word' id='word_1_188' title='bbox 1165 2549 1177 2584; x_wconf 91' lang='lat'>:</span> <span class='ocrx_word' id='word_1_189' title='bbox 1208 2531 1328 2584; x_wconf 91' lang='lat' dir='ltr'><strong>illos</strong></span> <span class='ocrx_word' id='word_1_190' title='bbox 1357 2538 1533 2584; x_wconf 90' lang='lat' dir='ltr'><strong>autem</strong></span> <span class='ocrx_word' id='word_1_191' title='bbox 1562 2529 1652 2598; x_wconf 92' lang='lat' dir='ltr'><strong>qui</strong></span> <span class='ocrx_word' id='word_1_192' title='bbox 1692 2541 1864 2595; x_wconf 87' lang='lat' dir='ltr'><strong>neque</strong></span> <span class='ocrx_word' id='word_1_193' title='bbox 1888 2541 1951 2580; x_wconf 85' lang='lat' dir='ltr'><strong>ex</strong></span> <span class='ocrx_word' id='word_1_194' title='bbox 1983 2539 2109 2595; x_wconf 87' lang='lat' dir='ltr'><strong>pro-</strong></span> 
     </span>
    </p>
   </div>
   <div class='ocr_carea' id='block_1_26' title="bbox 531 2615 2110 2688">
    <p class='ocr_par' dir='ltr' id='par_1_26' title="bbox 531 2615 2110 2688">
     <span class='ocr_line' id='line_1_26' title="bbox 531 2615 2110 2688; baseline -0.001 -18"><span class='ocrx_word' id='word_1_195' title='bbox 531 2619 648 2686; x_wconf 87' lang='lat' dir='ltr'><strong>prio</strong></span> <span class='ocrx_word' id='word_1_196' title='bbox 682 2629 826 2671; x_wconf 91' lang='lat' dir='ltr'><strong>motu</strong></span> <span class='ocrx_word' id='word_1_197' title='bbox 853 2659 868 2683; x_wconf 94' lang='lat'><strong>,</strong></span> <span class='ocrx_word' id='word_1_198' title='bbox 897 2634 1070 2688; x_wconf 91' lang='lat' dir='ltr'><strong>neque</strong></span> <span class='ocrx_word' id='word_1_199' title='bbox 1098 2635 1161 2672; x_wconf 90' lang='lat' dir='ltr'><strong>ex</strong></span> <span class='ocrx_word' id='word_1_200' title='bbox 1191 2619 1286 2672; x_wconf 90' lang='lat' dir='ltr'><strong>tali</strong></span> <span class='ocrx_word' id='word_1_201' title='bbox 1311 2618 1708 2687; x_wconf 80' lang='lat' dir='ltr'><strong>dispensatione</strong></span> <span class='ocrx_word' id='word_1_202' title='bbox 1733 2615 2003 2685; x_wconf 87' lang='lat' dir='ltr'><strong>quidpiam</strong></span> <span class='ocrx_word' id='word_1_203' title='bbox 2029 2615 2110 2669; x_wconf 85' lang='lat' dir='ltr'><strong>lu-</strong></span> 
     </span>
    </p>
   </div>
   <div class='ocr_carea' id='block_1_27' title="bbox 529 2703 2109 2773">
    <p class='ocr_par' dir='ltr' id='par_1_27' title="bbox 529 2703 2109 2773">
     <span class='ocr_line' id='line_1_27' title="bbox 529 2703 2109 2773; baseline -0.001 -13"><span class='ocrx_word' id='word_1_204' title='bbox 529 2707 668 2761; x_wconf 86' lang='lat' dir='ltr'><strong>crari</strong></span> <span class='ocrx_word' id='word_1_205' title='bbox 694 2707 914 2772; x_wconf 87' lang='lat' dir='ltr'><strong>volunt,</strong></span> <span class='ocrx_word' id='word_1_206' title='bbox 959 2708 1026 2761; x_wconf 88' lang='lat' dir='ltr'><strong>ad</strong></span> <span class='ocrx_word' id='word_1_207' title='bbox 1070 2707 1426 2762; x_wconf 84' lang='lat' dir='ltr'><strong>inevitabilem</strong></span> <span class='ocrx_word' id='word_1_208' title='bbox 1464 2716 1518 2760; x_wconf 92' lang='lat' dir='ltr'><strong>et</strong></span> <span class='ocrx_word' id='word_1_209' title='bbox 1565 2704 1899 2761; x_wconf 90' lang='lat' dir='ltr'><strong>tremendum</strong></span> <span class='ocrx_word' id='word_1_210' title='bbox 1922 2703 2109 2773; x_wconf 89' lang='lat' dir='ltr'><strong>judicii</strong></span> 
     </span>
    </p>
   </div>
   <div class='ocr_carea' id='block_1_28' title="bbox 531 2792 2109 2865">
    <p class='ocr_par' dir='ltr' id='par_1_28' title="bbox 531 2792 2109 2865">
     <span class='ocr_line' id='line_1_28' title="bbox 531 2792 2109 2865; baseline -0.001 -18"><span class='ocrx_word' id='word_1_211' title='bbox 531 2793 670 2848; x_wconf 82' lang='lat' dir='ltr'><strong>diem</strong></span> <span class='ocrx_word' id='word_1_212' title='bbox 700 2805 949 2850; x_wconf 83' lang='lat' dir='ltr'><strong>reservat.</strong></span> <span class='ocrx_word' id='word_1_213' title='bbox 981 2793 1048 2848; x_wconf 90' lang='lat' dir='ltr'><strong>In</strong></span> <span class='ocrx_word' id='word_1_214' title='bbox 1073 2811 1229 2865; x_wconf 86' lang='lat' dir='ltr'><strong>regno</strong></span> <span class='ocrx_word' id='word_1_215' title='bbox 1260 2794 1398 2849; x_wconf 76' lang='lat' dir='ltr'><strong>Ozia:</strong></span> <span class='ocrx_word' id='word_1_216' title='bbox 1417 2803 1464 2848; x_wconf 90' lang='lat' dir='ltr'><strong>et</strong></span> <span class='ocrx_word' id='word_1_217' title='bbox 1489 2793 1715 2847; x_wconf 82' lang='lat' dir='ltr'><strong>Joathan</strong></span> <span class='ocrx_word' id='word_1_218' title='bbox 1734 2834 1750 2859; x_wconf 94' lang='lat'><strong>,</strong></span> <span class='ocrx_word' id='word_1_219' title='bbox 1786 2801 1833 2846; x_wconf 90' lang='lat' dir='ltr'><strong>et</strong></span> <span class='ocrx_word' id='word_1_220' title='bbox 1874 2792 2046 2845; x_wconf 78' lang='lat' dir='ltr'><strong>Achaz</strong></span> <span class='ocrx_word' id='word_1_221' title='bbox 2063 2801 2109 2846; x_wconf 87' lang='lat' dir='ltr'><strong>et</strong></span> 
     </span>
    </p>
   </div>
   <div class='ocr_carea' id='block_1_29' title="bbox 535 2883 2111 2956">
    <p class='ocr_par' dir='ltr' id='par_1_29' title="bbox 535 2883 2111 2956">
     <span class='ocr_line' id='line_1_29' title="bbox 535 2883 2111 2956; baseline -0.003 -18"><span class='ocrx_word' id='word_1_222' title='bbox 535 2885 798 2947; x_wconf 74' lang='lat' dir='ltr'><strong>Ezechite,</strong></span> <span class='ocrx_word' id='word_1_223' title='bbox 827 2887 912 2956; x_wconf 84' lang='lat' dir='ltr'><strong>qui</strong></span> <span class='ocrx_word' id='word_1_224' title='bbox 932 2895 1207 2955; x_wconf 85' lang='lat' dir='ltr'><strong>regnarunt</strong></span> <span class='ocrx_word' id='word_1_225' title='bbox 1245 2886 1298 2938; x_wconf 89' lang='lat' dir='ltr'><strong>in</strong></span> <span class='ocrx_word' id='word_1_226' title='bbox 1321 2885 1525 2938; x_wconf 72' lang='lat' dir='ltr'><strong>Judaza.</strong></span> <span class='ocrx_word' id='word_1_227' title='bbox 1553 2883 1861 2954; x_wconf 88' lang='lat' dir='ltr'><strong>Opportune</strong></span> <span class='ocrx_word' id='word_1_228' title='bbox 1903 2890 2111 2951; x_wconf 88' lang='lat' dir='ltr'><strong>tempus</strong></span> 
     </span>
    </p>
   </div>
   <div class='ocr_carea' id='block_1_30' title="bbox 532 2973 2108 3044">
    <p class='ocr_par' dir='ltr' id='par_1_30' title="bbox 532 2973 2108 3044">
     <span class='ocr_line' id='line_1_30' title="bbox 532 2973 2108 3044; baseline -0.002 -16"><span class='ocrx_word' id='word_1_229' title='bbox 532 2975 746 3044; x_wconf 89' lang='lat' dir='ltr'><strong>adjicit,</strong></span> <span class='ocrx_word' id='word_1_230' title='bbox 780 2975 1072 3030; x_wconf 90' lang='lat' dir='ltr'><strong>studiosum</strong></span> <span class='ocrx_word' id='word_1_231' title='bbox 1102 2975 1396 3029; x_wconf 89' lang='lat' dir='ltr'><strong>auditorem</strong></span> <span class='ocrx_word' id='word_1_232' title='bbox 1423 2975 1699 3028; x_wconf 85' lang='lat' dir='ltr'><strong>remittens</strong></span> <span class='ocrx_word' id='word_1_233' title='bbox 1737 2974 1804 3026; x_wconf 90' lang='lat' dir='ltr'><strong>ad</strong></span> <span class='ocrx_word' id='word_1_234' title='bbox 1836 2973 2108 3026; x_wconf 84' lang='lat' dir='ltr'><strong>historiam</strong></span> 
     </span>
    </p>
   </div>
   <div class='ocr_carea' id='block_1_31' title="bbox 533 3063 2108 3135">
    <p class='ocr_par' dir='ltr' id='par_1_31' title="bbox 533 3063 2108 3135">
     <span class='ocr_line' id='line_1_31' title="bbox 533 3063 2108 3135; baseline -0.001 -17"><span class='ocrx_word' id='word_1_235' title='bbox 533 3080 711 3119; x_wconf 91' lang='lat' dir='ltr'><strong>rerum</strong></span> <span class='ocrx_word' id='word_1_236' title='bbox 741 3075 1028 3135; x_wconf 88' lang='lat' dir='ltr'><strong>gestarum.</strong></span> <span class='ocrx_word' id='word_1_237' title='bbox 1061 3064 1132 3118; x_wconf 81' lang='lat' dir='ltr'><strong>lla</strong></span> <span class='ocrx_word' id='word_1_238' title='bbox 1163 3067 1304 3120; x_wconf 91' lang='lat' dir='ltr'><strong>enim</strong></span> <span class='ocrx_word' id='word_1_239' title='bbox 1353 3066 1628 3134; x_wconf 87' lang='lat' dir='ltr'><strong>pr0phetia</strong></span> <span class='ocrx_word' id='word_1_240' title='bbox 1660 3065 1863 3118; x_wconf 89' lang='lat' dir='ltr'><strong>facilius</strong></span> <span class='ocrx_word' id='word_1_241' title='bbox 1908 3063 2108 3117; x_wconf 86' lang='lat' dir='ltr'><strong>intelli-</strong></span> 
     </span>
    </p>
   </div>
   <div class='ocr_carea' id='block_1_32' title="bbox 530 3151 2111 3225">
    <p class='ocr_par' dir='ltr' id='par_1_32' title="bbox 530 3151 2111 3225">
     <span class='ocr_line' id='line_1_32' title="bbox 530 3151 2111 3225; baseline -0.004 -16"><span class='ocrx_word' id='word_1_242' title='bbox 530 3163 686 3224; x_wconf 87' lang='lat' dir='ltr'><strong>getur</strong></span> <span class='ocrx_word' id='word_1_243' title='bbox 710 3156 1006 3225; x_wconf 86' lang='lat' dir='ltr'><strong>clariorque</strong></span> <span class='ocrx_word' id='word_1_244' title='bbox 1031 3155 1154 3218; x_wconf 91' lang='lat' dir='ltr'><strong>erit,</strong></span> <span class='ocrx_word' id='word_1_245' title='bbox 1183 3155 1225 3208; x_wconf 89' lang='lat' dir='ltr'><strong>si</strong></span> <span class='ocrx_word' id='word_1_246' title='bbox 1253 3154 1520 3208; x_wconf 81' lang='lat' dir='ltr'><strong>discamus</strong></span> <span class='ocrx_word' id='word_1_247' title='bbox 1540 3195 1557 3221; x_wconf 92' lang='lat'><strong>,</strong></span> <span class='ocrx_word' id='word_1_248' title='bbox 1584 3167 1686 3222; x_wconf 87' lang='lat' dir='ltr'><strong>qua</strong></span> <span class='ocrx_word' id='word_1_249' title='bbox 1717 3167 1893 3206; x_wconf 91' lang='lat' dir='ltr'><strong>rerum</strong></span> <span class='ocrx_word' id='word_1_250' title='bbox 1930 3151 2111 3205; x_wconf 84' lang='lat' dir='ltr'><strong>condi-</strong></span> 
     </span>
    </p>
   </div>
   <div class='ocr_carea' id='block_1_33' title="bbox 532 3239 2114 3315">
    <p class='ocr_par' dir='ltr' id='par_1_33' title="bbox 532 3239 2114 3315">
     <span class='ocr_line' id='line_1_33' title="bbox 532 3239 2114 3315; baseline -0.004 -17"><span class='ocrx_word' id='word_1_251' title='bbox 532 3248 695 3307; x_wconf 88' lang='lat' dir='ltr'><strong>tione,</strong></span> <span class='ocrx_word' id='word_1_252' title='bbox 725 3255 781 3299; x_wconf 91' lang='lat' dir='ltr'><strong>et</strong></span> <span class='ocrx_word' id='word_1_253' title='bbox 810 3259 914 3315; x_wconf 91' lang='lat' dir='ltr'><strong>quo</strong></span> <span class='ocrx_word' id='word_1_254' title='bbox 945 3245 996 3298; x_wconf 91' lang='lat' dir='ltr'><strong>in</strong></span> <span class='ocrx_word' id='word_1_255' title='bbox 1021 3253 1160 3298; x_wconf 89' lang='lat' dir='ltr'><strong>statu</strong></span> <span class='ocrx_word' id='word_1_256' title='bbox 1185 3243 1521 3298; x_wconf 82' lang='lat' dir='ltr'><strong>Judaicarum</strong></span> <span class='ocrx_word' id='word_1_257' title='bbox 1560 3243 1850 3312; x_wconf 87' lang='lat' dir='ltr'><strong>plagarum,</strong></span> <span class='ocrx_word' id='word_1_258' title='bbox 1881 3239 2114 3309; x_wconf 90' lang='lat' dir='ltr'><strong>prophe-</strong></span> 
     </span>
    </p>
   </div>
   <div class='ocr_carea' id='block_1_34' title="bbox 538 3327 2113 3404">
    <p class='ocr_par' dir='ltr' id='par_1_34' title="bbox 538 3327 2113 3404">
     <span class='ocr_line' id='line_1_34' title="bbox 538 3327 2113 3404; baseline -0.005 -16"><span class='ocrx_word' id='word_1_259' title='bbox 538 3345 606 3389; x_wconf 79' lang='lat' dir='ltr'><strong>ta:</strong></span> <span class='ocrx_word' id='word_1_260' title='bbox 635 3334 916 3404; x_wconf 88' lang='lat' dir='ltr'><strong>pharmaca</strong></span> <span class='ocrx_word' id='word_1_261' title='bbox 944 3334 1328 3388; x_wconf 91' lang='lat' dir='ltr'><strong>concinnarint.</strong></span> <span class='ocrx_word' id='word_1_262' title='bbox 1353 3332 1408 3385; x_wconf 88' lang='lat'><strong>2.</strong></span> <span class='ocrx_word' id='word_1_263' title='bbox 1428 3332 1579 3397; x_wconf 82' lang='lat' dir='ltr'><strong>Audi,</strong></span> <span class='ocrx_word' id='word_1_264' title='bbox 1616 3331 1813 3393; x_wconf 68' lang='lat' dir='ltr'><strong>cretum,</strong></span> <span class='ocrx_word' id='word_1_265' title='bbox 1845 3338 1890 3382; x_wconf 91' lang='lat' dir='ltr'><strong>et</strong></span> <span class='ocrx_word' id='word_1_266' title='bbox 1910 3327 2113 3380; x_wconf 78' lang='lat' dir='ltr'><strong>auribus</strong></span> 
     </span>
    </p>
   </div>
   <div class='ocr_carea' id='block_1_35' title="bbox 537 3416 2112 3494">
    <p class='ocr_par' dir='ltr' id='par_1_35' title="bbox 537 3416 2112 3494">
     <span class='ocr_line' id='line_1_35' title="bbox 537 3416 2112 3494; baseline -0.004 -17"><span class='ocrx_word' id='word_1_267' title='bbox 537 3425 767 3492; x_wconf 83' lang='lat' dir='ltr'><strong>percipe,</strong></span> <span class='ocrx_word' id='word_1_268' title='bbox 792 3435 924 3477; x_wconf 89' lang='lat' dir='ltr'><strong>terra</strong></span> <span class='ocrx_word' id='word_1_269' title='bbox 948 3465 961 3488; x_wconf 92' lang='lat'><strong>,</strong></span> <span class='ocrx_word' id='word_1_270' title='bbox 985 3425 1103 3494; x_wconf 84' lang='lat' dir='ltr'><strong>quia</strong></span> <span class='ocrx_word' id='word_1_271' title='bbox 1130 3423 1374 3477; x_wconf 89' lang='lat' dir='ltr'><strong>Dominus</strong></span> <span class='ocrx_word' id='word_1_272' title='bbox 1405 3422 1638 3491; x_wconf 78' lang='lat' dir='ltr'><strong>loquutus</strong></span> <span class='ocrx_word' id='word_1_273' title='bbox 1677 3429 1768 3473; x_wconf 83' lang='lat' dir='ltr'><strong>est.</strong></span> <span class='ocrx_word' id='word_1_274' title='bbox 1817 3417 1972 3471; x_wconf 86' lang='lat' dir='ltr'><strong>Multa</strong></span> <span class='ocrx_word' id='word_1_275' title='bbox 2001 3416 2112 3484; x_wconf 89' lang='lat' dir='ltr'><strong>ple-</strong></span> 
     </span>
    </p>
   </div>
   <div class='ocr_carea' id='block_1_36' title="bbox 541 3510 2114 3579">
    <p class='ocr_par' dir='ltr' id='par_1_36' title="bbox 541 3510 2114 3579">
     <span class='ocr_line' id='line_1_36' title="bbox 541 3510 2114 3579; baseline -0.006 -9"><span class='ocrx_word' id='word_1_276' title='bbox 541 3532 668 3570; x_wconf 93' lang='lat' dir='ltr'><strong>num</strong></span> <span class='ocrx_word' id='word_1_277' title='bbox 700 3525 780 3569; x_wconf 91' lang='lat' dir='ltr'><strong>est</strong></span> <span class='ocrx_word' id='word_1_278' title='bbox 810 3517 885 3568; x_wconf 79' lang='lat' dir='ltr'><strong>ira</strong></span> <span class='ocrx_word' id='word_1_279' title='bbox 913 3515 1014 3569; x_wconf 90' lang='lat' dir='ltr'><strong>hoc</strong></span> <span class='ocrx_word' id='word_1_280' title='bbox 1040 3513 1347 3569; x_wconf 83' lang='lat' dir='ltr'><strong>exordium.</strong></span> <span class='ocrx_word' id='word_1_281' title='bbox 1374 3512 1484 3567; x_wconf 83' lang='lat' dir='ltr'><strong>Nisi</strong></span> <span class='ocrx_word' id='word_1_282' title='bbox 1509 3513 1649 3566; x_wconf 91' lang='lat' dir='ltr'><strong>enim</strong></span> <span class='ocrx_word' id='word_1_283' title='bbox 1680 3510 1865 3579; x_wconf 87' lang='lat' dir='ltr'><strong>ingens</strong></span> <span class='ocrx_word' id='word_1_284' title='bbox 1894 3516 2037 3562; x_wconf 88' lang='lat' dir='ltr'><strong>esset</strong></span> <span class='ocrx_word' id='word_1_285' title='bbox 2061 3516 2114 3560; x_wconf 90' lang='lat' dir='ltr'><strong>et</strong></span> 
     </span>
    </p>
   </div>
   <div class='ocr_carea' id='block_1_37' title="bbox 536 3600 2112 3677">
    <p class='ocr_par' dir='ltr' id='par_1_37' title="bbox 536 3600 2112 3677">
     <span class='ocr_line' id='line_1_37' title="bbox 536 3600 2112 3677; baseline -0.006 -14"><span class='ocrx_word' id='word_1_286' title='bbox 536 3607 816 3664; x_wconf 87' lang='lat' dir='ltr'><strong>lneffabilis</strong></span> <span class='ocrx_word' id='word_1_287' title='bbox 856 3607 1164 3677; x_wconf 86' lang='lat' dir='ltr'><strong>indignatio,</strong></span> <span class='ocrx_word' id='word_1_288' title='bbox 1194 3620 1521 3676; x_wconf 89' lang='lat' dir='ltr'><strong>nequaquam</strong></span> <span class='ocrx_word' id='word_1_289' title='bbox 1541 3645 1556 3669; x_wconf 94' lang='lat'><strong>,</strong></span> <span class='ocrx_word' id='word_1_290' title='bbox 1585 3603 1760 3657; x_wconf 76' lang='lat' dir='ltr'><strong>missis</strong></span> <span class='ocrx_word' id='word_1_291' title='bbox 1787 3600 2112 3665; x_wconf 90' lang='lat' dir='ltr'><strong>hominibus,</strong></span> 
     </span>
    </p>
   </div>
   <div class='ocr_carea' id='block_1_38' title="bbox 540 3692 2110 3754">
    <p class='ocr_par' dir='ltr' id='par_1_38' title="bbox 540 3692 2110 3754">
     <span class='ocr_line' id='line_1_38' title="bbox 540 3692 2110 3754; baseline -0.005 -2"><span class='ocrx_word' id='word_1_292' title='bbox 540 3700 609 3753; x_wconf 86' lang='lat' dir='ltr'><strong>ad</strong></span> <span class='ocrx_word' id='word_1_293' title='bbox 641 3700 905 3754; x_wconf 82' lang='lat' dir='ltr'><strong>elementa</strong></span> <span class='ocrx_word' id='word_1_294' title='bbox 933 3713 1232 3752; x_wconf 89' lang='lat' dir='ltr'><strong>sermonem</strong></span> <span class='ocrx_word' id='word_1_295' title='bbox 1260 3697 1530 3752; x_wconf 90' lang='lat' dir='ltr'><strong>vertisset.</strong></span> <span class='ocrx_word' id='word_1_296' title='bbox 1552 3693 1684 3749; x_wconf 88' lang='lat' dir='ltr'><strong>Illud</strong></span> <span class='ocrx_word' id='word_1_297' title='bbox 1707 3709 1835 3747; x_wconf 91' lang='lat' dir='ltr'><strong>vero</strong></span> <span class='ocrx_word' id='word_1_298' title='bbox 1862 3692 1986 3748; x_wconf 89' lang='lat' dir='ltr'><strong>facit</strong></span> <span class='ocrx_word' id='word_1_299' title='bbox 2008 3707 2110 3745; x_wconf 92' lang='lat' dir='ltr'><strong>non</strong></span> 
     </span>
    </p>
   </div>
   <div class='ocr_carea' id='block_1_39' title="bbox 541 3780 2112 3852">
    <p class='ocr_par' dir='ltr' id='par_1_39' title="bbox 541 3780 2112 3852">
     <span class='ocr_line' id='line_1_39' title="bbox 541 3780 2112 3852; baseline -0.006 -10"><span class='ocrx_word' id='word_1_300' title='bbox 541 3790 702 3844; x_wconf 83' lang='lat' dir='ltr'><strong>modo</strong></span> <span class='ocrx_word' id='word_1_301' title='bbox 726 3791 817 3842; x_wconf 75' lang='lat' dir='ltr'><strong>ira:</strong></span> <span class='ocrx_word' id='word_1_302' title='bbox 845 3787 1180 3843; x_wconf 66' lang='lat' dir='ltr'><strong>declarandae</strong></span> <span class='ocrx_word' id='word_1_303' title='bbox 1224 3801 1406 3852; x_wconf 89' lang='lat' dir='ltr'><strong>causa,</strong></span> <span class='ocrx_word' id='word_1_304' title='bbox 1438 3785 1532 3840; x_wconf 92' lang='lat' dir='ltr'><strong>sed</strong></span> <span class='ocrx_word' id='word_1_305' title='bbox 1563 3793 1619 3838; x_wconf 93' lang='lat' dir='ltr'><strong>ut</strong></span> <span class='ocrx_word' id='word_1_306' title='bbox 1646 3797 1740 3838; x_wconf 91' lang='lat' dir='ltr'><strong>eos</strong></span> <span class='ocrx_word' id='word_1_307' title='bbox 1763 3783 1853 3851; x_wconf 92' lang='lat' dir='ltr'><strong>qui</strong></span> <span class='ocrx_word' id='word_1_308' title='bbox 1883 3780 2112 3835; x_wconf 90' lang='lat' dir='ltr'><strong>audituri</strong></span> 
     </span>
    </p>
   </div>
   <div class='ocr_carea' id='block_1_40' title="bbox 533 3871 2114 3948">
    <p class='ocr_par' dir='ltr' id='par_1_40' title="bbox 533 3871 2114 3948">
     <span class='ocr_line' id='line_1_40' title="bbox 533 3871 2114 3948; baseline -0.005 -14"><span class='ocrx_word' id='word_1_309' title='bbox 533 3887 709 3944; x_wconf 86' lang='lat' dir='ltr'><strong>erant,</strong></span> <span class='ocrx_word' id='word_1_310' title='bbox 741 3879 937 3948; x_wconf 85' lang='lat' dir='ltr'><strong>ingenti</strong></span> <span class='ocrx_word' id='word_1_311' title='bbox 971 3877 1171 3946; x_wconf 89' lang='lat' dir='ltr'><strong>pudore</strong></span> <span class='ocrx_word' id='word_1_312' title='bbox 1200 3875 1545 3940; x_wconf 80' lang='lat' dir='ltr'><strong>suffunderet,</strong></span> <span class='ocrx_word' id='word_1_313' title='bbox 1575 3873 1863 3930; x_wconf 90' lang='lat' dir='ltr'><strong>ostendens</strong></span> <span class='ocrx_word' id='word_1_314' title='bbox 1902 3886 1996 3926; x_wconf 90' lang='lat' dir='ltr'><strong>eos</strong></span> <span class='ocrx_word' id='word_1_315' title='bbox 2024 3871 2114 3941; x_wconf 90' lang='lat' dir='ltr'><strong>qui</strong></span> 
     </span>
    </p>
   </div>
   <div class='ocr_carea' id='block_1_41' title="bbox 536 3961 2115 4038">
    <p class='ocr_par' dir='ltr' id='par_1_41' title="bbox 536 3961 2115 4038">
     <span class='ocr_line' id='line_1_41' title="bbox 536 3961 2115 4038; baseline -0.004 -15"><span class='ocrx_word' id='word_1_316' title='bbox 536 3970 744 4025; x_wconf 89' lang='lat' dir='ltr'><strong>ratione</strong></span> <span class='ocrx_word' id='word_1_317' title='bbox 769 3970 1004 4023; x_wconf 89' lang='lat' dir='ltr'><strong>decorati</strong></span> <span class='ocrx_word' id='word_1_318' title='bbox 1031 3978 1210 4024; x_wconf 89' lang='lat' dir='ltr'><strong>essent</strong></span> <span class='ocrx_word' id='word_1_319' title='bbox 1235 4008 1250 4034; x_wconf 94' lang='lat'><strong>,</strong></span> <span class='ocrx_word' id='word_1_320' title='bbox 1279 3969 1430 4038; x_wconf 84' lang='lat' dir='ltr'><strong>pejus</strong></span> <span class='ocrx_word' id='word_1_321' title='bbox 1467 3983 1526 4024; x_wconf 90' lang='lat' dir='ltr'><strong>se</strong></span> <span class='ocrx_word' id='word_1_322' title='bbox 1556 3967 1752 4022; x_wconf 90' lang='lat' dir='ltr'><strong>habere</strong></span> <span class='ocrx_word' id='word_1_323' title='bbox 1775 4004 1790 4031; x_wconf 91' lang='lat'><strong>,</strong></span> <span class='ocrx_word' id='word_1_324' title='bbox 1819 3978 1975 4035; x_wconf 90' lang='lat' dir='ltr'><strong>quam</strong></span> <span class='ocrx_word' id='word_1_325' title='bbox 2005 3961 2115 4018; x_wconf 90' lang='lat' dir='ltr'><strong>ele-</strong></span> 
     </span>
    </p>
   </div>
   <div class='ocr_carea' id='block_1_42' title="bbox 535 4053 2114 4128">
    <p class='ocr_par' dir='ltr' id='par_1_42' title="bbox 535 4053 2114 4128">
     <span class='ocr_line' id='line_1_42' title="bbox 535 4053 2114 4128; baseline -0.005 -11"><span class='ocrx_word' id='word_1_326' title='bbox 535 4073 715 4117; x_wconf 91' lang='lat' dir='ltr'><strong>menta</strong></span> <span class='ocrx_word' id='word_1_327' title='bbox 745 4076 903 4116; x_wconf 89' lang='lat' dir='ltr'><strong>sensu</strong></span> <span class='ocrx_word' id='word_1_328' title='bbox 932 4062 1187 4116; x_wconf 85' lang='lat' dir='ltr'><strong>carentia.</strong></span> <span class='ocrx_word' id='word_1_329' title='bbox 1217 4060 1272 4114; x_wconf 94' lang='lat' dir='ltr'><strong>Id</strong></span> <span class='ocrx_word' id='word_1_330' title='bbox 1298 4059 1437 4128; x_wconf 86' lang='lat' dir='ltr'><strong>quod</strong></span> <span class='ocrx_word' id='word_1_331' title='bbox 1463 4060 1618 4112; x_wconf 87' lang='lat' dir='ltr'><strong>etiam</strong></span> <span class='ocrx_word' id='word_1_332' title='bbox 1647 4056 1856 4113; x_wconf 76' lang='lat' dir='ltr'><strong>czeteris</strong></span> <span class='ocrx_word' id='word_1_333' title='bbox 1880 4053 2114 4126; x_wconf 87' lang='lat' dir='ltr'><strong>prophe-</strong></span> 
     </span>
    </p>
   </div>
   <div class='ocr_carea' id='block_1_43' title="bbox 535 4147 2115 4217">
    <p class='ocr_par' dir='ltr' id='par_1_43' title="bbox 535 4147 2115 4217">
     <span class='ocr_line' id='line_1_43' title="bbox 535 4147 2115 4217; baseline -0.005 -11"><span class='ocrx_word' id='word_1_334' title='bbox 535 4153 604 4206; x_wconf 82' lang='lat' dir='ltr'><strong>tis</strong></span> <span class='ocrx_word' id='word_1_335' title='bbox 630 4153 680 4205; x_wconf 94' lang='lat' dir='ltr'><strong>in</strong></span> <span class='ocrx_word' id='word_1_336' title='bbox 705 4165 852 4205; x_wconf 88' lang='lat' dir='ltr'><strong>more</strong></span> <span class='ocrx_word' id='word_1_337' title='bbox 878 4159 979 4204; x_wconf 88' lang='lat' dir='ltr'><strong>est.</strong></span> <span class='ocrx_word' id='word_1_338' title='bbox 1011 4149 1212 4204; x_wconf 86' lang='lat' dir='ltr'><strong>Idcirco</strong></span> <span class='ocrx_word' id='word_1_339' title='bbox 1241 4150 1285 4202; x_wconf 88' lang='lat' dir='ltr'><strong>is</strong></span> <span class='ocrx_word' id='word_1_340' title='bbox 1311 4150 1399 4217; x_wconf 93' lang='lat' dir='ltr'><strong>qui</strong></span> <span class='ocrx_word' id='word_1_341' title='bbox 1425 4148 1488 4201; x_wconf 88' lang='lat' dir='ltr'><strong>ad</strong></span> <span class='ocrx_word' id='word_1_342' title='bbox 1514 4147 1891 4202; x_wconf 83' lang='lat' dir='ltr'><strong>Jeroboamum</strong></span> <span class='ocrx_word' id='word_1_343' title='bbox 1919 4147 2115 4200; x_wconf 89' lang='lat' dir='ltr'><strong>missus</strong></span> 
     </span>
    </p>
   </div>
   <div class='ocr_carea' id='block_1_44' title="bbox 535 4235 2116 4309">
    <p class='ocr_par' dir='ltr' id='par_1_44' title="bbox 535 4235 2116 4309">
     <span class='ocr_line' id='line_1_44' title="bbox 535 4235 2116 4309; baseline -0.004 -14"><span class='ocrx_word' id='word_1_344' title='bbox 535 4241 730 4306; x_wconf 75' lang='lat' dir='ltr'><strong>fuerat,</strong></span> <span class='ocrx_word' id='word_1_345' title='bbox 763 4241 962 4294; x_wconf 89' lang='lat' dir='ltr'><strong>omisso</strong></span> <span class='ocrx_word' id='word_1_346' title='bbox 992 4255 1116 4309; x_wconf 83' lang='lat' dir='ltr'><strong>rege</strong></span> <span class='ocrx_word' id='word_1_347' title='bbox 1139 4238 1206 4292; x_wconf 91' lang='lat' dir='ltr'><strong>ad</strong></span> <span class='ocrx_word' id='word_1_348' title='bbox 1235 4253 1391 4308; x_wconf 88' lang='lat' dir='ltr'><strong>quem</strong></span> <span class='ocrx_word' id='word_1_349' title='bbox 1424 4239 1749 4303; x_wconf 83' lang='lat' dir='ltr'><strong>mittebatur,</strong></span> <span class='ocrx_word' id='word_1_350' title='bbox 1784 4238 1953 4290; x_wconf 87' lang='lat' dir='ltr'><strong>altare</strong></span> <span class='ocrx_word' id='word_1_351' title='bbox 1977 4235 2116 4289; x_wconf 87' lang='lat' dir='ltr'><strong>allo-</strong></span> 
     </span>
    </p>
   </div>
   <div class='ocr_carea' id='block_1_45' title="bbox 537 4325 2113 4401">
    <p class='ocr_par' dir='ltr' id='par_1_45' title="bbox 537 4325 2113 4401">
     <span class='ocr_line' id='line_1_45' title="bbox 537 4325 2113 4401; baseline -0.003 -17"><span class='ocrx_word' id='word_1_352' title='bbox 537 4332 717 4401; x_wconf 82' lang='lat' dir='ltr'><strong>quitur</strong></span> <span class='ocrx_word' id='word_1_353' title='bbox 743 4331 760 4399; x_wconf 92' lang='lat'><strong>(</strong></span> <span class='ocrx_word' id='word_1_354' title='bbox 786 4332 838 4386; x_wconf 78' lang='lat'><strong>5.</strong></span> <span class='ocrx_word' id='word_1_355' title='bbox 872 4331 1000 4401; x_wconf 78' lang='lat' dir='ltr'><strong>Iteg.</strong></span> <span class='ocrx_word' id='word_1_356' title='bbox 1032 4331 1118 4384; x_wconf 78' lang='grc'><strong>15.</strong></span> <span class='ocrx_word' id='word_1_357' title='bbox 1148 4330 1200 4384; x_wconf 98' lang='grc'><strong>1.</strong></span> <span class='ocrx_word' id='word_1_358' title='bbox 1225 4327 1321 4399; x_wconf 95' lang='lat'><strong>2).</strong></span> <span class='ocrx_word' id='word_1_359' title='bbox 1357 4329 1420 4380; x_wconf 78' lang='lat' dir='ltr'><strong>Et</strong></span> <span class='ocrx_word' id='word_1_360' title='bbox 1441 4325 1699 4381; x_wconf 83' lang='lat' dir='ltr'><strong>Jeremias</strong></span> <span class='ocrx_word' id='word_1_361' title='bbox 1729 4337 1926 4380; x_wconf 89' lang='lat' dir='ltr'><strong>terram</strong></span> <span class='ocrx_word' id='word_1_362' title='bbox 1951 4339 2113 4379; x_wconf 88' lang='lat' dir='ltr'><strong>voca-</strong></span> 
     </span>
    </p>
   </div>
   <div class='ocr_carea' id='block_1_46' title="bbox 539 4417 2109 4485">
    <p class='ocr_par' dir='ltr' id='par_1_46' title="bbox 539 4417 2109 4485">
     <span class='ocr_line' id='line_1_46' title="bbox 539 4417 2109 4485; baseline -0.004 -10"><span class='ocrx_word' id='word_1_363' title='bbox 539 4422 632 4475; x_wconf 87' lang='lat' dir='ltr'><strong>hat</strong></span> <span class='ocrx_word' id='word_1_364' title='bbox 657 4421 841 4476; x_wconf 89' lang='lat' dir='ltr'><strong>dicens</strong></span> <span class='ocrx_word' id='word_1_365' title='bbox 871 4441 883 4476; x_wconf 89' lang='lat'><strong>:</strong></span> <span class='ocrx_word' id='word_1_366' title='bbox 918 4421 1076 4475; x_wconf 88' lang='lat' dir='ltr'><strong>Terra</strong></span> <span class='ocrx_word' id='word_1_367' title='bbox 1100 4461 1116 4485; x_wconf 97' lang='lat'><strong>,</strong></span> <span class='ocrx_word' id='word_1_368' title='bbox 1148 4429 1310 4484; x_wconf 86' lang='lat' dir='ltr'><strong>terra,</strong></span> <span class='ocrx_word' id='word_1_369' title='bbox 1357 4429 1488 4472; x_wconf 90' lang='lat' dir='ltr'><strong>terra</strong></span> <span class='ocrx_word' id='word_1_370' title='bbox 1511 4433 1528 4472; x_wconf 90' lang='lat'><strong><em>:</em></strong></span> <span class='ocrx_word' id='word_1_371' title='bbox 1549 4418 1707 4473; x_wconf 85' lang='lat' dir='ltr'><strong>scribe</strong></span> <span class='ocrx_word' id='word_1_372' title='bbox 1749 4417 1884 4470; x_wconf 90' lang='lat' dir='ltr'><strong>hunc</strong></span> <span class='ocrx_word' id='word_1_373' title='bbox 1911 4418 2072 4471; x_wconf 85' lang='lat' dir='ltr'><strong>virum</strong></span> <span class='ocrx_word' id='word_1_374' title='bbox 2094 4459 2109 4483; x_wconf 92' lang='lat'><strong>,</strong></span> 
     </span>
    </p>
   </div>
   <div class='ocr_carea' id='block_1_47' title="bbox 541 4509 2114 4582">
    <p class='ocr_par' dir='ltr' id='par_1_47' title="bbox 541 4509 2114 4582">
     <span class='ocr_line' id='line_1_47' title="bbox 541 4509 2114 4582; baseline -0.001 -17"><span class='ocrx_word' id='word_1_375' title='bbox 541 4515 701 4565; x_wconf 80' lang='lat' dir='ltr'><strong>virum</strong></span> <span class='ocrx_word' id='word_1_376' title='bbox 724 4513 1055 4582; x_wconf 76' lang='lat' dir='ltr'><strong>proscriptum</strong></span> <span class='ocrx_word' id='word_1_377' title='bbox 1084 4512 1214 4582; x_wconf 79' lang='lat' dir='ltr'><strong>(Jer.</strong></span> <span class='ocrx_word' id='word_1_378' title='bbox 1239 4511 1328 4565; x_wconf 85' lang='lat'><strong>22.</strong></span> <span class='ocrx_word' id='word_1_379' title='bbox 1362 4510 1450 4565; x_wconf 85' lang='lat'><strong>29.</strong></span> <span class='ocrx_word' id='word_1_380' title='bbox 1482 4509 1594 4582; x_wconf 82' lang='lat'><strong>&#39;50).</strong></span> <span class='ocrx_word' id='word_1_381' title='bbox 1623 4509 1874 4579; x_wconf 80' lang='lat' dir='ltr'><strong>Aliusque</strong></span> <span class='ocrx_word' id='word_1_382' title='bbox 1902 4525 2114 4563; x_wconf 84' lang='lat' dir='ltr'><strong>rursum</strong></span> 
     </span>
    </p>
   </div>
   <div class='ocr_carea' id='block_1_48' title="bbox 541 4597 2112 4670">
    <p class='ocr_par' dir='ltr' id='par_1_48' title="bbox 541 4597 2112 4670">
     <span class='ocr_line' id='line_1_48' title="bbox 541 4597 2112 4670; baseline -0.004 -14"><span class='ocrx_word' id='word_1_383' title='bbox 541 4602 751 4656; x_wconf 88' lang='lat' dir='ltr'><strong>dicebat</strong></span> <span class='ocrx_word' id='word_1_384' title='bbox 780 4619 792 4656; x_wconf 92' lang='lat'>:</span> <span class='ocrx_word' id='word_1_385' title='bbox 819 4601 1024 4666; x_wconf 77' lang='lat' dir='ltr'><strong>Audite,</strong></span> <span class='ocrx_word' id='word_1_386' title='bbox 1047 4601 1232 4666; x_wconf 77' lang='lat' dir='ltr'><strong>valles,</strong></span> <span class='ocrx_word' id='word_1_387' title='bbox 1263 4599 1591 4670; x_wconf 74' lang='lat' dir='ltr'><strong>fundamenta</strong></span> <span class='ocrx_word' id='word_1_388' title='bbox 1636 4609 1802 4653; x_wconf 65' lang='lat' dir='ltr'><strong>terrae.</strong></span> <span class='ocrx_word' id='word_1_389' title='bbox 1835 4597 1996 4652; x_wconf 78' lang='lat' dir='ltr'><strong>Filios</strong></span> <span class='ocrx_word' id='word_1_390' title='bbox 2022 4614 2112 4667; x_wconf 90' lang='lat' dir='ltr'><strong>ge-</strong></span> 
     </span>
    </p>
   </div>
   <div class='ocr_carea' id='block_1_49' title="bbox 543 4687 2116 4763">
    <p class='ocr_par' dir='ltr' id='par_1_49' title="bbox 543 4687 2116 4763">
     <span class='ocr_line' id='line_1_49' title="bbox 543 4687 2116 4763; baseline -0.003 -19"><span class='ocrx_word' id='word_1_391' title='bbox 543 4694 634 4745; x_wconf 86' lang='lat' dir='ltr'><strong>nui</strong></span> <span class='ocrx_word' id='word_1_392' title='bbox 657 4691 845 4763; x_wconf 77' lang='lat' dir='ltr'><strong>(Mich.</strong></span> <span class='ocrx_word' id='word_1_393' title='bbox 876 4691 929 4746; x_wconf 89' lang='lat'><strong>6.</strong></span> <span class='ocrx_word' id='word_1_394' title='bbox 959 4691 1052 4759; x_wconf 89' lang='lat'><strong>2).</strong></span> <span class='ocrx_word' id='word_1_395' title='bbox 1081 4689 1196 4744; x_wconf 83' lang='lat' dir='ltr'><strong>Non</strong></span> <span class='ocrx_word' id='word_1_396' title='bbox 1225 4704 1506 4743; x_wconf 89' lang='lat' dir='ltr'><strong>commune</strong></span> <span class='ocrx_word' id='word_1_397' title='bbox 1533 4690 1780 4744; x_wconf 90' lang='lat' dir='ltr'><strong>omnibus</strong></span> <span class='ocrx_word' id='word_1_398' title='bbox 1813 4687 2116 4742; x_wconf 83' lang='lat' dir='ltr'><strong>hominibus</strong></span> 
     </span>
    </p>
   </div>
   <div class='ocr_carea' id='block_1_50' title="bbox 551 4776 2116 4853">
    <p class='ocr_par' dir='ltr' id='par_1_50' title="bbox 551 4776 2116 4853">
     <span class='ocr_line' id='line_1_50' title="bbox 551 4776 2116 4853; baseline -0.004 -15"><span class='ocrx_word' id='word_1_399' title='bbox 551 4784 638 4838; x_wconf 90' lang='lat' dir='ltr'><strong>hic</strong></span> <span class='ocrx_word' id='word_1_400' title='bbox 665 4783 811 4853; x_wconf 85' lang='lat' dir='ltr'><strong>ponit</strong></span> <span class='ocrx_word' id='word_1_401' title='bbox 838 4781 1153 4837; x_wconf 88' lang='lat' dir='ltr'><strong>benelicium</strong></span> <span class='ocrx_word' id='word_1_402' title='bbox 1179 4822 1192 4845; x_wconf 92' lang='lat'><strong>,</strong></span> <span class='ocrx_word' id='word_1_403' title='bbox 1221 4779 1362 4851; x_wconf 91' lang='lat' dir='ltr'><strong>quod</strong></span> <span class='ocrx_word' id='word_1_404' title='bbox 1402 4794 1594 4849; x_wconf 89' lang='lat' dir='ltr'><strong>nempe</strong></span> <span class='ocrx_word' id='word_1_405' title='bbox 1639 4779 1760 4833; x_wconf 91' lang='lat' dir='ltr'><strong>facti</strong></span> <span class='ocrx_word' id='word_1_406' title='bbox 1782 4787 1998 4844; x_wconf 87' lang='lat' dir='ltr'><strong>essent,</strong></span> <span class='ocrx_word' id='word_1_407' title='bbox 2021 4776 2116 4832; x_wconf 90' lang='lat' dir='ltr'><strong>sed</strong></span> 
     </span>
    </p>
   </div>
   <div class='ocr_carea' id='block_1_51' title="bbox 545 4868 2117 4944">
    <p class='ocr_par' dir='ltr' id='par_1_51' title="bbox 545 4868 2117 4944">
     <span class='ocr_line' id='line_1_51' title="bbox 545 4868 2117 4944; baseline -0.004 -18"><span class='ocrx_word' id='word_1_408' title='bbox 545 4875 751 4944; x_wconf 83' lang='lat' dir='ltr'><strong>insigne</strong></span> <span class='ocrx_word' id='word_1_409' title='bbox 792 4873 1107 4943; x_wconf 81' lang='lat' dir='ltr'><strong>quodpiam,</strong></span> <span class='ocrx_word' id='word_1_410' title='bbox 1139 4870 1278 4942; x_wconf 89' lang='lat' dir='ltr'><strong>quod</strong></span> <span class='ocrx_word' id='word_1_411' title='bbox 1315 4869 1408 4925; x_wconf 87' lang='lat' dir='ltr'><strong>ﬁlii</strong></span> <span class='ocrx_word' id='word_1_412' title='bbox 1452 4868 1626 4925; x_wconf 81' lang='lat' dir='ltr'><strong>ell&#39;ecti</strong></span> <span class='ocrx_word' id='word_1_413' title='bbox 1650 4876 1852 4922; x_wconf 88' lang='lat' dir='ltr'><strong>essent.</strong></span> <span class='ocrx_word' id='word_1_414' title='bbox 1893 4868 2117 4936; x_wconf 89' lang='lat' dir='ltr'><strong>Semper</strong></span> 
     </span>
    </p>
   </div>
   <div class='ocr_carea' id='block_1_52' title="bbox 543 4956 2114 5032">
    <p class='ocr_par' dir='ltr' id='par_1_52' title="bbox 543 4956 2114 5032">
     <span class='ocr_line' id='line_1_52' title="bbox 543 4956 2114 5032; baseline -0.008 -11"><span class='ocrx_word' id='word_1_415' title='bbox 543 4968 684 5021; x_wconf 81' lang='lat' dir='ltr'><strong>enim</strong></span> <span class='ocrx_word' id='word_1_416' title='bbox 709 4966 962 5021; x_wconf 88' lang='lat' dir='ltr'><strong>beneficia</strong></span> <span class='ocrx_word' id='word_1_417' title='bbox 981 4964 1175 5019; x_wconf 84' lang='lat' dir='ltr'><strong>inferre</strong></span> <span class='ocrx_word' id='word_1_418' title='bbox 1198 4962 1380 5032; x_wconf 88' lang='lat' dir='ltr'><strong>incipit</strong></span> <span class='ocrx_word' id='word_1_419' title='bbox 1397 4961 1557 5016; x_wconf 87' lang='lat' dir='ltr'><strong>Deus.</strong></span> <span class='ocrx_word' id='word_1_420' title='bbox 1577 4961 1654 5015; x_wconf 83' lang='lat' dir='ltr'><strong>Ac</strong></span> <span class='ocrx_word' id='word_1_421' title='bbox 1670 4956 2114 5029; x_wconf 88' lang='lat' dir='ltr'><strong>quemadmodum</strong></span> 
     </span>
    </p>
   </div>
   <div class='ocr_carea' id='block_1_53' title="bbox 542 5047 2113 5124">
    <p class='ocr_par' dir='ltr' id='par_1_53' title="bbox 542 5047 2113 5124">
     <span class='ocr_line' id='line_1_53' title="bbox 542 5047 2113 5124; baseline -0.006 -14"><span class='ocrx_word' id='word_1_422' title='bbox 542 5073 664 5111; x_wconf 84' lang='lat' dir='ltr'><strong>cum</strong></span> <span class='ocrx_word' id='word_1_423' title='bbox 693 5056 966 5111; x_wconf 87' lang='lat' dir='ltr'><strong>hominem</strong></span> <span class='ocrx_word' id='word_1_424' title='bbox 1013 5064 1238 5118; x_wconf 79' lang='lat' dir='ltr'><strong>crearet,</strong></span> <span class='ocrx_word' id='word_1_425' title='bbox 1282 5052 1372 5124; x_wconf 88' lang='lat' dir='ltr'><strong>qui</strong></span> <span class='ocrx_word' id='word_1_426' title='bbox 1414 5066 1517 5106; x_wconf 92' lang='lat' dir='ltr'><strong>non</strong></span> <span class='ocrx_word' id='word_1_427' title='bbox 1547 5059 1670 5104; x_wconf 86' lang='lat' dir='ltr'><strong>ante</strong></span> <span class='ocrx_word' id='word_1_428' title='bbox 1697 5050 1884 5111; x_wconf 86' lang='lat' dir='ltr'><strong>fuerat,</strong></span> <span class='ocrx_word' id='word_1_429' title='bbox 1915 5063 2034 5102; x_wconf 92' lang='lat' dir='ltr'><strong>eum</strong></span> <span class='ocrx_word' id='word_1_430' title='bbox 2063 5047 2113 5119; x_wconf 80' lang='lat' dir='ltr'><strong>in</strong></span> 
     </span>
    </p>
   </div>
   <div class='ocr_carea' id='block_1_54' title="bbox 546 5136 2115 5218">
    <p class='ocr_par' dir='ltr' id='par_1_54' title="bbox 546 5136 2115 5218">
     <span class='ocr_line' id='line_1_54' title="bbox 546 5136 2115 5218; baseline -0.008 -18"><span class='ocrx_word' id='word_1_431' title='bbox 546 5147 808 5218; x_wconf 86' lang='lat' dir='ltr'><strong>principio</strong></span> <span class='ocrx_word' id='word_1_432' title='bbox 854 5147 1136 5201; x_wconf 82' lang='lat' dir='ltr'><strong>honoravit</strong></span> <span class='ocrx_word' id='word_1_433' title='bbox 1195 5146 1418 5208; x_wconf 87' lang='lat' dir='ltr'><strong>dicens,</strong></span> <span class='ocrx_word' id='word_1_434' title='bbox 1453 5141 1726 5196; x_wconf 76' lang='lat' dir='ltr'><strong>Faciamus</strong></span> <span class='ocrx_word' id='word_1_435' title='bbox 1763 5140 2012 5192; x_wconf 84' lang='lat' dir='ltr'><strong>hominem</strong></span> <span class='ocrx_word' id='word_1_436' title='bbox 2049 5136 2115 5189; x_wconf 87' lang='lat' dir='ltr'><strong>ad</strong></span> 
     </span>
    </p>
   </div>
   <div class='ocr_carea' id='block_1_55' title="bbox 544 5225 2113 5308">
    <p class='ocr_par' dir='ltr' id='par_1_55' title="bbox 544 5225 2113 5308">
     <span class='ocr_line' id='line_1_55' title="bbox 544 5225 2113 5308; baseline -0.008 -17"><span class='ocrx_word' id='word_1_437' title='bbox 544 5239 814 5308; x_wconf 88' lang='lat' dir='ltr'><strong>imaginem</strong></span> <span class='ocrx_word' id='word_1_438' title='bbox 852 5247 899 5291; x_wconf 86' lang='lat' dir='ltr'><strong>et</strong></span> <span class='ocrx_word' id='word_1_439' title='bbox 943 5237 1319 5290; x_wconf 79' lang='lat' dir='ltr'><strong>similitudinem</strong></span> <span class='ocrx_word' id='word_1_440' title='bbox 1360 5242 1584 5287; x_wconf 85' lang='lat' dir='ltr'><strong>nostram</strong></span> <span class='ocrx_word' id='word_1_441' title='bbox 1618 5229 1782 5302; x_wconf 85' lang='lat' dir='ltr'><strong>(Gen.</strong></span> <span class='ocrx_word' id='word_1_442' title='bbox 1818 5230 1869 5284; x_wconf 90' lang='grc'><strong>1.</strong></span> <span class='ocrx_word' id='word_1_443' title='bbox 1895 5225 2026 5298; x_wconf 82' lang='lat'><strong>26);</strong></span> <span class='ocrx_word' id='word_1_444' title='bbox 2061 5227 2113 5281; x_wconf 89' lang='lat' dir='ltr'><strong>in</strong></span> 
     </span>
    </p>
   </div>
   <div class='ocr_carea' id='block_1_56' title="bbox 545 5318 2113 5395">
    <p class='ocr_par' dir='ltr' id='par_1_56' title="bbox 545 5318 2113 5395">
     <span class='ocr_line' id='line_1_56' title="bbox 545 5318 2113 5395; baseline -0.008 -13"><span class='ocrx_word' id='word_1_445' title='bbox 545 5343 684 5382; x_wconf 65' lang='lat' dir='ltr'><strong>nova</strong></span> <span class='ocrx_word' id='word_1_446' title='bbox 720 5335 895 5382; x_wconf 89' lang='lat' dir='ltr'><strong>autem</strong></span> <span class='ocrx_word' id='word_1_447' title='bbox 943 5326 1057 5395; x_wconf 85' lang='lat' dir='ltr'><strong>lege</strong></span> <span class='ocrx_word' id='word_1_448' title='bbox 1086 5324 1271 5394; x_wconf 86' lang='lat' dir='ltr'><strong>majori</strong></span> <span class='ocrx_word' id='word_1_449' title='bbox 1304 5338 1400 5377; x_wconf 90' lang='lat' dir='ltr'><strong>nos</strong></span> <span class='ocrx_word' id='word_1_450' title='bbox 1444 5323 1652 5376; x_wconf 90' lang='lat' dir='ltr'><strong>ornavit</strong></span> <span class='ocrx_word' id='word_1_451' title='bbox 1693 5318 1980 5381; x_wconf 88' lang='lat' dir='ltr'><strong>beneficio;</strong></span> <span class='ocrx_word' id='word_1_452' title='bbox 2008 5331 2113 5370; x_wconf 91' lang='lat' dir='ltr'><strong>non</strong></span> 
     </span>
    </p>
   </div>
   <div class='ocr_carea' id='block_1_57' title="bbox 548 5406 2116 5482">
    <p class='ocr_par' dir='ltr' id='par_1_57' title="bbox 548 5406 2116 5482">
     <span class='ocr_line' id='line_1_57' title="bbox 548 5406 2116 5482; baseline -0.006 -12"><span class='ocrx_word' id='word_1_453' title='bbox 548 5417 721 5470; x_wconf 86' lang='lat' dir='ltr'><strong>solum</strong></span> <span class='ocrx_word' id='word_1_454' title='bbox 751 5415 892 5471; x_wconf 90' lang='lat' dir='ltr'><strong>enim</strong></span> <span class='ocrx_word' id='word_1_455' title='bbox 924 5413 1178 5468; x_wconf 88' lang='lat' dir='ltr'><strong>nihildum</strong></span> <span class='ocrx_word' id='word_1_456' title='bbox 1208 5422 1454 5482; x_wconf 83' lang='lat' dir='ltr'><strong>operatos</strong></span> <span class='ocrx_word' id='word_1_457' title='bbox 1474 5451 1488 5476; x_wconf 94' lang='lat'><strong>,</strong></span> <span class='ocrx_word' id='word_1_458' title='bbox 1513 5410 1608 5466; x_wconf 89' lang='lat' dir='ltr'><strong>sed</strong></span> <span class='ocrx_word' id='word_1_459' title='bbox 1636 5409 1795 5464; x_wconf 88' lang='lat' dir='ltr'><strong>etiam</strong></span> <span class='ocrx_word' id='word_1_460' title='bbox 1827 5406 2116 5460; x_wconf 88' lang='lat' dir='ltr'><strong>innumeris</strong></span> 
     </span>
    </p>
   </div>
   <div class='ocr_carea' id='block_1_58' title="bbox 549 5497 2113 5572">
    <p class='ocr_par' dir='ltr' id='par_1_58' title="bbox 549 5497 2113 5572">
     <span class='ocr_line' id='line_1_58' title="bbox 549 5497 2113 5572; baseline -0.008 -11"><span class='ocrx_word' id='word_1_461' title='bbox 549 5509 704 5563; x_wconf 89' lang='lat' dir='ltr'><strong>malis</strong></span> <span class='ocrx_word' id='word_1_462' title='bbox 728 5517 948 5562; x_wconf 92' lang='lat' dir='ltr'><strong>onustos</strong></span> <span class='ocrx_word' id='word_1_463' title='bbox 971 5504 1251 5561; x_wconf 86' lang='lat' dir='ltr'><strong>honoravit</strong></span> <span class='ocrx_word' id='word_1_464' title='bbox 1271 5519 1367 5572; x_wconf 87' lang='lat' dir='ltr'><strong>per</strong></span> <span class='ocrx_word' id='word_1_465' title='bbox 1388 5504 1650 5557; x_wconf 75' lang='lat' dir='ltr'><strong>lavacrum</strong></span> <span class='ocrx_word' id='word_1_466' title='bbox 1671 5497 2113 5571; x_wconf 86' lang='lat' dir='ltr'><strong>regenerationis:</strong></span> 
     </span>
    </p>
   </div>
   <div class='ocr_carea' id='block_1_59' title="bbox 548 5588 2116 5663">
    <p class='ocr_par' dir='ltr' id='par_1_59' title="bbox 548 5588 2116 5663">
     <span class='ocr_line' id='line_1_59' title="bbox 548 5588 2116 5663; baseline -0.007 -10"><span class='ocrx_word' id='word_1_467' title='bbox 548 5599 618 5653; x_wconf 83' lang='lat' dir='ltr'><strong>ita</strong></span> <span class='ocrx_word' id='word_1_468' title='bbox 648 5608 704 5654; x_wconf 86' lang='lat' dir='ltr'><strong>et</strong></span> <span class='ocrx_word' id='word_1_469' title='bbox 724 5601 807 5653; x_wconf 92' lang='lat' dir='ltr'><strong>hic</strong></span> <span class='ocrx_word' id='word_1_470' title='bbox 835 5599 1018 5653; x_wconf 85' lang='lat' dir='ltr'><strong>videre</strong></span> <span class='ocrx_word' id='word_1_471' title='bbox 1043 5606 1151 5659; x_wconf 85' lang='lat' dir='ltr'><strong>est;</strong></span> <span class='ocrx_word' id='word_1_472' title='bbox 1181 5611 1300 5649; x_wconf 88' lang='lat' dir='ltr'><strong>nam</strong></span> <span class='ocrx_word' id='word_1_473' title='bbox 1337 5609 1429 5648; x_wconf 89' lang='lat' dir='ltr'><strong>eos</strong></span> <span class='ocrx_word' id='word_1_474' title='bbox 1459 5594 1547 5663; x_wconf 91' lang='lat' dir='ltr'><strong>qui</strong></span> <span class='ocrx_word' id='word_1_475' title='bbox 1578 5609 1681 5646; x_wconf 91' lang='lat' dir='ltr'><strong>non</strong></span> <span class='ocrx_word' id='word_1_476' title='bbox 1723 5590 1879 5644; x_wconf 89' lang='lat' dir='ltr'><strong>modo</strong></span> <span class='ocrx_word' id='word_1_477' title='bbox 1906 5591 1956 5642; x_wconf 91' lang='lat' dir='ltr'><strong>in</strong></span> <span class='ocrx_word' id='word_1_478' title='bbox 1986 5588 2116 5642; x_wconf 85' lang='lat' dir='ltr'><strong>ado-</strong></span> 
     </span>
    </p>
   </div>
   <div class='ocr_carea' id='block_1_60' title="bbox 549 5680 2118 5760">
    <p class='ocr_par' dir='ltr' id='par_1_60' title="bbox 549 5680 2118 5760">
     <span class='ocr_line' id='line_1_60' title="bbox 549 5680 2118 5760; baseline -0.006 -17"><span class='ocrx_word' id='word_1_479' title='bbox 549 5690 727 5760; x_wconf 82' lang='lat' dir='ltr'><strong>ptione</strong></span> <span class='ocrx_word' id='word_1_480' title='bbox 749 5690 875 5744; x_wconf 85' lang='lat' dir='ltr'><strong>nihil</strong></span> <span class='ocrx_word' id='word_1_481' title='bbox 897 5691 1021 5746; x_wconf 90' lang='lat' dir='ltr'><strong>boni</strong></span> <span class='ocrx_word' id='word_1_482' title='bbox 1044 5696 1278 5760; x_wconf 86' lang='lat' dir='ltr'><strong>egerant,</strong></span> <span class='ocrx_word' id='word_1_483' title='bbox 1301 5686 1393 5740; x_wconf 85' lang='lat' dir='ltr'><strong>sed</strong></span> <span class='ocrx_word' id='word_1_484' title='bbox 1419 5685 1577 5740; x_wconf 85' lang='lat' dir='ltr'><strong>etiam</strong></span> <span class='ocrx_word' id='word_1_485' title='bbox 1613 5683 1743 5754; x_wconf 83' lang='lat' dir='ltr'><strong>lapsi</strong></span> <span class='ocrx_word' id='word_1_486' title='bbox 1765 5683 1970 5737; x_wconf 87' lang='lat' dir='ltr'><strong>fuerant</strong></span> <span class='ocrx_word' id='word_1_487' title='bbox 1993 5722 2004 5743; x_wconf 90' lang='lat'><strong>,</strong></span> <span class='ocrx_word' id='word_1_488' title='bbox 2025 5680 2118 5734; x_wconf 87' lang='lat' dir='ltr'><strong>ho—</strong></span> 
     </span>
    </p>
   </div>
   <div class='ocr_carea' id='block_1_61' title="bbox 2209 449 3791 520">
    <p class='ocr_par' dir='ltr' id='par_1_61' title="bbox 2209 449 3791 520">
     <span class='ocr_line' id='line_1_61' title="bbox 2209 449 3791 520; baseline -0.003 -14"><span class='ocrx_word' id='word_1_489' title='bbox 2209 454 2438 506; x_wconf 73' lang='lat' dir='ltr'><strong>noravit.</strong></span> <span class='ocrx_word' id='word_1_490' title='bbox 2463 452 2571 506; x_wconf 87' lang='lat' dir='ltr'><strong>Nec</strong></span> <span class='ocrx_word' id='word_1_491' title='bbox 2614 466 2739 506; x_wconf 88' lang='lat' dir='ltr'><strong>vero</strong></span> <span class='ocrx_word' id='word_1_492' title='bbox 2779 451 2900 520; x_wconf 76' lang='lat' dir='ltr'><strong>quia</strong></span> <span class='ocrx_word' id='word_1_493' title='bbox 2937 460 3060 505; x_wconf 81' lang='lat' dir='ltr'><strong>ante</strong></span> <span class='ocrx_word' id='word_1_494' title='bbox 3095 449 3303 506; x_wconf 82' lang='lat' dir='ltr'><strong>labores</strong></span> <span class='ocrx_word' id='word_1_495' title='bbox 3323 451 3593 506; x_wconf 84' lang='lat' dir='ltr'><strong>honorare</strong></span> <span class='ocrx_word' id='word_1_496' title='bbox 3629 450 3791 514; x_wconf 82' lang='lat' dir='ltr'><strong>solet,</strong></span> 
     </span>
    </p>
   </div>
   <div class='ocr_carea' id='block_1_62' title="bbox 2210 543 3790 613">
    <p class='ocr_par' dir='ltr' id='par_1_62' title="bbox 2210 543 3790 613">
     <span class='ocr_line' id='line_1_62' title="bbox 2210 543 3790 613; baseline 0 -20"><span class='ocrx_word' id='word_1_497' title='bbox 2210 553 2329 613; x_wconf 87' lang='lat' dir='ltr'><strong>post</strong></span> <span class='ocrx_word' id='word_1_498' title='bbox 2357 544 2568 597; x_wconf 81' lang='lat' dir='ltr'><strong>labores</strong></span> <span class='ocrx_word' id='word_1_499' title='bbox 2609 543 2851 597; x_wconf 88' lang='lat' dir='ltr'><strong>mercede</strong></span> <span class='ocrx_word' id='word_1_500' title='bbox 2878 543 3078 611; x_wconf 86' lang='lat' dir='ltr'><strong>privat;</strong></span> <span class='ocrx_word' id='word_1_501' title='bbox 3108 543 3200 596; x_wconf 84' lang='lat' dir='ltr'><strong>sed</strong></span> <span class='ocrx_word' id='word_1_502' title='bbox 3233 550 3358 597; x_wconf 92' lang='lat' dir='ltr'><strong>tunc</strong></span> <span class='ocrx_word' id='word_1_503' title='bbox 3403 543 3614 611; x_wconf 81' lang='lat' dir='ltr'><strong>majora</strong></span> <span class='ocrx_word' id='word_1_504' title='bbox 3659 557 3790 595; x_wconf 69' lang='lat' dir='ltr'><strong>con-</strong></span> 
     </span>
    </p>
   </div>
   <div class='ocr_carea' id='block_1_63' title="bbox 2211 631 3788 701">
    <p class='ocr_par' dir='ltr' id='par_1_63' title="bbox 2211 631 3788 701">
     <span class='ocr_line' id='line_1_63' title="bbox 2211 631 3788 701; baseline -0.001 -15"><span class='ocrx_word' id='word_1_505' title='bbox 2211 636 2308 688; x_wconf 86' lang='lat' dir='ltr'><strong>fert</strong></span> <span class='ocrx_word' id='word_1_506' title='bbox 2327 634 2562 700; x_wconf 78' lang='lat' dir='ltr'><strong>prmntia.</strong></span> <span class='ocrx_word' id='word_1_507' title='bbox 2595 634 2656 686; x_wconf 83' lang='lat' dir='ltr'><strong>Et</strong></span> <span class='ocrx_word' id='word_1_508' title='bbox 2682 633 2916 687; x_wconf 79' lang='lat' dir='ltr'><strong>exultavi.</strong></span> <span class='ocrx_word' id='word_1_509' title='bbox 2947 632 3075 697; x_wconf 73' lang='lat' dir='ltr'><strong>Qua:</strong></span> <span class='ocrx_word' id='word_1_510' title='bbox 3102 633 3151 686; x_wconf 85' lang='lat' dir='ltr'><strong>in</strong></span> <span class='ocrx_word' id='word_1_511' title='bbox 3179 631 3428 701; x_wconf 63' lang='lat' dir='ltr'><strong>Egypto,</strong></span> <span class='ocrx_word' id='word_1_512' title='bbox 3451 648 3577 701; x_wconf 61' lang='lat' dir='ltr'><strong>qua:</strong></span> <span class='ocrx_word' id='word_1_513' title='bbox 3608 632 3663 686; x_wconf 85' lang='lat' dir='ltr'><strong>in</strong></span> <span class='ocrx_word' id='word_1_514' title='bbox 3695 633 3788 685; x_wconf 82' lang='lat' dir='ltr'><strong>de-</strong></span> 
     </span>
    </p>
   </div>
   <div class='ocr_carea' id='block_1_64' title="bbox 2209 724 3790 795">
    <p class='ocr_par' dir='ltr' id='par_1_64' title="bbox 2209 724 3790 795">
     <span class='ocr_line' id='line_1_64' title="bbox 2209 724 3790 795; baseline -0.001 -17"><span class='ocrx_word' id='word_1_515' title='bbox 2209 737 2372 789; x_wconf 88' lang='lat' dir='ltr'><strong>serto,</strong></span> <span class='ocrx_word' id='word_1_516' title='bbox 2396 741 2512 795; x_wconf 61' lang='lat' dir='ltr'><strong>quin</strong></span> <span class='ocrx_word' id='word_1_517' title='bbox 2535 728 2582 778; x_wconf 89' lang='lat' dir='ltr'><strong>in</strong></span> <span class='ocrx_word' id='word_1_518' title='bbox 2609 724 2885 779; x_wconf 67' lang='lat' dir='ltr'><strong>Palaestina</strong></span> <span class='ocrx_word' id='word_1_519' title='bbox 2914 726 3098 793; x_wconf 87' lang='lat' dir='ltr'><strong>gessit,</strong></span> <span class='ocrx_word' id='word_1_520' title='bbox 3126 739 3231 778; x_wconf 90' lang='lat' dir='ltr'><strong>uno</strong></span> <span class='ocrx_word' id='word_1_521' title='bbox 3257 725 3418 778; x_wconf 89' lang='lat' dir='ltr'><strong>verbo</strong></span> <span class='ocrx_word' id='word_1_522' title='bbox 3447 725 3683 792; x_wconf 85' lang='lat' dir='ltr'><strong>carptim</strong></span> <span class='ocrx_word' id='word_1_523' title='bbox 3715 734 3790 776; x_wconf 83' lang='lat' dir='ltr'><strong>te-</strong></span> 
     </span>
    </p>
   </div>
   <div class='ocr_carea' id='block_1_65' title="bbox 2213 816 3796 887">
    <p class='ocr_par' dir='ltr' id='par_1_65' title="bbox 2213 816 3796 887">
     <span class='ocr_line' id='line_1_65' title="bbox 2213 816 3796 887; baseline -0.002 -15"><span class='ocrx_word' id='word_1_524' title='bbox 2213 819 2348 887; x_wconf 84' lang='lat' dir='ltr'><strong>tigit.</strong></span> <span class='ocrx_word' id='word_1_525' title='bbox 2377 819 2488 871; x_wconf 83' lang='lat' dir='ltr'><strong>Mos</strong></span> <span class='ocrx_word' id='word_1_526' title='bbox 2518 819 2659 872; x_wconf 90' lang='lat' dir='ltr'><strong>enim</strong></span> <span class='ocrx_word' id='word_1_527' title='bbox 2709 817 2820 872; x_wconf 88' lang='lat' dir='ltr'><strong>Deo</strong></span> <span class='ocrx_word' id='word_1_528' title='bbox 2849 825 2930 871; x_wconf 89' lang='lat' dir='ltr'><strong>est</strong></span> <span class='ocrx_word' id='word_1_529' title='bbox 2957 816 3025 870; x_wconf 90' lang='lat' dir='ltr'><strong>ob</strong></span> <span class='ocrx_word' id='word_1_530' title='bbox 3050 816 3430 871; x_wconf 82' lang='lat' dir='ltr'><strong>beneficiorum</strong></span> <span class='ocrx_word' id='word_1_531' title='bbox 3471 817 3693 884; x_wconf 84' lang='lat' dir='ltr'><strong>copiam</strong></span> <span class='ocrx_word' id='word_1_532' title='bbox 3744 816 3796 869; x_wconf 91' lang='lat' dir='ltr'><strong>io</strong></span> 
     </span>
    </p>
   </div>
   <div class='ocr_carea' id='block_1_66' title="bbox 2213 902 3797 974">
    <p class='ocr_par' dir='ltr' id='par_1_66' title="bbox 2213 902 3797 974">
     <span class='ocr_line' id='line_1_66' title="bbox 2213 902 3797 974; baseline -0.003 -14"><span class='ocrx_word' id='word_1_533' title='bbox 2213 907 2518 961; x_wconf 87' lang='lat' dir='ltr'><strong>narratione</strong></span> <span class='ocrx_word' id='word_1_534' title='bbox 2561 913 2832 974; x_wconf 85' lang='lat' dir='ltr'><strong>gestorum</strong></span> <span class='ocrx_word' id='word_1_535' title='bbox 2874 919 2980 960; x_wconf 90' lang='lat' dir='ltr'><strong>non</strong></span> <span class='ocrx_word' id='word_1_536' title='bbox 3025 904 3321 958; x_wconf 86' lang='lat' dir='ltr'><strong>minutatim</strong></span> <span class='ocrx_word' id='word_1_537' title='bbox 3368 906 3646 959; x_wconf 87' lang='lat' dir='ltr'><strong>insistere.</strong></span> <span class='ocrx_word' id='word_1_538' title='bbox 3683 902 3797 970; x_wconf 83' lang='lat' dir='ltr'><strong>Ipsi</strong></span> 
     </span>
    </p>
   </div>
   <div class='ocr_carea' id='block_1_67' title="bbox 2207 993 3797 1065">
    <p class='ocr_par' dir='ltr' id='par_1_67' title="bbox 2207 993 3797 1065">
     <span class='ocr_line' id='line_1_67' title="bbox 2207 993 3797 1065; baseline -0.006 -13"><span class='ocrx_word' id='word_1_539' title='bbox 2207 1009 2372 1052; x_wconf 87' lang='lat' dir='ltr'><strong>autem</strong></span> <span class='ocrx_word' id='word_1_540' title='bbox 2403 1006 2692 1065; x_wconf 83' lang='lat' dir='ltr'><strong>spreverunt</strong></span> <span class='ocrx_word' id='word_1_541' title='bbox 2721 1011 2818 1049; x_wconf 86' lang='lat' dir='ltr'><strong>me.</strong></span> <span class='ocrx_word' id='word_1_542' title='bbox 2849 995 3186 1064; x_wconf 84' lang='lat' dir='ltr'><strong>Transgressi</strong></span> <span class='ocrx_word' id='word_1_543' title='bbox 3215 1005 3357 1058; x_wconf 90' lang='lat' dir='ltr'><strong>sunt,</strong></span> <span class='ocrx_word' id='word_1_544' title='bbox 3386 995 3580 1064; x_wconf 89' lang='lat' dir='ltr'><strong>inquit,</strong></span> <span class='ocrx_word' id='word_1_545' title='bbox 3618 993 3797 1061; x_wconf 80' lang='lat' dir='ltr'><strong>legem</strong></span> 
     </span>
    </p>
   </div>
   <div class='ocr_carea' id='block_1_68' title="bbox 2208 1082 3799 1155">
    <p class='ocr_par' dir='ltr' id='par_1_68' title="bbox 2208 1082 3799 1155">
     <span class='ocr_line' id='line_1_68' title="bbox 2208 1082 3799 1155; baseline -0.005 -12"><span class='ocrx_word' id='word_1_546' title='bbox 2208 1103 2403 1154; x_wconf 88' lang='lat' dir='ltr'><strong>meam,</strong></span> <span class='ocrx_word' id='word_1_547' title='bbox 2435 1087 2682 1143; x_wconf 89' lang='lat' dir='ltr'><strong>mandata</strong></span> <span class='ocrx_word' id='word_1_548' title='bbox 2727 1086 3145 1155; x_wconf 87' lang='lat' dir='ltr'><strong>dereliquerunt.</strong></span> <span class='ocrx_word' id='word_1_549' title='bbox 3189 1085 3241 1141; x_wconf 77' lang='grc'><strong>5.</strong></span> <span class='ocrx_word' id='word_1_550' title='bbox 3273 1082 3511 1154; x_wconf 81' lang='lat' dir='ltr'><strong>Cognovit</strong></span> <span class='ocrx_word' id='word_1_551' title='bbox 3553 1085 3648 1138; x_wconf 90' lang='lat' dir='ltr'><strong>bos</strong></span> <span class='ocrx_word' id='word_1_552' title='bbox 3681 1100 3799 1151; x_wconf 85' lang='lat' dir='ltr'><strong>pos-</strong></span> 
     </span>
    </p>
   </div>
   <div class='ocr_carea' id='block_1_69' title="bbox 2208 1175 3801 1246">
    <p class='ocr_par' dir='ltr' id='par_1_69' title="bbox 2208 1175 3801 1246">
     <span class='ocr_line' id='line_1_69' title="bbox 2208 1175 3801 1246; baseline -0.004 -12"><span class='ocrx_word' id='word_1_553' title='bbox 2208 1195 2447 1234; x_wconf 86' lang='lat' dir='ltr'><strong>sessorem</strong></span> <span class='ocrx_word' id='word_1_554' title='bbox 2470 1194 2638 1243; x_wconf 84' lang='lat' dir='ltr'><strong>suum,</strong></span> <span class='ocrx_word' id='word_1_555' title='bbox 2666 1186 2714 1232; x_wconf 88' lang='lat' dir='ltr'><strong>et</strong></span> <span class='ocrx_word' id='word_1_556' title='bbox 2751 1179 2923 1232; x_wconf 86' lang='lat' dir='ltr'><strong>asinus</strong></span> <span class='ocrx_word' id='word_1_557' title='bbox 2949 1192 3171 1246; x_wconf 62' lang='lat' dir='ltr'><strong>praesepe</strong></span> <span class='ocrx_word' id='word_1_558' title='bbox 3203 1176 3394 1230; x_wconf 86' lang='lat' dir='ltr'><strong>domini</strong></span> <span class='ocrx_word' id='word_1_559' title='bbox 3421 1176 3519 1230; x_wconf 81' lang='lat' dir='ltr'><strong>sui.</strong></span> <span class='ocrx_word' id='word_1_560' title='bbox 3550 1175 3801 1244; x_wconf 80' lang='lat' dir='ltr'><strong>Compa-</strong></span> 
     </span>
    </p>
   </div>
   <div class='ocr_carea' id='block_1_70' title="bbox 2210 1266 3802 1336">
    <p class='ocr_par' dir='ltr' id='par_1_70' title="bbox 2210 1266 3802 1336">
     <span class='ocr_line' id='line_1_70' title="bbox 2210 1266 3802 1336; baseline -0.003 -12"><span class='ocrx_word' id='word_1_561' title='bbox 2210 1269 2446 1324; x_wconf 85' lang='lat' dir='ltr'><strong>rationes</strong></span> <span class='ocrx_word' id='word_1_562' title='bbox 2497 1269 2822 1323; x_wconf 86' lang='lat' dir='ltr'><strong>accusationi</strong></span> <span class='ocrx_word' id='word_1_563' title='bbox 2875 1267 3231 1323; x_wconf 81' lang='lat' dir='ltr'><strong>accessionem</strong></span> <span class='ocrx_word' id='word_1_564' title='bbox 3281 1275 3503 1336; x_wconf 90' lang='lat' dir='ltr'><strong>parant,</strong></span> <span class='ocrx_word' id='word_1_565' title='bbox 3552 1266 3802 1320; x_wconf 78' lang='lat' dir='ltr'><strong>maxime</strong></span> 
     </span>
    </p>
   </div>
   <div class='ocr_carea' id='block_1_71' title="bbox 2211 1354 3796 1426">
    <p class='ocr_par' dir='ltr' id='par_1_71' title="bbox 2211 1354 3796 1426">
     <span class='ocr_line' id='line_1_71' title="bbox 2211 1354 3796 1426; baseline -0.002 -15"><span class='ocrx_word' id='word_1_566' title='bbox 2211 1373 2338 1414; x_wconf 88' lang='lat' dir='ltr'><strong>vero</strong></span> <span class='ocrx_word' id='word_1_567' title='bbox 2365 1372 2484 1412; x_wconf 92' lang='lat' dir='ltr'><strong>cum</strong></span> <span class='ocrx_word' id='word_1_568' title='bbox 2513 1374 2578 1413; x_wconf 89' lang='lat' dir='ltr'><strong>ex</strong></span> <span class='ocrx_word' id='word_1_569' title='bbox 2609 1356 2954 1426; x_wconf 69' lang='lat' dir='ltr'><strong>insequalibus</strong></span> <span class='ocrx_word' id='word_1_570' title='bbox 2977 1358 3362 1411; x_wconf 88' lang='lat' dir='ltr'><strong>concinnantur</strong></span> <span class='ocrx_word' id='word_1_571' title='bbox 3395 1371 3408 1408; x_wconf 90' lang='lat'>:</span> <span class='ocrx_word' id='word_1_572' title='bbox 3439 1354 3796 1425; x_wconf 83' lang='lat' dir='ltr'><strong>quemadmo-</strong></span> 
     </span>
    </p>
   </div>
   <div class='ocr_carea' id='block_1_72' title="bbox 2210 1446 3801 1517">
    <p class='ocr_par' dir='ltr' id='par_1_72' title="bbox 2210 1446 3801 1517">
     <span class='ocr_line' id='line_1_72' title="bbox 2210 1446 3801 1517; baseline -0.006 -10"><span class='ocrx_word' id='word_1_573' title='bbox 2210 1451 2336 1506; x_wconf 90' lang='lat' dir='ltr'><strong>dum</strong></span> <span class='ocrx_word' id='word_1_574' title='bbox 2361 1460 2414 1506; x_wconf 90' lang='lat' dir='ltr'><strong>et</strong></span> <span class='ocrx_word' id='word_1_575' title='bbox 2434 1450 2678 1505; x_wconf 87' lang='lat' dir='ltr'><strong>Christus</strong></span> <span class='ocrx_word' id='word_1_576' title='bbox 2706 1451 2778 1503; x_wconf 86' lang='lat' dir='ltr'><strong>ait</strong></span> <span class='ocrx_word' id='word_1_577' title='bbox 2808 1467 2821 1502; x_wconf 91' lang='lat'><strong>:</strong></span> <span class='ocrx_word' id='word_1_578' title='bbox 2864 1447 2970 1501; x_wconf 82' lang='lat' dir='ltr'><strong>Viri</strong></span> <span class='ocrx_word' id='word_1_579' title='bbox 2995 1446 3236 1502; x_wconf 75' lang='lat' dir='ltr'><strong>Ninivita:</strong></span> <span class='ocrx_word' id='word_1_580' title='bbox 3257 1457 3458 1517; x_wconf 81' lang='lat' dir='ltr'><strong>surgent</strong></span> <span class='ocrx_word' id='word_1_581' title='bbox 3499 1448 3550 1500; x_wconf 93' lang='lat' dir='ltr'><strong>in</strong></span> <span class='ocrx_word' id='word_1_582' title='bbox 3589 1446 3801 1517; x_wconf 84' lang='lat' dir='ltr'><strong>judicio</strong></span> 
     </span>
    </p>
   </div>
   <div class='ocr_carea' id='block_1_73' title="bbox 2212 1537 3796 1613">
    <p class='ocr_par' dir='ltr' id='par_1_73' title="bbox 2212 1537 3796 1613">
     <span class='ocr_line' id='line_1_73' title="bbox 2212 1537 3796 1613; baseline -0.003 -18"><span class='ocrx_word' id='word_1_583' title='bbox 2212 1559 2326 1595; x_wconf 89' lang='lat' dir='ltr'><strong>cum</strong></span> <span class='ocrx_word' id='word_1_584' title='bbox 2349 1542 2664 1613; x_wconf 84' lang='lat' dir='ltr'><strong>generatione</strong></span> <span class='ocrx_word' id='word_1_585' title='bbox 2691 1541 2806 1605; x_wconf 83' lang='lat' dir='ltr'><strong>hac,</strong></span> <span class='ocrx_word' id='word_1_586' title='bbox 2835 1550 2882 1594; x_wconf 88' lang='lat' dir='ltr'><strong>et</strong></span> <span class='ocrx_word' id='word_1_587' title='bbox 2904 1539 3303 1594; x_wconf 84' lang='lat' dir='ltr'><strong>condemnabunt</strong></span> <span class='ocrx_word' id='word_1_588' title='bbox 3344 1555 3454 1592; x_wconf 87' lang='lat' dir='ltr'><strong>eam</strong></span> <span class='ocrx_word' id='word_1_589' title='bbox 3484 1537 3654 1609; x_wconf 81' lang='lat' dir='ltr'><strong>(Luc.</strong></span> <span class='ocrx_word' id='word_1_590' title='bbox 3703 1538 3796 1592; x_wconf 86' lang='grc'><strong>11.</strong></span> 
     </span>
    </p>
   </div>
   <div class='ocr_carea' id='block_1_74' title="bbox 2211 1629 3801 1701">
    <p class='ocr_par' dir='ltr' id='par_1_74' title="bbox 2211 1629 3801 1701">
     <span class='ocr_line' id='line_1_74' title="bbox 2211 1629 3801 1701; baseline -0.004 -14"><span class='ocrx_word' id='word_1_591' title='bbox 2211 1633 2332 1701; x_wconf 76' lang='lat'><strong>52);</strong></span> <span class='ocrx_word' id='word_1_592' title='bbox 2365 1648 2427 1687; x_wconf 91' lang='lat' dir='ltr'><strong>ac</strong></span> <span class='ocrx_word' id='word_1_593' title='bbox 2465 1645 2673 1686; x_wconf 88' lang='lat' dir='ltr'><strong>rursum</strong></span> <span class='ocrx_word' id='word_1_594' title='bbox 2708 1647 2720 1683; x_wconf 92' lang='lat'>:</span> <span class='ocrx_word' id='word_1_595' title='bbox 2768 1631 2966 1700; x_wconf 83' lang='lat' dir='ltr'><strong>Regina</strong></span> <span class='ocrx_word' id='word_1_596' title='bbox 3003 1631 3162 1684; x_wconf 86' lang='lat' dir='ltr'><strong>austri</strong></span> <span class='ocrx_word' id='word_1_597' title='bbox 3193 1637 3360 1699; x_wconf 85' lang='lat' dir='ltr'><strong>surget</strong></span> <span class='ocrx_word' id='word_1_598' title='bbox 3393 1631 3444 1682; x_wconf 89' lang='lat' dir='ltr'><strong>in</strong></span> <span class='ocrx_word' id='word_1_599' title='bbox 3473 1629 3704 1699; x_wconf 87' lang='lat' dir='ltr'><strong>judicio,</strong></span> <span class='ocrx_word' id='word_1_600' title='bbox 3751 1637 3801 1680; x_wconf 76' lang='lat' dir='ltr'><strong>at</strong></span> 
     </span>
    </p>
   </div>
   <div class='ocr_carea' id='block_1_75' title="bbox 2211 1718 3799 1791">
    <p class='ocr_par' dir='ltr' id='par_1_75' title="bbox 2211 1718 3799 1791">
     <span class='ocr_line' id='line_1_75' title="bbox 2211 1718 3799 1791; baseline -0.003 -15"><span class='ocrx_word' id='word_1_601' title='bbox 2211 1723 2558 1776; x_wconf 83' lang='lat' dir='ltr'><strong>condemnabit</strong></span> <span class='ocrx_word' id='word_1_602' title='bbox 2592 1721 2959 1791; x_wconf 85' lang='lat' dir='ltr'><strong>generationem</strong></span> <span class='ocrx_word' id='word_1_603' title='bbox 2985 1721 3135 1780; x_wconf 86' lang='lat' dir='ltr'><strong>hanc,</strong></span> <span class='ocrx_word' id='word_1_604' title='bbox 3168 1720 3283 1786; x_wconf 86' lang='lat' dir='ltr'><strong>quia</strong></span> <span class='ocrx_word' id='word_1_605' title='bbox 3324 1719 3454 1771; x_wconf 80' lang='lat' dir='ltr'><strong>venit</strong></span> <span class='ocrx_word' id='word_1_606' title='bbox 3494 1734 3556 1772; x_wconf 73' lang='lat' dir='ltr'><strong>ex</strong></span> <span class='ocrx_word' id='word_1_607' title='bbox 3602 1718 3799 1786; x_wconf 80' lang='lat' dir='ltr'><strong>ﬁnibus</strong></span> 
     </span>
    </p>
   </div>
   <div class='ocr_carea' id='block_1_76' title="bbox 2212 1808 3796 1882">
    <p class='ocr_par' dir='ltr' id='par_1_76' title="bbox 2212 1808 3796 1882">
     <span class='ocr_line' id='line_1_76' title="bbox 2212 1808 3796 1882; baseline -0.003 -17"><span class='ocrx_word' id='word_1_608' title='bbox 2212 1821 2356 1866; x_wconf 74' lang='lat' dir='ltr'><strong>terra:</strong></span> <span class='ocrx_word' id='word_1_609' title='bbox 2380 1813 2555 1867; x_wconf 84' lang='lat' dir='ltr'><strong>audire</strong></span> <span class='ocrx_word' id='word_1_610' title='bbox 2581 1813 2880 1882; x_wconf 85' lang='lat' dir='ltr'><strong>sapientiam</strong></span> <span class='ocrx_word' id='word_1_611' title='bbox 2909 1811 3195 1864; x_wconf 87' lang='lat' dir='ltr'><strong>Salomonis</strong></span> <span class='ocrx_word' id='word_1_612' title='bbox 3221 1809 3379 1880; x_wconf 87' lang='lat' dir='ltr'><strong>(Ibid.</strong></span> <span class='ocrx_word' id='word_1_613' title='bbox 3412 1826 3456 1863; x_wconf 83' lang='grc' dir='ltr'><strong>υ.</strong></span> <span class='ocrx_word' id='word_1_614' title='bbox 3486 1808 3600 1880; x_wconf 74' lang='grc'><strong>51).</strong></span> <span class='ocrx_word' id='word_1_615' title='bbox 3649 1809 3796 1862; x_wconf 82' lang='lat' dir='ltr'><strong>Rur-</strong></span> 
     </span>
    </p>
   </div>
   <div class='ocr_carea' id='block_1_77' title="bbox 2210 1899 3799 1969">
    <p class='ocr_par' dir='ltr' id='par_1_77' title="bbox 2210 1899 3799 1969">
     <span class='ocr_line' id='line_1_77' title="bbox 2210 1899 3799 1969; baseline -0.001 -15"><span class='ocrx_word' id='word_1_616' title='bbox 2210 1916 2405 1969; x_wconf 87' lang='lat' dir='ltr'><strong>susque</strong></span> <span class='ocrx_word' id='word_1_617' title='bbox 2432 1901 2690 1956; x_wconf 86' lang='lat' dir='ltr'><strong>Jeremias</strong></span> <span class='ocrx_word' id='word_1_618' title='bbox 2719 1902 2794 1955; x_wconf 91' lang='lat' dir='ltr'><strong>ait</strong></span> <span class='ocrx_word' id='word_1_619' title='bbox 2821 1917 2840 1954; x_wconf 91' lang='lat'><em>:</em></span> <span class='ocrx_word' id='word_1_620' title='bbox 2869 1900 2948 1954; x_wconf 87' lang='lat' dir='ltr'><strong>Ite</strong></span> <span class='ocrx_word' id='word_1_621' title='bbox 2981 1902 3049 1954; x_wconf 88' lang='lat' dir='ltr'><strong>ad</strong></span> <span class='ocrx_word' id='word_1_622' title='bbox 3091 1901 3283 1953; x_wconf 85' lang='lat' dir='ltr'><strong>insulas</strong></span> <span class='ocrx_word' id='word_1_623' title='bbox 3311 1899 3522 1954; x_wconf 85' lang='lat' dir='ltr'><strong>Chctiim</strong></span> <span class='ocrx_word' id='word_1_624' title='bbox 3551 1910 3598 1952; x_wconf 90' lang='lat' dir='ltr'><strong>et</strong></span> <span class='ocrx_word' id='word_1_625' title='bbox 3630 1899 3799 1952; x_wconf 79' lang='lat' dir='ltr'><strong>videte</strong></span> 
     </span>
    </p>
   </div>
   <div class='ocr_carea' id='block_1_78' title="bbox 2211 1990 3797 2062">
    <p class='ocr_par' dir='ltr' id='par_1_78' title="bbox 2211 1990 3797 2062">
     <span class='ocr_line' id='line_1_78' title="bbox 2211 1990 3797 2062; baseline -0.003 -17"><span class='ocrx_word' id='word_1_626' title='bbox 2211 1998 2262 2045; x_wconf 81' lang='lat' dir='ltr'><strong>in</strong></span> <span class='ocrx_word' id='word_1_627' title='bbox 2292 1993 2471 2046; x_wconf 87' lang='lat' dir='ltr'><strong>Cedar.</strong></span> <span class='ocrx_word' id='word_1_628' title='bbox 2508 1992 2692 2046; x_wconf 85' lang='lat' dir='ltr'><strong>Mittite</strong></span> <span class='ocrx_word' id='word_1_629' title='bbox 2721 2002 2767 2046; x_wconf 92' lang='lat' dir='ltr'><strong>et</strong></span> <span class='ocrx_word' id='word_1_630' title='bbox 2787 1993 3087 2062; x_wconf 87' lang='lat' dir='ltr'><strong>cognoscite,</strong></span> <span class='ocrx_word' id='word_1_631' title='bbox 3114 1992 3156 2043; x_wconf 88' lang='lat' dir='ltr'><strong>si</strong></span> <span class='ocrx_word' id='word_1_632' title='bbox 3183 1990 3439 2043; x_wconf 90' lang='lat' dir='ltr'><strong>mutabunt</strong></span> <span class='ocrx_word' id='word_1_633' title='bbox 3469 2000 3644 2059; x_wconf 78' lang='lat' dir='ltr'><strong>gentes</strong></span> <span class='ocrx_word' id='word_1_634' title='bbox 3670 1991 3797 2042; x_wconf 82' lang='lat' dir='ltr'><strong>deos</strong></span> 
     </span>
    </p>
   </div>
   <div class='ocr_carea' id='block_1_79' title="bbox 2214 2081 3798 2153">
    <p class='ocr_par' dir='ltr' id='par_1_79' title="bbox 2214 2081 3798 2153">
     <span class='ocr_line' id='line_1_79' title="bbox 2214 2081 3798 2153; baseline -0.005 -16"><span class='ocrx_word' id='word_1_635' title='bbox 2214 2099 2330 2137; x_wconf 87' lang='lat' dir='ltr'><strong>suos</strong></span> <span class='ocrx_word' id='word_1_636' title='bbox 2353 2101 2368 2136; x_wconf 93' lang='lat'><em>:</em></span> <span class='ocrx_word' id='word_1_637' title='bbox 2391 2083 2608 2153; x_wconf 88' lang='lat' dir='ltr'><strong>populus</strong></span> <span class='ocrx_word' id='word_1_638' title='bbox 2634 2099 2748 2135; x_wconf 84' lang='lat' dir='ltr'><strong>vero</strong></span> <span class='ocrx_word' id='word_1_639' title='bbox 2775 2098 2912 2135; x_wconf 88' lang='lat' dir='ltr'><strong>meus</strong></span> <span class='ocrx_word' id='word_1_640' title='bbox 2941 2082 3146 2133; x_wconf 80' lang='lat' dir='ltr'><strong>mutavit</strong></span> <span class='ocrx_word' id='word_1_641' title='bbox 3172 2081 3384 2150; x_wconf 88' lang='lat' dir='ltr'><strong>gloriam</strong></span> <span class='ocrx_word' id='word_1_642' title='bbox 3403 2095 3572 2142; x_wconf 87' lang='lat' dir='ltr'><strong>suam,</strong></span> <span class='ocrx_word' id='word_1_643' title='bbox 3601 2094 3669 2132; x_wconf 81' lang='lat' dir='ltr'><strong>ea:</strong></span> <span class='ocrx_word' id='word_1_644' title='bbox 3693 2093 3798 2146; x_wconf 76' lang='lat' dir='ltr'><strong>quo</strong></span> 
     </span>
    </p>
   </div>
   <div class='ocr_carea' id='block_1_80' title="bbox 2213 2168 3796 2244">
    <p class='ocr_par' dir='ltr' id='par_1_80' title="bbox 2213 2168 3796 2244">
     <span class='ocr_line' id='line_1_80' title="bbox 2213 2168 3796 2244; baseline -0.006 -15"><span class='ocrx_word' id='word_1_645' title='bbox 2213 2175 2341 2229; x_wconf 80' lang='lat' dir='ltr'><strong>nihil</strong></span> <span class='ocrx_word' id='word_1_646' title='bbox 2366 2175 2587 2244; x_wconf 73' lang='lat' dir='ltr'><strong>proﬁciet</strong></span> <span class='ocrx_word' id='word_1_647' title='bbox 2606 2173 2739 2242; x_wconf 84' lang='lat' dir='ltr'><strong>(Jer.</strong></span> <span class='ocrx_word' id='word_1_648' title='bbox 2768 2172 2928 2226; x_wconf 67' lang='lat'><strong>2.10.</strong></span> <span class='ocrx_word' id='word_1_649' title='bbox 2960 2173 3068 2240; x_wconf 94' lang='grc'><strong>11).</strong></span> <span class='ocrx_word' id='word_1_650' title='bbox 3091 2171 3258 2224; x_wconf 90' lang='lat' dir='ltr'><strong>Docet</strong></span> <span class='ocrx_word' id='word_1_651' title='bbox 3287 2171 3454 2238; x_wconf 87' lang='lat' dir='ltr'><strong>legem</strong></span> <span class='ocrx_word' id='word_1_652' title='bbox 3471 2184 3572 2221; x_wconf 89' lang='lat' dir='ltr'><strong>non</strong></span> <span class='ocrx_word' id='word_1_653' title='bbox 3597 2168 3796 2222; x_wconf 83' lang='lat' dir='ltr'><strong>durant</strong></span> 
     </span>
    </p>
   </div>
   <div class='ocr_carea' id='block_1_81' title="bbox 2213 2260 3795 2336">
    <p class='ocr_par' dir='ltr' id='par_1_81' title="bbox 2213 2260 3795 2336">
     <span class='ocr_line' id='line_1_81' title="bbox 2213 2260 3795 2336; baseline -0.009 -11"><span class='ocrx_word' id='word_1_654' title='bbox 2213 2283 2353 2336; x_wconf 87' lang='lat' dir='ltr'><strong>esse,</strong></span> <span class='ocrx_word' id='word_1_655' title='bbox 2369 2278 2422 2324; x_wconf 92' lang='lat' dir='ltr'><strong>et</strong></span> <span class='ocrx_word' id='word_1_656' title='bbox 2438 2275 3002 2336; x_wconf 86' lang='lat' dir='ltr'><strong>quantammcnsuram</strong></span> <span class='ocrx_word' id='word_1_657' title='bbox 3024 2261 3275 2332; x_wconf 75' lang='lat' dir='ltr'><strong>exigatab</strong></span> <span class='ocrx_word' id='word_1_658' title='bbox 3289 2260 3607 2321; x_wconf 88' lang='lat' dir='ltr'><strong>hominibus,</strong></span> <span class='ocrx_word' id='word_1_659' title='bbox 3625 2273 3795 2328; x_wconf 88' lang='lat' dir='ltr'><strong>quam</strong></span> 
     </span>
    </p>
   </div>
   <div class='ocr_carea' id='block_1_82' title="bbox 2213 2351 3795 2424">
    <p class='ocr_par' dir='ltr' id='par_1_82' title="bbox 2213 2351 3795 2424">
     <span class='ocr_line' id='line_1_82' title="bbox 2213 2351 3795 2424; baseline -0.009 -8"><span class='ocrx_word' id='word_1_660' title='bbox 2213 2364 2391 2424; x_wconf 86' lang='lat' dir='ltr'><strong>bruta,</strong></span> <span class='ocrx_word' id='word_1_661' title='bbox 2422 2367 2477 2412; x_wconf 92' lang='lat' dir='ltr'><strong>et</strong></span> <span class='ocrx_word' id='word_1_662' title='bbox 2519 2359 2673 2412; x_wconf 87' lang='lat' dir='ltr'><strong>bruta</strong></span> <span class='ocrx_word' id='word_1_663' title='bbox 2711 2357 2948 2411; x_wconf 92' lang='lat' dir='ltr'><strong>omnium</strong></span> <span class='ocrx_word' id='word_1_664' title='bbox 2990 2352 3350 2423; x_wconf 88' lang='lat' dir='ltr'><strong>stupidissima</strong></span> <span class='ocrx_word' id='word_1_665' title='bbox 3387 2351 3606 2418; x_wconf 70' lang='lat' dir='ltr'><strong>implere</strong></span> <span class='ocrx_word' id='word_1_666' title='bbox 3661 2363 3795 2418; x_wconf 77' lang='lat' dir='ltr'><strong>pos-</strong></span> 
     </span>
    </p>
   </div>
   <div class='ocr_carea' id='block_1_83' title="bbox 2213 2434 3795 2516">
    <p class='ocr_par' dir='ltr' id='par_1_83' title="bbox 2213 2434 3795 2516">
     <span class='ocr_line' id='line_1_83' title="bbox 2213 2434 3795 2516; baseline -0.011 -10"><span class='ocrx_word' id='word_1_667' title='bbox 2213 2453 2339 2506; x_wconf 90' lang='lat' dir='ltr'><strong>sint.</strong></span> <span class='ocrx_word' id='word_1_668' title='bbox 2368 2449 2472 2505; x_wconf 88' lang='lat' dir='ltr'><strong>Sed</strong></span> <span class='ocrx_word' id='word_1_669' title='bbox 2499 2448 2692 2503; x_wconf 80' lang='lat' dir='ltr'><strong>dixerit</strong></span> <span class='ocrx_word' id='word_1_670' title='bbox 2711 2446 2994 2516; x_wconf 87' lang='lat' dir='ltr'><strong>quispiam,</strong></span> <span class='ocrx_word' id='word_1_671' title='bbox 3015 2443 3107 2497; x_wconf 87' lang='lat' dir='ltr'><strong>Illa</strong></span> <span class='ocrx_word' id='word_1_672' title='bbox 3134 2443 3184 2496; x_wconf 91' lang='lat' dir='ltr'><strong>in</strong></span> <span class='ocrx_word' id='word_1_673' title='bbox 3213 2450 3396 2494; x_wconf 90' lang='lat' dir='ltr'><strong>natura</strong></span> <span class='ocrx_word' id='word_1_674' title='bbox 3425 2439 3622 2492; x_wconf 87' lang='lat' dir='ltr'><strong>habent</strong></span> <span class='ocrx_word' id='word_1_675' title='bbox 3641 2434 3795 2506; x_wconf 88' lang='lat' dir='ltr'><strong>quod</strong></span> 
     </span>
    </p>
   </div>
   <div class='ocr_carea' id='block_1_84' title="bbox 2217 2529 3794 2612">
    <p class='ocr_par' dir='ltr' id='par_1_84' title="bbox 2217 2529 3794 2612">
     <span class='ocr_line' id='line_1_84' title="bbox 2217 2529 3794 2612; baseline -0.013 -15"><span class='ocrx_word' id='word_1_676' title='bbox 2217 2549 2559 2612; x_wconf 84' lang='lat' dir='ltr'><strong>cognoscant.</strong></span> <span class='ocrx_word' id='word_1_677' title='bbox 2590 2538 2696 2593; x_wconf 86' lang='lat' dir='ltr'><strong>Sed</strong></span> <span class='ocrx_word' id='word_1_678' title='bbox 2739 2549 3019 2605; x_wconf 89' lang='lat' dir='ltr'><strong>possumus</strong></span> <span class='ocrx_word' id='word_1_679' title='bbox 3060 2547 3121 2586; x_wconf 90' lang='lat' dir='ltr'><strong>ea</strong></span> <span class='ocrx_word' id='word_1_680' title='bbox 3143 2545 3260 2600; x_wconf 66' lang='lat' dir='ltr'><strong>quae</strong></span> <span class='ocrx_word' id='word_1_681' title='bbox 3291 2529 3442 2582; x_wconf 87' lang='lat' dir='ltr'><strong>bruta</strong></span> <span class='ocrx_word' id='word_1_682' title='bbox 3483 2543 3548 2582; x_wconf 86' lang='lat' dir='ltr'><strong>ex</strong></span> <span class='ocrx_word' id='word_1_683' title='bbox 3597 2535 3794 2580; x_wconf 86' lang='lat' dir='ltr'><strong>natura</strong></span> 
     </span>
    </p>
   </div>
   <div class='ocr_carea' id='block_1_85' title="bbox 2213 2618 3796 2697">
    <p class='ocr_par' dir='ltr' id='par_1_85' title="bbox 2213 2618 3796 2697">
     <span class='ocr_line' id='line_1_85' title="bbox 2213 2618 3796 2697; baseline -0.012 -10"><span class='ocrx_word' id='word_1_684' title='bbox 2213 2648 2305 2688; x_wconf 84' lang='lat' dir='ltr'><strong>sua</strong></span> <span class='ocrx_word' id='word_1_685' title='bbox 2334 2633 2529 2686; x_wconf 89' lang='lat' dir='ltr'><strong>faciunt</strong></span> <span class='ocrx_word' id='word_1_686' title='bbox 2573 2645 2637 2685; x_wconf 84' lang='lat' dir='ltr'><strong>ex</strong></span> <span class='ocrx_word' id='word_1_687' title='bbox 2688 2627 2957 2697; x_wconf 89' lang='lat' dir='ltr'><strong>proposito</strong></span> <span class='ocrx_word' id='word_1_688' title='bbox 2987 2622 3268 2677; x_wconf 86' lang='lat' dir='ltr'><strong>voluntatis</strong></span> <span class='ocrx_word' id='word_1_689' title='bbox 3307 2620 3546 2688; x_wconf 88' lang='lat' dir='ltr'><strong>implere.</strong></span> <span class='ocrx_word' id='word_1_690' title='bbox 3589 2618 3796 2685; x_wconf 67' lang='lat' dir='ltr'><strong>Cogno-</strong></span> 
     </span>
    </p>
   </div>
   <div class='ocr_carea' id='block_1_86' title="bbox 2213 2708 3793 2790">
    <p class='ocr_par' dir='ltr' id='par_1_86' title="bbox 2213 2708 3793 2790">
     <span class='ocr_line' id='line_1_86' title="bbox 2213 2708 3793 2790; baseline -0.011 -13"><span class='ocrx_word' id='word_1_691' title='bbox 2213 2725 2280 2777; x_wconf 81' lang='lat' dir='ltr'><strong>vit</strong></span> <span class='ocrx_word' id='word_1_692' title='bbox 2324 2725 2409 2776; x_wconf 92' lang='lat' dir='ltr'><strong>bos</strong></span> <span class='ocrx_word' id='word_1_693' title='bbox 2460 2735 2813 2790; x_wconf 86' lang='lat' dir='ltr'><strong>possessorem.</strong></span> <span class='ocrx_word' id='word_1_694' title='bbox 2852 2716 2968 2769; x_wconf 87' lang='lat' dir='ltr'><strong>Non</strong></span> <span class='ocrx_word' id='word_1_695' title='bbox 2993 2730 3058 2767; x_wconf 80' lang='lat' dir='ltr'><strong>ex</strong></span> <span class='ocrx_word' id='word_1_696' title='bbox 3087 2713 3211 2766; x_wconf 89' lang='lat' dir='ltr'><strong>doni</strong></span> <span class='ocrx_word' id='word_1_697' title='bbox 3240 2709 3550 2765; x_wconf 74' lang='lat' dir='ltr'><strong>excellentia</strong></span> <span class='ocrx_word' id='word_1_698' title='bbox 3583 2708 3636 2761; x_wconf 90' lang='lat' dir='ltr'><strong>in</strong></span> <span class='ocrx_word' id='word_1_699' title='bbox 3670 2721 3793 2760; x_wconf 86' lang='lat' dir='ltr'><strong>me-</strong></span> 
     </span>
    </p>
   </div>
   <div class='ocr_carea' id='block_1_87' title="bbox 2214 2799 3791 2876">
    <p class='ocr_par' dir='ltr' id='par_1_87' title="bbox 2214 2799 3791 2876">
     <span class='ocr_line' id='line_1_87' title="bbox 2214 2799 3791 2876; baseline -0.015 -5"><span class='ocrx_word' id='word_1_700' title='bbox 2214 2817 2356 2871; x_wconf 91' lang='lat' dir='ltr'><strong>dium</strong></span> <span class='ocrx_word' id='word_1_701' title='bbox 2387 2813 2633 2876; x_wconf 90' lang='lat' dir='ltr'><strong>adducit,</strong></span> <span class='ocrx_word' id='word_1_702' title='bbox 2662 2809 2756 2864; x_wconf 91' lang='lat' dir='ltr'><strong>sed</strong></span> <span class='ocrx_word' id='word_1_703' title='bbox 2784 2824 2848 2863; x_wconf 89' lang='lat' dir='ltr'><strong>ex</strong></span> <span class='ocrx_word' id='word_1_704' title='bbox 2874 2806 3120 2876; x_wconf 66' lang='lat' dir='ltr'><strong>nequitiae</strong></span> <span class='ocrx_word' id='word_1_705' title='bbox 3149 2805 3165 2835; x_wconf 83' lang='grc'>¹</span> <span class='ocrx_word' id='word_1_706' title='bbox 3193 2801 3536 2856; x_wconf 88' lang='lat' dir='ltr'><strong>redundantia</strong></span> <span class='ocrx_word' id='word_1_707' title='bbox 3572 2799 3791 2851; x_wconf 80' lang='lat' dir='ltr'><strong>Illorum</strong></span> 
     </span>
    </p>
   </div>
   <div class='ocr_carea' id='block_1_88' title="bbox 2215 2889 3793 2980">
    <p class='ocr_par' dir='ltr' id='par_1_88' title="bbox 2215 2889 3793 2980">
     <span class='ocr_line' id='line_1_88' title="bbox 2215 2889 3793 2980; baseline -0.016 -15"><span class='ocrx_word' id='word_1_708' title='bbox 2215 2916 2373 2980; x_wconf 84' lang='lat' dir='ltr'><strong>anget</strong></span> <span class='ocrx_word' id='word_1_709' title='bbox 2401 2904 2894 2976; x_wconf 90' lang='lat' dir='ltr'><strong>reprehensionem.</strong></span> <span class='ocrx_word' id='word_1_710' title='bbox 2925 2894 3376 2966; x_wconf 86' lang='lat' dir='ltr'><strong>Quemadmodum</strong></span> <span class='ocrx_word' id='word_1_711' title='bbox 3406 2894 3546 2946; x_wconf 88' lang='lat' dir='ltr'><strong>enim</strong></span> <span class='ocrx_word' id='word_1_712' title='bbox 3577 2890 3642 2943; x_wconf 90' lang='lat' dir='ltr'><strong>ad</strong></span> <span class='ocrx_word' id='word_1_713' title='bbox 3669 2889 3793 2942; x_wconf 86' lang='lat' dir='ltr'><strong>illo-</strong></span> 
     </span>
    </p>
   </div>
   <div class='ocr_carea' id='block_1_89' title="bbox 2221 2978 3788 3067">
    <p class='ocr_par' dir='ltr' id='par_1_89' title="bbox 2221 2978 3788 3067">
     <span class='ocr_line' id='line_1_89' title="bbox 2221 2978 3788 3067; baseline -0.017 -14"><span class='ocrx_word' id='word_1_714' title='bbox 2221 2978 2334 3054; x_wconf 88' lang='lat' dir='ltr'><strong>rum</strong></span> <span class='ocrx_word' id='word_1_715' title='bbox 2368 2999 2621 3067; x_wconf 87' lang='lat' dir='ltr'><strong>pudorem</strong></span> <span class='ocrx_word' id='word_1_716' title='bbox 2663 2994 2927 3048; x_wconf 88' lang='lat' dir='ltr'><strong>elementa</strong></span> <span class='ocrx_word' id='word_1_717' title='bbox 2967 2995 3193 3044; x_wconf 87' lang='lat' dir='ltr'><strong>evocat:</strong></span> <span class='ocrx_word' id='word_1_718' title='bbox 3227 2984 3300 3038; x_wconf 87' lang='lat' dir='ltr'><strong>ita</strong></span> <span class='ocrx_word' id='word_1_719' title='bbox 3321 2997 3430 3037; x_wconf 88' lang='lat' dir='ltr'><strong>non</strong></span> <span class='ocrx_word' id='word_1_720' title='bbox 3453 2978 3788 3042; x_wconf 85' lang='lat' dir='ltr'><strong>hominibus,</strong></span> 
     </span>
    </p>
   </div>
   <div class='ocr_carea' id='block_1_90' title="bbox 2217 3067 3790 3156">
    <p class='ocr_par' dir='ltr' id='par_1_90' title="bbox 2217 3067 3790 3156">
     <span class='ocr_line' id='line_1_90' title="bbox 2217 3067 3790 3156; baseline -0.016 -11"><span class='ocrx_word' id='word_1_721' title='bbox 2217 3092 2307 3145; x_wconf 85' lang='lat' dir='ltr'><strong>scd</strong></span> <span class='ocrx_word' id='word_1_722' title='bbox 2336 3089 2504 3144; x_wconf 91' lang='lat' dir='ltr'><strong>brutis</strong></span> <span class='ocrx_word' id='word_1_723' title='bbox 2535 3088 2679 3156; x_wconf 91' lang='lat' dir='ltr'><strong>ipsos</strong></span> <span class='ocrx_word' id='word_1_724' title='bbox 2726 3090 3018 3150; x_wconf 84' lang='lat' dir='ltr'><strong>comparat,</strong></span> <span class='ocrx_word' id='word_1_725' title='bbox 3063 3093 3125 3131; x_wconf 90' lang='lat' dir='ltr'><strong>ac</strong></span> <span class='ocrx_word' id='word_1_726' title='bbox 3166 3077 3437 3128; x_wconf 91' lang='lat' dir='ltr'><strong>brutorum</strong></span> <span class='ocrx_word' id='word_1_727' title='bbox 3484 3067 3790 3137; x_wconf 83' lang='lat' dir='ltr'><strong>stupidissi-</strong></span> 
     </span>
    </p>
   </div>
   <div class='ocr_carea' id='block_1_91' title="bbox 2217 3165 3244 3246">
    <p class='ocr_par' dir='ltr' id='par_1_91' title="bbox 2217 3165 3244 3246">
     <span class='ocr_line' id='line_1_91' title="bbox 2217 3165 3244 3246; baseline -0.017 -12"><span class='ocrx_word' id='word_1_728' title='bbox 2217 3183 2339 3243; x_wconf 90' lang='lat' dir='ltr'><strong>mis,</strong></span> <span class='ocrx_word' id='word_1_729' title='bbox 2371 3179 2575 3246; x_wconf 88' lang='lat' dir='ltr'><strong>illisque</strong></span> <span class='ocrx_word' id='word_1_730' title='bbox 2607 3175 2814 3244; x_wconf 90' lang='lat' dir='ltr'><strong>pejores</strong></span> <span class='ocrx_word' id='word_1_731' title='bbox 2844 3186 2966 3225; x_wconf 88' lang='lat' dir='ltr'><strong>esse</strong></span> <span class='ocrx_word' id='word_1_732' title='bbox 2993 3165 3244 3222; x_wconf 89' lang='lat' dir='ltr'><strong>ostendit.</strong></span> 
     </span>
    </p>
   </div>
   <div class='ocr_carea' id='block_1_92' title="bbox 2288 3250 3787 3326">
    <p class='ocr_par' dir='ltr' id='par_1_92' title="bbox 2288 3250 3787 3326">
     <span class='ocr_line' id='line_1_92' title="bbox 2288 3250 3787 3326; baseline -0.016 0"><span class='ocrx_word' id='word_1_733' title='bbox 2288 3273 2340 3326; x_wconf 81' lang='lat'><strong>3.</strong></span> <span class='ocrx_word' id='word_1_734' title='bbox 2383 3270 2524 3324; x_wconf 90' lang='lat' dir='ltr'><strong>Idem</strong></span> <span class='ocrx_word' id='word_1_735' title='bbox 2551 3267 2672 3321; x_wconf 84' lang='lat' dir='ltr'><strong>facit</strong></span> <span class='ocrx_word' id='word_1_736' title='bbox 2698 3274 2751 3319; x_wconf 92' lang='lat' dir='ltr'><strong>et</strong></span> <span class='ocrx_word' id='word_1_737' title='bbox 2775 3263 3051 3325; x_wconf 85' lang='lat' dir='ltr'><strong>Jeremias,</strong></span> <span class='ocrx_word' id='word_1_738' title='bbox 3085 3267 3336 3312; x_wconf 87' lang='lat' dir='ltr'><strong>turturem</strong></span> <span class='ocrx_word' id='word_1_739' title='bbox 3368 3263 3423 3309; x_wconf 90' lang='lat' dir='ltr'><strong>et</strong></span> <span class='ocrx_word' id='word_1_740' title='bbox 3447 3250 3787 3306; x_wconf 89' lang='lat' dir='ltr'><strong>hirundinem</strong></span> 
     </span>
    </p>
   </div>
   <div class='ocr_carea' id='block_1_93' title="bbox 2218 3339 3790 3422">
    <p class='ocr_par' dir='ltr' id='par_1_93' title="bbox 2218 3339 3790 3422">
     <span class='ocr_line' id='line_1_93' title="bbox 2218 3339 3790 3422; baseline -0.016 -3"><span class='ocrx_word' id='word_1_741' title='bbox 2218 3366 2268 3419; x_wconf 92' lang='lat' dir='ltr'><strong>in</strong></span> <span class='ocrx_word' id='word_1_742' title='bbox 2297 3363 2526 3418; x_wconf 90' lang='lat' dir='ltr'><strong>medium</strong></span> <span class='ocrx_word' id='word_1_743' title='bbox 2552 3369 2780 3412; x_wconf 87' lang='lat' dir='ltr'><strong>evocans</strong></span> <span class='ocrx_word' id='word_1_744' title='bbox 2811 3351 2943 3422; x_wconf 83' lang='lat' dir='ltr'><strong>(Jer.</strong></span> <span class='ocrx_word' id='word_1_745' title='bbox 2977 3352 3028 3405; x_wconf 88' lang='lat'><strong>8.</strong></span> <span class='ocrx_word' id='word_1_746' title='bbox 3057 3348 3147 3418; x_wconf 87' lang='lat'><strong>7);</strong></span> <span class='ocrx_word' id='word_1_747' title='bbox 3173 3358 3226 3402; x_wconf 91' lang='lat' dir='ltr'><strong>et</strong></span> <span class='ocrx_word' id='word_1_748' title='bbox 3251 3346 3521 3408; x_wconf 87' lang='lat' dir='ltr'><strong>Salomon,</strong></span> <span class='ocrx_word' id='word_1_749' title='bbox 3555 3357 3696 3395; x_wconf 93' lang='lat' dir='ltr'><strong>nunc</strong></span> <span class='ocrx_word' id='word_1_750' title='bbox 3723 3339 3790 3394; x_wconf 87' lang='lat' dir='ltr'><strong>ad</strong></span> 
     </span>
    </p>
   </div>
   <div class='ocr_carea' id='block_1_94' title="bbox 2219 3430 3792 3515">
    <p class='ocr_par' dir='ltr' id='par_1_94' title="bbox 2219 3430 3792 3515">
     <span class='ocr_line' id='line_1_94' title="bbox 2219 3430 3792 3515; baseline -0.019 -4"><span class='ocrx_word' id='word_1_751' title='bbox 2219 3457 2512 3515; x_wconf 86' lang='lat' dir='ltr'><strong>formicam,</strong></span> <span class='ocrx_word' id='word_1_752' title='bbox 2539 3465 2678 3504; x_wconf 91' lang='lat' dir='ltr'><strong>nunc</strong></span> <span class='ocrx_word' id='word_1_753' title='bbox 2698 3448 2762 3500; x_wconf 89' lang='lat' dir='ltr'><strong>ad</strong></span> <span class='ocrx_word' id='word_1_754' title='bbox 2793 3459 2944 3513; x_wconf 86' lang='lat' dir='ltr'><strong>apem</strong></span> <span class='ocrx_word' id='word_1_755' title='bbox 2967 3443 3178 3495; x_wconf 89' lang='lat' dir='ltr'><strong>tniltens</strong></span> <span class='ocrx_word' id='word_1_756' title='bbox 3209 3452 3326 3492; x_wconf 92' lang='lat' dir='ltr'><strong>eum</strong></span> <span class='ocrx_word' id='word_1_757' title='bbox 3354 3438 3439 3503; x_wconf 92' lang='lat' dir='ltr'><strong>qui</strong></span> <span class='ocrx_word' id='word_1_758' title='bbox 3471 3433 3638 3486; x_wconf 84' lang='lat' dir='ltr'><strong>otiose</strong></span> <span class='ocrx_word' id='word_1_759' title='bbox 3661 3430 3792 3484; x_wconf 85' lang='lat' dir='ltr'><strong>vivit</strong></span> 
     </span>
    </p>
   </div>
   <div class='ocr_carea' id='block_1_95' title="bbox 2219 3519 3789 3617">
    <p class='ocr_par' dir='ltr' id='par_1_95' title="bbox 2219 3519 3789 3617">
     <span class='ocr_line' id='line_1_95' title="bbox 2219 3519 3789 3617; baseline -0.02 -17"><span class='ocrx_word' id='word_1_760' title='bbox 2219 3547 2397 3617; x_wconf 89' lang='lat' dir='ltr'><strong>(Prov.</strong></span> <span class='ocrx_word' id='word_1_761' title='bbox 2432 3543 2484 3597; x_wconf 89' lang='lat'><strong>6.</strong></span> <span class='ocrx_word' id='word_1_762' title='bbox 2513 3541 2587 3610; x_wconf 88' lang='lat'><strong>6).</strong></span> <span class='ocrx_word' id='word_1_763' title='bbox 2617 3536 2783 3591; x_wconf 85' lang='lat' dir='ltr'><strong>Israel</strong></span> <span class='ocrx_word' id='word_1_764' title='bbox 2804 3544 2971 3587; x_wconf 90' lang='lat' dir='ltr'><strong>autem</strong></span> <span class='ocrx_word' id='word_1_765' title='bbox 3001 3546 3079 3582; x_wconf 90' lang='lat' dir='ltr'><strong>me</strong></span> <span class='ocrx_word' id='word_1_766' title='bbox 3106 3544 3206 3580; x_wconf 90' lang='lat' dir='ltr'><strong>non</strong></span> <span class='ocrx_word' id='word_1_767' title='bbox 3225 3519 3645 3617; x_wconf 32' lang='lat' dir='ltr'><strong>cognovit-(Eccli</strong></span> <span class='ocrx_word' id='word_1_768' title='bbox 3695 3519 3789 3572; x_wconf 86' lang='grc'><strong>11.</strong></span> 
     </span>
    </p>
   </div>
   <div class='ocr_carea' id='block_1_96' title="bbox 2220 3612 3790 3706">
    <p class='ocr_par' dir='ltr' id='par_1_96' title="bbox 2220 3612 3790 3706">
     <span class='ocr_line' id='line_1_96' title="bbox 2220 3612 3790 3706; baseline -0.017 -15"><span class='ocrx_word' id='word_1_769' title='bbox 2220 3612 2294 3706; x_wconf 65' lang='lat'><strong>3).</strong></span> <span class='ocrx_word' id='word_1_770' title='bbox 2327 3632 2574 3688; x_wconf 82' lang='lat' dir='ltr'><strong>Accessio</strong></span> <span class='ocrx_word' id='word_1_771' title='bbox 2606 3625 2819 3681; x_wconf 69' lang='lat' dir='ltr'><strong>malitia:</strong></span> <span class='ocrx_word' id='word_1_772' title='bbox 2843 3633 2943 3688; x_wconf 89' lang='lat' dir='ltr'><strong>est,</strong></span> <span class='ocrx_word' id='word_1_773' title='bbox 2972 3635 3090 3674; x_wconf 93' lang='lat' dir='ltr'><strong>cum</strong></span> <span class='ocrx_word' id='word_1_774' title='bbox 3123 3617 3155 3670; x_wconf 91' lang='lat' dir='ltr'><strong>ii</strong></span> <span class='ocrx_word' id='word_1_775' title='bbox 3186 3616 3273 3684; x_wconf 91' lang='lat' dir='ltr'><strong>qui</strong></span> <span class='ocrx_word' id='word_1_776' title='bbox 3303 3612 3584 3667; x_wconf 88' lang='lat' dir='ltr'><strong>familiares</strong></span> <span class='ocrx_word' id='word_1_777' title='bbox 3611 3617 3790 3664; x_wconf 88' lang='lat' dir='ltr'><strong>erant.</strong></span> 
     </span>
    </p>
   </div>
   <div class='ocr_carea' id='block_1_97' title="bbox 2218 3703 3794 3798">
    <p class='ocr_par' dir='ltr' id='par_1_97' title="bbox 2218 3703 3794 3798">
     <span class='ocr_line' id='line_1_97' title="bbox 2218 3703 3794 3798; baseline -0.02 -16"><span class='ocrx_word' id='word_1_778' title='bbox 2218 3703 2336 3798; x_wconf 74' lang='lat' dir='ltr'><strong>post</strong></span> <span class='ocrx_word' id='word_1_779' title='bbox 2363 3735 2437 3778; x_wconf 93' lang='lat' dir='ltr'><strong>tot</strong></span> <span class='ocrx_word' id='word_1_780' title='bbox 2463 3724 2712 3781; x_wconf 92' lang='lat' dir='ltr'><strong>honores,</strong></span> <span class='ocrx_word' id='word_1_781' title='bbox 2738 3730 2921 3771; x_wconf 88' lang='lat' dir='ltr'><strong>omnes</strong></span> <span class='ocrx_word' id='word_1_782' title='bbox 2951 3709 3225 3766; x_wconf 88' lang='lat' dir='ltr'><strong>confertim</strong></span> <span class='ocrx_word' id='word_1_783' title='bbox 3243 3705 3308 3759; x_wconf 89' lang='lat' dir='ltr'><strong>ad</strong></span> <span class='ocrx_word' id='word_1_784' title='bbox 3330 3703 3579 3758; x_wconf 89' lang='lat' dir='ltr'><strong>malitiam</strong></span> <span class='ocrx_word' id='word_1_785' title='bbox 3600 3710 3794 3798; x_wconf 81' lang='lat' dir='ltr'><strong>sponte</strong></span> 
     </span>
    </p>
   </div>
   <div class='ocr_carea' id='block_1_98' title="bbox 2218 3791 3793 3885">
    <p class='ocr_par' dir='ltr' id='par_1_98' title="bbox 2218 3791 3793 3885">
     <span class='ocr_line' id='line_1_98' title="bbox 2218 3791 3793 3885; baseline -0.021 -11"><span class='ocrx_word' id='word_1_786' title='bbox 2218 3791 2543 3885; x_wconf 76' lang='lat' dir='ltr'><strong>confugiunt.</strong></span> <span class='ocrx_word' id='word_1_787' title='bbox 2579 3811 2694 3864; x_wconf 87' lang='lat' dir='ltr'><strong>Non</strong></span> <span class='ocrx_word' id='word_1_788' title='bbox 2733 3808 2891 3871; x_wconf 81' lang='lat' dir='ltr'><strong>dixit,</strong></span> <span class='ocrx_word' id='word_1_789' title='bbox 2922 3803 3105 3866; x_wconf 85' lang='lat' dir='ltr'><strong>Jacob,</strong></span> <span class='ocrx_word' id='word_1_790' title='bbox 3134 3797 3248 3863; x_wconf 88' lang='lat' dir='ltr'><strong>sed,</strong></span> <span class='ocrx_word' id='word_1_791' title='bbox 3278 3795 3461 3859; x_wconf 88' lang='lat' dir='ltr'><strong>Israel,</strong></span> <span class='ocrx_word' id='word_1_792' title='bbox 3491 3803 3545 3846; x_wconf 95' lang='lat' dir='ltr'><strong>ut</strong></span> <span class='ocrx_word' id='word_1_793' title='bbox 3583 3807 3650 3845; x_wconf 85' lang='lat' dir='ltr'><strong>ex</strong></span> <span class='ocrx_word' id='word_1_794' title='bbox 3677 3791 3793 3885; x_wconf 79' lang='lat' dir='ltr'><strong>vir-</strong></span> 
     </span>
    </p>
   </div>
   <div class='ocr_carea' id='block_1_99' title="bbox 2220 3881 3794 3976">
    <p class='ocr_par' dir='ltr' id='par_1_99' title="bbox 2220 3881 3794 3976">
     <span class='ocr_line' id='line_1_99' title="bbox 2220 3881 3794 3976; baseline -0.019 -12"><span class='ocrx_word' id='word_1_795' title='bbox 2220 3920 2330 3965; x_wconf 91' lang='lat' dir='ltr'><strong>tute</strong></span> <span class='ocrx_word' id='word_1_796' title='bbox 2372 3881 2718 3976; x_wconf 75' lang='lat' dir='ltr'><strong>progenituris</strong></span> <span class='ocrx_word' id='word_1_797' title='bbox 2764 3900 3020 3966; x_wconf 87' lang='lat' dir='ltr'><strong>ingratum</strong></span> <span class='ocrx_word' id='word_1_798' title='bbox 3067 3899 3313 3958; x_wconf 86' lang='lat' dir='ltr'><strong>nepotum</strong></span> <span class='ocrx_word' id='word_1_799' title='bbox 3349 3886 3579 3938; x_wconf 89' lang='lat' dir='ltr'><strong>animum</strong></span> <span class='ocrx_word' id='word_1_800' title='bbox 3622 3881 3794 3976; x_wconf 38' lang='lat' dir='ltr'><strong>mag-is</strong></span> 
     </span>
    </p>
   </div>
   <div class='ocr_carea' id='block_1_100' title="bbox 2219 3970 3791 4054">
    <p class='ocr_par' dir='ltr' id='par_1_100' title="bbox 2219 3970 3791 4054">
     <span class='ocr_line' id='line_1_100' title="bbox 2219 3970 3791 4054; baseline -0.021 0"><span class='ocrx_word' id='word_1_801' title='bbox 2219 3970 2542 4054; x_wconf 79' lang='lat' dir='ltr'><strong>ostenderet.</strong></span> <span class='ocrx_word' id='word_1_802' title='bbox 2567 3991 2660 4047; x_wconf 88' lang='lat' dir='ltr'><strong>Ille</strong></span> <span class='ocrx_word' id='word_1_803' title='bbox 2696 3989 2834 4043; x_wconf 91' lang='lat' dir='ltr'><strong>enim</strong></span> <span class='ocrx_word' id='word_1_804' title='bbox 2867 3985 3027 4039; x_wconf 91' lang='lat' dir='ltr'><strong>animi</strong></span> <span class='ocrx_word' id='word_1_805' title='bbox 3070 3982 3260 4034; x_wconf 83' lang='lat' dir='ltr'><strong>virtute</strong></span> <span class='ocrx_word' id='word_1_806' title='bbox 3287 3973 3705 4031; x_wconf 84' lang='lat' dir='ltr'><strong>benedictionem</strong></span> <span class='ocrx_word' id='word_1_807' title='bbox 3737 3970 3791 4022; x_wconf 93' lang='lat' dir='ltr'><strong>in</strong></span> 
     </span>
    </p>
   </div>
   <div class='ocr_carea' id='block_1_101' title="bbox 2219 4057 3794 4150">
    <p class='ocr_par' dir='ltr' id='par_1_101' title="bbox 2219 4057 3794 4150">
     <span class='ocr_line' id='line_1_101' title="bbox 2219 4057 3794 4150; baseline -0.022 -7"><span class='ocrx_word' id='word_1_808' title='bbox 2219 4087 2436 4144; x_wconf 91' lang='lat' dir='ltr'><strong>nomine</strong></span> <span class='ocrx_word' id='word_1_809' title='bbox 2462 4093 2767 4150; x_wconf 85' lang='lat' dir='ltr'><strong>expressam</strong></span> <span class='ocrx_word' id='word_1_810' title='bbox 2792 4072 3082 4145; x_wconf 90' lang='lat' dir='ltr'><strong>promeruit</strong></span> <span class='ocrx_word' id='word_1_811' title='bbox 3131 4087 3145 4122; x_wconf 87' lang='lat'><strong>:</strong></span> <span class='ocrx_word' id='word_1_812' title='bbox 3191 4067 3260 4120; x_wconf 93' lang='lat' dir='ltr'><strong>illi</strong></span> <span class='ocrx_word' id='word_1_813' title='bbox 3291 4078 3416 4118; x_wconf 88' lang='lat' dir='ltr'><strong>vero</strong></span> <span class='ocrx_word' id='word_1_814' title='bbox 3449 4062 3518 4115; x_wconf 90' lang='lat' dir='ltr'><strong>ob</strong></span> <span class='ocrx_word' id='word_1_815' title='bbox 3548 4057 3794 4128; x_wconf 83' lang='lat' dir='ltr'><strong>iniquita-</strong></span> 
     </span>
    </p>
   </div>
   <div class='ocr_carea' id='block_1_102' title="bbox 2222 4148 3790 4245">
    <p class='ocr_par' dir='ltr' id='par_1_102' title="bbox 2222 4148 3790 4245">
     <span class='ocr_line' id='line_1_102' title="bbox 2222 4148 3790 4245; baseline -0.024 -10"><span class='ocrx_word' id='word_1_816' title='bbox 2222 4189 2328 4235; x_wconf 87' lang='lat' dir='ltr'><strong>tem</strong></span> <span class='ocrx_word' id='word_1_817' title='bbox 2365 4148 2546 4245; x_wconf 76' lang='lat' dir='ltr'><strong>ipsam</strong></span> <span class='ocrx_word' id='word_1_818' title='bbox 2565 4167 2924 4238; x_wconf 89' lang='lat' dir='ltr'><strong>prodiderunt.</strong></span> <span class='ocrx_word' id='word_1_819' title='bbox 2964 4161 3027 4214; x_wconf 87' lang='lat' dir='ltr'><strong>Et</strong></span> <span class='ocrx_word' id='word_1_820' title='bbox 3054 4156 3270 4229; x_wconf 83' lang='lat' dir='ltr'><strong>populus</strong></span> <span class='ocrx_word' id='word_1_821' title='bbox 3307 4168 3442 4245; x_wconf 75' lang='lat' dir='ltr'><strong>meus</strong></span> <span class='ocrx_word' id='word_1_822' title='bbox 3466 4167 3544 4204; x_wconf 90' lang='lat' dir='ltr'><strong>me</strong></span> <span class='ocrx_word' id='word_1_823' title='bbox 3578 4165 3678 4245; x_wconf 77' lang='lat' dir='ltr'><strong>non</strong></span> <span class='ocrx_word' id='word_1_824' title='bbox 3705 4148 3790 4200; x_wconf 88' lang='lat' dir='ltr'><strong>in-</strong></span> 
     </span>
    </p>
   </div>
   <div class='ocr_carea' id='block_1_103' title="bbox 2222 4239 3790 4327">
    <p class='ocr_par' dir='ltr' id='par_1_103' title="bbox 2222 4239 3790 4327">
     <span class='ocr_line' id='line_1_103' title="bbox 2222 4239 3790 4327; baseline -0.024 -4"><span class='ocrx_word' id='word_1_825' title='bbox 2222 4239 2409 4323; x_wconf 75' lang='lat' dir='ltr'><strong>tellexit</strong></span> <span class='ocrx_word' id='word_1_826' title='bbox 2441 4282 2459 4319; x_wconf 92' lang='lat'><em>:</em></span> <span class='ocrx_word' id='word_1_827' title='bbox 2489 4261 2593 4327; x_wconf 78' lang='lat' dir='ltr'><strong>Me,</strong></span> <span class='ocrx_word' id='word_1_828' title='bbox 2622 4258 2810 4326; x_wconf 86' lang='lat' dir='ltr'><strong>inquit,</strong></span> <span class='ocrx_word' id='word_1_829' title='bbox 2842 4255 2954 4307; x_wconf 90' lang='lat' dir='ltr'><strong>sole</strong></span> <span class='ocrx_word' id='word_1_830' title='bbox 2984 4250 3280 4305; x_wconf 87' lang='lat' dir='ltr'><strong>clariorem.</strong></span> <span class='ocrx_word' id='word_1_831' title='bbox 3303 4245 3361 4297; x_wconf 63' lang='grc' dir='ltr'><strong>ὁ.</strong></span> <span class='ocrx_word' id='word_1_832' title='bbox 3399 4240 3486 4294; x_wconf 77' lang='lat' dir='ltr'><strong>Vw</strong></span> <span class='ocrx_word' id='word_1_833' title='bbox 3513 4239 3646 4308; x_wconf 87' lang='lat' dir='ltr'><strong>genti</strong></span> <span class='ocrx_word' id='word_1_834' title='bbox 3668 4251 3790 4305; x_wconf 79' lang='lat' dir='ltr'><strong>pec-</strong></span> 
     </span>
    </p>
   </div>
   <div class='ocr_carea' id='block_1_104' title="bbox 2220 4327 3791 4415">
    <p class='ocr_par' dir='ltr' id='par_1_104' title="bbox 2220 4327 3791 4415">
     <span class='ocr_line' id='line_1_104' title="bbox 2220 4327 3791 4415; baseline -0.024 -1"><span class='ocrx_word' id='word_1_835' title='bbox 2220 4359 2415 4414; x_wconf 81' lang='lat' dir='ltr'><strong>catrici.</strong></span> <span class='ocrx_word' id='word_1_836' title='bbox 2449 4355 2560 4410; x_wconf 86' lang='lat' dir='ltr'><strong>Hoc</strong></span> <span class='ocrx_word' id='word_1_837' title='bbox 2595 4351 2751 4406; x_wconf 89' lang='lat' dir='ltr'><strong>etiam</strong></span> <span class='ocrx_word' id='word_1_838' title='bbox 2782 4342 3052 4415; x_wconf 84' lang='lat' dir='ltr'><strong>prOphetis</strong></span> <span class='ocrx_word' id='word_1_839' title='bbox 3097 4341 3148 4392; x_wconf 91' lang='lat' dir='ltr'><strong>in</strong></span> <span class='ocrx_word' id='word_1_840' title='bbox 3175 4349 3321 4390; x_wconf 86' lang='lat' dir='ltr'><strong>more</strong></span> <span class='ocrx_word' id='word_1_841' title='bbox 3349 4332 3462 4397; x_wconf 89' lang='lat' dir='ltr'><strong>fuit,</strong></span> <span class='ocrx_word' id='word_1_842' title='bbox 3494 4338 3550 4382; x_wconf 90' lang='lat' dir='ltr'><strong>ut</strong></span> <span class='ocrx_word' id='word_1_843' title='bbox 3586 4339 3679 4382; x_wconf 90' lang='lat' dir='ltr'><strong>eos</strong></span> <span class='ocrx_word' id='word_1_844' title='bbox 3705 4327 3791 4379; x_wconf 89' lang='lat' dir='ltr'><strong>lu-</strong></span> 
     </span>
    </p>
   </div>
   <div class='ocr_carea' id='block_1_105' title="bbox 2219 4418 3789 4525">
    <p class='ocr_par' dir='ltr' id='par_1_105' title="bbox 2219 4418 3789 4525">
     <span class='ocr_line' id='line_1_105' title="bbox 2219 4418 3789 4525; baseline -0.025 -17"><span class='ocrx_word' id='word_1_845' title='bbox 2219 4459 2434 4525; x_wconf 88' lang='lat' dir='ltr'><strong>gerent,</strong></span> <span class='ocrx_word' id='word_1_846' title='bbox 2465 4448 2554 4516; x_wconf 88' lang='lat' dir='ltr'><strong>qui</strong></span> <span class='ocrx_word' id='word_1_847' title='bbox 2583 4438 2856 4499; x_wconf 91' lang='lat' dir='ltr'><strong>incurabili</strong></span> <span class='ocrx_word' id='word_1_848' title='bbox 2883 4434 3067 4489; x_wconf 88' lang='lat' dir='ltr'><strong>morbo</strong></span> <span class='ocrx_word' id='word_1_849' title='bbox 3094 4431 3412 4483; x_wconf 88' lang='lat' dir='ltr'><strong>laborarent.</strong></span> <span class='ocrx_word' id='word_1_850' title='bbox 3446 4421 3534 4525; x_wconf 72' lang='lat' dir='ltr'><strong>Sic</strong></span> <span class='ocrx_word' id='word_1_851' title='bbox 3557 4429 3608 4521; x_wconf 70' lang='lat' dir='ltr'><strong>et</strong></span> <span class='ocrx_word' id='word_1_852' title='bbox 3636 4418 3789 4525; x_wconf 56' lang='lat' dir='ltr'><strong>let-:3-</strong></span> 
     </span>
    </p>
   </div>
   <div class='ocr_carea' id='block_1_106' title="bbox 2222 4507 3794 4599">
    <p class='ocr_par' dir='ltr' id='par_1_106' title="bbox 2222 4507 3794 4599">
     <span class='ocr_line' id='line_1_106' title="bbox 2222 4507 3794 4599; baseline -0.024 -1"><span class='ocrx_word' id='word_1_853' title='bbox 2222 4507 2355 4599; x_wconf 66' lang='lat' dir='ltr'><strong>iiiias</strong></span> <span class='ocrx_word' id='word_1_854' title='bbox 2387 4507 2566 4593; x_wconf 82' lang='lat' dir='ltr'><strong>multis</strong></span> <span class='ocrx_word' id='word_1_855' title='bbox 2602 4535 2654 4587; x_wconf 92' lang='lat' dir='ltr'><strong>in</strong></span> <span class='ocrx_word' id='word_1_856' title='bbox 2685 4529 2848 4592; x_wconf 90' lang='lat' dir='ltr'><strong>locis;</strong></span> <span class='ocrx_word' id='word_1_857' title='bbox 2882 4526 2957 4579; x_wconf 87' lang='lat' dir='ltr'><strong>sic</strong></span> <span class='ocrx_word' id='word_1_858' title='bbox 2996 4535 3048 4577; x_wconf 91' lang='lat' dir='ltr'><strong>et</strong></span> <span class='ocrx_word' id='word_1_859' title='bbox 3081 4519 3320 4575; x_wconf 77' lang='lat' dir='ltr'><strong>Christus</strong></span> <span class='ocrx_word' id='word_1_860' title='bbox 3349 4529 3468 4570; x_wconf 87' lang='lat' dir='ltr'><strong>eum</strong></span> <span class='ocrx_word' id='word_1_861' title='bbox 3493 4511 3620 4565; x_wconf 92' lang='lat' dir='ltr'><strong>dicit</strong></span> <span class='ocrx_word' id='word_1_862' title='bbox 3650 4527 3663 4562; x_wconf 88' lang='lat'><strong>:</strong></span> <span class='ocrx_word' id='word_1_863' title='bbox 3705 4507 3794 4562; x_wconf 73' lang='lat' dir='ltr'><strong>Var</strong></span> 
     </span>
    </p>
   </div>
   <div class='ocr_carea' id='block_1_107' title="bbox 2222 4599 3792 4690">
    <p class='ocr_par' dir='ltr' id='par_1_107' title="bbox 2222 4599 3792 4690">
     <span class='ocr_line' id='line_1_107' title="bbox 2222 4599 3792 4690; baseline -0.024 -2"><span class='ocrx_word' id='word_1_864' title='bbox 2222 4634 2308 4689; x_wconf 90' lang='lat' dir='ltr'><strong>tibi</strong></span> <span class='ocrx_word' id='word_1_865' title='bbox 2347 4626 2588 4690; x_wconf 73' lang='lat' dir='ltr'><strong>(Ihorasi,</strong></span> <span class='ocrx_word' id='word_1_866' title='bbox 2631 4637 2706 4676; x_wconf 73' lang='lat' dir='ltr'><strong>vat</strong></span> <span class='ocrx_word' id='word_1_867' title='bbox 2740 4619 2826 4672; x_wconf 90' lang='lat' dir='ltr'><strong>tibi</strong></span> <span class='ocrx_word' id='word_1_868' title='bbox 2855 4612 3124 4669; x_wconf 89' lang='lat' dir='ltr'><strong>Bethsaida</strong></span> <span class='ocrx_word' id='word_1_869' title='bbox 3155 4606 3361 4677; x_wconf 81' lang='lat' dir='ltr'><strong>(Matth.</strong></span> <span class='ocrx_word' id='word_1_870' title='bbox 3396 4604 3480 4657; x_wconf 83' lang='grc'><strong>11.</strong></span> <span class='ocrx_word' id='word_1_871' title='bbox 3519 4601 3632 4671; x_wconf 81' lang='lat' dir='ltr'><strong>2i).</strong></span> <span class='ocrx_word' id='word_1_872' title='bbox 3658 4599 3792 4653; x_wconf 80' lang='lat' dir='ltr'><strong>Nam</strong></span> 
     </span>
    </p>
   </div>
   <div class='ocr_carea' id='block_1_108' title="bbox 2223 4692 3795 4780">
    <p class='ocr_par' dir='ltr' id='par_1_108' title="bbox 2223 4692 3795 4780">
     <span class='ocr_line' id='line_1_108' title="bbox 2223 4692 3795 4780; baseline -0.024 0"><span class='ocrx_word' id='word_1_873' title='bbox 2223 4726 2325 4780; x_wconf 90' lang='lat' dir='ltr'><strong>hoc</strong></span> <span class='ocrx_word' id='word_1_874' title='bbox 2370 4721 2526 4776; x_wconf 86' lang='lat' dir='ltr'><strong>etiam</strong></span> <span class='ocrx_word' id='word_1_875' title='bbox 2567 4712 2822 4770; x_wconf 66' lang='lat' dir='ltr'><strong>doctrinae</strong></span> <span class='ocrx_word' id='word_1_876' title='bbox 2862 4705 3067 4775; x_wconf 89' lang='lat' dir='ltr'><strong>species</strong></span> <span class='ocrx_word' id='word_1_877' title='bbox 3092 4709 3192 4756; x_wconf 89' lang='lat' dir='ltr'><strong>est.</strong></span> <span class='ocrx_word' id='word_1_878' title='bbox 3232 4697 3398 4762; x_wconf 86' lang='lat' dir='ltr'><strong>Quem</strong></span> <span class='ocrx_word' id='word_1_879' title='bbox 3432 4692 3574 4748; x_wconf 90' lang='lat' dir='ltr'><strong>enim</strong></span> <span class='ocrx_word' id='word_1_880' title='bbox 3613 4703 3795 4744; x_wconf 89' lang='lat' dir='ltr'><strong>sermo</strong></span> 
     </span>
    </p>
   </div>
   <div class='ocr_carea' id='block_1_109' title="bbox 2223 4781 3788 4881">
    <p class='ocr_par' dir='ltr' id='par_1_109' title="bbox 2223 4781 3788 4881">
     <span class='ocr_line' id='line_1_109' title="bbox 2223 4781 3788 4881; baseline -0.025 -10"><span class='ocrx_word' id='word_1_881' title='bbox 2223 4832 2328 4871; x_wconf 88' lang='lat' dir='ltr'><strong>non</strong></span> <span class='ocrx_word' id='word_1_882' title='bbox 2383 4811 2554 4881; x_wconf 91' lang='lat' dir='ltr'><strong>potuit</strong></span> <span class='ocrx_word' id='word_1_883' title='bbox 2597 4805 2918 4861; x_wconf 88' lang='lat' dir='ltr'><strong>reformare,</strong></span> <span class='ocrx_word' id='word_1_884' title='bbox 2970 4797 3140 4849; x_wconf 90' lang='lat' dir='ltr'><strong>luctus</strong></span> <span class='ocrx_word' id='word_1_885' title='bbox 3189 4801 3423 4881; x_wconf 69' lang='lat' dir='ltr'><strong>persazpe</strong></span> <span class='ocrx_word' id='word_1_886' title='bbox 3467 4781 3788 4881; x_wconf 61' lang='lat' dir='ltr'><strong>emendavit:</strong></span> 
     </span>
    </p>
   </div>
   <div class='ocr_carea' id='block_1_110' title="bbox 2225 4867 3792 4974">
    <p class='ocr_par' dir='ltr' id='par_1_110' title="bbox 2225 4867 3792 4974">
     <span class='ocr_line' id='line_1_110' title="bbox 2225 4867 3792 4974; baseline -0.024 -15"><span class='ocrx_word' id='word_1_887' title='bbox 2225 4867 2427 4974; x_wconf 17' lang='lat' dir='ltr'><strong>I’otpul&#39;o</strong></span> <span class='ocrx_word' id='word_1_888' title='bbox 2452 4900 2598 4969; x_wconf 85' lang='lat' dir='ltr'><strong>pleno</strong></span> <span class='ocrx_word' id='word_1_889' title='bbox 2616 4891 2848 4965; x_wconf 84' lang='lat' dir='ltr'><strong>peccatis.</strong></span> <span class='ocrx_word' id='word_1_890' title='bbox 2873 4887 2984 4940; x_wconf 91' lang='lat' dir='ltr'><strong>Alia</strong></span> <span class='ocrx_word' id='word_1_891' title='bbox 3006 4877 3356 4936; x_wconf 87' lang='lat' dir='ltr'><strong>accusationis</strong></span> <span class='ocrx_word' id='word_1_892' title='bbox 3375 4872 3629 4974; x_wconf 59' lang='lat' dir='ltr'><strong>accessio,</strong></span> <span class='ocrx_word' id='word_1_893' title='bbox 3649 4867 3792 4938; x_wconf 92' lang='lat' dir='ltr'><strong>quod</strong></span> 
     </span>
    </p>
   </div>
   <div class='ocr_carea' id='block_1_111' title="bbox 2222 4964 3792 5059">
    <p class='ocr_par' dir='ltr' id='par_1_111' title="bbox 2222 4964 3792 5059">
     <span class='ocr_line' id='line_1_111' title="bbox 2222 4964 3792 5059; baseline -0.026 -7"><span class='ocrx_word' id='word_1_894' title='bbox 2222 4964 2426 5053; x_wconf 76' lang='lat' dir='ltr'><strong>omnes,</strong></span> <span class='ocrx_word' id='word_1_895' title='bbox 2453 4964 2594 5059; x_wconf 81' lang='lat' dir='ltr'><strong>quod</strong></span> <span class='ocrx_word' id='word_1_896' title='bbox 2619 4964 2902 5038; x_wconf 86' lang='lat' dir='ltr'><strong>admodum</strong></span> <span class='ocrx_word' id='word_1_897' title='bbox 2933 4977 3266 5048; x_wconf 85' lang='lat' dir='ltr'><strong>[peccatores</strong></span> <span class='ocrx_word' id='word_1_898' title='bbox 3290 4964 3449 5038; x_wconf 89' lang='lat' dir='ltr'><strong>sint].</strong></span> <span class='ocrx_word' id='word_1_899' title='bbox 3479 4964 3672 5019; x_wconf 86' lang='lat' dir='ltr'><strong>Semini</strong></span> <span class='ocrx_word' id='word_1_900' title='bbox 3701 4976 3792 5059; x_wconf 65' lang='lat' dir='ltr'><strong>ne-</strong></span> 
     </span>
    </p>
   </div>
   <div class='ocr_carea' id='block_1_112' title="bbox 2222 5053 3794 5157">
    <p class='ocr_par' dir='ltr' id='par_1_112' title="bbox 2222 5053 3794 5157">
     <span class='ocr_line' id='line_1_112' title="bbox 2222 5053 3794 5157; baseline -0.018 -18"><span class='ocrx_word' id='word_1_901' title='bbox 2222 5101 2391 5157; x_wconf 89' lang='lat' dir='ltr'><strong>quam.</strong></span> <span class='ocrx_word' id='word_1_902' title='bbox 2419 5053 2535 5136; x_wconf 81' lang='lat' dir='ltr'><strong>Non</strong></span> <span class='ocrx_word' id='word_1_903' title='bbox 2574 5075 2828 5145; x_wconf 89' lang='lat' dir='ltr'><strong>originem</strong></span> <span class='ocrx_word' id='word_1_904' title='bbox 2872 5083 3054 5124; x_wconf 88' lang='lat' dir='ltr'><strong>eorum</strong></span> <span class='ocrx_word' id='word_1_905' title='bbox 3097 5065 3386 5130; x_wconf 84' lang='lat' dir='ltr'><strong>vituperat,</strong></span> <span class='ocrx_word' id='word_1_906' title='bbox 3428 5053 3794 5157; x_wconf 36' lang='lat' dir='ltr'><strong>sedlostendit</strong></span> 
     </span>
    </p>
   </div>
   <div class='ocr_carea' id='block_1_113' title="bbox 2221 5145 3786 5244">
    <p class='ocr_par' dir='ltr' id='par_1_113' title="bbox 2221 5145 3786 5244">
     <span class='ocr_line' id='line_1_113' title="bbox 2221 5145 3786 5244; baseline -0.024 -10"><span class='ocrx_word' id='word_1_907' title='bbox 2221 5145 2316 5234; x_wconf 72' lang='lat' dir='ltr'><strong>eos</strong></span> <span class='ocrx_word' id='word_1_908' title='bbox 2343 5193 2373 5231; x_wconf 90' lang='lat' dir='ltr'><strong>a</strong></span> <span class='ocrx_word' id='word_1_909' title='bbox 2401 5174 2568 5244; x_wconf 88' lang='lat' dir='ltr'><strong>prima</strong></span> <span class='ocrx_word' id='word_1_910' title='bbox 2608 5175 2765 5223; x_wconf 67' lang='lat' dir='ltr'><strong>aetate</strong></span> <span class='ocrx_word' id='word_1_911' title='bbox 2788 5161 3055 5233; x_wconf 90' lang='lat' dir='ltr'><strong>improbos</strong></span> <span class='ocrx_word' id='word_1_912' title='bbox 3085 5157 3262 5210; x_wconf 90' lang='lat' dir='ltr'><strong>fuisse.</strong></span> <span class='ocrx_word' id='word_1_913' title='bbox 3294 5153 3441 5208; x_wconf 88' lang='lat' dir='ltr'><strong>Sicut</strong></span> <span class='ocrx_word' id='word_1_914' title='bbox 3468 5145 3786 5244; x_wconf 48' lang='lat' dir='ltr'><strong>enim-Ioan-</strong></span> 
     </span>
    </p>
   </div>
   <div class='ocr_carea' id='block_1_114' title="bbox 2223 5235 3786 5326">
    <p class='ocr_par' dir='ltr' id='par_1_114' title="bbox 2223 5235 3786 5326">
     <span class='ocr_line' id='line_1_114' title="bbox 2223 5235 3786 5326; baseline -0.023 -1"><span class='ocrx_word' id='word_1_915' title='bbox 2223 5285 2320 5324; x_wconf 89' lang='lat' dir='ltr'><strong>nes</strong></span> <span class='ocrx_word' id='word_1_916' title='bbox 2349 5235 2470 5322; x_wconf 71' lang='lat' dir='ltr'><strong>cdm</strong></span> <span class='ocrx_word' id='word_1_917' title='bbox 2493 5263 2639 5326; x_wconf 89' lang='lat' dir='ltr'><strong>dicit,</strong></span> <span class='ocrx_word' id='word_1_918' title='bbox 2677 5257 2966 5324; x_wconf 88' lang='lat' dir='ltr'><strong>Serpentes,</strong></span> <span class='ocrx_word' id='word_1_919' title='bbox 2995 5248 3246 5320; x_wconf 88' lang='lat' dir='ltr'><strong>genimina</strong></span> <span class='ocrx_word' id='word_1_920' title='bbox 3273 5245 3553 5314; x_wconf 73' lang='lat' dir='ltr'><strong>viperarum</strong></span> <span class='ocrx_word' id='word_1_921' title='bbox 3578 5235 3786 5305; x_wconf 74' lang='lat' dir='ltr'><strong>(Matth.</strong></span> 
     </span>
    </p>
   </div>
   <div class='ocr_carea' id='block_1_115' title="bbox 2223 5327 3789 5427">
    <p class='ocr_par' dir='ltr' id='par_1_115' title="bbox 2223 5327 3789 5427">
     <span class='ocr_line' id='line_1_115' title="bbox 2223 5327 3789 5427; baseline -0.024 -13"><span class='ocrx_word' id='word_1_922' title='bbox 2223 5362 2277 5415; x_wconf 82' lang='lat'><strong>3.</strong></span> <span class='ocrx_word' id='word_1_923' title='bbox 2313 5359 2398 5427; x_wconf 86' lang='lat'><strong>7),</strong></span> <span class='ocrx_word' id='word_1_924' title='bbox 2440 5369 2544 5407; x_wconf 92' lang='lat' dir='ltr'><strong>non</strong></span> <span class='ocrx_word' id='word_1_925' title='bbox 2591 5358 2832 5404; x_wconf 89' lang='lat' dir='ltr'><strong>naturam</strong></span> <span class='ocrx_word' id='word_1_926' title='bbox 2870 5342 3170 5410; x_wconf 88' lang='lat' dir='ltr'><strong>vituperat:</strong></span> <span class='ocrx_word' id='word_1_927' title='bbox 3204 5350 3309 5388; x_wconf 92' lang='lat' dir='ltr'><strong>non</strong></span> <span class='ocrx_word' id='word_1_928' title='bbox 3356 5331 3496 5386; x_wconf 91' lang='lat' dir='ltr'><strong>enim</strong></span> <span class='ocrx_word' id='word_1_929' title='bbox 3545 5327 3789 5390; x_wconf 81' lang='lat' dir='ltr'><strong>dixisset,</strong></span> 
     </span>
    </p>
   </div>
   <div class='ocr_carea' id='block_1_116' title="bbox 2287 5530 3791 5604">
    <p class='ocr_par' dir='ltr' id='par_1_116' title="bbox 2287 5530 3791 5604">
     <span class='ocr_line' id='line_1_116' title="bbox 2287 5530 3791 5604; baseline -0.023 -1"><span class='ocrx_word' id='word_1_930' title='bbox 2287 5558 2302 5589; x_wconf 80' lang='grc' dir='ltr'>ι</span> <span class='ocrx_word' id='word_1_931' title='bbox 2339 5561 2475 5604; x_wconf 69' lang='lat' dir='ltr'><strong>Forte</strong></span> <span class='ocrx_word' id='word_1_932' title='bbox 2499 5550 2689 5604; x_wconf 80' lang='lat' dir='ltr'><strong>melius,</strong></span> <span class='ocrx_word' id='word_1_933' title='bbox 2713 5553 2873 5593; x_wconf 68' lang='lat' dir='ltr'><strong>Graeca</strong></span> <span class='ocrx_word' id='word_1_934' title='bbox 2896 5540 3104 5604; x_wconf 75' lang='lat' dir='ltr'><strong>lectione</strong></span> <span class='ocrx_word' id='word_1_935' title='bbox 3126 5536 3416 5604; x_wconf 54' lang='lat' dir='ltr'><strong>aliquantam</strong></span> <span class='ocrx_word' id='word_1_936' title='bbox 3450 5533 3664 5604; x_wconf 43' lang='lat' dir='ltr'><strong>mutatam:</strong></span> 
     </span>
    </p>
   </div>
   <div class='ocr_carea' id='block_1_117' title="bbox 2223 5592 3788 5672">
    <p class='ocr_par' dir='ltr' id='par_1_117' title="bbox 2223 5592 3788 5672">
     <span class='ocr_line' id='line_1_117' title="bbox 2223 5592 3788 5672; baseline -0.025 -3"><span class='ocrx_word' id='word_1_937' title='bbox 2223 5592 2700 5672; x_wconf 48' lang='lat' dir='ltr'><strong>.nodbé&#39;iaiiiiiba‘s</strong></span> <span class='ocrx_word' id='word_1_938' title='bbox 2722 5592 2929 5672; x_wconf 75' lang='lat' dir='ltr'><strong>concessi</strong></span> <span class='ocrx_word' id='word_1_939' title='bbox 2944 5592 3244 5656; x_wconf 57' lang='lat' dir='ltr'><strong>excedentia,</strong></span> <span class='ocrx_word' id='word_1_940' title='bbox 3257 5593 3340 5645; x_wconf 82' lang='lat' dir='ltr'><strong>scd</strong></span> <span class='ocrx_word' id='word_1_941' title='bbox 3358 5605 3420 5643; x_wconf 69' lang='lat' dir='ltr'><strong>ex</strong></span> <span class='ocrx_word' id='word_1_942' title='bbox 3439 5592 3678 5651; x_wconf 63' lang='lat' dir='ltr'><strong>nequitia}.</strong></span> <span class='ocrx_word' id='word_1_943' title='bbox 3694 5592 3788 5633; x_wconf 75' lang='lat' dir='ltr'><strong>etc.</strong></span> 
     </span>
    </p>
   </div>
   <div class='ocr_carea' id='block_1_118' title="bbox 2226 5668 2913 5731">
    <p class='ocr_par' dir='ltr' id='par_1_118' title="bbox 2226 5668 2913 5731">
     <span class='ocr_line' id='line_1_118' title="bbox 2226 5668 2913 5731; baseline -0.028 -2"><span class='ocrx_word' id='word_1_944' title='bbox 2226 5668 2332 5731; x_wconf 60' lang='lat' dir='ltr'><strong>tunc</strong></span> <span class='ocrx_word' id='word_1_945' title='bbox 2360 5689 2420 5725; x_wconf 79' lang='lat' dir='ltr'><strong>ex</strong></span> <span class='ocrx_word' id='word_1_946' title='bbox 2449 5668 2612 5722; x_wconf 70' lang='lat' dir='ltr'><strong>Atleno</strong></span> <span class='ocrx_word' id='word_1_947' title='bbox 2633 5668 2913 5717; x_wconf 66' lang='lat' dir='ltr'><strong>liOlﬂVthS.</strong></span> 
     </span>
    </p>
   </div>
  </div>
